2004 3037
832 224 961 259 CAPUT
982 223 1075 258 XXV.

149 303 265 333 ponens
278 296 412 334 periculo
425 296 518 326 vitam
530 297 559 326 et
570 296 699 331 famam,
709 295 794 330 Dan„
808 301 873 323 xm.

185 345 259 373 Cum
287 344 505 374 trucidarentur
525 343 582 374 sub
605 342 749 373 Antiocho
772 341 848 377 legis
871 340 927 370 ob-

149 393 314 421 servatores
328 412 339 428 ,
364 391 451 420 multi
486 391 524 420 de
552 391 668 428 populo
700 389 861 419 noluerunt
883 388 928 417 in—

148 437 276 474 fringere
307 438 407 475 legem
436 439 570 468 sanctam
583 458 594 475 ‚
619 440 648 468 et
674 436 811 467 trucidati
838 436 906 465 sunt
917 457 928 471 ,

148 485 159 515 1
175 486 278 521 Maeli„
293 494 313 515 1.

185 534 253 562 Duae
262 533 402 563 mulieres
412 533 517 563 delatae
524 534 592 562 sunt
602 533 688 562 natos
696 531 927 567 circumcid1sse,

150 589 226 618 quas
248 580 411 610 infantibus
435 581 475 610 ad
499 580 590 609 ubera
612 579 763 616 suspensis
786 587 855 607 cum
871 586 928 615 pu-

148 627 226 656 blice
238 636 292 665 per
306 628 454 658 civitatem
466 627 746 663 circumduxissent,
757 633 812 664 per
824 633 928 656 muros

148 675 418 712 praecipitaverunt,
438 675 461 705 ll
475 675 580 710 Maeli„
593 681 635 703 vt.

184 721 338 751 Eleazarus
351 722 397 752 vir
411 723 495 751 aetate
509 723 670 759 provectus
690 720 773 750 diros
792 720 928 758 corporis

148 768 268 798 dolores
282 769 436 804 sustinuit,
452 771 480 798 et
501 769 622 798 tandem
636 768 752 798 occisus
766 768 820 796 fuit
829 789 838 804 ,
855 767 928 805 quia

147 823 250 845 carnes
267 817 406 854 porcinas
429 818 532 846 contra
556 816 655 852 legem
678 816 776 845 noluit
800 815 928 844 mandu-

147 871 231 899 care,
248 872 303 892 nec
321 864 410 892 etiam
429 863 569 893 simulare
583 872 614 893 se
630 863 781 893 ullatenus
801 863 927 892 mandu-

147 918 245 946 casse,
260 913 281 939 ll
300 911 402 946 Maon„
417 919 458 940 w.

182 959 303 994 Propter
317 958 415 994 legem
428 958 478 987 Dei
492 959 607 996 septem
620 958 725 987 fratres
747 965 818 987 cum
831 958 926 987 matre

147 1013 201 1034 sua
216 1026 225 1040 ,
254 1005 358 1041 gravia
383 1007 531 1035 tormenta
558 1005 638 1042 passi
665 1005 722 1034 sub
752 1005 898 1035 Antiocho
916 1028 925 1042 ,

147 1052 170 1083 ll
184 1053 286 1088 Maon,
300 1060 353 1082 vn.

181 1100 318 1128 Parentes
329 1099 450 1128 Joannis
463 1099 595 1136 Baptistae
612 1101 695 1128 erant
708 1099 881 1129 incedentes
895 1100 926 1129 in

147 1147 287 1176 omnibus
308 1147 457 1176 mandatis
482 1150 510 1177 et
528 1147 789 1184 justificationibus
808 1146 927 1176 Domini

146 1194 209 1223 sine
225 1195 364 1231 querela,
380 1196 459 1230 Luc„
475 1203 494 1224 ι.

185 1241 367 1271 Adolescenti
387 1250 404 1270 a
418 1242 570 1271 Salvatore
587 1241 745 1278 quaerenti,
762 1241 837 1278 quid
852 1241 926 1270 boni

145 1290 270 1326 faceret,
286 1292 318 1318 ut
337 1290 430 1318 vitam
443 1291 584 1319 aeternam
599 1290 733 1325 haberet,
748 1298 926 1326 responsum

146 1339 188 1366 est
202 1337 241 1365 ab
255 1338 320 1374 ipso
336 1337 462 1366 Domino
478 1348 487 1366 ε
507 1347 520 1364 «
534 1337 561 1366 Si
575 1337 619 1366 vis
634 1338 674 1366 ad
687 1338 780 1367 vitam
795 1337 924 1373 ingredi,

144 1392 231 1413 serva
243 1385 395 1414 mandata.
410 1395 424 1412 n
441 1385 552 1421 Matth„
567 1393 626 1414 iux.

180 1432 224 1460 Ad
239 1432 461 1461 observandum
475 1435 621 1469 praecepta
641 1432 691 1461 Dei
709 1440 765 1460 nos
780 1431 925 1460 inducunt

144 1478 209 1508 aliae
227 1482 385 1514 creaturae,
402 1488 469 1516 quae
490 1480 633 1508 obediunt
653 1479 690 1508 ei.
711 1480 749 1507 De
765 1479 853 1507 bonis
872 1487 924 1507 an-

144 1526 217 1562 gelis
231 1535 294 1555 non
314 1529 356 1555 est
374 1527 517 1562 dubium,
535 1527 608 1563 quin
629 1526 686 1555 sint
707 1526 833 1554 ministri
849 1527 924 1562 ejus,

143 1574 283 1602 facientes
301 1574 486 1602 voluntatem
508 1575 536 1602 et
555 1574 682 1602 verbum
704 1575 778 1609 ejus,
794 1575 803 1601 I
818 1575 924 1609 Paral„

143 1628 192 1649 xxi
204 1630 210 1648 :
224 1632 236 1647 «
251 1621 410 1658 Imperavit
424 1621 565 1649 Dominus
580 1621 703 1657 Angelo,
714 1621 766 1657 qui
779 1621 924 1657 percutie-

142 1668 203 1696 bat.
218 1677 232 1694 »
249 1669 321 1696 ltem
336 1668 373 1696 de
388 1668 475 1696 malis
495 1668 623 1704 angelis,
640 1669 718 1702 Luc„
739 1676 789 1696 vm
806 1677 812 1695 :
828 1669 923 1696 «Prae-

143 1714 271 1751 cipiebat
291 1715 406 1751 spiritui
429 1715 602 1750 immundo,
632 1717 664 1742 ut
687 1714 779 1743 exiret
807 1715 846 1743 ab
869 1715 923 1744 ho-

142 1762 222 1790 mine
230 1771 239 1798 3
261 1771 276 1789 »
301 1762 435 1799 sequitur
451 1772 459 1790 :
473 1771 487 1788 «
512 1763 544 1790 Et
568 1762 701 1790 exierunt
725 1762 883 1790 daemonia.
906 1773 921 1790 »

143 1810 215 1838 Item
232 1819 238 1837 :
257 1818 270 1835 «
285 1809 416 1845 Praecipit
431 1809 507 1845 Soli,
522 1811 550 1837 et
562 1817 624 1837 non
640 1809 744 1842 oritur,
759 1819 772 1836 ›>
788 1810 859 1845 Job.,
881 1818 921 1839 ix.

141 1855 211 1885 ltem
229 1857 369 1892 praecepit
389 1857 503 1892 corvis,
519 1858 552 1885 ut
572 1858 696 1893 pascant
710 1856 822 1892 Eliam,
837 1857 866 1886 et
880 1856 921 1885 sic

140 1903 281 1939 fecerunt,
298 1905 331 1932 lll
346 1906 424 1939 Req„
438 1912 509 1933 xvn.

177 1952 209 1979 Et
227 1951 403 1986 generaliter
423 1950 494 1979 dicit
515 1950 648 1987 psalmus
668 1958 770 1980 chvm
790 1960 797 1979 :
816 1961 830 1978 «
845 1953 920 1980 Prae-

141 1999 259 2034 ceptum
272 1998 380 2034 posuit,
394 1999 422 2026 et
434 2006 495 2027 non
507 1998 678 2035 praeteribit.
692 1998 780 2033 Ignis,
792 1999 920 2034 grando,

140 2044 202 2081 nix,
218 2045 337 2081 glacies,
354 2055 368 2072 »
385 2046 439 2074 etc.

360 2160 537 2195 CAPUT
572 2160 697 2195 XXV.
726 2170 728 2172 ’

419 2247 458 2275 De
476 2246 635 2274 obedientia.

176 2330 333 2360 Hominem
343 2329 448 2358 volens
461 2330 535 2357 Deus
550 2328 605 2357 sub
621 2328 792 2357 obedientia
806 2329 918 2364 vivere,

141 2378 228 2406 etiam
250 2378 282 2406 in
303 2379 379 2405 statu
397 2376 587 2412 innocentiae,
610 2376 708 2404 statim
728 2378 759 2404 ut
782 2376 919 2405 conditus

141 2427 200 2460 est,
214 2425 313 2462 ipsum
327 2424 479 2461 praeceptis
498 2423 647 2458 astrinxit,
664 2424 740 2459 Gen„
755 2431 776 2452 11
782 2433 791 2460 ;
808 2425 835 2452 et
849 2432 919 2452 eum

141 2473 244 2500 contra.
262 2471 463 2501 obedientlam
483 2470 651 2500 venientem
669 2479 771 2500 severe
790 2471 917 2508 punivit,

142 2519 220 2553 Gen„
233 2526 274 2546 ιιι.

176 2566 312 2602 Prompte
331 2565 466 2594 obedivit
483 2566 544 2594 Noe
568 2565 692 2594 Domino
713 2566 743 2594 in
766 2565 918 2601 omnibus,

141 2620 207 2650 quae
227 2612 254 2641 ei
273 2612 407 2640 facienda
427 2612 566 2649 praecepit
581 2613 714 2649 tempore
727 2612 861 2641 instantis
874 2612 918 2641 di-

140 2659 225 2694 luvii,
241 2659 318 2693 Gen„
333 2667 384 2687 vn.

172 2712 205 2744 (a)
223 2712 283 2736 Coet.
299 2710 361 2735 edit.
375 2710 455 2743 juxta.

1704 222 1765 252 517

1020 293 1201 330 Praeceptum
1220 292 1258 321 de
1277 291 1518 327 circumcisione,
1534 289 1672 327 quamvis
1689 289 1766 319 esset

983 348 1074 378 grave
1092 342 1121 370 et
1140 341 1308 377 insolitum,
1325 349 1388 370 non
1407 339 1519 369 distulit
1536 338 1687 368 Abraham
1707 338 1764 367 im-

982 388 1065 426 plere
1079 384 1174 426 usque
1189 389 1220 418 in
1235 389 1406 424 crastinum,
1423 388 1497 422 Gen„
1514 394 1583 416 xvn.

1019 437 1102 467 Idem
1123 437 1274 466 Abraham
1296 437 1480 474 praeceptum
1500 435 1537 463 de
1558 433 1765 463 immolatione

982 484 1036 513 filii
1064 484 1128 513 sine
1160 493 1246 514 mora
1273 483 1382 521 exequi
1409 482 1522 519 voluit,
1553 481 1618 510 Gen.
1627 502 1637 517 ,
1665 489 1726 511 xxn
1753 490 1762 510 ε

986 531 1164 560 «Abraham
1179 532 1216 560 de
1231 533 1317 560 nocte
1338 538 1534 566 consurgens,
1548 538 1563 556 n
1577 531 1632 558 etc.
1647 529 1681 557 Et
1694 527 1765 557 vide

983 586 1075 616 quam
1089 579 1234 608 mirabilis
1247 579 1302 607 fuit
1315 578 1368 607 illa
1382 577 1565 607 obedientia.

1018 627 1156 663 Prompte
1171 626 1304 655 obedivit
1315 625 1424 662 Joseph
1438 623 1515 661 patri
1530 623 1570 653 ad
1579 623 1683 652 fratres
1695 629 1765 653 eum

981 673 1122 709 mittenti,
1150 673 1288 710 quamvis
1316 681 1368 701 eos
1393 672 1509 709 primus
1531 672 1713 706 accusasset,
1737 673 1766 700 et

982 721 1052 750 ideo
1066 720 1169 749 merito
1184 721 1288 749 tImere
1304 719 1445 754 deberet,
1462 719 1540 754 Gen„
1555 725 1665 747 xxxvii.

1018 770 1133 805 Moyses
1147 767 1282 796 obedivit
1296 767 1422 796 Domino
1437 765 1603 802 imponenti
1619 764 1763 794 ducatum

981 815 1087 852 populi
1095 824 1105 851 ς
1129 814 1183 844 sed
1206 814 1325 843 attende
1349 821 1419 842 cum
1442 814 1554 849 quanta
1576 811 1766 848 difficultate,

983 862 1143 899 quinquies
1163 862 1244 890 enim
1265 870 1296 890 se
1317 861 1484 895 excusavit,
1506 859 1609 894 Emod„
1627 867 1661 888 111
1680 861 1708 888 et
1725 867 1765 889 1v.

1017 911 1152 946 Magnam
1165 909 1369 938 obedientiam
1381 907 1582 945 promiserunt
1596 906 1650 935 filii
1664 907 1764 942 lsrael,

983 956 1114 986 dicentes
1136 966 1144 985 :
1169 967 1183 982 «
1203 957 1308 984 Omnia
1332 963 1398 992 quae
1418 955 1536 983 locutus
1558 956 1602 983 est
1623 953 1765 982 Dominus

981 1003 1143 1040 faciemus,
1157 1006 1185 1033 et
1199 1003 1309 1032 erimus
1332 1001 1543 1032 obedientes.»
1568 1002 1670 1035 Emod„
1685 1008 1763 1031 xxlv.

982 1051 1039 1081 Sed
1053 1053 1158 1088 postea
1172 1051 1315 1088 operibus
1328 1050 1426 1079 fecere
1441 1049 1632 1078 contrarium.

1017 1099 1081 1128 Filii
1100 1099 1188 1127 Israel
1203 1106 1257 1136 per
1276 1097 1426 1126 desertum
1441 1096 1639 1131 ambulantes,
1655 1095 1695 1124 ad
1710 1095 1763 1124 im-

980 1146 1097 1183 perium
1111 1146 1228 1174 Domini
1244 1145 1396 1182 erigebant
1408 1144 1550 1180 tentoria,
1567 1144 1595 1172 et
1610 1143 1650 1171 ad
1666 1142 1762 1179 impe-

980 1193 1058 1222 rium
1073 1193 1153 1221 illius
1165 1193 1367 1229 deponebant.
1382 1193 1478 1228 Num„
1494 1199 1523 1220 lv
1537 1193 1565 1220 et
1579 1199 1619 1220 ix.

1017 1241 1109 1269 Iidem
1120 1240 1173 1268 filii
1186 1240 1275 1269 Israel
1290 1240 1329 1269 ad
1344 1241 1452 1268 terram
1468 1238 1674 1276 promissionis
1691 1245 1763 1266 con-

981 1289 1025 1316 tra
1036 1287 1071 1325 (a)
1084 1287 1258 1316 mandatum
1275 1287 1392 1315 Domini
1407 1287 1567 1315 ascendere
1576 1286 1673 1315 conati
1683 1287 1761 1321 sunt,

981 1336 1008 1364 et
1020 1335 1097 1363 male
1113 1335 1199 1363 cessit
1213 1334 1264 1362 eis.
1278 1336 1370 1370 Num„
1386 1342 1444 1364 xlv.

1015 1383 1123 1410 Euntes
1146 1382 1186 1410 ad
1208 1382 1323 1410 bellum
1344 1383 1448 1410 contra
1470 1380 1647 1410 mandatum
1670 1380 1763 1417 Moysi

980 1428 1034 1457 filii
1048 1429 1151 1464 Israel,
1167 1429 1253 1457 multi
1267 1428 1336 1457 victi
1352 1428 1470 1456 fuerunt
1491 1436 1509 1457 a
1526 1428 1646 1464 paucis,
1664 1428 1760 1461 Num„

979 1484 1038 1506 xiv.
1055 1476 1180 1511 Quando
1194 1478 1293 1504 autem
1305 1484 1342 1505 ex
1352 1475 1524 1504 obedientia
1536 1475 1761 1511 pugnaverunt,

979 1524 1067 1560 pauci
1083 1525 1218 1552 vicerunt
1231 1523 1351 1558 multos,
1367 1524 1460 1556 Num„
1476 1530 1554 1551 xxm.

1017 1571 1092 1605 Quia
1102 1572 1301 1607 transgressus
1312 1572 1354 1599 est
1363 1570 1465 1599 Achan
1475 1569 1652 1598 mandatum
1662 1570 1760 1605 Josue,

980 1618 1111 1654 populus
1127 1618 1184 1646 fuit
1203 1617 1307 1654 praelio
1326 1619 1493 1654 superatus,
1508 1618 1535 1646 et
1549 1617 1612 1653 ipse
1626 1618 1730 1653 postea
1745 1624 1762 1646 a

980 1665 1095 1702 populo
1111 1664 1271 1701 lapidatus.
1286 1666 1376 1699 Josue,
1390 1672 1441 1693 vn.

1015 1713 1084 1742 Saul
1099 1714 1226 1742 offerens
1240 1713 1451 1742 holocaustum
1467 1714 1571 1741 contra
1586 1711 1763 1741 mandatum

980 1761 1138 1797 Samuelis,
1160 1761 1339 1798 reprobatus
1362 1761 1415 1789 est.
1441 1761 1590 1796 Similiter,
1615 1760 1686 1797 quia
1709 1767 1765 1796 pe·

979 1809 1072 1845 percit
1086 1811 1169 1845 Agag
1182 1809 1246 1845 regi
1260 1808 1391 1843 Amalec,
1406 1809 1434 1836 et
1450 1807 1590 1843 gregibus
1605 1808 1719 1842 ovium,
1736 1808 1764 1835 et

980 1855 1090 1884 eaeteris
1111 1857 1202 1885 rebus
1227 1855 1379 1893 pretiosis3
1407 1856 1436 1883 et
1458 1857 1528 1883 tunc
1556 1854 1629 1882 dixit
1658 1854 1684 1882 ei
1710 1854 1762 1883 Sa-

978 1902 1060 1934 muel
1077 1912 1085 1931 :
1103 1912 1117 1930 «
1131 1903 1232 1932 Melior
1246 1904 1290 1932 est
1304 1902 1491 1937 obedientia,
1510 1909 1603 1938 quam
1622 1901 1760 1930 victImae.

977 1951 988 1979 Ι
1003 1951 1080 1985 Rea„
1095 1958 1144 1979 xv.

1014 1998 1124 2032 David,
1147 1998 1215 2025 iicet
1236 2004 1291 2032 per
1314 1995 1483 2025 Samuelem
1503 1998 1608 2024 unctus
1634 1996 1707 2023 esset
1729 1995 1761 2024 in

977 2052 1089 2080 regem,
1104 2045 1206 2072 tamen
1223 2044 1384 2072 obediebat
1396 2043 1474 2080 patri
1487 2043 1612 2071 mittenti
1627 2051 1712 2078 eum,
1727 2045 1760 2072 ut

976 2094 1108 2127 portaret
1122 2091 1264 2119 victualia
1277 2090 1433 2126 fratribus,
1449 2090 1562 2127 quibus
1576 2090 1670 2119 fuerat
1684 2097 1760 2126 prae-

978 2138 1096 2166 electus.
1111 2139 1122 2166 l
1138 2140 1216 2173 Req„
1229 2145 1299 2167 xvu.

1012 2185 1149 2214 Praedixit
1163 2185 1305 2213 Dominus
1323 2184 1493 2219 Salomoni,
1511 2184 1595 2221 quod
1609 2184 1634 2212 si
1651 2184 1760 2214 faceret

978 2232 1095 2267 omnia,
1117 2240 1185 2269 quae
1208 2233 1390 2269 praeceperat
1414 2232 1456 2267 ei,
1474 2232 1599 2268 poneret
1617 2231 1758 2260 thronum

976 2279 1059 2315 regni
1080 2279 1144 2315 ejus
1159 2287 1250 2316 super
1269 2279 1358 2308 lsrael
1376 2279 1406 2307 in
1426 2279 1641 2315 simpiternum.
1659 2278 1687 2306 Si
1707 2286 1759 2307 au-

976 2328 1036 2355 tem
1050 2329 1240 2362 averteretur,
1252 2328 1280 2355 et
1290 2335 1351 2355 non
1361 2327 1520 2355 custodiret
1531 2325 1673 2354 mandata
1683 2326 1757 2362 ejus,

977 2375 1103 2404 auferret
1117 2375 1206 2404 Israel
1226 2375 1264 2403 de
1285 2374 1442 2411 superficie
1454 2377 1548 2402 terrae.
1566 2375 1598 2402 ΙΙΙ
1617 2376 1695 2409 Ray„
1710 2381 1756 2409 1x;

976 2424 996 2451 11
1005 2424 1109 2458 Paral„
1119 2430 1168 2451 vn.
1181 2424 1213 2450 Et
1226 2422 1266 2450 ita
1280 2422 1434 2458 impletum
1446 2423 1498 2456 est,
1510 2423 1543 2449 lv
1552 2423 1625 2455 Req..
1640 2421 1755 2448 ultimo.
1797 2427 1800 2429 ’

1011 2470 1060 2498 Vir
1070 2470 1130 2504 Dei,
1142 2470 1194 2506 qui
1207 2469 1344 2506 praedixit
1355 2469 1515 2497 Jeroboam
1527 2468 1756 2496 destructionem

976 2517 1075 2546 altaris
1096 2517 1159 2551 sui,
1181 2525 1199 2545 a
1218 2517 1305 2544 leone
1326 2516 1441 2544 occisus
1462 2515 1529 2549 fuit,
1550 2515 1621 2551 quia
1635 2514 1754 2548 scilicet,

976 2567 1078 2593 contra
1090 2566 1272 2602 praeceptum
1299 2563 1435 2597 Domini,
1464 2563 1495 2590 in
1521 2562 1614 2590 domo
1635 2561 1755 2590 alterius

974 2612 1127 2648 prophetae
1145 2611 1284 2640 comedit.
1300 2612 1424 2645 111Re9.‚
1439 2617 1501 2638 xm.

1010 2659 1184 2688 Obedientia
1198 2657 1426 2686 commendatur
1444 2656 1593 2685 interdum
1613 2658 1641 2684 et
1660 2656 1751 2692 iniis,

975 2714 1041 2742 quae
1055 2706 1193 2735 videntur
1211 2706 1273 2734 sine
1290 2705 1404 2734 ratione
1420 2704 1575 2733 mandari:
1592 2703 1672 2732 unde
1687 2711 1753 2740 per-
