2004 3037
135 174 173 205 30
723 175 896 209 MYSTIGA
919 177 1157 211 THEOLOGIA.

133 240 194 268 bile
218 240 446 277 nutrimentum,
473 243 507 270 ut
534 241 623 270 etiam
648 249 750 272 ramos
775 244 911 281 superius

134 286 312 322 emittentes,
331 289 454 324 propter
473 287 689 317 immissionem
710 290 912 320 firmissimam

134 334 196 363 sine
220 334 266 362 sui
286 334 484 363 confractione
509 335 541 363 in
568 344 622 364 suo
650 336 718 365 loeo
743 337 911 367 firmissime

133 383 330 418 perseverent.
354 382 399 409 Sic
420 389 505 410 mens
529 390 583 419 per
607 390 741 411 amorem
765 384 912 414 unitivum

134 435 224 464 supra
244 436 274 456 se
295 429 407 464 erecta,
431 437 485 465 per
503 430 700 466 penetrativas
721 431 913 460 affectionum

133 474 249 503 radices
263 474 294 502 in
308 483 360 510 ee,
375 475 423 503 eui
437 484 491 512 per
506 484 640 505 amorem
654 478 765 514 unitur,
781 479 913 507 radicata

134 521 263 556 infigitur
278 531 284 549 :
302 521 333 550 in
351 530 412 559 qua
426 523 569 552 infixione
588 525 725 561 unionis,
741 525 824 554 stillae
837 526 914 554 roris

134 567 234 599 aeterni
248 568 396 597 exhaustae
416 578 470 606 per
488 578 622 599 amorem
638 572 784 607 maxime,
799 573 913 601 ratione

134 614 338 644 redundantiae
347 615 440 652 ipsius
448 616 536 645 fontis
547 618 683 646 omnium
697 618 871 647 deliciarum
887 621 915 647 et

134 660 337 697 plenitudinis,
347 670 402 699 per
410 663 665 700 importunitatem
677 665 781 693 unitivi
793 665 914 700 amoris,

135 709 220 745 quasi
235 709 417 745 quibusdam
431 711 584 740 radicibus
598 712 638 740 ad
652 712 781 749 stipitem
793 713 916 742 affectus

136 755 320 784 descendunt
333 756 465 793 inferius,
480 760 612 787 mentem
625 759 666 787 sic
680 759 871 789 fortificantes
884 761 915 789 in

135 802 211 839 ipso,
230 804 263 831 ut
281 803 504 833 inavertibiliter
527 805 566 834 ad
588 814 733 842 sponsum
756 807 819 836 sine
840 808 915 836 obli-

136 849 247 886 quitate
268 850 403 887 profectu
426 852 567 880 continuo
593 854 730 882 ascendat
738 864 746 889 ;
773 857 805 882 ut
827 855 917 882 etiam

137 897 379 926 corroboratione
394 901 531 927 motuum
543 900 665 936 amoris,
679 901 731 937 qui
743 901 790 929 hie
801 901 916 929 radices

137 943 256 980 proprie
272 945 474 981 nominantur,
490 947 567 974 rami
581 949 752 976 caeterarum
771 949 916 984 potentia-

138 998 205 1018 rum
219 991 355 1019 omnium
377 992 604 1029 perfundantur,
625 996 653 1022 et
669 994 739 1022 inde
760 995 802 1023 sic
815 995 917 1023 fortifi-

139 1038 219 1073 cata,
233 1040 265 1066 ut
279 1046 340 1066 non
356 1039 419 1074 jam
435 1039 475 1068 ad
497 1040 650 1069 modicum
665 1041 820 1070 arundinis
834 1042 918 1078 spiri-

139 1084 263 1112 tualium
285 1087 443 1113 ventorum
468 1087 585 1114 turbine
609 1088 769 1123 quatiatur.
792 1090 824 1116 Et
844 1089 919 1117 sicut

138 1130 247 1159 humor
261 1131 383 1160 arbores
397 1132 466 1160 facit
477 1133 633 1168 virescere,
644 1135 761 1170 llorere,
778 1137 805 1163 et
819 1135 918 1164 fructi-

139 1178 240 1213 ficare,
255 1180 283 1206 et
296 1179 369 1206 nihil
383 1179 492 1207 horum
507 1181 568 1208 sine
585 1181 689 1209 virtute
705 1182 797 1218 ipsius
812 1183 917 1210 humo-

140 1225 180 1253 ris
202 1225 293 1253 arbor
315 1226 476 1266 materialis
500 1221 648 1255 obtineret
668 1229 801 1264 penitus;
825 1230 866 1257 sic
891 1232 919 1258 et

140 1272 249 1299 humor
262 1272 372 1300 amoris
386 1272 455 1300 facit
468 1272 574 1301 florere
590 1274 755 1310 altioribus,
771 1276 810 1304 ad
825 1277 920 1311 magis

141 1318 321 1354 placendum
348 1318 474 1354 dilecto,
499 1321 742 1357 conceptionibus
762 1323 920 1359 quamplu-

141 1365 233 1401 rimis,
249 1367 277 1393 et
290 1365 417 1393 fructum
429 1374 555 1402 operum
565 1368 627 1395 sine
641 1368 839 1397 exinanitione
852 1378 919 1406 pro-

142 1411 217 1439 ferre
232 1412 305 1440 folia
318 1412 496 1448 verborum,
517 1422 577 1442 non
593 1414 629 1442 de
645 1415 780 1444 ariditate
794 1417 920 1444 munda-

142 1466 266 1493 norum,
280 1459 337 1486 nisi
357 1467 392 1486 ca
412 1459 640 1496 vilipendendo,
657 1462 710 1490 sed
729 1463 765 1490 de
788 1463 833 1491 his
855 1472 920 1500 quae

141 1504 259 1540 placent
281 1505 322 1533 illi
344 1514 433 1541 quem
456 1506 562 1542 diligit,
584 1508 652 1536 facit
672 1516 757 1537 amor
775 1510 920 1538 viriditate

142 1555 284 1588 perpetua
303 1561 462 1589 apparere,
478 1556 510 1582 ut
528 1554 607 1582 illius
626 1556 832 1591 promissionis
846 1557 921 1584 veri-

142 1599 231 1626 tatem
253 1599 474 1635 experimentali
505 1602 607 1629 notitia
636 1602 667 1629 in
695 1603 798 1639 seipsis
825 1603 919 1639 perci-

142 1645 238 1680 piant,
258 1654 350 1682 quam
371 1647 549 1681 jamdudum
574 1648 687 1683 degens
718 1649 747 1677 in
777 1651 874 1684 terris,
894 1653 922 1678 et

144 1700 212 1719 cum
226 1692 340 1720 miseris
354 1693 507 1728 habitans,
528 1694 651 1722 dilectus
671 1696 862 1731 promiserat,
880 1697 922 1724 di-

144 1747 213 1766 cens
229 1740 236 1756 ¹
250 1748 256 1766 ι
273 1740 428 1766 Mensuram
448 1741 559 1775 bonam,
574 1744 597 1768 et
612 1743 773 1776 confertam,
788 1746 812 1770 et
828 1745 921 1778 coagi-

145 1788 239 1820 tatam,
253 1789 275 1813 et
292 1788 520 1821 supereffluentem
532 1788 633 1815 dabunt
647 1790 675 1815 in
690 1790 779 1816 sinum
791 1794 919 1817 restrum.

145 1833 203 1859 Hoc
219 1831 298 1860 enim
307 1833 451 1868 promittit
466 1835 539 1861 Deus
555 1834 711 1862 altissimus
726 1836 832 1864 animm
847 1837 923 1872 aspi-

144 1880 234 1915 ranti,
251 1888 317 1916 quae
332 1880 371 1908 ad
386 1881 476 1909 instar
495 1882 711 1910 insensibilium
726 1884 922 1913 materialium

146 1926 288 1954 arborum
303 1935 356 1963 per
372 1928 481 1955 amoris
496 1931 593 1956 motus
608 1929 716 1964 ignitos
731 1931 761 1958 in
775 1931 840 1966 ipso
856 1932 922 1959 infi-

145 1973 233 2008 gitur,
245 1975 273 2001 et
287 1975 370 2010 quod
379 1975 461 2003 videt
470 1976 500 2003 in
511 1979 654 2012 creatura,
667 1986 757 2014 quam
772 1982 922 2014 expertem

145 2023 171 2048 et
190 2020 441 2057 insusceptibilem
461 2023 663 2051 delectationis
684 2027 712 2052 et
731 2026 923 2060 jucunditatis

147 2068 314 2102 cognoscit,
330 2068 386 2096 hoc
407 2069 471 2104 ipsa
486 2070 593 2098 misera
608 2074 742 2107 appetat,
757 2072 803 2100 cui
819 2074 859 2100 tot
874 2072 923 2100 de-

146 2114 293 2142 leetabilia
316 2116 437 2151 praemia
456 2125 473 2144 a
489 2117 630 2146 collatore
646 2119 781 2147 omnium
803 2120 924 2156 promit-

148 2163 258 2195 tuntur,
273 2164 300 2189 et
314 2171 379 2197 qua:
395 2163 451 2190 sint
465 2163 518 2191 ista
531 2164 559 2191 in
576 2165 717 2193 sententia
729 2166 868 2201 praedicta
884 2167 925 2194 in-

147 2208 310 2236 sinuantur.
326 2210 482 2236 Mensarum
499 2210 583 2245 dicit,
603 2212 673 2247 quia
693 2213 813 2240 cuilibet
834 2222 863 2240 se
886 2214 924 2241 ad

148 2263 232 2282 suam
242 2255 415 2282 infixionem
424 2256 545 2283 sollicite
557 2257 724 2293 disponenti
733 2259 818 2286 datur
829 2268 923 2294 amor,

150 2301 181 2328 id
205 2304 261 2336 est,
286 2302 405 2337 perfecti
426 2303 536 2330 amoris
560 2304 670 2338 unitio,
695 2313 760 2340 quae
786 2314 926 2333 mensura

151 2348 270 2384 proprie
285 2349 400 2376 dicitur.
413 2351 485 2377 Nam
500 2350 563 2385 ipsa
578 2351 642 2378 sola
657 2352 804 2386 quantitas
820 2353 926 2380 animae

151 2397 348 2429 mensuratur,
367 2398 398 2423 ut
419 2395 617 2424 desideratam
636 2398 841 2433 perfectiorem
864 2400 926 2426 uni-

150 2442 259 2469 tionem
275 2442 358 2470 oitius
373 2444 401 2470 et
420 2442 568 2470 efficacius
587 2445 806 2479 apprehendat,
822 2446 927 2473 arden-

150 2489 206 2516 tius
221 2498 341 2525 quoque
354 2498 453 2517 amare
470 2490 626 2525 desideret,
642 2494 668 2519 et
684 2492 847 2520 secundum
861 2501 927 2520 suo-

151 2543 218 2563 rum
241 2536 457 2564 desideriorum
479 2545 651 2565 mensuram
672 2539 860 2575 apportando
882 2547 926 2566 se-

187 2635 194 2650 ¹
208 2634 275 2665 Luc„
290 2640 324 2664 Vl,
340 2635 379 2658 38.
397 2649 422 2652 —
441 2635 475 2666 (α)
491 2635 549 2666 Leq.
566 2636 710 2660 essentiam.

967 253 1036 274 cum
1049 247 1192 283 encaenia,
1204 248 1268 284 ipse
1282 249 1446 278 Altissimus
1457 251 1648 288 pauperculae
1661 261 1693 282 se
1703 253 1747 282 in-

965 292 1074 328 fundit,
1089 302 1156 330 quoe
1167 303 1239 324 vere
1251 296 1320 325 bona
1333 297 1473 326 affectum
1486 299 1593 327 mentis
1604 300 1746 336 erigendo

966 341 1026 368 Deo
1048 342 1157 370 aeterno
1182 342 1353 379 diligentem
1374 346 1491 382 uniens,
1510 354 1572 375 non
1595 347 1679 376 bono
1693 356 1749 385 per

966 387 1240 425 participationem,
1264 391 1319 419 sed
1343 401 1462 422 summo
1485 393 1585 430 bono,
1609 395 1748 431 ampliori

967 434 1099 463 bonitate
1121 438 1252 465 mentem
1271 437 1329 466 sibi
1349 439 1464 468 unitam
1483 440 1640 477 deificans,
1664 443 1697 470 ut
1711 449 1747 471 eo

968 481 1032 510 sola
1047 483 1115 510 bona
1129 482 1254 519 dicatur,
1269 486 1298 512 et
1316 485 1424 514 melior
1445 488 1543 515 omnis
1557 496 1642 516 mens
1657 497 1748 525 ange-

968 527 1026 556 lica
1040 531 1068 557 et
1079 529 1222 565 humana,
1235 530 1266 558 in
1279 539 1339 568 qua
1349 540 1435 561 amor
1445 534 1658 563 transformans
1667 544 1749 564 crea-

969 577 1066 604 turam
1080 576 1111 604 in
1122 577 1300 613 Creatorem,
1313 579 1516 609 abundantior
1524 581 1747 618 redundaverit,

969 624 1002 650 ut
1021 623 1074 651 iste
1093 623 1174 651 solus
1194 624 1397 654 nobilissimus
1418 626 1538 656 habitus
1561 629 1643 657 bonus
1665 631 1750 658 anto-

969 670 1132 698 nomastice
1160 671 1270 699 debeat
1292 673 1458 708 nominari,
1483 674 1554 710 quia
1572 675 1603 702 in
1624 683 1677 711 eo,
1699 676 1750 712 qui

970 716 1051 744 solus
1062 716 1161 745 bonus
1170 720 1213 746 est
1226 719 1392 747 secundum
1407 720 1500 756 ipsius
1515 722 1689 750 sententiam
1703 723 1750 758 (a),

969 762 1039 791 facit
1060 764 1090 791 in
1114 765 1205 793 Deum
1224 773 1278 794 sua
1297 767 1466 795 extensione
1488 767 1594 796 deifica
1620 769 1751 798 animam

971 811 1174 840 transformari
1191 822 1197 840 :
1223 814 1307 849 quus
1325 814 1474 843 fructuum
1492 816 1750 853 multiplicatione,

971 860 999 886 et
1014 858 1188 887 exuberanti
1203 859 1389 890 abundantia
1403 870 1463 890 suae
1472 863 1622 898 bonitatis,
1634 863 1713 892 vires
1726 867 1753 892 et

971 905 1092 934 virtutes
1112 906 1219 934 animoe
1237 906 1438 943 perfundens,
1457 911 1490 937 ut
1509 909 1623 938 ratione
1640 910 1751 938 redun-

973 951 1080 980 dantiae
1104 953 1196 989 ipsius
1220 954 1295 982 nihil
1319 957 1437 983 maneat
1465 963 1609 991 vacuum,
1634 959 1662 985 et
1684 957 1752 986 ideo

973 1001 1093 1033 conferta
1107 1000 1205 1028 statim
1219 1000 1335 1029 dieitur.
1351 1001 1409 1030 Sed
1430 1002 1518 1030 etiam
1537 1003 1608 1038 quia
1628 1011 1663 1031 ex
1678 1011 1753 1039 proe-

972 1046 1066 1074 sentia
1084 1046 1188 1074 unitivi
1210 1047 1336 1082 amoris,
1353 1056 1390 1076 ex
1412 1056 1472 1084 qua
1494 1050 1571 1077 totus
1589 1049 1680 1078 homo
1694 1057 1754 1078 res-

972 1093 1116 1129 pergitur,
1136 1095 1178 1121 est
1199 1093 1241 1121 ibi
1263 1094 1402 1130 quaedam
1416 1095 1559 1124 virtutum
1582 1096 1706 1131 creatio,
1722 1099 1755 1125 ut

973 1147 1034 1168 una
1055 1143 1168 1168 motum
1188 1141 1306 1169 alterius
1325 1150 1534 1179 prfeoccupare
1549 1143 1664 1179 cupiat,
1684 1143 1752 1172 ideo

974 1189 1113 1221 coagitata
1125 1187 1241 1215 dieitur.
1259 1190 1291 1216 Et
1306 1189 1377 1224 quia
1392 1197 1480 1217 verus
1499 1197 1594 1224 amor,
1610 1192 1753 1226 tanquam

974 1233 1050 1269 ignis
1064 1236 1200 1268 aestuans,
1213 1242 1273 1262 non
1289 1237 1384 1271 potest
1397 1235 1438 1263 sie
1454 1235 1588 1264 adhibita
1601 1236 1754 1272 diligentia

975 1281 1120 1316 cooperiri
1136 1281 1295 1316 cineribus,
1308 1282 1380 1318 quin
1395 1290 1513 1318 semper
1526 1283 1628 1319 quoad
1639 1283 1754 1320 aliquid

975 1327 1105 1355 calorem
1124 1327 1285 1355 emittendo
1307 1328 1372 1356 aliis
1387 1329 1529 1364 emineat,
1546 1330 1587 1357 sic
1607 1338 1692 1358 amor
1706 1338 1754 1357 su-

974 1374 1210 1410 pereffluentiam
1232 1376 1371 1410 operatur
1393 1383 1487 1411 usque
1509 1376 1547 1403 ad
1567 1376 1656 1404 verba
1675 1378 1754 1404 exte-

975 1421 1051 1455 rius,
1069 1421 1140 1456 quia
1157 1421 1193 1449 de
1207 1421 1253 1448 his
1273 1421 1351 1449 circa
1372 1430 1439 1458 quae
1453 1422 1574 1450 vertitur
1586 1423 1698 1451 mentis
1712 1423 1755 1451 af-

976 1467 1077 1502 fectio,
1097 1467 1190 1495 verba
1211 1467 1350 1496 libentius
1368 1468 1568 1504 proferuntur,
1589 1469 1654 1505 ipsa
1672 1477 1755 1498 mens

977 1514 1108 1550 quadam
1130 1514 1304 1542 limitatione
1326 1515 1436 1543 amoris
1456 1515 1703 1552 praeponderans,
1725 1519 1757 1544 ut

977 1568 1021 1595 os,
1037 1561 1120 1596 quod
1135 1563 1178 1588 cst
1191 1562 1312 1589 nuntius
1330 1569 1390 1597 quo
1406 1570 1490 1590 mens
1510 1563 1656 1598 praemittit
1671 1563 1755 1599 quod

977 1607 1062 1634 sentit
1080 1608 1216 1642 interius,
1238 1608 1368 1643 proferat
1387 1608 1504 1642 divina,
1526 1616 1586 1636 non
1608 1609 1754 1644 humana,

978 1654 1116 1688 coelestia,
1128 1662 1189 1682 non
1204 1656 1329 1682 terrena.
1343 1654 1423 1682 Unde
1435 1656 1530 1690 potest
1545 1655 1602 1682 dici
1617 1663 1757 1684 mensura

978 1701 1087 1728 amoris
1101 1700 1265 1728 secundum
1280 1709 1371 1736 quam
1390 1700 1511 1729 affectus
1529 1701 1673 1737 potentias
1689 1710 1757 1730 suas

979 1747 1092 1781 dirigit,
1107 1747 1264 1783 multiplici
1277 1748 1480 1776 exhauritione
1496 1749 1680 1783 corroborat,
1697 1749 1756 1776 vir-

978 1796 1052 1821 tutes
1071 1796 1182 1821 creatas
1201 1794 1239 1822 ad
1259 1794 1446 1830 operandum
1462 1795 1604 1830 exagitat,
1620 1798 1652 1823 ut
1670 1796 1757 1824 etiam

979 1840 1018 1868 ad
1033 1849 1068 1868 ea
1083 1849 1149 1876 quae
1164 1843 1231 1868 sunt
1250 1841 1376 1868 exterius
1397 1850 1427 1869 se
1447 1842 1622 1876 extendens,
1643 1850 1696 1870 sua
1716 1842 1758 1869 di-

979 1889 1117 1923 gnatione
1129 1910 1138 1923 ,
1152 1892 1179 1916 et
1194 1897 1228 1916 ex
1245 1888 1476 1923 deliberatione,
1490 1890 1572 1925 loqui
1589 1889 1636 1917 vel
1651 1889 1757 1924 faeere,

979 1935 1034 1962 nisi
1050 1935 1087 1962 de
1102 1935 1316 1970 pertinentibus
1330 1935 1369 1962 ad
1389 1935 1486 1971 ipsum
1502 1944 1588 1963 suum
1607 1943 1757 1971 possesso-

979 1989 1058 2015 rem,
1084 1989 1145 2009 non
1168 1983 1316 2017 permittat
1335 1982 1397 2009 ullo
1422 1982 1524 2009 modo.
1552 1984 1582 2010 ln
1605 1982 1662 2010 hoe
1687 1990 1758 2017 ergo

981 2028 1068 2055 debet
1084 2028 1184 2055 anima
1203 2027 1430 2055 lamentabiliter
1445 2028 1579 2063 excitari,
1597 2030 1628 2055 nt
1642 2028 1759 2056 laboret

980 2075 1149 2109 instantius,
1171 2074 1280 2102 scilieet
1307 2077 1338 2102 ut
1360 2075 1539 2110 principium
1562 2074 1758 2110 incmptionis,

980 2121 1032 2148 ubi
1047 2121 1131 2157 quasi
1147 2124 1206 2149 tota
1228 2123 1270 2149 est
1284 2121 1403 2149 unitivse
1421 2121 1570 2157 sapientiae
1590 2121 1757 2154 difficultas,

981 2169 1172 2204 aggrediatur
1192 2169 1351 2203 audacius,
1374 2172 1405 2196 ut
1430 2171 1509 2196 tanto
1531 2168 1615 2195 citius
1636 2175 1759 2195 manens

982 2216 1143 2243 immobilis
1159 2216 1189 2242 in
1203 2216 1268 2242 loco
1285 2216 1341 2242 sibi
1358 2215 1552 2249 connaturali,
1567 2223 1626 2241 suae
1636 2214 1760 2250 primor-

982 2262 1053 2289 diali
1068 2262 1174 2297 origini
1194 2262 1365 2290 naturaliter
1382 2261 1578 2297 competenti,
1592 2261 1758 2289 firmissime

982 2309 1140 2336 radicetur.

1020 2356 1099 2382 Dicto
1120 2354 1274 2391 quomodo
1294 2363 1347 2390 per
1367 2355 1503 2390 exempla
1525 2354 1709 2381 sensibilium
1732 2356 1759 2381 et

983 2401 1192 2436 vegetabilium
1216 2409 1299 2428 mens
1314 2401 1353 2428 ad
1369 2410 1455 2429 suum
1471 2400 1644 2428 delectabile
1659 2401 1759 2435 obJee-

983 2450 1045 2474 tum
1068 2448 1174 2475 debeat
1195 2448 1332 2481 excitari,
1359 2450 1384 2475 et
1409 2448 1438 2475 in
1463 2456 1516 2475 suo
1542 2448 1609 2475 loeo
1633 2446 1757 2474 naturali

984 2494 1206 2521 inavertibiliter
1218 2494 1356 2528 radicari,
1372 2494 1532 2521 dicendum
1549 2496 1589 2521 est
1605 2492 1758 2528 quomodo

983 2549 1036 2576 per
1051 2540 1187 2576 exempla
1212 2540 1442 2568 inanimatorum
1457 2540 1495 2568 ad
1518 2540 1597 2567 idem
1612 2538 1759 2566 efficacius

984 2588 1132 2615 excitetur.
1147 2588 1227 2615 Sicut
1236 2588 1338 2615 omnia
1350 2587 1516 2623 corporalia
1526 2586 1600 2613 locis
1612 2585 1667 2612 sibi
1680 2593 1759 2612 com-

984 2634 1151 2669 petentibus
1170 2636 1391 2668 conservantur,
1414 2634 1454 2661 sie
1474 2631 1656 2668 spiritualia,
1682 2631 1759 2658 scili-
