2004 3037
838 389 1159 430 COMPENDIUM

444 515 995 571 THEOLOGICAE
1049 517 1146 572 VE
1162 517 1490 574 RITATIS
1520 507 1529 527 ¹

822 804 1171 841 ARGUMENTUM
1566 818 1590 850 ,κ

871 890 925 926 (Ea,-
938 889 1005 918 edit.
1017 890 1118 922 Vatic.)

233 980 376 1015 Joannes
390 981 523 1015 Combis
540 993 580 1015 ex
596 981 711 1015 ordine
732 981 900 1014 Minorum
919 980 1048 1026 jamdiu
1064 980 1306 1026 Compendium
1326 981 1388 1015 hoc
1410 981 1444 1014 in
1465 982 1573 1015 lucem
1595 981 1723 1023 emisit,
1744 991 1804 1014 nec

189 1040 229 1073 de
245 1039 317 1085 ejus
340 1043 472 1073 auctore
494 1039 679 1084 quidquam
702 1039 817 1073 statuit
841 1051 848 1071 ε
870 1050 946 1072 cum
966 1039 1001 1071 in
1025 1039 1257 1084 manuscriptis
1279 1039 1425 1085 antiquis
1445 1039 1695 1084 exemplaribus
1715 1039 1803 1072 nulli

194 1090 306 1131 forsan
321 1097 516 1142 inscriptum
533 1097 709 1130 invenerit.
726 1096 794 1130 Nec
811 1101 984 1142 propterea
1004 1097 1074 1130 sine
1097 1101 1229 1131 auctore
1253 1101 1318 1139 est;
1335 1097 1402 1131 imo
1418 1109 1456 1131 eo
1470 1098 1584 1142 plures
1606 1098 1678 1143 ejus
1693 1097 1803 1131 existi-

192 1160 326 1189 mantur
347 1159 516 1196 auctores,
535 1165 602 1200 quo
626 1154 741 1188 nullus
767 1159 815 1187 est
837 1158 956 1187 certus.
983 1154 1128 1188 Joannes
1147 1155 1237 1188 enim
1261 1155 1465 1190 Trithemius
1488 1155 1624 1199 AEgidio
1649 1155 1800 1188 Romano

191 1214 274 1247 illud
293 1213 409 1247 tribuit
424 1213 459 1246 in
474 1225 533 1246 suo
548 1212 588 1246 de
601 1213 823 1258 Scriptorz'bns
839 1213 1084 1246 Ecclesiasticis
1108 1213 1256 1256 catalogo
1276 1225 1282 1245 :
1299 1213 1357 1246 alii
1378 1217 1528 1246 sanctum
1546 1213 1572 1246 Τ
1575 1213 1707 1246 hornam
1718 1239 1726 1255 ‚
1743 1224 1802 1246 seu

190 1272 261 1317 ejus
285 1272 487 1316 magistrum'
504 1271 682 1304 Albertum
699 1283 871 1315 magnum,
895 1270 1041 1315 ejusdem
1058 1275 1227 1304 auctorem
1250 1271 1444 1316 opinantur.
1470 1270 1533 1304 Sed
1557 1282 1625 1304 esse
1641 1270 1676 1304 S.
1694 1271 1799 1304 Bona-

190 1334 337 1364 venturae
353 1341 436 1375 opus
458 1341 498 1363 ex
524 1329 574 1362 his
599 1329 837 1374 persuadetur:
855 1329 890 1361 in
915 1329 1030 1373 primis
1048 1329 1128 1373 quia
1149 1329 1184 1362 iu
1207 1329 1345 1374 antiquo
1369 1329 1593 1373 manuscripto
1619 1328 1802 1373 exemplari

192 1389 352 1423 Vaticano
378 1392 451 1433 post
480 1387 580 1421 finem
603 1387 761 1432 Opusculi
777 1414 784 1428 ,
813 1387 917 1420 forma
946 1387 1117 1431 scripturae
1149 1387 1342 1428 recentiori,
1367 1387 1413 1420 sic
1438 1387 1580 1420 hahetur
1603 1391 1798 1420 exaratum:

196 1446 436 1492 Compendium
466 1446 661 1492 leeoloyz'coe
688 1445 840 1479 veritatis
864 1447 1130 1479 Bonaventuroe:
1146 1449 1219 1478 tum
1243 1445 1343 1478 etiam
1366 1445 1446 1490 quia
1471 1445 1506 1478 in
1527 1445 1593 1478 alio
1615 1449 1802 1490 pervetusto

191 1506 299 1539 codice
322 1509 414 1538 extra
435 1504 668 1537 bibliothecam
684 1503 879 1537 Vaticanum
907 1503 942 1536 in
963 1503 1033 1548 ipso
1055 1504 1165 1536 statim
1187 1503 1350 1548 principio
1365 1515 1384 1536 a
1399 1507 1489 1548 parte
1504 1503 1668 1548 superiori
1683 1503 1802 1537 chartae

191 1565 338 1609 depictus
362 1567 409 1596 est
433 1566 564 1595 sanctus
579 1562 814 1595 Bonaventura
837 1561 956 1594 docens
972 1572 989 1594 e
1007 1566 1161 1603 suggesto
1175 1589 1183 1603 ‚
1202 1561 1236 1594 in
1253 1573 1320 1606 quo
1336 1561 1412 1594 duae
1429 1565 1506 1594 sunt
1524 1561 1672 1605 parvulae
1687 1572 1800 1594 cruces

192 1624 278 1656 intra
292 1622 375 1655 duos
389 1620 568 1666 quadratos
582 1624 657 1652 ante
673 1624 863 1662 suggestum
881 1630 1040 1664 expressa}
1054 1645 1061 1660 ,
1079 1630 1154 1663 quae
1172 1619 1316 1661 insignia
1332 1619 1488 1651 videntur
1502 1619 1528 1663 ej
1536 1619 1647 1651 usdem
1667 1618 1796 1658 Sancti,

192 1693 210 1714 a
235 1684 324 1724 parte
353 1691 430 1712 vero
458 1678 605 1710 inferiori
633 1678 780 1710 cernitur
812 1678 920 1720 imag-:0
945 1677 980 1710 S.
1002 1677 1166 1710 Francisri
1189 1677 1343 1719 stigmata
1366 1676 1488 1709 Christi
1509 1676 1740 1721 suscipientis:
1762 1687 1801 1710 ex

193 1749 259 1784 quo
278 1748 343 1770 non
360 1737 442 1770 levis
463 1736 650 1780 conjectura
669 1735 843 1768 deducitur
866 1735 906 1768 ad
923 1735 1009 1767 idem
1034 1734 1330 1778 comprobandum.
1350 1734 1510 1767 Praeterea
1536 1734 1663 1767 divisus
1679 1739 1727 1767 est
1742 1735 1801 1768 iste

194 1795 457 1839 tractatusjnxta
473 1795 669 1827 divisionem
685 1793 886 1838 Breviloquii
902 1793 937 1825 in
960 1797 1083 1837 septem
1101 1793 1203 1825 libros
1218 1819 1225 1833 ‚
1243 1797 1275 1825 et
1295 1793 1443 1825 doctrina
1464 1792 1535 1837 ejus
1557 1793 1735 1825 conformis
1755 1797 1803 1826 est

195 1853 291 1886 valde
306 1853 460 1886 doctrinae
475 1853 508 1885 S.
526 1853 767 1886 Bonaventurae
785 1857 854 1884 tuni
871 1852 905 1884 in
920 1852 1127 1895 Breviloqnio
1143 1856 1174 1884 et
1192 1851 1419 1895 Centiloqmb,
1438 1855 1509 1883 tnni
1533 1851 1628 1883 etiam
1654 1851 1688 1883 in
1708 1851 1802 1884 libris

197 1911 468 1951 Sententiarum,
485 1911 553 1943 imo
580 1911 698 1955 saepius
726 1910 824 1943 verba
853 1910 988 1942 omnino
1015 1914 1093 1942 sunt
1122 1909 1246 1942 eadem.
1273 1909 1350 1942 Haec
1377 1913 1544 1942 auctorem
1572 1909 1711 1953 probant
1735 1920 1802 1942 esse

198 1970 232 2003 S.
251 1970 531 2003 Bonaventurani.
559 1968 627 2001 Nisi
652 1968 809 2001 malueris
834 1968 1021 2000 existimare
1042 1968 1082 1999 ab
1106 1967 1229 2000 incerto
1255 1967 1368 2011 aliquo
1392 1967 1564 1999 recentiori
1589 1979 1630 1999 ex
1654 1967 1803 2000 doctriua

199 2029 233 2062 S.
257 2029 499 2062 Bonaventurae
514 2031 545 2060 et
560 2027 702 2060 aliorum
722 2027 821 2059 fuisse
838 2026 1071 2070 compilatum,
1088 2030 1125 2058 ut
1146 2037 1183 2057 ex
1208 2025 1369 2069 principio
1391 2024 1592 2068 praefationis
1615 2025 1690 2057 licet
1712 2025 1804 2058 colli-

199 2098 286 2129 gere.
305 2086 463 2130 Quisquis
484 2086 555 2130 ejus
574 2085 616 2117 sit
638 2089 773 2126 auctor,
792 2083 1034 2128 Compendium
1058 2083 1119 2116 hoc
1143 2083 1297 2115 studiosis
1312 2082 1499 2125 Theologiae
1524 2082 1604 2114 utile
1622 2083 1714 2115 valde
1737 2087 1801 2123 cst,

201 2149 231 2176 et
255 2149 417 2188 quantuni
440 2144 563 2188 patitur
586 2142 738 2185 angustia
762 2141 969 2186 compendii,
991 2141 1068 2174 satis
1094 2141 1280 2185 copiosum,
1298 2151 1334 2172 ac
1349 2151 1437 2172 nnnc
1458 2139 1592 2172 demum
1618 2151 1677 2183 ope
1704 2139 1802 2172 trium

201 2201 411 2234 Bibliothecae
429 2201 597 2233 Vaticana*
612 2227 619 2242 ,
637 2206 667 2233 et
682 2201 817 2233 alterins
837 2205 929 2232 extra
949 2211 1021 2232 cani
1037 2199 1337 2243 manuscriptorum
1362 2197 1603 2241 exemplarium
1624 2197 1686 2229 sibi
1711 2197 1804 2230 resti-

202 2263 329 2300 tutum,
352 2269 478 2292 necnon
502 2259 720 2303 conquisitis,
752 2258 860 2301 quoad
885 2258 955 2290 fieri
979 2258 1084 2301 potuit
1104 2283 1112 2298 ,
1139 2261 1170 2289 et
1194 2256 1300 2288 citatis
1321 2255 1361 2287 ad
1389 2254 1572 2297 marginem
1587 2260 1597 2275 Ξ
1613 2259 1800 2288 sanctorum

202 2317 282 2351 locis
303 2317 538 2360 locupletatum
555 2320 577 2348 ³.

235 2399 238 2410 ¹
257 2398 295 2427 Cf.
315 2397 377 2420 tedii.
395 2397 487 2425 vute„
503 2404 544 2419 an.
565 2398 631 2425 insin,
649 2398 710 2420 tum.
728 2396 781 2425 Vll,
800 2403 856 2426 pwg.
874 2397 914 2418 ’vti
929 2403 934 2421 ;
951 2395 1010 2418 mm.
1028 2396 1103 2425 x'vn„
1119 2402 1160 2418 nn.
1176 2394 1243 2422 ¹754,
1258 2395 1318 2417 tom.
1332 2393 1386 2421 vn,
1400 2399 1458 2423 pzig.
1476 2394 1534 2415 1.-
1550 2393 1598 2415 2111
1613 2392 1658 2415 hac
1675 2399 1736 2416 vero
1750 2393 1806 2416 edi-

202 2434 270 2457 tione
287 2433 317 2456 :id
334 2433 429 2455 cah-cni
445 2432 595 2462 paginarum
611 2432 776 2460 singularum.
793 2444 821 2448 —
837 2431 846 2445 ³
863 2431 1086 2454 Enumerationeni
1105 2430 1216 2460 capitum
1234 2429 1309 2459 liujus
1325 2428 1395 2458 libri,
1412 2428 1471 2451 hnic
1486 2427 1543 2451 loco
1559 2428 1584 2451 in
1600 2428 1698 2451 certeris
1712 2427 1806 2451 editio——

202 2469 276 2491 nibus
295 2468 466 2498 assignanum,
483 2468 514 2491 nd
533 2467 627 2491 calcem
649 2467 710 2490 tomi
729 2467 821 2497 ipsius,
838 2467 861 2489 id
881 2469 918 2489 est
936 2466 967 2489 ad
986 2466 1094 2489 indicem
1115 2465 1278 2489 materiarum
1296 2464 1381 2494 potius
1401 2463 1580 2487 remittendam
1599 2463 1760 2493 censuimus,
1781 2466 1805 2487 et

203 2503 238 2526 sic
251 2503 281 2527 de
298 2503 463 2533 sequentibus
479 2502 557 2526 libris.
