2004 3037
219 173 278 204 384

216 238 394 276 poenitentiae
403 244 458 273 per
466 232 742 273 quadragenarium
751 235 911 258 nnmerum
919 227 994 262 figu-

216 286 308 314 ratur.
323 285 394 313 Item
407 284 418 302 ¹
435 292 442 311 :
458 284 491 311 In
502 288 630 311 mensura
640 280 732 307 contra
750 283 914 310 mensuram,
934 281 994 301 cum

217 332 320 367 abjecta
331 331 430 366 fuerit,
440 329 578 366 judicabis
591 326 628 364 (a)
643 333 712 358 eam,
732 322 844 351 scilicet
861 320 992 356 eulpam.

217 377 437 406 Attendendum
454 378 555 404 tamen
564 395 574 410 ‚
589 372 674 411 quod
687 371 712 399 si
726 369 875 398 minorem
889 366 995 406 condi-

218 432 277 460 gno
297 424 433 460 injungat
454 422 594 452 sacerdos
622 416 844 457 poenitentiam,
864 422 928 443 non
952 414 997 441 est

216 473 339 508 propter
361 471 419 499 hoc
433 470 580 507 poenitens
598 476 617 496 a
635 473 727 504 poena
747 463 919 496 absolutus,
941 459 996 489 sed

218 518 368 555 quidquid
390 516 583 554 purgandum
606 511 797 546 remanserit,
820 509 844 537 si
863 506 996 541 decedit,

217 565 324 602 procul
350 564 444 593 dubio
469 564 501 591 in
521 563 591 598 igne
612 557 777 598 purgatorii
802 554 995 593 purgabitur,

219 611 291 648 quia
306 611 377 639 dicit
390 610 548 646 Gregorius
561 610 573 626 ²
588 608 632 645 (et
645 606 782 638 habetur,
798 603 836 632 de
854 601 998 630 Poeniten·

218 659 268 693 tia,
279 658 346 686 dist.
362 666 382 693 1,
396 666 422 686 c.
438 658 470 685 Si
484 658 620 692 peccatum
635 652 755 688 David):
768 651 844 679 «Aut
855 650 929 677 Deus
943 655 997 683 pu-

217 705 271 740 nit,
282 707 333 734 aut
345 705 448 733 homo.
465 714 479 730 v>
495 705 528 731 Et
549 702 626 731 infra
642 710 649 728 z
672 709 685 726 «
700 701 894 735 Nequaquam
908 695 998 730 igitur

219 751 368 789 peccatori
378 750 518 788 parcitur,
529 749 600 786 quia
608 747 779 776 nullatenus
793 745 856 772 sine
866 741 998 770 vindicta

222 799 311 835 eulpa
320 798 468 826 laxatur.»
477 799 541 826 llaee
551 803 657 824 canon.
665 793 794 828 Qualiter
802 792 900 819 autem
908 795 939 816 se
946 787 999 814 ha-

219 846 290 874 bere
306 845 413 873 debeat
426 843 565 872 sacerdos
577 843 655 870 circa
669 839 815 872 infirmos,
828 836 952 864 docetur
966 833 998 860 in

219 893 403 921 Poenz‘tentz'ali
418 899 435 919 a
448 889 605 919 Theodoro
617 910 626 923 ‚
640 887 780 924 episcopo
796 879 998 912 cantuariensi

220 940 265 976 (et
273 940 410 974 habetur,
422 946 501 966 cauS.
513 944 591 970 xxvi,
602 943 632 971 q.
644 942 695 968 vu,
711 941 736 960 c.
754 931 799 967 1,§
814 931 855 957 Ab
868 929 998 963 infirmis,

220 989 248 1014 et
257 986 335 1014 libro
346 984 561 1014 Sententiarum
570 983 613 1016 tv,
623 981 689 1009 dist.
699 987 746 1013 xx,
759 987 784 1006 c.
794 978 865 1006 solet
875 977 960 1011 quoeri
970 975 978 1009 )
990 984 998 1002 .-

226 1033 296 1062 «Ab
318 1031 443 1060 infirmis
457 1032 487 1058 in
503 1029 636 1067 periculo
661 1026 763 1055 mortis
785 1023 899 1061 positis,
923 1029 1000 1058 pura

220 1082 263 1108 est
275 1081 467 1116 peecatorum
492 1076 639 1105 consessio
659 1071 855 1110 inquirenda3
879 1077 941 1098 non
955 1070 999 1096 ta-

220 1135 290 1155 men
305 1126 362 1154 illis
377 1127 420 1154 est
434 1122 616 1160 imponenda
640 1120 790 1158 quantitas
809 1115 998 1154 poenitentiae,

221 1174 274 1203 sed
294 1171 523 1205 innotescenda,
546 1172 574 1198 et
589 1176 657 1197 cum
673 1167 839 1195 amicorum
853 1162 999 1191 orationi-

221 1221 288 1255 bus,
303 1222 330 1248 et
350 1220 605 1254 eleemosynarum
628 1214 747 1248 studiis,
770 1211 890 1248 pondus
904 1209 999 1246 poeni-

221 1267 317 1295 tentiae
339 1264 576 1297 sublevandum,
598 1262 622 1289 si
642 1262 716 1289 sorte
737 1257 948 1294 migraverint,
962 1263 1000 1283 ne

223 1313 357 1349 obligati,
382 1314 410 1340 et
431 1309 654 1343 communione,
680 1309 707 1335 et
731 1304 880 1334 consortio
904 1303 999 1331 veniae

222 1361 295 1389 fiant
309 1359 407 1388 alieni.
424 1362 445 1387 A
460 1366 521 1393 quo
535 1354 668 1393 periculo
684 1353 707 1381 si
729 1351 869 1380 divinitus
884 1352 1001 1386 ereptus

224 1406 424 1439 convaluerit,
449 1403 627 1440 poenitentiae
650 1400 776 1429 modum
802 1407 820 1426 a
848 1396 1001 1426 sacerdote

224 1454 281 1482 sibi
296 1453 466 1489 impositum
482 1450 639 1485 diligenter
659 1447 805 1476 observet.
821 1447 854 1473 Et
874 1444 942 1471 ideo
958 1451 1002 1470 se-

224 1500 357 1529 eundum
372 1497 575 1526 auctoritatem
587 1494 774 1527 canonicam,
791 1500 827 1520 ne
842 1491 1002 1525 illisjanua

224 1547 339 1584 pietatis
354 1546 456 1574 clausa
469 1544 614 1574 videatur,
629 1540 814 1569 orationibus
825 1541 853 1566 et
867 1536 1004 1566 consola-

225 1594 356 1622 tionibus
371 1590 582 1623 ecclesiasticis,
597 1596 680 1616 sacra
700 1587 759 1615 olei
773 1585 944 1613 inunctione
959 1583 1001 1610 in-

224 1641 324 1676 uncti,
354 1639 519 1668 secundum
547 1638 652 1664 statuta
680 1636 850 1662 sanctorum
884 1633 1002 1659 Patrum

226 1688 436 1717 communione
452 1684 549 1713 viatici
561 1683 739 1712 reficiantur.
755 1691 769 1707 n
790 1681 855 1708 llaec
870 1686 977 1706 canon.

262 1734 356 1763 Tertia
379 1733 484 1768 regula
505 1726 558 1764 est,
579 1733 611 1758 ut
635 1729 768 1763 injungat
790 1728 850 1754 toto
869 1727 1003 1759 tempore

226 1783 292 1811 vita:
306 1790 366 1809 suce
380 1780 417 1807 de
428 1778 555 1815 peccatis
568 1775 719 1812 praeteritis
733 1773 886 1810 poenitere,
899 1774 925 1798 et
935 1778 1003 1806 pro-

226 1828 356 1865 positum
378 1826 487 1854 habeat
507 1824 537 1852 in
552 1823 656 1850 suturis
670 1828 787 1856 semper
809 1816 978 1846 abstinendi
994 1826 1000 1844 :

228 1876 299 1913 quia
319 1873 456 1911 quamvis
482 1870 654 1908 poenitentia
683 1867 810 1896 exterior
834 1866 1004 1900 injungatur

229 1922 317 1950 alicui
339 1921 379 1949 ad
393 1924 520 1955 tempuS‚
535 1917 624 1945 debet
637 1918 736 1944 tamen
750 1921 844 1949 usque
860 1912 899 1940 ad
913 1912 1004 1938 finem

229 1969 294 1997 vitoe
308 1976 368 1996 sure
383 1966 494 2000 dolere,
514 1963 678 1992 secundum
699 1960 782 1997 quod
805 1959 876 1987 dicit
896 1961 1006 1992 Augus·

229 2017 307 2043 tinus
316 2015 347 2042 in
359 2014 437 2042 libro
452 2014 485 2040 de
502 2013 572 2039 Vera
588 2012 611 2037 ct
627 2010 700 2043 falsa
718 2008 896 2043 poerziteittz'a:
911 2007 939 2032 et
960 2004 1005 2031 in-

231 2062 406 2094 troducitur,
422 2060 459 2088 de
476 2057 658 2089 Poenitcntia,
674 2055 801 2082 distinet.
818 2061 860 2087 ιιι,
877 2060 941 2087 cap.
963 2059 1004 2086 tv,

231 2112 258 2137 et
271 2108 406 2144 superius
423 2108 433 2123 ³
449 2108 557 2134 tactum
577 2105 636 2132 est:
653 2112 666 2128 α
684 2101 824 2129 Continue
840 2098 1005 2126 dolendum

231 2159 273 2184 est
289 2157 326 2184 de
341 2157 472 2191 peccato,
488 2152 572 2188 quod
583 2150 713 2178 declarat
723 2148 811 2175 etiam
821 2147 885 2182 ipsa
900 2145 1005 2173 dictio-

229 2204 275 2231 nis
289 2204 391 2231 virtus.
406 2200 547 2229 roenitere
563 2197 642 2225 enim
657 2198 699 2224 est
714 2202 833 2231 poenam
849 2194 958 2227 tenere,
974 2194 1007 2220 ut

231 2257 347 2285 semper
362 2247 466 2283 puniat
480 2246 509 2273 in
524 2252 554 2272 se
570 2242 752 2275 ulciscendo,
762 2240 845 2276 quod
860 2239 1006 2267 commisit

230 2295 395 2333 peccando.
412 2294 461 2320 llle
476 2299 596 2328 pernam
612 2291 700 2321 tenet,
716 2289 766 2324 qui
779 2295 896 2323 semper
910 2285 1006 2313 vindi-

232 2346 288 2377 cat,
303 2341 387 2378 quod
407 2339 587 2368 commisisse
603 2345 633 2364 se
646 2336 735 2363 dolet.
750 2345 762 2361 n
779 2336 813 2361 Et
827 2342 853 2361 c.
868 2341 883 2360 v
900 2342 906 2360 ι
924 2342 937 2357 «
953 2332 1005 2360 Ubi

233 2390 319 2419 dolor
333 2389 443 2421 finitur,
455 2386 589 2414 deficitet
603 2381 782 2419 poenitcntia.
795 2391 807 2405 η
819 2381 883 2408 Haec
898 2387 1004 2407 canon.

269 2438 376 2471 Quarta
389 2433 492 2469 regula
506 2434 559 2465 est,
575 2432 607 2458 ut
621 2430 677 2457 sibi
692 2426 906 2464 injungatillud
923 2425 1007 2461 quod

234 2486 274 2514 ait
287 2485 349 2520 ipse
368 2482 502 2510 Salvator
516 2480 526 2495 b
544 2487 550 2506 ;
575 2478 665 2511 Vade,
685 2479 710 2504 et
729 2475 846 2509 amplius
870 2474 926 2500 noli
941 2481 1006 2508 pec-

268 2563 272 2574 ·
290 2561 349 2589 tvm,
369 2562 454 2587 xxvii,
472 2557 495 2579 S.
510 2566 540 2572 -
555 2554 565 2569 ²
585 2554 672 2583 Grog„
689 2549 789 2578 .l{oral.,
813 2548 857 2572 lib.
881 2548 926 2577 tx,
942 2555 964 2572 c.
981 2553 1006 2571 x.

236 2608 265 2613 —
279 2596 288 2611 ³
305 2595 361 2625 Huj.
386 2601 441 2623 cap.
458 2591 545 2622 partic.
568 2592 593 2619 t,
614 2589 708 2619 p.1²t='l.
725 2599 756 2604 -
768 2586 777 2601 ⁵
793 2586 873 2613 doun„
891 2586 1008 2614 x·t>1‚tt.

236 2645 265 2650 -—
280 2633 289 2648 Β
306 2632 358 2655 lino
369 2632 457 2653 auctor
471 2628 515 2651 lib.
530 2626 560 2649 de
574 2625 661 2655 umasst
678 2622 740 2653 suls.
757 2622 857 2650 Pamin,
869 2627 891 2643 c.
906 2625 963 2643 xm.
977 2632 1007 2637 -

855 156 1185 192 CONFESSIONALE.

1049 233 1120 253 care.
1129 223 1211 252 Unde
1219 222 1400 259 Augustinus
1407 223 1418 241 ⁵
1427 231 1456 251 :a
1464 224 1530 252 Non
1536 221 1612 251 dixit
1620 231 1629 251 ι
1636 223 1695 252 Nec
1702 230 1808 260 pecces
1815 232 1824 259 ;

1026 289 1030 293 -
1049 271 1124 300 sed:
1139 272 1198 300 Nee
1210 270 1349 299 voluntas
1361 269 1506 307 peccandi
1520 269 1553 297 in
1561 271 1590 298 te
1603 269 1724 299 oriatur.
1738 271 1827 305 Quod

1049 317 1206 354 quomodo
1225 317 1401 352 servabitur,
1416 316 1474 345 nisi
1493 316 1582 345 dolor
1601 316 1633 344 in
1654 316 1828 353 poenitentia

1049 365 1188 393 continue
1202 363 1384 392 custodiatur
1393 365 1408 392 ‘i
1421 363 1467 392 Sic
1480 363 1570 399 igitur
1586 370 1703 400 semper
1715 363 1825 400 doleat,

1050 413 1080 440 et
1093 411 1131 439 de
1145 411 1252 439 dolore
1275 410 1420 446 gaudeat,
1435 412 1462 438 et
1476 418 1539 438 non
1559 417 1678 446 semper
1695 409 1826 438 doluisse

1051 459 1185 488 doleat.»
1202 461 1266 488 tlaec
1281 458 1473 494 Augustinus,
1489 457 1545 492 Qui
1559 465 1630 492 ergo
1651 457 1683 485 in
1704 464 1766 485 uno
1779 457 1830 485 vel

1050 506 1083 534 in
1095 506 1234 543 pluribus
1248 505 1400 534 offendere
1413 504 1487 539 vult,
1504 511 1567 532 non
1586 503 1677 531 debet
1689 503 1752 537 tali,
1767 503 1829 531 sive

1051 561 1136 587 sano,
1151 553 1214 580 sive
1228 552 1360 586 infirmo,
1371 551 1434 579 sive
1447 551 1585 586 litterato,
1601 550 1663 578 sive
1679 550 1830 584 illiterato,

1050 599 1202 635 religioso,
1216 599 1264 627 vel
1278 598 1411 627 saeculari
1433 598 1553 626 veniam
1570 598 1761 633 peccatorum
1783 604 1830 625 sa-

1053 647 1158 675 cerdos
1171 647 1360 683 promittere,
1376 653 1433 674 nec
1447 653 1557 681 eorpus
1578 644 1694 673 Domini
1711 643 1829 680 aliqua·

1052 695 1137 722 tenus
1152 694 1233 728 dare,
1241 693 1291 721 vel
1303 692 1465 727 lieentiare,
1478 693 1535 720 nisi
1543 700 1662 728 semper
1674 691 1711 720 de
1725 693 1830 719 eaetero

1054 739 1193 768 desistere
1207 739 1336 767 voluerit
1350 738 1388 767 ab
1403 738 1486 766 omni
1507 738 1642 773 mortali,
1666 738 1780 766 etiamsi
1795 738 1831 766 sit

1053 786 1204 820 saeerdOS,
1219 787 1248 814 et
1262 785 1348 813 instet
1358 784 1465 813 festum
1479 785 1704 821 quodcumque,
1715 785 1828 813 etiamsi

1051 833 1173 860 vestitus
1196 831 1365 860 missalibus
1386 831 1580 866 indumentis,
1602 831 1718 859 etiamsi
1740 839 1831 868 expe-

1054 881 1144 908 ctaret
1159 881 1247 915 Papa,
1263 881 1290 908 et
1306 879 1478 914 tmperator,
1497 880 1525 906 et
1543 879 1622 906 totus
1641 877 1772 905 mundus
1786 885 1832 906 sa-

1055 926 1205 954 cerdotem
1217 927 1258 954 sic
1272 925 1421 959 indutum,
1434 925 1548 954 etiamsi
1560 926 1628 961 post
1639 932 1750 953 annum
1764 932 1831 960 pec-

1054 981 1121 1001 care
1134 973 1233 1008 vellet,
1250 975 1278 1001 et
1293 973 1344 1001 tibi
1357 972 1553 1000 confiteretur.
1566 971 1642 999 Talis
1656 971 1735 999 enim
1756 979 1831 999 con—-

1052 1019 1140 1048 sessio
1153 1022 1195 1047 est
1211 1019 1344 1054 istorum,
1361 1019 1458 1055 qualis
1473 1021 1535 1047 erat
1549 1018 1694 1046 confessio
1708 1017 1831 1054 presby-

1053 1068 1196 1102 terorum,
1213 1066 1250 1094 de
1265 1066 1374 1102 quibus
1390 1065 1499 1101 legitur
1513 1066 1535 1098 ⁶,
1551 1064 1635 1101 quod
1649 1064 1688 1093 ad
1702 1064 1830 1092 invicem
1850 1080 1856 1084 -

1054 1114 1169 1147 confessi
1183 1116 1245 1141 sunt
1268 1114 1512 1148 concupiscentiam
1526 1120 1604 1140 suam
1624 1111 1661 1139 de
1680 1112 1828 1145 Susanna3

1055 1162 1083 1188 et
1096 1160 1167 1196 quia
1182 1162 1280 1187 tamen
1299 1159 1439 1187 desistere
1453 1158 1623 1193 noluerunt,
1639 1159 1761 1194 propter
1775 1157 1830 1185 ini-

1055 1207 1196 1242 quitatem
1211 1214 1296 1234 suam
1309 1207 1468 1246 perierunt.
1492 1205 1630 1233 Similiter
1644 1205 1672 1232 et
1686 1204 1731 1231 isti
1751 1203 1830 1239 peri-

1055 1253 1130 1281 bunt
1144 1254 1174 1280 in
1188 1253 1340 1281 voluntate
1354 1252 1499 1288 peccandi
1514 1253 1730 1288 permanentes,
1747 1250 1830 1287 quia,

1055 1301 1087 1328 ut
1099 1299 1256 1336 Apostolus
1271 1300 1311 1327 ait
1323 1300 1334 1317 ⁷
1351 1308 1358 1327 :
1378 1300 1538 1327 Volunturae'e
1551 1299 1630 1326 nobis
1643 1298 1812 1333 peccantibus
1821 1319 1831 1331 ,

1051 1347 1111 1382 jum
1125 1355 1178 1374 non
1199 1348 1366 1382 relinquitur
1381 1346 1471 1374 hostia
1492 1353 1542 1380 pro
1562 1348 1670 1380 peccato
1682 1353 1692 1372 .·
1707 1343 1809 1373 Glossa
1823 1353 1829 1371 :

1060 1404 1073 1419 ιι
1087 1395 1118 1421 tn
1132 1393 1285 1421 voluntate
1301 1392 1444 1429 peccandi
1463 1391 1741 1428 permanentibus.»
1759 1391 1833 1425 Quo-

1057 1441 1238 1476 tiescumque
1258 1442 1358 1467 autem
1377 1438 1515 1467 sacerdos
1538 1438 1569 1466 in
1589 1438 1741 1466 voluntate
1762 1444 1832 1474 pee-

1057 1487 1145 1515 candi
1159 1486 1321 1514 mortaliter
1331 1485 1573 1522 permanentibus
1582 1484 1713 1513 licentiat
1726 1492 1833 1520 eorpus

1057 1534 1176 1568 Christi,
1196 1535 1298 1569 peccat
1312 1533 1485 1568 mortaliter,
1509 1532 1581 1568 quia
1600 1531 1746 1559 Christum
1765 1538 1834 1558 cum

1057 1582 1069 1608 J
1074 1581 1135 1608 uda
1147 1580 1244 1615 tradit,
1254 1582 1286 1608 ut
1296 1579 1472 1608 secundario
1484 1579 1680 1613 crucifigatur.
1692 1580 1753 1606 lmo
1764 1577 1834 1605 dicit

1058 1627 1236 1663 Augustinus
1259 1627 1289 1655 in
1312 1627 1411 1662 glossa
1425 1633 1515 1662 super
1537 1625 1612 1653 illud
1630 1624 1736 1653 Psalmi
1751 1625 1760 1642 ⁸
1777 1633 1783 1653 :
1800 1625 1835 1652 Et

1059 1675 1190 1702 dederunt
1206 1676 1234 1701 z'n
1249 1682 1333 1701 escam
1345 1681 1429 1700 meam
1443 1674 1490 1707 fel,
1506 1672 1590 1708 quod
1600 1671 1719 1707 gravius
1732 1672 1835 1707 peccat

1059 1722 1111 1756 qui
1135 1720 1296 1748 contemnit
1312 1722 1483 1754 regnantem
1501 1719 1532 1745 in
1553 1718 1646 1751 coelo,
1670 1726 1761 1753 quam
1782 1716 1833 1753 qui

1059 1767 1267 1795 crucifixerunt
1277 1765 1478 1793 ambulantem
1489 1765 1519 1791 in
1534 1766 1620 1792 terra.
1636 1765 1696 1792 Hoc
1710 1763 1834 1800 quidam

1059 1813 1186 1850 pestiferi
1201 1816 1228 1841 et
1239 1813 1338 1840 idiotae
1352 1820 1412 1839 non
1427 1811 1619 1845 attendentes,
1633 1810 1705 1839 dant
1719 1810 1834 1846 largam

1059 1860 1208 1888 licentiam
1229 1858 1469 1887 communicandi
1493 1857 1667 1891 luxuriosis,
1692 1856 1835 1885 exactori-

1060 1907 1127 1941 bus,
1159 1906 1316 1939 usurariis,
1345 1904 1579 1939 concubinariis,
1609 1906 1636 1931 et
1664 1903 1835 1938 huJusmodi

1060 1953 1266 1987 monstruosis,
1283 1953 1326 1980 ira
1341 1954 1368 1979 et
1383 1951 1453 1979 odio
1468 1951 1572 1987 plenis.
1589 1952 1611 1979 Ο
1624 1959 1734 1986 magna
1747 1953 1775 1978 et
1789 1951 1834 1978 in-

1060 2001 1130 2028 felix
1155 2000 1362 2036 praesumptio,
1391 1999 1541 2027 licentiare
1567 1998 1632 2026 aliis
1651 2001 1710 2025 tam
1732 1998 1835 2033 ingens

1061 2047 1219 2083 flagitium,
1234 2047 1317 2083 quod
1332 2046 1388 2073 sibi
1404 2045 1502 2073 nullus
1515 2044 1671 2073 hominum
1686 2044 1835 2072 licentiare

1061 2097 1159 2130 posset
1171 2096 1177 2121 1
1191 2095 1294 2129 Magna
1305 2101 1376 2121 vero
1387 2092 1577 2129 praesumptio
1588 2091 1728 2127 simplicis
1742 2098 1836 2118 sacer-

1062 2142 1154 2177 dotis,
1174 2142 1322 2170 licentiare
1337 2142 1415 2174 aliis,
1433 2140 1516 2177 quod
1534 2148 1588 2168 nec
1603 2147 1696 2175 papa,
1712 2147 1766 2166 nec
1780 2145 1834 2165 an-

1062 2189 1155 2224 gelus,
1171 2197 1225 2217 nec
1239 2191 1353 2221 Petrus,
1368 2196 1421 2215 nee
1437 2195 1540 2215 omnes
1561 2186 1735 2221 angelorum
1754 2191 1835 2212 exer-

1062 2236 1135 2264 citus
1147 2238 1266 2271 possent
1285 2235 1446 2268 licentiare,
1462 2242 1529 2261 cum
1544 2232 1716 2261 sententiam
1728 2230 1835 2266 judicis

1063 2283 1169 2310 Paulus
1183 2290 1255 2309 voce
1270 2281 1418 2317 praeconia
1432 2279 1676 2317 proclamaverit⁹
1688 2287 1694 2306 :
1710 2279 1836 2311 Quicum—

1063 2339 1112 2365 que
1126 2330 1329 2356 manducaverit
1341 2336 1438 2363 panem
1453 2328 1520 2354 hunc
1529 2347 1537 2360 ‚
1553 2327 1594 2354 vel
1610 2326 1706 2352 biberit
1727 2325 1835 2351 culicem

1064 2378 1174 2405 Domini
1188 2376 1308 2409 indigne,
1325 2382 1384 2402 reus
1399 2376 1450 2401 σι’ίί
1465 2374 1502 2410 (b)
1518 2374 1637 2408 corporis
1653 2375 1677 2399 et
1692 2373 1834 2406 sanguinis

1065 2421 1481 2455 Domz·12z·,·Glossaznlndignus
1491 2422 1543 2452 est,
1555 2419 1606 2455 qui
1614 2418 1698 2446 aliter
1707 2418 1836 2446 celebrat

1064 2470 1236 2506 mysterium
1253 2468 1438 2496 Eucharistiae
1449 2488 1458 2501 ,
1472 2475 1563 2503 quam
1578 2473 1596 2493 a
1609 2464 1721 2493 Christo
1745 2464 1835 2492 tradi-

1064 2539 1074 2555 θ
1089 2538 1162 2566 Dan„
1183 2542 1243 2565 ¹riu,
1265 2538 1301 2560 ¹4.
1319 2548 1350 2554 —
1368 2537 1375 2550 ⁷
1391 2535 1476 2565 Helm,
1493 2541 1523 2565 x,
1537 2535 1576 2559 26.
1591 2547 1622 2552 —
1635 2533 1646 2550 ⁸
1661 2532 1727 2558 Psal.
1743 2539 1835 2563 wau,

1064 2575 1101 2599 22.
1118 2574 1166 2592 ·--⁹
1183 2573 1189 2596 l
1206 2574 1274 2601 Cor„
1290 2578 1325 2602 xi,
1340 2573 1380 2596 27.

1097 2617 1128 2646 (a)
1145 2617 1206 2640 caet.
1222 2613 1521 2645 edit.Jutlit-uu1·t.——<b)
1541 2614 1602 2637 item
1617 2614 1662 2637 cst.
