2004 3037
295 253 355 289 ets

327 323 466 354 sedecias
479 331 533 353 rex
541 322 620 353 Iuda
632 320 707 352 dixit
716 315 904 361 principibus
913 323 1070 352 Jeremiam

291 371 388 401 occidi
401 371 587 410 petentibus3
598 379 614 398 α
627 371 700 400 Ecce
708 369 741 399 in
752 369 893 398 manibus
902 370 1008 399 vestris
1015 372 1069 400 est.

287 419 353 448 Non
362 419 443 448 enim
456 417 502 447 fas
515 420 559 448 est
570 425 674 455 regem
688 416 807 454 aliquid
819 416 908 446 vobis
921 424 1042 454 negare.
1053 427 1067 445 »

285 466 392 498 ,ἵει-ειη..
408 473 530 502 xxxvm,
546 468 573 494 5.

322 514 431 542 Contra
444 513 542 542 malos
555 513 718 550 prophetas
732 514 761 541 et
773 511 913 550 praelatos
927 512 1002 541 dixit
1015 513 1070 541 Do-

284 560 399 596 minus,
414 561 524 596 Ezech„
538 567 602 597 xm,
617 561 651 588 δι
671 569 686 587 α
698 561 763 589 Non
777 558 950 588 ascendistis
964 567 1000 588 ex
1013 559 1068 588 ad-

284 615 382 643 verso,
406 615 468 637 non
490 607 672 644 opposuistis
691 615 812 636 murum
832 614 889 643 pro
910 606 1004 636 domo
1025 607 1066 635 ls-

284 654 358 689 rael,
373 657 406 683 ut
419 655 533 683 staretis
547 655 577 683 in
592 654 694 692 praelio
710 654 741 682 in
756 653 805 682 die
820 653 946 682 Domini.
961 663 976 680 n

319 702 400 730 Malis
415 702 543 738 praelatis
560 702 702 731 Dominus
720 709 774 738 per
788 701 968 730 Ezechielem
982 709 1065 729 com-

282 749 423 784 minatur,
436 748 550 784 dicens,
564 750 674 784 Ezech.,
687 756 787 784 xxxiv,
805 750 816 776 ¹
834 756 842 776 :
856 758 870 774 α
884 749 933 776 Vae
947 747 983 784 (α)
998 755 1064 785 pas-

282 795 397 824 toribus
411 795 509 831 lsrael,
521 795 574 832 qui
587 795 751 832 pascebant
764 795 948 831 semetipsos.
960 795 1064 823 Nonne

281 850 386 879 greges
398 844 562 879 pascuntur
576 850 594 870 a
611 841 804 878 pastoribus?
817 853 831 869 a
849 842 952 870 Postea
965 841 1064 870 statim

281 889 458 918 describitur
475 891 558 918 actus
572 888 723 917 malorum
741 890 917 925 pastorum:
935 898 949 915 α
963 889 1030 924 Lac,
1046 898 1061 914 ι»

279 937 386 974 inquit,
399 936 642 971 «comedebatis,
653 937 682 964 et
693 936 769 964 lanis
783 935 1000 972 operiebamini
1013 945 1021 971 ;
1035 937 1063 964 et

279 984 364 1021 quod
377 991 508 1012 crassum
522 986 594 1017 erat,
611 983 809 1014 occidebatis:
827 991 948 1019 gregem
962 985 1062 1011 autem

277 1038 380 1059 meum
394 1039 455 1059 non
468 1030 649 1067 pascebatis,
665 1030 750 1066 quod
765 1030 916 1058 infirmnm
931 1029 985 1058 suit
999 1038 1061 1058 non

279 1077 501 1113 consolidastis,
525 1080 553 1106 et
574 1079 719 1114 {egrotum
738 1085 800 1106 non
821 1077 962 1111 sanastis,
976 1077 1061 1114 quod

277 1124 403 1154 fractum
417 1127 460 1153 est
474 1133 536 1153 non
546 1125 698 1160 alligastis,
713 1127 741 1153 ct
755 1124 840 1161 qnod
855 1125 1004 1160 abjectum
1019 1127 1063 1154 est

277 1180 339 1201 non
354 1172 530 1207 reduxistis,
547 1172 631 1209 qnod
647 1172 774 1208 perierat
790 1180 851 1200 non
868 1171 1060 1208 qnaesivistis;

276 1219 330 1248 sed
345 1227 413 1248 cum
429 1219 597 1249 austeritate
612 1219 805 1256 imperabatis
820 1219 872 1255 eis,
886 1221 996 1248 etcum
1007 1227 1062 1256 po-

276 1267 384 1302 tentia,
398 1277 411 1294 n
429 1269 483 1295 etc.

312 1314 379 1342 Mali
398 1313 518 1342 suerunt
537 1314 581 1342 illi
600 1314 782 1351 presbyteri,
803 1313 855 1351 qui
875 1313 1059 1342 condemna-

275 1360 349 1391 bant
358 1361 523 1390 Susannam
534 1361 574 1390 ad
583 1363 722 1396 mortem,
733 1369 769 1390 eo
779 1360 864 1398 quod
878 1360 975 1390 noluit
989 1369 1059 1389 con-

275 1408 382 1437 sentire
400 1408 476 1444 illis,
492 1416 561 1437 cum
579 1416 617 1436 ex
635 1408 693 1437 hoc
714 1408 811 1445 magis
825 1408 980 1437 meruisset
993 1407 1059 1437 lau-

276 1455 351 1484 dari.
368 1457 451 1489 Dan„
467 1464 530 1484 xnr.

311 1505 372 1532 Rex
385 1503 547 1531 Demetrius
564 1502 710 1531 Alcimum
730 1502 916 1539 proditorem
931 1502 1058 1538 impium

275 1550 423 1579 constituit
444 1551 474 1578 in
491 1550 675 1583 sacerdotio,
695 1553 723 1578 et
741 1550 895 1578 mandavit
917 1550 943 1578 ei
962 1549 1058 1578 facere

274 1599 419 1627 ultionem
433 1599 462 1626 in
478 1599 556 1626 tilios
572 1599 675 1633 lsrael,
695 1600 702 1626 l
719 1599 818 1630 .11ιιι·1ι.,
836 1606 886 1632 vn,
903 1600 928 1625 9.

310 1646 401 1681 Elegit
414 1646 574 1674 llaec-hides
584 1646 663 1674 viros
675 1646 792 1681 impios,
805 1648 832 1673 ct
843 1645 991 1673 constituit
1006 1652 1057 1672 eos

274 1692 414 1721 dominos
423 1693 563 1728 regionis,
575 1695 602 1720 ct
613 1693 825 1728 expugnabant
839 1692 951 1720 amicos
962 1691 1055 1725 Judoe,

273 1743 301 1768 et
315 1739 505 1768 adducebant
523 1748 573 1768 eos
587 1739 627 1768 ad
642 1739 829 1774 Bacchidem,
845 1742 911 1773 etc„
930 1742 937 1768 l
955 1739 1056 1773 Maeli„

272 1794 313 1818 ix,
324 1788 358 1814 ⁹25

307 1835 396 1862 Jason
411 1834 500 1861 trater
514 1834 607 1868 Onioe,
620 1834 672 1869 qni
687 1841 837 1861 summum
852 1833 1053 1861 sacerdotium

271 1880 341 1909 emit
356 1880 395 1908 ab
414 1880 577 1916 Antiocho,
592 1881 691 1909 statim
708 1883 739 1908 ut
758 1880 885 1908 obtinuit
903 1880 1052 1916 principa-

271 1929 350 1963 tum,
365 1927 404 1955 ad
419 1928 559 1962 gentilem
574 1928 664 1956 ritum
679 1927 861 1955 contribules
875 1935 945 1956 suos
959 1930 1053 1956 trans-

269 1974 345 2003 ferre
361 1974 459 2010 ccrpit.
478 1976 497 2003 ll
514 1975 614 2006 ΜαρΙι..
632 1983 673 2008 ιν,
689 1976 732 2003 10.

305 2022 498 2057 Proprietates
517 2021 668 2049 malornm
688 2021 878 2057 praelatorum
898 2021 975 2049 bene
992 2023 1053 2049 tan-

267 2069 310 2105 git
325 2069 465 2097 Dominus
485 2070 577 2097 Jesus.
593 2070 707 2102 Matreu„
724 2069 838 2103 xx111,“
823 2088 839 2096 ..
854 2071 881 2096 ct
895 2077 958 2104 seq.
974 2079 987 2094 «
1002 2070 1052 2096 Su-

268 2123 320 2151 per
335 2116 506 2143 eathedram
522 2116 614 2152 Moysi
635 2115 774 2143 sederunt
788 2115 878 2143 Scril»¹
881 2124 895 2142 e
910 2118 937 2143 et
955 2115 1052 2143 Phan-

268 2163 333 2197 soei,
358 2173 371 2189 »
395 2165 449 2191 etc.
474 2173 488 2188 «
511 2163 613 2190 Dicunt
641 2164 669 2190 ct
694 2170 754 2190 non
778 2162 898 2190 faciunt.
921 2161 1051 2197 Alligant

268 2211 367 2238 autem
382 2217 474 2237 onera
489 2209 602 2245 gravia,
619 2219 631 2235 »
644 2212 697 2237 ctc.
714 2209 865 2245 Sequitur:
881 2220 894 2235 «
909 2209 1049 2237 (ll-auditis

266 2265 394 2292 regnum
409 2257 553 2285 cwloruiu
569 2259 634 2284 ante
647 2257 798 2289 homines,
815 2261 842 2285 et
862 2265 915 2284 vos
930 2265 991 2285 non
1007 2257 1053 2285 in-

266 2304 361 2338 tratis,
378 2314 390 2329 »
404 2307 456 2332 etc.
475 2305 556 2337 ltem,
573 2305 661 2335 Juw„
683 2312 713 2338 x,
730 2306 780 2337 v12,
805 2306 854 2331 13:
875 2314 888 2330 a
903 2306 1049 2332 ,stercona-

266 2351 342 2385 rius,
363 2353 391 2379 et
408 2352 459 2387 qui
489 2359 549 2379 non
569 2353 611 2378 est
635 2354 745 2386 pastor,
763 2351 842 2378 videt
867 2351 973 2386 lupum
998 2360 1046 2379 ve-

267 2398 406 2430 nientem,
423 2401 450 2425 ct
465 2398 582 2425 dimittit
604 2406 691 2432 oves,
709 2400 735 2425 et
750 2397 839 2432 sugit,
859 2402 931 2425 nete.
952 2410 964 2424 κ
983 2400 1045 2426 Non

266 2446 391 2480 pertinet
405 2445 444 2473 ad
459 2453 527 2472 enm
543 2445 579 2472 dc
595 2445 713 2478 ovibus,
731 2454 745 2470 »
764 2444 815 2472 sed
833 2447 916 2472 curat
932 2447 1045 2473 tautum

266 2491 303 2519 de
326 2492 497 2520 velleribus

300 2538 415 2567 Sciebat
443 2539 567 2573 Pilatus,
592 2539 674 2574 quod
701 2538 794 2566 Judaei
823 2546 876 2574 per
900 2538 1044 2566 invidiam

263 2585 420 2613 Dominum
448 2586 653 2619 tradidissent3
675 2585 783 2613 >ciebat
809 2593 877 2612 enm
902 2585 1042 2614 innoeen-

263 2634 344 2660 teni:
367 2634 465 2660 tamen
485 2636 605 2668 propter
624 2633 757 2660 savorem
778 2632 897 2668 populi,
913 2635 940 2660 et
959 2633 1043 2660 timo—

293 2732 325 2761 (τι)
343 2732 404 2755 Cwl.
421 2736 480 2756 cml.
495 2734 529 2755 11.-

909 253 1044 288 BIBLIA
1063 247 1296 289 murrinum.

1127 331 1193 352 rem
1213 323 1349 359 caesaris,
1371 321 1496 353 tradidit
1516 321 1604 352 illum
1620 320 1768 354 voluntati
1790 325 1908 386 emm.

1127 371 1242 406 Matth„
1259 371 1413 406 xxvu,26.

1161 417 1312 456 Principes
1333 417 1540 454 sacerdotum,
1567 418 1707 447 vocantes
1731 418 1850 448 Petrum
1878 421 1910 448 et

1125 465 1270 494 loannem
1272 486 1283 501 ‚
1291 464 1541 494 denuntiaverunt
1550 464 1603 500 eis,
1613 471 1651 493 ne
1665 464 1790 494 omnino
1801 465 1908 503 loque·

1124 515 1237 549 rentur,
1263 521 1318 542 nec
1346 512 1490 542 docerent
1515 511 1548 541 in
1572 511 1696 541 nomine
1723 513 1802 542 lesu.
1830 514 1908 550 Act„

1123 567 1167 596 tv,
1181 561 1227 590 18.

1158 607 1268 636 Videns
1285 607 1425 645 princeps
1439 605 1630 635 sacerdotum
1643 605 1739 634 multa
1755 605 1841 642 signa
1852 613 1908 644 per

1122 654 1281 692 Apostolos
1301 654 1383 690 fieri,
1407 661 1556 690 exurgens
1577 653 1655 689 ipse,
1675 653 1705 681 et
1722 660 1829 682 omnes
1851 653 1905 690 qui

1123 710 1244 744 cum‘eo
1257 702 1358 736 erant,
1372 701 1538 737 injecerunt
1555 708 1662 728 manus
1680 700 1712 728 in
1733 700 1906 736 Apostolos,

1121 751 1151 779 et
1167 750 1333 786 posuerunt
1352 755 1404 776 eos
1423 747 1457 776 in
1477 746 1614 776 custodie.
1626 755 1681 776 sua
1698 746 1830 784 publica.
1846 749 1906 776 An-

1121 795 1205 832 gelus
1219 798 1321 825 autem
1339 794 1458 824 Domini
1473 794 1577 824 eduxit
1589 803 1657 823 eos:
1672 796 1744 824 tunc
1756 795 1831 824 abiit
1843 802 1906 824 ma-

1121 843 1260 880 gistratus
1275 851 1345 871 cum
1358 839 1510 877 ministris,
1525 844 1554 870 et
1564 841 1762 870 adduxerunt
1778 841 1858 878 illos.
1873 844 1904 871 et

1118 892 1188 927 post
1205 890 1301 919 multa
1323 889 1452 918 concilia
1475 890 1660 918 vocaverunt
1681 888 1856 925 Apostolos,
1875 891 1905 918 et

1119 938 1202 966 caesis
1221 937 1490 972 denuntiaverunt,
1515 938 1547 964 ut
1567 935 1697 972 amplius
1715 943 1778 964 non
1797 935 1904 973 loque-

1118 987 1220 1014 rentur
1234 985 1265 1013 in
1280 984 1403 1013 nomine
1419 985 1497 1012 Jesu.
1512 984 1589 1015 Act..
1604 989 1633 1011 v.

1154 1034 1266 1068 Raptus
1280 1032 1335 1060 tuit
1355 1031 1522 1068 Stephanus
1541 1038 1560 1058 a
1573 1029 1697 1066 Judaeis,
1712 1031 1742 1059 et
1754 1029 1902 1059 adductus

1117 1079 1150 1108 in
1175 1079 1335 1108 concilium
1344 1088 1353 1114 ;
1378 1085 1508 1114 cumque
1532 1076 1608 1105 falsa
1631 1076 1832 1113 objicerentur
1857 1077 1900 1114 ei,

1117 1126 1268 1163 principes
1282 1125 1472 1154 sacerdotum
1487 1123 1627 1152 dixerunt
1640 1123 1687 1159 ei,
1702 1124 1725 1152 si
1741 1124 1803 1152 hoec
1815 1123 1856 1152 ita
1869 1132 1900 1153 se

1117 1174 1270 1203 haberent.
1287 1174 1341 1208 Qui
1357 1182 1426 1202 cum
1438 1172 1566 1202 fideliter
1579 1181 1610 1202 se
1622 1174 1784 1208 excusaret,
1799 1175 1829 1201 et
1846 1171 1900 1201 du-

1116 1222 1215 1251 ritiam
1232 1221 1405 1250 Judaeorum
1427 1220 1532 1249 acriter
1549 1220 1730 1256 increparet,
1750 1219 1899 1256 lapidatus

1116 1271 1160 1298 est
1179 1269 1219 1298 ab
1239 1269 1298 1304 eis,
1312 1269 1437 1305 praetato
1453 1267 1587 1304 principe
1607 1266 1723 1296 nullam
1742 1266 1899 1304 displicen-

1115 1317 1186 1346 tiam
1204 1317 1386 1346 ostendente.
1400 1317 1475 1351 Ace„
1490 1323 1521 1343 vr
1536 1316 1566 1343 et
1578 1322 1628 1343 vn.

1151 1364 1315 1393 Productus
1325 1363 1434 1392 Paulus
1448 1363 1480 1391 in
1495 1362 1656 1390 concilium
1671 1362 1759 1398 coepit
1771 1362 1898 1392 rationa-

1115 1406 1214 1435 biliter
1232 1406 1317 1443 loqui
1325 1417 1333 1442 ;
1356 1406 1409 1434 sed
1430 1405 1470 1434 ad
1492 1405 1624 1442 primum
1646 1404 1788 1441 verbum,
1812 1405 1898 1442 quod

1115 1454 1204 1490 dixit,
1226 1454 1366 1491 princeps
1384 1453 1574 1482 sacerdotum
1592 1452 1731 1489 proecepit
1746 1460 1814 1481 eum
1830 1461 1897 1490 per-

1115 1502 1190 1530 cuti:
1207 1503 1277 1530 tunc
1291 1501 1398 1530 Paulus
1412 1500 1500 1528 dixit:
1518 1509 1532 1525 ιι
1547 1499 1689 1528 l‘ercutiet
1703 1502 1729 1528 tc
1742 1499 1894 1536 Dominus,

1113 1549 1212 1585 paries
1227 1548 1375 1583 dealbate,
1391 1549 1420 1576 et
1434 1550 1465 1576 tu
1479 1547 1586 1576 sedens
1597 1546 1714 1583 judicas
1730 1555 1779 1575 me
1793 1555 1896 1576 secun-

1114 1595 1188 1624 dum
1203 1596 1316 1631 legem,
1331 1598 1360 1624 et
1371 1598 1474 1624 contra
1492 1594 1591 1630 legem
1605 1593 1693 1630 ,iubes
1706 1602 1755 1622 me
1768 1594 1892 1631 percuti.

1113 1643 1188 1676 Act.‚
1205 1651 1294 1678 xxiii,
1310 1645 1337 1671 3.

1147 1691 1238 1718 Malos
1254 1689 1393 1726 proesides
1408 1691 1436 1717 et
1449 1689 1569 1726 iniquos
1581 1689 1686 1717 habuit
1700 1689 1807 1717 Paulus
1821 1689 1893 1717 Feli-

1112 1745 1178 1765 cem
1193 1740 1220 1765 ct
1240 1739 1372 1772 Festum,
1397 1737 1450 1772 qui
1473 1736 1615 1764 volebant
1635 1736 1761 1771 gratiam
1783 1735 1892 1764 Judaeis

1110 1787 1264 1820 praesture5
1279 1787 1307 1812 ct
1321 1784 1432 1813 idcirco
1445 1783 1618 1820 compulsus
1631 1787 1673 1812 est
1684 1784 1830 1813 Caesarem
1841 1791 1891 1819 ap·

1110 1831 1234 1866 pellare.
1249 1832 1326 1866 Act„
1342 1839 1410 1860 xxv.

1320 1925 1516 1960 CAPUT
1555 1925 1677 1960 CIIl.

1387 1999 1425 2026 Dc
1444 1998 1609 2026 ambitiosis.

1143 2068 1252 2096 Locuta
1266 2069 1309 2095 est
1321 2066 1411 2096 Maria
1425 2069 1452 2095 et
1466 2069 1566 2095 Aaron
1580 2068 1684 2095 contra
1703 2069 1840 2104 Moysen,
1859 2069 1887 2096 et

1108 2115 1244 2144 dixerunt
1259 2124 1266 2143 ε
1281 2125 1295 2142 «
1309 2116 1412 2143 Nonne
1427 2116 1457 2143 ct
1468 2113 1556 2142 nobis
1569 2113 1704 2143 similiter
1716 2114 1833 2143 locutus
1845 2116 1887 2143 est

1107 2163 1249 2191 Dominus
1258 2163 1272 2190 ?
1288 2171 1301 2188 »ι
1319 2164 1372 2190 Per
1392 2161 1455 2190 haec
1469 2161 1563 2190 verba
1576 2161 1757 2191 videbantur
1769 2161 1884 2191 ambire

1108 2210 1248 2238 ducatum
1261 2209 1376 2246 populi.
1392 2210 1489 2244 Num„
1504 2217 1563 2244 xu,
1579 2211 1606 2236 2.

1141 2258 1214 2284 Cure
1230 2258 1258 2283 et
1270 2255 1430 2291 complices
1449 2255 1495 2282 sui
1518 2254 1692 2283 anhelantes
1702 2255 1742 2284 ad
1755 2262 1882 2292 regnum

1104 2303 1220 2339 populi,
1229 2305 1380 2339 coepernnt
1392 2302 1490 2338 ipsum
1502 2302 1650 2339 populum
1659 2301 1880 2336 commendare,

1104 2352 1223 2386 Moysen
1233 2358 1305 2378 vero
1321 2353 1348 2378 ct
1361 2353 1459 2378 Aaron
1471 2357 1621 2383 accusare,
1631 2349 1778 2378 dicentes:
1795 2359 1808 2375 κ
1818 2349 1880 2378 Sus-

1103 2398 1182 2426 liciat
1195 2397 1298 2437 vobis,
1313 2397 1398 2433 quod
1417 2397 1515 2426 omnis
1532 2396 1691 2425 multitudo
1711 2398 1881 2425 sanctorum

1103 2448 1145 2473 est
1156 2467 1164 2480 ,
1182 2447 1209 2473 et
1223 2445 1253 2472 in
1269 2444 1339 2480 ipsis
1353 2447 1395 2472 est
1412 2444 1553 2473 Dominus
1569 2453 1575 2472 :
1592 2452 1644 2472 cur
1657 2443 1815 2472 elevamini
1831 2453 1879 2473 su-

1102 2500 1155 2527 per
1169 2491 1316 2528 populum
1333 2492 1469 2520 Domini?
1484 2502 1498 2518 »
1520 2492 1614 2525 Num„
1629 2499 1692 2525 xvi,
1707 2493 1733 2519 3.

1136 2538 1309 2567 Abimelech
1324 2539 1402 2567 tilius
1416 2539 1562 2567 Gedeonis
1581 2537 1689 2566 callide
1708 2538 1879 2574 procuravit

1099 2596 1129 2614 sc
1144 2587 1213 2622 eligi
1228 2594 1281 2622 per
1295 2586 1409 2614 amicos
1431 2594 1467 2614 ex
1489 2588 1570 2622 partc
1591 2585 1695 2613 matris
1720 2593 1798 2620 suae;
1823 2587 1877 2613 sed

1099 2637 1201 2669 postea
1216 2633 1341 2669 pessime
1354 2633 1493 2661 successit
1506 2631 1649 2668 utrisque.
1664 2631 1767 2667 Judic„
1783 2639 1823 2660 ιι.

1134 2679 1279 2709 Parabola
1299 2680 1349 2709 illa
1365 2701 1374 2714 ‚
1399 2687 1490 2716 quam
1513 2679 1669 2714 proposuit
1690 2678 1851 2707 Jonatham
1864 2699 1873 2713 ,

1099 2727 1180 2762 qnod
1197 2727 1292 2761 oliva,
1308 2727 1373 2754 vitis
1387 2729 1415 2755 et
1429 2725 1503 2754 ficus
1515 2725 1675 2754 noluerunt
1689 2733 1778 2762 super
1793 2725 1874 2760 ligna
