2004 3037
243 179 303 210 578

242 243 386 275 interfecit
413 243 533 272 leonem
561 243 591 270 et
615 248 736 277 ursum,
764 242 794 270 et.
814 240 933 271 Goliath
955 239 1021 269 Phi-

241 290 406 331 iisthaeum,
418 291 429 319 1
443 290 523 326 Rea„
536 295 608 319 xvu.

277 336 372 366 David
387 345 457 366 cum
470 344 533 365 uno
553 335 647 364 milite
667 334 749 364 venit
767 334 809 364 ad
822 336 918 364 castra
929 333 1020 370 Saul,

240 386 269 414 et
286 383 407 413 intravit
431 382 592 412 tentorium
613 383 696 420 ejus,
720 384 750 412 et
770 382 838 412 tulit
854 381 972 412 hastam
992 382 1022 410 et

239 431 388 469 scyphum
402 430 500 466 ejus!
514 432 592 466 Rea„
607 438 688 459 xxvr.

274 477 361 508 Pueri
373 477 536 507 duodecim
550 485 588 506 ex
600 478 684 514 parte
700 476 844 510 isboseth,
860 477 890 505 et
903 475 1020 504 duode-

239 525 298 554 cim
311 533 348 554 ex
361 527 444 561 parte
459 524 564 559 David,
577 524 765 561 apprehenso
780 523 820 552 ab
835 530 1021 560 unoquoque

239 573 334 609 capite
345 571 495 608 comparis
507 571 564 607 sui,
576 570 743 600 defixerunt
753 570 889 607 gladium
903 569 1021 599 inlatus

240 619 392 654 contrarii,
407 621 436 647 et
449 618 620 647 ceciderunt
633 617 732 646 simul.
747 619 768 646 ll
785 618 863 653 Rea„
879 625 911 653 u,
927 619 972 646 16.

275 666 463 695 Desidet-ante
473 668 501 695 et
510 668 626 703 petente
638 665 730 695 David
745 665 782 694 de
797 673 878 702 aqua
889 665 1021 694 cisternae

239 714 418 749 Bethlehem,
427 716 484 742 tres
493 713 601 742 milites
609 713 700 742 David
707 713 878 750 irruperunt
886 712 918 740 in
925 715 1021 742 castra

238 761 497 797 philisthinorum,
512 763 541 789 et
563 760 772 795 attuleruntei
792 759 830 788 de
853 767 934 796 aqua.
955 759 1020 788 illa.

237 809 259 837 il
273 810 352 844 Rea„
366 815 449 836 xxm.

273 855 400 883 Viriliter
423 855 483 890 egit
505 854 579 883 Jehu
601 853 770 890 percutiens
789 852 867 881 duos
887 860 974 889 reges
992 853 1021 880 ct

236 903 341 931 fratres
362 901 512 937 Ochoziae,
535 903 562 929 et
580 900 660 929 filios
674 899 794 935 Achab,
812 902 841 928 et
860 899 1021 936 prophetas

237 949 307 978 Baal
322 949 430 978 occidit
444 949 475 977 in
495 947 686 977 multitudine
705 954 877 976 numerosa.
893 948 926 976 lv
941 948 1020 982 Req„

238 1005 269 1026 ix
283 999 311 1026 et
325 1005 354 1025 x.

273 1046 347 1073 Cum
369 1051 481 1079 magna
501 1043 671 1072 strenuitate
692 1041 797 1071 Joiada
817 1041 951 1078 pontifex
965 1041 1021 1070 eri-

238 1092 302 1130 puit
315 1099 442 1127 reguum
456 1090 533 1120 Juda
548 1090 585 1118 de
600 1097 692 1118 manu
704 1088 844 1124 Athalioe,
857 1092 886 1118 et
900 1091 968 1118 toas
982 1089 1020 1117 de

237 1139 350 1168 semine
365 1139 456 1167 David
473 1137 632 1175 puerulum
649 1137 814 1166 coronavit.
832 1138 865 1166 lv
881 1138 963 1172 Rea„
978 1144 1019 1172 xi,

239 1189 267 1215 et
280 1189 301 1216 ll
318 1188 426 1222 rarat,
440 1194 523 1214 xxut.

271 1234 346 1263 Joab
366 1234 444 1262 tilius
463 1233 571 1261 Sarviae
588 1233 643 1261 fuit
656 1232 795 1269 princeps
810 1233 838 1259 et
857 1231 917 1259 dux
934 1238 1020 1259 exer-

238 1281 329 1316 citus,
346 1281 417 1317 quia
432 1281 462 1309 in
479 1281 582 1317 primis
603 1279 747 1316 percussit
767 1278 951 1314 tebusaeum,
967 1279 1020 1315 qui

237 1329 393 1357 habitabat
407 1328 436 1356 in
452 1327 649 1363 Hierusalem,
667 1327 746 1355 etita
760 1328 901 1355 statuerat
915 1325 1018 1354 David.

238 1377 247 1404 1
267 1378 369 1405 Parui..
385 1384 425 1409 xx,
443 1377 470 1404 ti.

272 1423 348 1451 Dixit
362 1422 517 1451 Nehemias
533 1420 741 1457 optimatibus,
757 1422 786 1449 et
800 1420 1021 1456 magistratibus

237 1471 426 1500 sudat—orum:
443 1472 625 1503 «surgamus
636 1472 663 1497 et
673 1469 865 1496 aedificemus,
879 1470 936 1496 »Et
952 1475 1021 1496 con-

238 1518 350 1547 fortata}
365 1520 432 1546 suut
446 1526 552 1545 manus
567 1525 670 1545 eorum
687 1517 716 1543 in
732 1516 823 1544 bono.
841 1516 952 1544 Neheui.
964 1536 972 1549 ,
988 1523 1020 1544 ιι.

274 1566 336 1594 Filii
358 1565 623 1599 transmigrationis
642 1563 822 1591 azdilicautes
848 1571 967 1590 murum
993 1562 1020 1589 iu

239 1612 360 1640 circuitu
377 1612 567 1643 Hierusalem,
586 1619 645 1639 una
659 1619 749 1638 maun
767 1609 915 1638 faciebant
932 1617 1020 1645 opus,

239 1661 267 1687 et
281 1659 373 1687 altera
387 1658 526 1686 leur-baut
539 1658 684 1693 gladium.
701 1658 824 1689 Neliem.⁹
840 1665 867 1685 iv
878 1677 888 1691 ‚
906 1659 948 1684 Π.

275 1706 386 1734 Inimici
414 1705 545 1733 tiliorum
577 1704 844 1739 transmigrationis
873 1703 1023 1731 terrebant

241 1753 329 1781 variis
357 1753 456 1780 modis
469 1774 476 1786 ‚
505 1752 666 1785 cogitantes
696 1751 779 1787 quod
807 1753 954 1778 cessarent
982 1749 1022 1778 ab

242 1808 349 1836 opere;
370 1800 422 1826 sed
440 1799 514 1826 dixit
534 1799 687 1826 Nchemias
712 1807 718 1824 :
741 1809 754 1822 ιι
777 1800 870 1831 Quam
890 1797 930 1824 ob
951 1805 1021 1824 eau—

241 1855 305 1874 sam
325 1846 420 1881 magis
439 1845 603 1874 confortari
625 1852 731 1872 manus
751 1852 842 1871 meas.
863 1855 876 1869 n
899 1844 1021 1878 them„

241 1902 281 1928 vi,
297 1895 324 1921 9.

278 1940 438 1968 Audientes
453 1939 505 1967 filii
521 1939 610 1967 lsrael
629 1938 793 1975 potentiam
808 1937 1022 1973 llolophernis,

242 1989 485 2024 prmparaveruut
512 1995 542 2014 se
569 1985 726 2021 diligenter
747 1985 785 2013 ad
807 1984 1022 2020 resistendum,

242 2036 483 2071 przeoccupantcs
498 2033 622 2061 vertices
639 2032 795 2066 montium,
813 2033 840 2059 et
855 2032 949 2059 muris
965 2031 1022 2059 eir-

244 2082 417 2110 cumdantes
445 2081 527 2108 vicos
555 2089 625 2107 suos
636 2101 645 2114 ,
673 2080 933 2114 congregaverunt
959 2077 1023 2106 fru-

242 2129 343 2157 menta
357 2128 386 2156 in
402 2121 648 2163 prwparationem
663 2134 779 2162 pugnax
797 2126 913 2160 Iudith,
929 2133 968 2153 iv.

279 2175 380 2204 Mirum
396 2173 596 2201 strenuitatem
618 2172 722 2200 habuit
736 2172 853 2206 Juditli,
869 2171 969 2200 eundo
984 2171 1024 2200 ad

199 2211 201 2216 ¹
243 2222 480 2257 llolophernem,
503 2223 530 2247 et
557 2219 724 2247 occidendo
749 2227 818 2247 eum
842 2219 873 2246 in
897 2217 1024 2247 tentorio

244 2277 309 2296 suo.
320 2268 427 2302 Judz‘tlz,
442 2276 472 2295 xx
488 2269 516 2295 et
531 2275 582 2294 xui

283 2315 357 2344 Socii
372 2314 499 2343 linuit-lis
515 2314 652 2342 dixerunt
671 2312 948 2341 Nabuchodonosor
961 2312 1025 2347 regi

244 2362 420 2399 Babylonis:
443 2373 455 2387 ιι
473 2363 547 2389 licus
562 2363 662 2388 noster
676 2363 773 2395 potest
788 2367 843 2386 nos
860 2359 972 2394 eripere
987 2359 1024 2386 dc

244 2410 362 2438 canuno
378 2408 469 2445 ignis,
487 2407 570 2443 quod
590 2407 613 2434 >i
632 2406 775 2440 noluerit,
792 2409 895 2434 notum
909 2406 945 2433 sit
960 2405 1023 2440 tibi,

243 2465 306 2491 rex,
321 2457 402 2492 quod
417 2456 490 2483 deos
501 2458 565 2482 tuos
580 2462 639 2481 nun
652 2454 811 2481 colimus.»
828 2454 910 2486 Dum,
923 2461 965 2487 111,
982 2454 1022 2480 ¹7.

284 2504 385 2531 Daniel
408 2510 470 2530 non
497 2501 608 2529 dimisit
633 2504 754 2537 propter
779 2500 907 2528 edictum
930 2499 1025 2536 regis,

245 2551 316 2587 quin
332 2551 429 2578 oraret
442 2551 532 2577 ileum
547 2557 645 2576 suum.
665 2550 746 2581 Itum,
763 2555 802 2582 v1,
821 2549 863 2575 li.

279 2597 381 2626 Mirum
395 2596 600 2625 fortitudinem
621 2595 790 2623 habueruut
810 2592 983 2622 Mathathias
998 2595 1026 2621 et

244 2645 297 2672 filii
313 2645 394 2679 ejus,
414 2643 465 2680 qui
486 2643 526 2671 ita
549 2643 715 2670 restiterunt
732 2641 878 2669 Antiocho
898 2640 978 2676 regi,
998 2644 1026 2667 et

859 172 996 206 BIBLIA
1013 170 1246 205 PAUPERUM.

1076 238 1297 277 praevaluerunt
1312 237 1399 268 toties
1418 239 1523 268 eontra
1539 239 1619 268 eum.
1640 239 1659 268 l
1669 234 1779 296 Παῤ.)
1773 247 1815 295 ιι
1826 240 1856 272 et

1077 285 1229 324 deinceps.

1080 333 1303 363 confidenter
1317 334 1346 362 et
1363 334 1482 362 strenue
1495 331 1588 362 ludas
1600 331 1786 362 machabaeus
1796 324 1856 363 flu-

1077 388 1149 410 men
1175 380 1312 409 transivit
1333 379 1374 408 ad
1391 381 1486 408 castra
1505 379 1656 416 hostium,
1679 387 1748 417 quoe
1773 380 1858 434 erant

1076 427 1176 457 ultra·
1168 435 1267 464 ipsum
1281 427 1404 456 flumen.
1420 429 1430 456 l
1444 427 1548 462 Maeli„
1561 434 1590 455 v.

1113 474 1230 504 Eleazar
1256 474 1336 503 filius
1363 475 1457 503 Saura
1485 473 1614 503 cucurrit
1639 473 1791 503 audaciter
1815 473 1856 502 ad

1077 521 1281 559 elephantem,
1297 523 1326 550 et
1343 521 1500 558 supposuit
1513 529 1544 550 se
1558 521 1584 549 ei
1597 542 1606 556 ,
1621 521 1650 549 et
1663 519 1774 550 occidit
1786 528 1856 549 eum

1076 568 1108 597 in
1132 571 1241 598 terram
1260 577 1350 606 super
1373 569 1487 606 ipsum,
1511 570 1540 597 et
1560 570 1696 598 mortuus
1719 569 1763 597 est
1784 567 1854 596 illic.

1076 617 1087 645 1
1100 616 1207 651 Mat-h„
1223 624 1268 651 vt,
1283 617 1328 645 43.

1112 662 1267 700 Eleazarus
1285 662 1360 692 dixit
1372 662 1536 692 tortoribus
1549 662 1628 692 suis:
1646 673 1661 690 ιι
1678 662 1800 691 Fortiter
1813 661 1857 690 vi-

1076 713 1137 740 tam
1162 709 1356 744 excedendo,
1378 711 1528 738 senectute
1550 709 1660 746 dignus
1684 708 1855 746 apparebo,-

1076 757 1318 786 adolescentibus
1341 758 1440 785 autem
1467 755 1638 793 exemptum
1662 756 1738 785 sorte
1765 755 1855 784 relin-

1076 812 1185 840 quam,
1203 803 1228 832 si
1249 806 1389 840 prompto
1409 803 1512 832 animo
1531 803 1569 832 ac'
1584 802 1698 832 fortiter
1713 810 1770 840 pro
1789 810 1856 840 gra-

1076 851 1203 880 vissimis
1224 859 1259 880 ac
1277 850 1468 879 sanctissimis
1482 849 1599 886 legibus
1618 849 1743 879 honesta
1760 851 1855 879 morte

1077 898 1247 935 perfungar.
1263 907 1277 925 r
1297 898 1320 926 ll
1333 897 1436 933 Mat-h„
1453 904 1492 931 vi,
1503 898 1550 926 27.

1111 945 1318 979 Machabaeus,
1346 946 1374 972 et
1398 944 1451 981 qui
1476 951 1544 972 cum
1577 951 1613 972 co
1645 945 1745 979 erant,
1771 942 1857 972 ibant

1076 991 1207 1028 prompti
1231 991 1271 1019 ad
1295 989 1410 1019 bellum
1434 992 1536 1018 contra
1564 989 1692 1026 Lysiam,
1717 989 1754 1018 de
1778 989 1855 1018 coelo

1075 1037 1220 1066 habentes
1235 1037 1402 1073 adjutorem
1409 1046 1418 1072 ς
1434 1036 1556 1064 leonum
1577 1039 1676 1064 autem
1699 1044 1783 1064 more
1797 1035 1854 1064 im-

1076 1087 1147 1121 petu
1169 1084 1314 1113 irruentes
1329 1085 1360 1113 in
1378 1084 1492 1120 hostes,
1515 1086 1738 1120 prostraverunt
1756 1091 1792 1112 ex
1811 1083 1854 1111 eis

1076 1131 1217 1160 undecim
1234 1131 1329 1160 millia
1342 1130 1489 1167 peditum,
1505 1133 1533 1159 et
1546 1130 1679 1167 equitum
1695 1130 1778 1159 mille
1791 1139 1855 1159 sex-

1077 1182 1194 1214 centos;
1218 1179 1374 1207 universos
1396 1179 1495 1207 autem
1515 1177 1547 1206 in
1569 1177 1672 1214 fugam
1691 1179 1857 1206 verterunt.

1076 1226 1267 1261 11Mac11„x1.

1116 1284 1129 1300 ιι
1144 1273 1253 1301 Virtute
1267 1280 1378 1308 magna
1397 1271 1565 1300 reddebant
1578 1271 1709 1308 Apostoli
1724 1271 1856 1300 testimo-

1076 1321 1159 1350 nium
1170 1319 1393 1349 resurrectionis
1407 1321 1474 1348 ,lesu
1486 1319 1590 1347 Christi
1601 1319 1728 1354 Domini,
1746 1321 1775 1348 et
1788 1327 1856 1355 gra-

1076 1369 1117 1398 tia
1130 1377 1242 1404 magna
1256 1370 1318 1396 erat
1331 1367 1363 1396 in
1377 1367 1519 1396 omuibus
1532 1366 1600 1395 illis.
1617 1376 1631 1393 n
1652 1367 1735 1402 Act„
1750 1374 1794 1403 ιν,
1808 1369 1853 1396 33.

1115 1429 1128 1444 ιι
1139 1417 1304 1453 Stephanus
1318 1416 1424 1453 plenus
1438 1415 1531 1452 gratia
1546 1419 1573 1443 et
1588 1415 1759 1444 fortitudine
1770 1416 1857 1444 tacie-

1076 1465 1128 1492 bat
1143 1464 1293 1501 prodigia,
1308 1465 1335 1492 et
1349 1463 1434 1499 signa
1449 1470 1558 1499 magna
1570 1462 1600 1491 in
1615 1462 1729 1499 populo
1742 1473 1748 1491 :
1764 1473 1778 1490 n
1793 1464 1856 1499 ejus

1077 1514 1176 1540 autem
1200 1510 1342 1538 fortitudo
1363 1510 1510 1546 praeeipue
1532 1510 1685 1546 apparuit,
1708 1510 1792 1546 quod
1805 1511 1855 1538 Ju-

1078 1559 1148 1586 daeis
1167 1557 1402 1586 constantissime
1421 1557 1542 1593 restitit,
1563 1559 1592 1585 et
1611 1556 1708 1586 diram
1728 1560 1856 1586 mortem

1076 1606 1286 1643 patientissime
1299 1605 1443 1634 toleravit.
1460 1606 1537 1640 Act„
1552 1613 1579 1633 vr
1595 1607 1624 1633 et
1635 1612 1683 1633 vu.

1113 1652 1264 1681 Fortitudo
1291 1654 1335 1680 est
1356 1652 1543 1680 considerata
1569 1651 1771 1688 periculorum
1795 1660 1856 1680 sus-

1077 1700 1188 1736 ceptio,
1203 1701 1231 1727 et
1245 1699 1385 1728 laborum
1402 1699 1570 1735 perpessio,
1590 1699 1630 1726 ita
1645 1699 1716 1726 dicit
1734 1698 1855 1734 Tullius,

1077 1748 1097 1775 ll
1111 1748 1189 1774 Illict.
1209 1746 1377 1774 Secundum
1398 1746 1454 1774 l1oc
1470 1747 1584 1773 constat
1600 1745 1770 1782 apostolum
1782 1746 1857 1774 Pau-

1077 1793 1139 1821 lum
1160 1793 1352 1820 fortissimum
1372 1792 1497 1820 militem
1511 1792 1614 1820 Christi
1629 1792 1731 1828 tuisse,
1747 1792 1799 1829 qui
1813 1794 1856 1822 tot

1078 1843 1105 1868 et
1117 1842 1196 1868 tanta
1211 1839 1344 1876 pericula
1359 1848 1415 1876 pro
1426 1839 1491 1875 ipso
1501 1839 1639 1875 suscepit,
1649 1839 1679 1867 et
1692 1842 1734 1868 tot
1747 1842 1775 1867 et
1785 1838 1857 1868 tales

1077 1887 1197 1916 labores
1213 1886 1359 1920 sustinuit,
1371 1886 1445 1914 sicut
1459 1888 1539 1922 patet
1552 1886 1591 1914 ab
1602 1885 1763 1915 undecimo
1778 1886 1857 1923 capi-

1079 1933 1139 1962 tulo
1161 1934 1278 1960 Actuum
1299 1935 1486 1968 Apostolorum
1511 1941 1605 1969 usque
1620 1933 1659 1962 ad
1675 1933 1774 1962 tinem.
1793 1935 1855 1969 lpse

1078 1981 1167 2008 etiam
1192 1983 1360 2016 enumerat,
1387 1982 1408 2009 ll
1431 1982 1505 2015 Cor„
1525 1988 1578 2009 11:
1606 1990 1620 2007 «ι
1645 1982 1676 2009 ln
1701 1980 1856 2010 laboribus

1078 2029 1230 2065 plurimis,
1241 2038 1255 2054 ι)
1272 2031 1327 2056 etc.

1292 2122 1435 2156 CAPUT
1459 2122 1640 2157 LXXVlIl.

1211 2195 1247 2222 De
1265 2194 1429 2229 confidentia
1449 2198 1473 2221 ee
1491 2196 1726 2229 maynam'mitate.

1116 2265 1229 2301 Moyses
1251 2264 1327 2293 stetit
1350 2272 1452 2292 coram
1474 2264 1627 2292 Pharaone
1645 2265 1814 2301 multoties,
1829 2267 1858 2294 et

1080 2312 1226 2347 arguebat
1244 2320 1312 2339 eum
1333 2311 1528 2340 confidenter.
1552 2312 1654 2346 Exod„
1669 2320 1708 2347 v,
1731 2314 1761 2340 et
1773 2312 1857 2340 dein-

1081 2367 1150 2394 ceps
1165 2359 1194 2385 iu
1210 2357 1346 2393 pluribus
1361 2357 1508 2394 capitulis.

1115 2405 1313 2438 confidenter,
1333 2404 1401 2432 licet
1426 2406 1604 2439 reverenter,
1625 2405 1722 2441 arguit
1743 2405 1857 2434 Nathan

1080 2453 1227 2489 propheta
1252 2453 1366 2486 David,
1388 2454 1456 2489 post
1479 2452 1657 2480 adulterium
1682 2455 1710 2481 et
1729 2453 1855 2482 homici-

1081 2500 1164 2527 dium
1179 2500 1217 2528 ab
1234 2499 1284 2527 illo
1301 2500 1504 2527 commissum.
1520 2500 1540 2527 ll
1555 2501 1632 2534 Κεφ,
1647 2507 1698 2528 xit.

1116 2548 1193 2575 Dixit
1207 2546 1282 2575 Elias
1297 2546 1336 2574 ad
1351 2546 1452 2575 Achab
1469 2555 1475 2573 :
1496 2556 1510 2572 «
1521 2547 1585 2574 Non
1607 2554 1662 2582 ego
1685 2548 1801 2576 turbavi
1817 2549 1856 2577 Is-

1080 2594 1159 2629 rael,
1176 2593 1228 2622 sed
1255 2595 1284 2621 tu
1308 2596 1337 2621 et
1359 2593 1468 2622 domus
1482 2593 1572 2629 patris
1587 2593 1649 2629 tui,
1672 2595 1723 2632 qui
1745 2595 1856 2624 dereli-

1081 2641 1184 2677 quistis
1207 2641 1350 2669 mandata
1372 2640 1498 2669 bomini.
1518 2651 1532 2668 r
1550 2642 1582 2669 Et
1603 2645 1670 2677 post
1692 2643 1762 2671 fecit
1782 2652 1855 2680 qua-
