2004 3037
31 1756 92 1777 Fitiae

21 1788 101 1809 acediae

17 1819 108 1845 quinde—

8 1851 58 1872 cim.

33 2275 110 2294 Reme-

27 2305 87 2325 dium

21 2338 96 2356 contra

3 2368 108 2388 acediam.

705 230 756 262 DE
779 230 979 264 PECCATIS.
1003 233 1090 267 GAP.
1114 235 1194 268 VIII.

141 295 364 334 turpissimum,
381 300 408 328 et
421 298 490 328 ideo
505 307 568 328 non
585 299 729 328 debemus
753 307 815 328 esse
840 299 918 336 pigri

141 342 182 371 ad
195 345 389 380 surgendum.
410 347 535 381 octavo,
554 345 677 383 quando
696 354 840 382 magnum
863 346 918 374 do-

140 398 213 419 num
229 391 351 420 offertur
365 402 371 420 :
387 392 444 421 hoc
460 392 574 421 donum
588 395 630 421 est
645 393 747 421 divina
761 393 872 429 gratia3
889 395 917 422 et

140 437 164 465 si
179 437 254 466 illud
274 439 451 475 negligimus
473 439 625 476 accipere,
651 440 712 468 haec
735 440 917 476 negligentIa

141 487 183 513 est
197 486 284 515 valde
297 486 474 523 periculosa.
490 488 574 515 Nono
584 508 593 521 ,
609 487 732 524 quando
748 488 814 524 quis
829 489 872 516 est
886 489 916 516 in

138 541 250 569 magno
273 533 405 570 periculo
411 543 420 570 ;
444 533 499 562 nisi
514 533 541 562 ei
555 537 752 570 succurratur,
769 536 811 563 est
826 535 915 563 valde

138 579 338 616 periculosum
353 580 379 608 ei
395 590 403 608 :
427 580 468 608 sic
483 581 664 616 negligentia
687 582 776 610 valde
800 583 916 618 pericu-

139 626 203 655 losa
217 629 259 655 est
272 626 388 656 homini
401 627 487 664 pigro
501 649 510 662 ‚
525 627 582 656 nisi
597 628 654 657 cito
677 629 784 657 animae
799 638 916 658 succur-

138 676 199 709 rat,
218 682 284 711 quoe
308 675 351 702 est
370 674 401 702 in
423 674 555 710 periculo
576 675 729 703 infernalis
749 676 912 713 praecipitii.

138 722 266 756 Decimo,
282 721 406 758 quando
421 723 537 758 tempus
552 724 594 750 est
607 722 763 758 plantandi
778 723 912 759 arbores,

137 770 164 797 et
177 776 239 796 non
252 768 440 805 plantantur3
458 769 584 805 putandi
598 769 718 805 vineas,
735 772 762 798 et
781 778 843 798 non
857 779 914 806 pu-

136 816 251 850 tantur3
276 815 443 844 seminandi
463 824 566 851 agros,
583 818 610 844 et
625 824 686 844 non
710 817 911 852 seminantur3

135 863 266 890 metendi
284 871 412 898 messes,
437 864 465 890 et
488 871 549 891 non
573 865 740 899 metuntur3
768 864 913 892 domandi

135 909 276 937 animalia
288 929 297 943 ,
312 911 339 937 et
353 917 414 937 non
430 909 591 938 domantur
600 919 608 945 ;
632 910 757 938 curandi
773 911 911 946 vulnera,

135 957 164 984 et
178 964 239 984 non
253 959 409 991 curantur;
426 957 548 984 lavandi
562 959 675 992 vestes,
695 960 722 985 ct
736 965 797 985 non
811 957 913 985 lavan-

135 1004 199 1036 tur3
215 1003 341 1031 saliendi
356 1011 474 1038 carnee,
491 1005 519 1031 et
532 1011 594 1031 non
619 1004 773 1032 saliuntur.
791 1006 822 1032 ln
847 1012 910 1032 om-

133 1050 222 1078 nibus
241 1049 302 1078 istis
320 1049 409 1078 valde
434 1050 602 1086 periculosa
621 1050 698 1086 pigri
713 1051 911 1086 negligentia,

134 1098 162 1124 et
188 1096 293 1124 merito
319 1098 387 1124 sunt
412 1097 660 1133 reprehensibiles
679 1119 688 1132 ,
717 1097 770 1133 qui
794 1097 826 1125 in
850 1097 911 1126 istis

133 1143 298 1180 specialiter
314 1146 381 1172 sunt
404 1144 587 1179 negligentes
613 1153 620 1171 ε
649 1146 691 1172 est
715 1145 792 1172 enim
817 1145 910 1173 modo

132 1191 248 1226 tempus
268 1191 308 1218 ad
328 1191 429 1219 omnia
447 1191 588 1226 praedicta
609 1191 776 1227 specialiter
798 1191 909 1219 facien-

133 1237 173 1265 da
189 1246 195 1265 :
211 1245 291 1265 nunc
307 1237 386 1266 enim
401 1240 443 1266 est
463 1240 581 1274 tempus
596 1238 752 1274 plantandi
766 1247 821 1274 per
843 1239 910 1267 cha-

131 1284 223 1312 ritatis
246 1285 460 1313 radicationem
472 1295 480 1320 ;
503 1285 627 1321 putandi
646 1293 699 1321 per
718 1288 909 1321 peccatorum

132 1332 364 1367 confessionem3
381 1332 499 1360 serendi
514 1340 568 1368 per
582 1333 840 1368 eleemosynarum
854 1333 910 1360 lar-

133 1378 294 1414 gitionem3
319 1379 449 1407 metendi
469 1387 522 1415 per
545 1379 696 1407 bonorum
716 1388 840 1416 operum
860 1388 907 1408 ac-

133 1425 379 1461 cumulationem,
405 1425 550 1453 domandi
573 1426 713 1453 animalia
733 1435 786 1462 per
812 1427 908 1454 carnis

132 1472 388 1500 mortificationem
400 1482 408 1507 3
423 1473 545 1500 curandi
560 1473 685 1500 vulnera
696 1481 749 1509 per
763 1474 907 1509 poeniten—

132 1519 176 1546 tiae
204 1519 452 1553 medicationem,
475 1520 597 1547 lavandi
617 1522 711 1551 vestes
735 1528 788 1555 per
811 1520 907 1556 lacry-

131 1574 248 1594 marum
264 1566 452 1601 effusionem,
468 1566 592 1594 saliendi
616 1574 718 1594 carnes
740 1575 793 1602 prr
818 1567 908 1594 conti-

130 1613 235 1641 nentiae
254 1613 492 1641 satisfactionem.
516 1614 580 1641 Haec
603 1613 681 1640 enim
704 1613 808 1641 decem
832 1622 906 1649 prm-

130 1660 208 1688 dicta
222 1662 309 1688 sunt¹
323 1669 381 1695 quoe
395 1663 499 1695 oportet
516 1662 577 1694 fieri
602 1663 656 1687 cito
668 1682 675 1694 ,
698 1663 729 1688 ut
749 1660 855 1688 dicitur
876 1661 905 1689 in

131 1708 307 1743 Apocalypsi.

164 1753 241 1782 Filiae
255 1754 364 1782 acediae
378 1756 445 1782 sunt
460 1753 632 1790 quindecim
645 1762 651 1781 :
668 1754 815 1790 tepiditas,
831 1755 904 1782 mol-

128 1800 203 1828 lities
213 1822 222 1835 ,
237 1801 449 1836 somnolentia,
466 1801 613 1835 otiositas,
629 1800 732 1828 dilatio
743 1822 752 1836 ,
766 1801 902 1835 tarditas,

127 1841 323 1882 negligentia,
341 1847 618 1883 imperseverantia,
637 1847 786 1881 remissio,
808 1847 902 1875 disso-

127 1892 215 1928 lutio,
230 1894 364 1928 ignavia,
387 1894 539 1921 indevotio
551 1915 560 1927 ,
576 1894 706 1928 tristitia,
721 1894 843 1922 taedium
861 1894 902 1921 vi-

127 1942 174 1974 tae,
192 1940 368 1975 desperatio.
393 1942 456 1968 Haec
482 1940 653 1976 quindecim
674 1943 794 1976 peccata
806 1961 814 1974 ,
833 1950 900 1977 quae

126 1988 286 2014 nascuntur
301 1995 336 2014 ex
352 1987 465 2021 acedia,
478 1987 644 2022 figurantur
658 1995 711 2022 per
726 1987 900 2023 quindecim

126 2033 262 2068 cubitos,
291 2034 399 2069 quibus
424 2033 556 2060 ascendit
581 2041 659 2068 aqua
683 2034 787 2061 diluvii
812 2043 901 2069 super

126 2082 240 2107 montes
255 2080 416 2108 universos.
431 2080 509 2108 Sicut
523 2080 602 2107 enim
617 2088 696 2115 aqua
711 2081 815 2107 diluvii
831 2081 900 2108 sul>-

124 2126 225 2154 mersit
238 2126 398 2161 mundum,
420 2127 460 2154 sic
486 2127 589 2154 acedia
613 2127 737 2154 suffocat
760 2127 898 2155 otiosum.

125 2175 157 2200 Et
180 2173 254 2201 sieut
271 2176 339 2201 tunc
362 2174 533 2210 quindecim
557 2174 662 2201 cubitis
686 2183 774 2210 super
797 2182 900 2201 omnes

124 2222 241 2248 montes
261 2220 374 2248 effluxit
388 2229 481 2257 aqua,
498 2221 538 2248 sic
554 2229 590 2248 ex
605 2221 708 2249 acedia
728 2221 899 2257 quindecim

125 2269 301 2301 generantur
328 2270 457 2303 peccata.
490 2267 559 2296 ideo
594 2269 665 2295 nota
691 2268 771 2304 quod
799 2271 900 2296 contra

124 2313 263 2348 praedicta
278 2317 398 2350 peccata
409 2336 417 2349 ,
440 2323 591 2342 summum
611 2315 779 2342 remedium
799 2318 840 2342 est
856 2315 899 2341 di-

124 2360 244 2388 versitas
259 2361 498 2397 occupationum.

360 2478 518 2510 CAPUT
556 2478 660 2511 VIII.

444 2565 482 2590 De
496 2563 577 2591 Gula.

161 2641 235 2669 Gula
249 2645 291 2670 est
305 2643 515 2673 immoderatus
530 2646 675 2681 appetitus
688 2646 795 2673 edendi
810 2648 837 2673 et
850 2653 901 2681 po-

127 2688 218 2716 tandi.
235 2690 273 2716 De
288 2690 357 2724 gula
372 2694 443 2719 nota
458 2693 622 2727 specialiter
638 2692 692 2720 tria
703 2714 711 2726 ,
728 2693 836 2720 seilicet
857 2694 902 2728 ty-

1694 248 1753 278 259

975 308 1049 337 pum
1072 304 1313 340 reprobandum,
1337 305 1481 336 damnum
1505 308 1750 348 lamentandum,

974 350 1002 376 et
1015 351 1131 385 partum
1148 351 1362 380 detestandum.

1010 396 1083 424 Gula
1097 397 1196 425 multis
1206 399 1296 427 rebus
1311 399 1535 430 detestabilibus
1550 408 1748 441 comparatur.

973 443 1071 471 Primo
1086 446 1129 472 est
1151 446 1325 482 squinantiae
1340 447 1463 483 similis;
1486 457 1556 478 narn
1581 452 1751 488 squInantia

974 491 1016 517 est
1030 491 1155 519 morbus
1174 493 1313 528 gutturis,
1330 495 1358 521 et
1367 494 1424 522 cito
1438 495 1563 525 suffocat
1577 498 1730 529 hominem
1739 512 1748 538 ;

973 536 1014 564 sic
1028 538 1116 573 gula,
1132 547 1198 575 quae
1212 539 1251 567 ad
1272 539 1398 568 litteram
1418 544 1461 569 est
1486 544 1611 578 gutturis
1627 546 1749 583 vitium,

972 582 1095 612 faciliter
1130 586 1293 622 strangulat
1320 587 1474 616 hominem
1502 597 1556 626 per
1583 595 1746 627 peccatum.

973 629 1053 658 Unde
1069 631 1175 660 dicitur
1188 632 1219 660 in
1233 634 1423 662 Ecclesiastico
1435 635 1445 651 ²
1460 645 1468 662 :
1481 638 1595 672 Propter
1609 641 1749 674 crapulam

971 678 1054 704 multi
1069 678 1190 706 obierunt
1201 689 1210 707 .·
1223 682 1316 708 morte
1332 681 1530 718 quadruplici,
1544 684 1641 713 scilice
1652 689 1746 715 morte

971 726 1098 760 naturae,
1115 726 1224 762 culpae,
1241 727 1384 763 infamiae,
1402 730 1429 756 et
1444 730 1596 765 gehennae.
1612 733 1748 762 Secundo

971 775 1162 808 comparatur
1178 775 1286 803 morbo
1301 775 1400 812 regi03
1417 785 1487 805 nam
1503 778 1553 806 ille
1567 780 1691 809 morbus
1705 790 1750 810 re-

969 819 1061 855 quirit
1075 828 1199 856 magnas
1214 829 1374 857 expensaS,
1390 825 1418 851 et
1433 823 1502 852 inde
1517 825 1624 854 dicitur
1637 828 1747 863 regius,

970 866 1041 901 quia
1061 867 1116 894 soli
1138 876 1221 903 reges
1247 871 1275 896 et
1303 869 1439 898 homines
1463 874 1598 908 potentes
1625 878 1749 910 possunt

969 913 1134 948 specialiter
1150 914 1284 944 sufficere
1306 917 1345 944 ad
1361 926 1504 954 expensas
1519 921 1580 948 tam
1595 921 1723 955 grandes
1739 932 1746 950 :

968 958 1009 986 sic
1033 960 1109 995 gulae
1130 961 1235 989 vitium
1256 965 1299 991 est
1322 965 1381 991 tam
1402 973 1580 1001 magnarum
1600 975 1746 1004 expensa-

968 1014 1035 1034 rum
1048 1029 1056 1042 ‚
1072 1008 1156 1044 quod
1170 1009 1219 1036 vix
1234 1011 1330 1044 potest
1345 1011 1369 1038 ei
1385 1011 1500 1047 aliquid
1514 1013 1657 1042 sufficere.
1674 1017 1747 1044 Nam

968 1052 1076 1081 dicitur
1097 1055 1128 1082 in
1148 1056 1309 1084 Ecclesiaste
1321 1058 1331 1073 ³
1350 1058 1462 1086 :Omnis
1480 1060 1554 1087 labor
1576 1062 1693 1090 hominis
1708 1067 1746 1090 est

968 1101 998 1127 in
1013 1108 1056 1127 ore
1070 1109 1117 1128 suo
1127 1122 1136 1136 ,
1152 1101 1184 1129 id
1199 1105 1258 1137 est,
1274 1104 1425 1140 quidquid
1440 1114 1476 1133 ex
1491 1105 1595 1135 labore
1610 1109 1745 1144 acquirit,

968 1154 1017 1174 ore
1042 1155 1096 1175 suo
1125 1148 1229 1183 gulose
1251 1152 1408 1179 consumit.
1433 1153 1528 1181 Tertio
1557 1158 1747 1191 comparatur

966 1192 1111 1227 bolismo;
1127 1203 1198 1223 nam
1213 1196 1360 1225 boiismus
1375 1200 1417 1226 est
1438 1199 1561 1228 caninus
1576 1203 1723 1237 appetitus
1735 1224 1744 1238 ‚

966 1239 1018 1275 qui
1034 1239 1170 1269 interficit
1183 1242 1336 1271 hominem
1352 1245 1509 1280 gulosum,
1526 1247 1596 1282 quia
1610 1256 1672 1276 non
1686 1257 1744 1285 po-

966 1288 1020 1314 test
1034 1287 1132 1315 satiari
1146 1298 1152 1316 :
1170 1289 1210 1317 sic
1226 1290 1297 1324 gula
1312 1291 1481 1327 maledicta,
1497 1293 1536 1320 ad
1553 1294 1677 1322 modum
1693 1304 1743 1332 ap-

967 1334 1072 1368 petitus
1083 1336 1191 1371 canini,
1203 1336 1339 1364 interficit
1354 1338 1507 1373 gulosum,
1523 1341 1575 1376 qui
1589 1349 1744 1378 nunquam

965 1382 1061 1415 potest
1075 1382 1183 1410 satiari.
1199 1384 1279 1412 Uudc
1294 1384 1401 1412 dicitur
1415 1386 1446 1413 in
1461 1387 1612 1415 Proverbiis
1623 1388 1632 1404 ⁶
1647 1399 1654 1415 ε
1676 1390 1743 1416 Ven-

966 1428 1005 1453 ter
1027 1429 1173 1462 impiorum
1196 1431 1396 1459 insaturabilis
1419 1433 1528 1466 Quarto
1553 1438 1744 1470 comparatur

964 1473 1085 1507 gulosus
1101 1483 1187 1503 sacco
1202 1479 1322 1512 pertuso
1336 1479 1383 1506 vel
1406 1479 1556 1515 perforato
1582 1481 1612 1508 in
1631 1482 1742 1517 tundo,

963 1520 1015 1555 qui
1031 1524 1306 1559 quantumcumque
1321 1533 1357 1552 cx
1372 1533 1430 1553 una
1445 1528 1528 1561 parte
1544 1528 1664 1563 accipit,
1681 1531 1743 1556 tan-

963 1570 1025 1595 tum
1041 1576 1075 1595 ex
1092 1570 1183 1598 altera
1203 1574 1284 1606 parte
1299 1572 1395 1607 perdit
1411 1582 1418 1599 :
1435 1574 1500 1600 talis
1515 1582 1617 1602 saccus
1632 1578 1674 1603 est
1688 1585 1741 1611 gu-

961 1614 1042 1642 losus
1061 1616 1169 1651 homo,
1185 1617 1236 1653 qui
1255 1626 1291 1645 ex
1305 1627 1365 1646 uua
1379 1622 1461 1655 parte
1476 1620 1566 1649 habet
1580 1622 1741 1658 coquinam

961 1662 1000 1689 ad
1014 1662 1203 1698 implendum
1217 1668 1364 1700 ventrem,
1387 1668 1414 1694 ct
1429 1675 1465 1694 ex
1488 1668 1580 1696 altera
1601 1669 1740 1698 latrinam

961 1710 999 1737 ad
1013 1711 1231 1739 evacuandum.
1252 1714 1284 1740 Et
1298 1713 1366 1740 satis
1385 1714 1474 1742 miser
1495 1718 1537 1742 est
1550 1716 1647 1751 ‚homo
1660 1739 1666 1750 ‚
1688 1719 1739 1753 qui

959 1765 1077 1793 semper
1093 1760 1135 1785 est
1150 1758 1268 1786 deditus
1289 1761 1349 1787 tam
1371 1761 1422 1788 vili
1438 1761 1546 1790 officio.
1574 1763 1653 1791 Unde
1670 1765 1739 1792 dici-

960 1805 1006 1831 tur
1021 1804 1030 1821 ⁵
1048 1814 1054 1832 1
1073 1805 1126 1837 Quz·
1145 1807 1278 1833 mercedes
1301 1811 1490 1843 conyreqaoit,
1507 1812 1532 1836 et
1545 1812 1621 1838 misit
1643 1819 1686 1838 eos
1709 1814 1738 1839 z'n

958 1859 1063 1878 saccum
1074 1856 1216 1886 pertusum
1233 1854 1279 1889 (α).
1297 1854 1402 1887 Quinto
1415 1855 1537 1890 gulosus
1548 1860 1737 1893 eomparatur

958 1905 1067 1933 porco;
1085 1907 1155 1926 nam
1177 1907 1285 1935 porcus
1301 1903 1344 1928 est
1359 1901 1470 1930 animal
1487 1903 1618 1931 deditum
1642 1905 1735 1940 gulae;

958 1943 1097 1972 diabolus
1116 1948 1215 1973 autem
1235 1947 1325 1974 nutrit
1343 1950 1371 1976 et
1393 1948 1559 1984 impinguat
1577 1959 1687 1985 porcos
1709 1954 1736 1979 et

958 1990 1109 2019 bachones
1130 2001 1214 2027 suos,
1241 1994 1351 2022 scilicet
1374 1995 1511 2030 gulosos,
1536 1998 1564 2023 et
1578 2000 1681 2032 postea
1696 1999 1734 2025 ad

958 2036 1073 2065 sumum
1088 2039 1193 2067 inferni
1209 2041 1293 2075 ponit
1310 2049 1360 2068 cos
1371 2063 1379 2075 ,
1396 2044 1426 2069 ut
1441 2042 1471 2069 in
1486 2046 1625 2071 {eternum
1640 2045 1732 2072 devo-

955 2086 997 2110 rct
1013 2086 1040 2110 et
1054 2088 1200 2119 pascatur.
1218 2087 1298 2114 [nde
1315 2087 1421 2115 dicitur
1440 2088 1469 2115 in
1491 2091 1618 2117 Matthoeo
1639 2092 1648 2107 ⁶
1672 2101 1678 2118 :
1702 2092 1733 2119 δι’

955 2130 1030 2163 ejicis
1046 2139 1092 2157 nos
1109 2132 1187 2166 hinc,
1202 2134 1281 2160 mitte
1303 2142 1349 2160 vos
1364 2136 1392 2161 2'11.
1405 2143 1514 2170 porcos,
1530 2137 1561 2164 id
1577 2137 1662 2165 estin
1679 2146 1732 2172 gu-

955 2175 1044 2203 losos.
1061 2177 1147 2205 Sexto
1163 2182 1352 2214 comparatur
1369 2181 1438 2215 gula
1453 2182 1556 2210 freno:
1574 2191 1644 2211 nam
1659 2185 1733 2212 sicut

955 2230 1051 2250 sessor
1067 2224 1149 2252 ducit
1164 2233 1275 2261 equum
1292 2235 1484 2264 quocumque
1499 2229 1642 2265 voluerit,
1654 2235 1733 2266 post-

955 2277 1045 2304 quam
1057 2270 1155 2305 ipsum
1170 2272 1342 2308 infrenavit,
1357 2274 1397 2301 sic
1413 2275 1484 2309 gula
1499 2275 1579 2304 ducit
1594 2277 1733 2312 gulosum

954 2316 994 2342 ad
1011 2324 1099 2344 omne
1114 2322 1287 2353 peccatum,
1310 2328 1345 2347 ex
1368 2329 1428 2356 quo
1449 2322 1541 2350 homo
1563 2324 1635 2351 vitio
1657 2325 1734 2359 gulae

954 2362 1094 2391 infrenari
1110 2373 1140 2392 se
1162 2366 1324 2400 permittit:
1342 2367 1410 2395 ideo
1436 2368 1473 2395 de
1495 2369 1601 2403 guloso
1627 2371 1733 2399 dicitur

1785 412 1847 433 Gula

1773 449 1860 470 compa-

1769 475 1865 495 rationes

1766 509 1822 527 oeta.

954 2409 984 2436 in
1000 2410 1116 2438 Psalmo
1138 2412 1148 2428 ⁷
1170 2420 1176 2439 :
1200 2414 1232 2439 In
1251 2421 1323 2440 camo
1348 2416 1372 2441 et
1393 2416 1468 2447 freno
1493 2418 1621 2444 mooez'llus
1644 2426 1732 2445 corum
1765 2447 1768 2449 ,

954 2459 1114 2493 constrtnqe.
1131 2459 1261 2495 Septimo
1287 2461 1407 2496 gulosus
1422 2467 1612 2499 comparatur
1636 2468 1710 2493 Esau
1723 2488 1731 2500 ,

955 2503 1005 2538 qui
1029 2512 1084 2539 pro
1112 2506 1179 2533 cibo
1205 2506 1349 2536 lenticulae
1374 2509 1509 2537 vendidIt
1534 2512 1732 2547 primogenita

991 2579 994 2591 ¹
1011 2579 1095 2609 Apoc„
1116 2586 1140 2609 ι,
1160 2583 1194 2604 19,
1209 2594 1238 2598 ——
1259 2582 1268 2597 2
1286 2583 1376 2614 Eccli„
1393 2590 1496 2615 xxxvii,
1513 2588 1550 2609 tit.
1566 2599 1597 2603 —
1615 2587 1623 2600 1⁵
1641 2587 1731 2617 lic-cle„

956 2618 989 2642 w,
1009 2615 1032 2636 7.
1048 2627 1077 2631 —-
1092 2616 1101 2631 1¹
1115 2616 1200 2645 Proa,
1215 2622 1272 2647 xm,
1289 2619 1327 2641 25.
1339 2631 1368 2635 —
1384 2620 1479 2649 ⁵Ayy.‚
1496 2627 1511 2649 l,
1529 2622 1551 2643 G.
1566 2635 1591 2637 —
1607 2625 1615 2635 0
1630 2623 1731 2653 Mattln,

956 2651 1105 2675 x'111,31.—
1122 2652 1127 2665 ⁷
1143 2652 1211 2675 Pms.
1229 2659 1301 2684 xxxi,
1319 2657 1341 2677 ,[ο.

989 2698 1018 2726 (u)
1035 2699 1096 2722 Caet,
1113 2699 1173 2722 edit.
1188 2707 1255 2723 saeco
1268 2703 1376 2731 pertuso.
