2004 3037
741 185 792 218 DE
812 183 1011 217 PECCATIS.
1035 183 1121 216 CAP.
1145 184 1196 216 lx.

162 255 228 284 ttoeo
238 254 266 282 ¹:
281 255 402 290 Expedit
418 255 485 290 tibi,
500 255 611 284 scilicet
623 262 641 283 o
655 253 808 283 luxuriose
818 274 827 288 ‚
847 255 878 281 ut
892 260 938 288 pe-

160 304 220 331 reat
234 309 318 330 unum
331 302 491 335 membrum,
507 301 618 330 scilicet
628 300 704 330 illud
717 299 895 328 vilissimum
909 300 939 328 et

160 347 426 384 innominandum,
441 357 521 384 quam
536 351 621 376 totum
635 355 732 383 corpus
749 350 825 375 tuum
838 348 936 374 mitta-

161 398 206 424 tur
219 397 250 423 in
264 396 420 430 gehennam.
437 394 572 424 Secundo
592 396 782 431 comparatur
799 393 936 422 luxurio-

159 450 209 470 sus
222 441 304 470 fatuo
320 441 485 476 mercatori,
500 441 626 478 quirem
639 441 801 478 pretiosam
816 441 868 469 dat
881 448 936 477 pro

159 489 211 517 vili
233 489 328 526 pretio
343 497 350 516 :
367 488 409 516 sic
426 488 596 516 luxuriosus
611 488 662 516 dat
681 496 737 524 pro
755 487 807 515 vili
822 487 934 523 pretio,

159 536 269 565 scilicet
280 543 336 572 pro
346 536 477 572 peccato.
491 534 572 563 Unde
583 534 690 562 dicitur
701 535 731 562 in
743 534 897 562 Proverbiis
907 535 917 551 ²
928 542 934 562 :

159 583 282 611 Pretium
295 583 379 610 scorti
399 583 448 610 vix
464 583 502 610 est
521 583 603 609 unius
616 583 715 617 panis,
730 582 826 608 mulier
845 584 936 608 autem

156 631 304 666 pretiosam
318 631 435 657 animam
452 630 508 656 viri
526 631 603 664 rapit
623 637 630 656 :
652 630 680 656 et
703 628 772 657 facit
793 635 936 664 magnam

158 677 297 713 injuriam
310 675 363 704 iste
383 675 482 704 fatuus
501 677 649 704 mercator
669 676 782 704 Christo
793 697 802 710 ,
818 675 869 712 qui
885 683 934 703 ca-

156 723 270 752 rissime
294 714 406 751 emerat
429 723 561 751 animam
579 723 653 759 ejus.
681 722 833 750 Debuisset
854 722 934 750 enim

158 770 265 799 dixisse
281 769 420 803 diabolo,
433 770 485 806 qui
508 769 579 798 emit
599 769 712 798 animas
734 770 769 798 ad
793 771 853 797 tam
876 769 935 798 vile

155 817 308 854 pretium:
329 826 342 842 «
355 818 418 845 Non
433 825 556 853 possum
578 816 635 844 tibi
649 816 779 844 vendere
802 815 934 844 animam

156 873 275 899 meam,
290 864 362 901 quia
383 865 472 900 alius,
493 864 602 892 scilicet
621 864 764 898 christus,
780 863 849 892 satis
869 872 933 892 ma-

153 912 212 948 jori
233 912 328 948 pretio
353 912 422 940 emit
443 920 519 940 eam.
535 922 549 938 ι)
565 913 651 951 Juxta
672 911 748 939 illud
764 912 847 948 quod
862 911 933 939 dicit

155 959 312 995 Apostolus
325 959 336 976 ³
353 967 360 986 :
376 959 468 994 Empti
482 960 553 986 enim
572 960 637 986 estis
654 960 742 993 pretio
756 967 862 993 magno.
879 960 932 987 Iste

155 1005 235 1033 enim
253 1005 350 1032 fatuus
369 1006 527 1039 mercator,
545 1004 654 1033 scilicet
675 1005 863 1039 luxuriosus,
881 1005 933 1041 qui

154 1053 215 1080 tam
237 1059 383 1086 magnum
403 1051 502 1079 forum
526 1051 594 1079 fecit
618 1051 655 1079 de
678 1051 829 1079 mercibus
850 1052 931 1086 suis,

153 1105 216 1126 non
227 1099 270 1126 est
284 1098 393 1126 mirum
413 1098 437 1126 si
459 1098 515 1126 cito
531 1098 629 1126 amisit
644 1099 768 1135 capitale
784 1107 881 1126 suum.
899 1101 932 1126 Et

153 1145 222 1173 ideo
238 1145 313 1173 inter
329 1153 432 1173 omnes
446 1147 615 1182 peccatores
625 1167 632 1180 ,
649 1145 819 1173 luxuriosus
834 1145 932 1174 veniet

154 1192 194 1220 ad
213 1192 359 1227 judicium
373 1192 591 1228 pauperrimus.
616 1194 688 1220 Nam
711 1193 773 1228 ipse
796 1192 932 1220 vendidit

153 1240 181 1266 et
195 1238 336 1266 destruxit
349 1238 498 1274 quidquid
511 1239 656 1273 habebat3
671 1239 781 1266 scilicet
798 1240 888 1266 Deum
903 1241 931 1267 et

153 1287 287 1319 sanctos,
303 1285 454 1320 animam,
475 1285 601 1320 famam,
624 1285 772 1320 gloriam,
793 1286 930 1314 substan-

154 1332 238 1367 tiam,
252 1334 280 1360 et
295 1332 430 1367 gratiam.
446 1332 540 1360 Tertio
555 1334 745 1368 comparatur
759 1332 930 1360 luxuriosus

153 1386 259 1412 corvo,
275 1379 326 1414 qui
351 1379 547 1407 cadaveribus
571 1379 706 1414 adhaesit,
723 1382 754 1407 ut
776 1380 882 1408 dicitur
896 1381 927 1408 in

153 1426 266 1453 Genesi*
279 1434 286 1452 z
303 1425 344 1452 sic
358 1425 426 1453 facit
439 1425 621 1459 luxuriosus,
636 1426 708 1462 quia
722 1427 843 1454 dimissa
859 1436 928 1455 arca

152 1472 337 1500 continentiae
352 1473 380 1500 et
393 1472 548 1506 castitatis,
565 1472 695 1500 adhaeret
714 1473 925 1508 cadaveribus,

150 1519 182 1546 id
197 1520 240 1546 est
253 1519 498 1547 delectationibus
512 1519 684 1547 immundis
705 1521 814 1553 Quarto
836 1521 925 1548 luxu-

149 1565 244 1593 riosus
259 1567 448 1602 comparatur
461 1565 543 1593 fatuo
558 1566 710 1602 bellatori,
726 1567 835 1595 scilicet
849 1568 927 1595 iner-

148 1613 201 1647 mi,
210 1613 262 1649 qui
277 1612 328 1640 vix
342 1615 426 1640 cavet
439 1612 555 1640 hostem
568 1621 655 1641 suum
665 1634 674 1647 ,
689 1614 812 1649 quando
827 1614 925 1650 ipsum

148 1659 253 1687 melius
270 1659 352 1687 videt
366 1661 522 1687 armatum.
545 1663 634 1688 Arma
655 1669 786 1696 namque
809 1661 923 1688 diaboli

147 1707 215 1733 sunt
228 1706 382 1741 mulieres3
405 1706 463 1734 illae
479 1707 558 1734 enini
581 1710 648 1735 sunt
671 1707 784 1735 balistae
807 1707 922 1735 diaboli

148 1752 184 1780 de
198 1753 287 1788 longe
302 1752 466 1788 infigentes.
482 1755 562 1781 Tunc
577 1754 656 1781 enim
667 1754 763 1781 fatuus
776 1757 818 1782 est
834 1754 921 1781 luxu-

146 1799 256 1834 riosus,
273 1800 325 1836 qui
339 1808 400 1827 non
415 1803 498 1828 curat
510 1801 626 1829 hostem
641 1809 729 1829 suum
742 1801 854 1836 fugere,
870 1801 923 1829 sed

147 1847 270 1874 attendit
289 1847 540 1882 pulchritudinem
564 1848 685 1876 balistae.
703 1848 840 1876 Similiter
855 1857 922 1876 mu-

146 1892 200 1920 lier
226 1896 343 1929 compta
364 1897 392 1921 et
406 1895 531 1929 pulchra
554 1904 623 1923 eum
643 1896 702 1923 suis
725 1896 922 1931 ornamentis,

147 1941 190 1966 est
204 1939 320 1974 gladius
335 1940 449 1968 diaboli
463 1941 541 1969 bene
558 1942 694 1969 scindens
705 1944 733 1970 et
747 1943 822 1970 bene
838 1943 923 1970 lima-

146 1988 201 2014 tus.
216 1987 395 2014 Luxuriosus
409 1990 450 2014 cst
472 1990 586 2015 tantum
608 1988 767 2016 infatuatus
784 1991 811 2016 et
827 1991 919 2017 atten—

146 2034 192 2060 tus
219 2033 295 2060 circa
318 2033 568 2069 pulchritudinem
596 2034 676 2061 istius
701 2035 812 2070 gladii,
837 2036 920 2071 quod

144 2087 207 2107 non
228 2082 309 2107 curat
328 2080 430 2115 fugere
453 2081 543 2108 ictum
566 2081 677 2108 inimici
702 2080 757 2108 sui.
782 2082 922 2110 Similiter

143 2126 283 2154 mulieres
298 2129 365 2154 sunt
379 2129 474 2154 castra
493 2127 523 2154 in
545 2127 653 2163 quibus
676 2128 815 2155 diabolus
837 2129 921 2164 ponit

144 2173 267 2208 vexilla,
284 2173 315 2200 id
331 2175 373 2201 est
392 2173 506 2201 diversa
528 2177 712 2209 paramenta.
740 2175 920 2202 Luxuriosus

143 2220 231 2248 nimis
252 2221 473 2257 appropinquat
493 2221 533 2248 ad
554 2224 697 2256 castrum,
712 2222 765 2250 ubi
779 2222 860 2249 videt
875 2231 919 2249 ar-

142 2275 192 2294 ma
207 2267 337 2302 diabolt3
355 2267 425 2303 quia
445 2276 506 2295 non
528 2271 624 2303 cavet,
646 2269 806 2304 percutitur
830 2272 857 2296 et
873 2270 918 2304 ja-

143 2313 267 2348 culatur,
282 2316 396 2341 tantum
418 2316 510 2342 tactus
530 2316 573 2342 est
592 2315 811 2351 pulchritudine
826 2316 917 2343 vexil-

142 2359 250 2387 lorum.
278 2360 358 2387 Unde
387 2360 463 2388 bene
490 2361 633 2396 figuratur
665 2362 836 2390 luxuriosus
864 2371 918 2398 per

143 2406 325 2442 Abimelech‚
341 2407 379 2435 de
399 2416 458 2443 quo
481 2408 602 2442 dicitur,
625 2409 707 2444 qnod
720 2410 729 2426 ⁵
754 2411 861 2436 veniens
881 2410 917 2436 cul

142 2453 271 2487 oppidum
282 2455 435 2481 Abimelech
450 2457 682 2490 appropinquavit
701 2457 737 2483 act
759 2458 858 2483 turrim
869 2477 875 2488 ,
891 2460 916 2484 et

142 2506 196 2525 ecce
223 2507 278 2526 una
315 2502 412 2528 mulier
441 2503 565 2536 fraqmen
590 2504 665 2529 molce
692 2503 805 2538 desuper
834 2506 915 2538 caput

142 2545 199 2579 ejus
217 2546 320 2580 jaciens
335 2568 344 2582 ,
368 2551 501 2584 confregit
525 2553 606 2584 caput
634 2551 706 2585 ejus,
732 2552 914 2586 cerebrumque

175 2610 293 2640 numm„
305 2616 331 2640 v,
343 2612 381 2635 29.
393 2625 422 2629 —
435 2613 442 2626 ²
453 2613 535 2643 Proin,
552 2619 588 2644 vi,
604 2614 643 2637 26.
654 2627 684 2631 —
694 2614 722 2638 ³1
739 2614 804 2644 Cor.,
822 2620 856 2644 vi,
872 2616 911 2638 20.

141 2658 170 2662 —
180 2645 188 2659 ⁴
202 2645 273 2675 Gen„
288 2651 344 2677 vni,
355 2648 376 2671 6.
390 2659 419 2664 -
431 2648 541 2679 Hadia,
554 2654 589 2677 ix,
602 2650 630 2673 52
641 2651 729 2680 etseq.
744 2663 771 2667 -—
786 2651 795 2666 Β
809 2650 911 2677 litabam,

1713 192 1766 222 ‘261

993 251 1101 287 effudit.
1117 251 1289 282 Abimelech
1303 255 1354 283 iste
1367 256 1456 284 nimis
1470 257 1717 294 appropinquans
1732 257 1772 286 ad

993 298 1114 334 turrim,
1129 301 1172 328 est
1193 300 1285 329 homo
1307 302 1496 338 luxuriosus,
1519 303 1636 332 incaute
1658 312 1770 341 appro-

992 345 1142 382 pinquans
1160 347 1199 375 ad
1220 348 1386 377 mulierem.
1409 351 1553 385 Fragmen
1577 351 1663 379 molae
1686 351 1771 388 quod

992 392 1099 420 mulier
1111 393 1194 428 jecit,
1211 396 1240 422 et
1253 395 1425 424 Abimelech
1446 396 1605 432 interfecit,
1622 400 1666 426 est
1679 401 1771 427 tenta-

992 439 1032 466 tio
1049 447 1115 475 quae
1128 448 1146 467 a
1161 441 1285 470 muliere
1305 442 1457 478 procedit,
1473 445 1502 471 et
1519 443 1662 472 miserum
1684 445 1771 473 luxu-

991 485 1104 514 riosum
1128 486 1273 516 interficit.
1302 488 1409 522 Quinto
1435 493 1624 526 comparatur
1652 491 1770 520 luxuria

991 540 1133 569 sagcnae5
1162 542 1233 562 nam
1262 542 1372 570 sagena
1403 544 1492 564 omne
1523 544 1616 572 genus
1643 539 1770 574 piscium

991 580 1070 615 capit
1090 601 1098 614 ,
1127 588 1182 608 nec
1207 580 1276 609 facit
1303 581 1437 618 aliquam
1466 582 1663 612 differentiam
1681 606 1690 619 ‚
1715 585 1770 613 sed

991 626 1140 662 quidquid
1164 626 1290 662 invenit,
1310 629 1529 664 apprehendit:
1550 630 1591 657 sic
1615 633 1770 667 peccatum

989 672 1115 701 luxuriae
1128 673 1188 702 fere
1204 676 1298 702 totum
1319 675 1467 703 mundum
1486 676 1620 705 involvit.
1635 679 1707 706 Nam
1723 678 1769 706 di-

991 720 1066 748 citur
1086 721 1123 748 de
1139 721 1278 755 diabolo,
1294 722 1346 758 qui
1367 722 1498 758 piscatur
1518 731 1586 751 cum
1609 724 1665 753 hac
1685 733 1769 761 sage-

989 774 1028 794 na
1043 769 1053 784 ⁸
1070 777 1076 795 :
1097 769 1190 795 Totum
1204 769 1234 795 in
1253 769 1330 796 hamo
1351 770 1516 804 sublevavit,
1532 773 1618 798 totum
1633 774 1722 800 tramit
1739 774 1769 800 in

989 823 1088 850 sagena
1102 824 1164 843 sua.
1178 817 1264 844 Sexto
1280 820 1470 852 comparatur
1485 817 1604 845 luxuria
1619 818 1679 854 igni
1695 827 1769 854 grte-

990 871 1025 890 oo
1047 871 1053 889 :
1082 862 1158 898 ignis
1182 863 1262 890 enim
1289 871 1401 899 graecus
1424 864 1606 893 horribiliter
1633 865 1716 893 ardet
1741 867 1769 893 et

989 917 1083 944 aquas
1111 909 1274 944 comburit,
1299 912 1327 938 et
1352 910 1402 938 rix
1431 913 1526 946 potest
1552 911 1683 947 extingui
1693 913 1707 946 3'
1727 912 1768 940 sic

988 956 1064 991 ignis
1087 955 1211 984 luxuriae
1235 957 1322 984 etiam
1346 957 1377 984 iu
1399 956 1514 993 frigidis
1534 960 1562 985 et
1584 958 1768 987 mortificatis

989 1002 1088 1036 ardet,
1103 1005 1130 1030 et
1144 1002 1205 1030 fere
1229 1003 1330 1031 omnia
1352 1003 1485 1032 devorat.
1508 1006 1581 1032 Nam
1603 1005 1710 1033 dicitur
1730 1005 1767 1034 de

988 1049 1126 1077 luxuria⁷
1148 1059 1154 1076 :
1171 1051 1247 1084 Iynis
1269 1052 1307 1078 est
1327 1058 1410 1086 usque
1432 1052 1468 1078 ad
1488 1053 1713 1087 consumptionem
1730 1053 1765 1088 (a)

988 1096 1128 1123 devorans.
1151 1098 1183 1124 Et
1205 1097 1236 1124 in
1258 1097 1466 1132 J0e28219nis,
1488 1097 1598 1125 scilicet
1620 1098 1766 1134 luxuriae,

987 1143 1101 1170 comedit
1115 1145 1236 1178 speciosa
1250 1144 1368 1177 deserti,
1383 1144 1415 1171 id
1434 1146 1477 1172 est
1489 1144 1630 1180 pulchros
1645 1145 1724 1173 viros
1738 1148 1767 1173 et

987 1189 1126 1217 mulieres
1139 1189 1228 1225 hujus
1242 1190 1358 1217 mundi.
1376 1192 1408 1217 Et
1422 1192 1509 1224 nota,
1525 1191 1608 1227 quod
1623 1191 1700 1226 ignis
1713 1192 1766 1220 iste

987 1244 1099 1271 graecus
1113 1237 1265 1264 consuevit
1279 1236 1410 1272 extingui
1426 1246 1493 1265 cum
1510 1238 1642 1272 duobus,
1656 1238 1766 1267 scilicet

986 1292 1055 1311 cuin
1069 1291 1176 1317 arena,
1193 1286 1222 1311 et
1240 1292 1307 1311 cum
1330 1286 1412 1312 aceto
1428 1293 1435 1311 ι
1452 1285 1522 1320 quia
1543 1284 1660 1313 luxuria
1676 1285 1766 1314 hahet

987 1330 1039 1357 ista
1055 1330 1116 1358 duo
1130 1338 1241 1366 magna
1255 1331 1389 1358 remedia
1400 1352 1408 1364 ,
1423 1340 1562 1365 arenam,
1577 1332 1609 1359 id
1624 1334 1680 1367 est,
1695 1341 1765 1360 con-

985 1377 1195 1404 siderationem
1220 1377 1461 1405 infructuositatis
1486 1379 1574 1414 hujus
1593 1379 1716 1414 mundi,
1737 1381 1765 1407 ct

985 1426 1123 1457 acetum,
1145 1423 1177 1451 id
1202 1426 1243 1451 est
1259 1445 1268 1458 ,
1291 1425 1487 1453 acrimoniam
1510 1427 1538 1452 et
1564 1426 1764 1454 austeritatem

984 1471 1173 1506 poenitentiae.
1209 1472 1339 1507 Septimo
1375 1474 1566 1508 comparatur
1593 1473 1763 1501 luxuriosus

984 1526 1063 1553 equo
1081 1527 1087 1544 :
1104 1525 1174 1545 nam
1199 1526 1293 1554 equus
1314 1518 1388 1546 nihil
1410 1519 1489 1546 valet
1513 1519 1575 1546 sine
1598 1519 1763 1548 calcaribus

985 1567 1013 1592 et
1025 1564 1126 1599 freno;
1142 1565 1183 1592 sic
1202 1565 1311 1600 homo,
1328 1565 1384 1593 nisi
1405 1565 1514 1592 habeat
1533 1565 1649 1593 frenum
1670 1567 1762 1594 conti-

983 1612 1089 1639 nentiae
1119 1620 1188 1639 cum
1217 1611 1381 1640 calcaribus
1409 1612 1608 1647 poenitentiae,
1638 1613 1762 1641 efficitur

983 1658 1094 1686 inutilis
1113 1658 1152 1686 ad
1172 1658 1296 1686 modum
1321 1659 1390 1694 equi
1410 1667 1472 1686 non
1493 1659 1617 1694 frenati,
1639 1662 1761 1696 propter

982 1706 1107 1733 luxuriae
1133 1705 1295 1733 lasciviam.
1322 1705 1391 1733 ldeo
1415 1706 1521 1734 dicitur
1544 1707 1575 1734 in
1597 1707 1757 1735 Psalmo’:

981 1755 1072 1781 Nolile
1095 1754 1155 1787 fieri
1183 1754 1251 1780 sicut
1280 1761 1361 1787 equus
1389 1756 1414 1780 et
1438 1754 1544 1787 mulus,
1569 1756 1622 1781 etc.
1651 1755 1759 1782 Octavo

982 1802 1172 1836 comparatur
1191 1799 1362 1826 luxuriosus
1378 1800 1461 1834 navi,
1479 1808 1545 1835 quae
1560 1809 1577 1827 a
1591 1802 1682 1828 nauta
1696 1801 1758 1829 sine

980 1847 1042 1874 ullo
1071 1847 1269 1882 gubernatore
1301 1846 1419 1874 ducitur
1435 1868 1443 1881 ,
1469 1847 1522 1874 sed
1550 1848 1647 1875 solum
1673 1856 1758 1884 aquae

980 1895 1095 1922 fluxum
1123 1895 1207 1930 sequi
1234 1895 1435 1930 permittitur,
1460 1896 1543 1930 juxta
1570 1895 1646 1922 illud
1674 1896 1757 1931 quod

980 1941 1070 1976 vulgo
1094 1941 1224 1968 dicitur:
1246 1953 1257 1965 a
1276 1941 1330 1974 Qui
1353 1941 1435 1968 vadit
1458 1941 1497 1968 ad
1520 1943 1622 1969 votum
1649 1951 1754 1976 suum,

979 1988 1061 2015 vadit
1089 1988 1128 2015 ad
1153 1988 1289 2015 dolorem
1314 1996 1411 2015 suum.
1435 1998 1447 2013 »
1470 1988 1556 2015 Navis
1579 1988 1658 2015 enim
1677 1997 1755 2015 nun-

980 2042 1070 2069 quam
1084 2042 1137 2070 per
1162 2043 1191 2061 se
1211 2034 1249 2061 ad
1271 2037 1391 2069 portum
1413 2035 1544 2068 ducitur,
1562 2035 1617 2061 nisi
1639 2037 1716 2061 recte
1738 2044 1756 2062 a

978 2082 1068 2107 nauta
1093 2080 1217 2107 ducatur
1232 2102 1240 2114 ,
1266 2081 1312 2107 vel
1340 2083 1467 2114 regatur.
1495 2082 1568 2108 Caro
1591 2084 1691 2108 nostra
1712 2083 1755 2108 est

978 2127 1076 2160 navis,
1093 2128 1119 2153 et
1134 2126 1251 2162 spiritus
1266 2129 1308 2153 est
1323 2129 1429 2156 nauta;
1444 2127 1496 2153 sed
1512 2135 1667 2163 nunquam
1684 2136 1753 2155 caro

977 2173 1074 2200 veniet
1088 2173 1126 2200 ad
1139 2175 1258 2208 portum
1274 2173 1384 2207 salutis,
1403 2173 1458 2200 nisi
1478 2174 1612 2209 aspiritu
1629 2174 1754 2202 dueatur

977 2220 1178 2255 gubernaculo
1202 2219 1332 2254 virtutis;
1359 2220 1420 2247 imo
1442 2223 1614 2256 sequeretur
1637 2221 1753 2249 fluxum

976 2275 1077 2303 aqum,
1093 2266 1123 2293 id
1152 2269 1208 2299 cst,
1236 2266 1380 2302 impet-mi
1411 2267 1556 2300 luxuriae,
1579 2269 1606 2294 et
1633 2268 1752 2295 tandem

974 2313 1169 2349 praecipitaret
1183 2313 1336 2340 hominem
1350 2313 1379 2340 in
1397 2321 1478 2340 mare
1501 2321 1646 2341 oceanum
1667 2314 1751 2341 dam—

974 2360 1101 2387 nationis
1128 2362 1251 2387 aeternoe.
1281 2361 1312 2387 ln
1340 2360 1436 2395 figura
1463 2360 1552 2395 hujus
1582 2360 1688 2388 dieitur
1719 2361 1749 2388 in

974 2407 1105 2440 Mottheo,
1121 2406 1204 2442 quod
1218 2407 1238 2424 ¹0
1261 2409 1387 2434 navicula
1412 2408 1583 2442 operiebatur
1606 2409 1747 2442 flactibus,

974 2453 1044 2489 quia
1059 2462 1125 2481 vere
1141 2462 1209 2481 caro
1224 2456 1324 2480 nostra
1339 2456 1520 2489 mergeretur
1534 2454 1671 2481 fluctibus
1690 2456 1749 2481 ten-
1763 2454 1767 2457 '

973 2500 1104 2535 talionis,
1120 2500 1175 2527 nisi
1190 2500 1304 2528 adesset
1329 2500 1474 2528 auxilium
1495 2501 1601 2528 divinae
1622 2500 1744 2528 virtutis.

972 2575 992 2599 1,
1010 2570 1046 2592 15.
1061 2582 1091 2586 -
1110 2569 1116 2581 7
1136 2567 1279 2597 1111411111,
1297 2569 1333 2591 12.
1353 2581 1384 2585 —
1403 2570 1411 2582 ⁸
1431 2568 1502 2596 Joel„
1520 2573 1537 2598 1,
1555 2569 1592 2591 19.
1608 2580 1638 2584 -—
1653 2568 1662 2580 ⁹
1676 2567 1744 2592 Pral.

972 2611 1044 2634 xxxx,
1061 2605 1083 2628 8.
1096 2617 1125 2620 —
1144 2605 1162 2619 '0
1176 2603 1277 2632 Meum„
1294 2610 1351 2634 vni,
1367 2605 1405 2628 24.

1003 2648 1036 2678 (o)
1053 2646 1128 2677 Yulg.
1142 2645 1314 2677 perditionem.
