2004 3037
669 255 718 286 DE
740 252 1010 286 POENITENTIA.
1035 252 1122 284 CAP.
1147 252 1212 283 VII.

137 327 250 355 flumen
264 325 435 362 copiosum,
450 325 478 353 et
497 324 571 352 sicut
593 330 695 351 semen
717 321 911 350 fructuosum.

138 375 185 402 Est
198 374 298 410 itaque
313 373 502 408 eleemosyna
521 370 595 398 sicut
615 369 716 398 lumen
734 368 887 397 radiosum
904 377 911 395 :

138 428 208 448 nam
234 420 308 448 sicut
330 420 432 448 lumen
455 419 571 447 serenat
593 425 706 452 aerem,
722 416 763 444 sie
786 415 915 444 eleemo-

138 475 213 504 syna
240 468 356 496 serenat
384 467 537 501 mentem;
560 465 588 492 et
610 464 684 492 sicut
708 463 811 491 lumen
831 461 915 497 fugat

139 522 260 543 omnem
279 513 446 547 tenebram,
462 512 503 540 sic
528 511 719 550 eleemosyna
742 509 824 545 fugat
848 517 912 537 om-

138 569 208 590 nem
223 561 360 598 culpam;
377 560 405 588 et
419 559 493 587 sicut
505 558 608 586 lumen
623 557 711 586 debet
725 556 837 594 portari
852 564 913 584 non

138 609 218 645 post,
244 607 297 636 sed
320 608 386 635 ante
409 605 581 640 hominem,
605 605 646 633 sic
666 605 758 632 homo
782 603 914 640 prudens

137 655 207 683 facit
228 654 450 690 eleemosynam
463 653 493 680 in
507 652 568 681 vita
583 660 651 687 sua,
666 659 727 679 non
750 652 818 687 post
837 658 914 678 mor-

138 703 207 730 tem.
224 701 278 735 Qui
293 703 391 729 autem
407 700 628 735 eleemosynam
644 707 706 727 non
720 697 788 726 facit
808 698 838 724 in
854 697 913 725 vita

137 757 205 784 sua,
217 748 269 776 sed
280 749 347 784 post
361 749 487 775 mortem
498 754 599 780 suam,
613 745 716 773 similis
732 747 773 773 est
786 744 911 779 homini,

137 795 188 831 qui
205 797 272 831 post
290 795 406 830 tergum
419 793 484 822 vult
497 794 616 829 portare
630 792 749 827 lumen,
765 791 796 819 id
811 793 854 819 est
867 791 913 818 lu-

137 850 266 870 cernam.
286 841 359 869 Dicit
377 841 456 869 enim
477 840 598 876 Sapiens
613 840 621 856 ¹
637 849 642 867 :
661 840 732 867 Ante
746 841 855 866 mortem
871 839 914 865 be-

137 891 215 923 nefac
231 890 316 916 amico
333 891 393 921 tuo,
409 888 441 916 id
457 889 499 915 cst
517 887 623 915 animae
638 887 707 921 tuce,
724 885 773 913 vel
796 885 909 913 Christo

137 936 167 964 in
187 935 247 963 suis
273 935 426 963 membris.
448 936 495 962 Est
518 934 606 962 ctiam
628 933 820 969 eleemosyna
841 932 915 960 sieut

137 982 248 1010 flumen
264 991 270 1010 :
289 990 359 1010 nam
374 981 449 1009 sicut
462 981 575 1008 flumen
589 982 690 1008 manat
711 988 747 1007 ex
762 979 914 1007 influentia

135 1029 235 1064 fontis,
254 1029 295 1057 sic
310 1029 501 1065 eleemosyna
516 1037 552 1057 ex
566 1028 721 1056 influentia
735 1028 861 1064 pietatis.
882 1029 914 1055 Et

135 1076 210 1104 sicut
236 1076 317 1111 fons,
339 1076 419 1104 unde
442 1078 543 1104 manat
564 1075 691 1109 fluvius,
707 1083 761 1111 per
782 1074 914 1102 occultos

134 1125 249 1151 meatus
258 1123 394 1159 procedit
401 1131 417 1151 a
425 1123 500 1151 mari
508 1133 517 1158 3
527 1123 567 1150 sie
576 1122 670 1158 pietas
684 1121 825 1155 hominis,
833 1121 913 1148 unde

134 1172 236 1198 manat
250 1171 450 1206 eleemosyna,
463 1177 517 1206 per
527 1169 675 1197 occultam
689 1168 913 1204 inspirationem

134 1217 215 1245 venit
236 1225 271 1245 ex
287 1217 381 1253 gratia
401 1217 450 1244 Dei
467 1226 473 1244 :
491 1219 518 1244 et
532 1217 572 1244 sic
592 1216 784 1252 eleemosyna
799 1215 880 1243 venit
895 1223 913 1242 a

135 1265 208 1299 Deo,
229 1265 257 1292 et
282 1264 369 1292 datur
389 1265 458 1291 Deo.
482 1265 555 1291 Nam
580 1263 651 1291 dicit
674 1261 821 1299 Sapiens²
843 1272 849 1288 :
867 1262 913 1288 Ad

136 1312 221 1340 Iocum
243 1312 315 1339 unde
338 1313 448 1343 exeunt,
470 1312 584 1345 flumina
605 1311 793 1343 revertuntur,
811 1312 842 1336 ut
863 1311 913 1336 ite-

134 1367 194 1386 rum
208 1360 304 1393 fluant.
321 1359 354 1385 Et
368 1357 443 1385 sieut
461 1357 573 1385 flumen
594 1356 777 1393 quandoque
793 1356 852 1384 exit
864 1363 913 1383 ex-

135 1407 179 1433 tra
201 1405 295 1441 ripas,
310 1413 365 1432 nec
389 1407 431 1432 est
456 1406 627 1432 contentum
648 1403 776 1440 propriis
797 1403 911 1437 alveis;

135 1452 176 1479 ita
198 1451 348 1479 interdum
369 1451 560 1486 eleemosyna
581 1450 681 1478 danda
701 1452 743 1478 cst
766 1450 854 1477 bonis
869 1450 912 1477 in-

136 1498 303 1526 differenter
319 1500 347 1526 et
359 1497 461 1531 malis,
478 1496 608 1524 maxime
630 1499 764 1532 tempore
786 1497 912 1524 necessi-

135 1545 215 1580 tatis,
230 1545 304 1572 sicut
322 1545 400 1572 Pater
415 1545 524 1571 coelestis
536 1545 546 1561 ³
557 1564 564 1577 ,
580 1543 632 1580 qui
646 1545 725 1571 solem
746 1552 823 1571 suum
844 1545 914 1571 orz'rz'

135 1594 203 1626 facit
219 1601 299 1628 super
314 1593 392 1619 bonos
409 1595 434 1619 et
448 1592 547 1623 malos,
565 1593 590 1618 et
604 1592 677 1626 plait
694 1599 773 1626 super
783 1591 872 1625 justos
887 1593 913 1618 et

135 1640 273 1674 injustos,
298 1641 330 1666 ut
357 1638 463 1667 dicitur
493 1638 524 1665 in
549 1639 688 1665 Matthoeo.
718 1640 765 1666 Est
791 1637 913 1673 insuper

135 1686 327 1722 eleemosyna
355 1686 429 1713 sicut
457 1693 576 1718 semen,·
600 1687 628 1712 et
651 1686 722 1712 nota
750 1684 833 1720 quod
861 1692 913 1712 sex

135 1735 202 1760 sunt
229 1733 338 1769 quibus
367 1733 558 1768 eleemosyna
585 1731 661 1759 bene
692 1731 798 1758 semim
827 1739 910 1759 com-

134 1781 255 1815 paratur
272 1788 278 1807 :
294 1779 392 1815 primo
408 1800 416 1813 ,
438 1779 508 1815 quia
531 1778 606 1806 sicut
626 1786 728 1806 semen
753 1778 842 1806 dehet
856 1778 910 1805 ali--

136 1826 261 1861 scondi,
286 1826 326 1854 ita
356 1826 546 1862 eleemosyna
571 1825 661 1852 debet
684 1825 798 1852 occulte
821 1824 909 1852 dari:

135 1881 206 1900 nam
228 1872 334 1900 dicitur
357 1873 366 1889 ⁸
394 1881 400 1900 :
431 1873 561 1900 Conclude
585 1873 774 1906 eleemosynam
798 1873 828 1898 in
849 1873 913 1899 sinu

135 1921 274 1954 pauperis.
305 1919 440 1947 Secundo
460 1940 469 1953 ,
497 1919 568 1954 quia
596 1918 670 1946 sicut
699 1926 800 1946 semen
828 1918 912 1946 vide-

136 1967 183 1993 tur
205 1965 312 2001 perdi,
337 1974 405 1993 cum
429 1967 529 1992 tamen
550 1965 649 2000 potius
671 1966 848 2000 renovetur3
871 1965 911 1992 sic

136 2012 327 2047 eleemosyna
352 2012 468 2040 videtur
492 2011 602 2045 amitti,
626 2019 694 2038 cum
718 2011 822 2046 datur,
846 2019 912 2046 quae

136 2060 235 2086 tamen
259 2059 328 2086 tuno
352 2058 463 2094 optime
487 2059 635 2091 servatur,
658 2059 685 2084 et
701 2057 912 2085 thesaurizatur

135 2105 166 2132 in
185 2105 322 2133 thesauro
338 2104 478 2132 Paradisi.
496 2103 575 2131 Unde
599 2103 705 2131 dicitur
726 2104 766 2130 sic
781 2104 790 2120 ²⁵
805 2113 810 2130 :
828 2104 912 2131 Perde

133 2154 277 2187 pecuniam
302 2155 414 2187 propter
440 2153 564 2185 fratrem.
580 2151 694 2185 Tertio,
718 2159 819 2179 semen
844 2159 912 2178 cum

135 2198 247 2226 foenore
271 2199 365 2233 surgit
387 2207 393 2226 z
419 2198 460 2225 sic
485 2198 536 2234 qui
561 2197 611 2226 dat
636 2198 879 2234 eleemosynam,
895 2206 912 2226 a

136 2247 194 2274 Deo
217 2245 389 2281 centuplum
415 2245 548 2280 accipiet.
574 2244 655 2272 Unde
680 2253 768 2280 super
793 2244 910 2272 illudG:

135 2294 292 2320 Foeneratur
311 2294 439 2325 Domino,
455 2294 503 2327 qui
526 2293 666 2319 miseretur
687 2293 826 2327 proximo,
843 2291 913 2319 dicit

136 2339 236 2367 Glossa
259 2348 265 2366 :
291 2349 305 2365 «
328 2339 504 2375 Centuplum
533 2341 717 2375 accepturus.
745 2350 757 2363 »
782 2340 911 2372 Quarto,

137 2394 238 2413 semen
261 2385 344 2422 quod
366 2388 408 2413 est
430 2385 592 2421 pretiosum
604 2406 613 2419 ,
627 2385 702 2413 sicut
718 2386 846 2413 triticum
857 2407 865 2419 ,
880 2385 911 2412 111

137 2440 197 2459 uno
214 2440 292 2460 anno
308 2432 423 2467 seritur,
440 2435 467 2459 et
481 2432 512 2459 in
527 2432 584 2460 alio
600 2433 735 2467 mctitur3
752 2432 809 2459 vile
824 2440 908 2463 vero,

138 2478 212 2506 sicut
226 2479 374 2507 hordeum
388 2481 416 2507 et
429 2478 557 2506 millium
568 2499 577 2513 ,
592 2479 623 2505 in
637 2479 744 2506 eodem
759 2487 837 2506 anno
853 2486 913 2506 me-

139 2524 206 2552 titur
220 2527 248 2552 et
262 2526 421 2554 seminatur
436 2535 442 2553 :
456 2525 497 2552 sic
512 2525 702 2561 eleemosyna
715 2526 842 2561 pretiosa
858 2527 910 2559 est,

139 2579 205 2606 quae
218 2571 266 2599 hic
280 2573 310 2600 in
321 2580 399 2600 anno
415 2572 515 2608 gratiae
527 2572 645 2606 seritur,
658 2573 710 2600 sed
724 2573 834 2600 fruetus
849 2572 912 2606 ejus

138 2617 169 2645 in
193 2617 250 2646 alio
272 2627 365 2654 anno,
380 2619 489 2647 seilicet
510 2619 628 2654 gloriae,
649 2621 828 2655 expectatur.
843 2619 912 2646 Vilis

172 2683 179 2698 ¹
192 2682 282 2712 Eccli„
296 2689 348 2712 nv,
363 2685 400 2706 ¹13.
412 2696 442 2700 —
453 2683 464 2698 ‘2
478 2681 570 2711 Eccle„
588 2687 605 2712 1,
619 2683 643 2707 Ἰ.
655 2696 684 2701 -
697 2684 707 2699 ³
719 2684 821 2714 Mutila,
835 2689 860 2712 v,
874 2684 912 2706 45.

139 2731 170 2736 —
183 2718 193 2734 δ
208 2718 298 2748 Εεείι.,
313 2724 385 2749 xxix,
401 2720 437 2743 15.
451 2730 482 2735 —
493 2718 504 2733 ⁶
519 2717 609 2747 Ecclzz,
623 2724 694 2749 xxix,
712 2721 749 2744 13.
763 2732 792 2738 -
805 2720 814 2733 ⁵
828 2720 912 2748 Prov„

259 2772 334 2795 Tou.
358 2772 425 2795 vul.

1687 251 1746 280 273

970 327 1041 349 vero
1057 322 1192 356 respectu
1215 318 1304 354 huJus
1325 317 1442 346 videtur
1466 317 1657 353 eleemosyna
1674 316 1746 352 illa,

970 375 1035 404 quoe
1056 367 1087 395 in
1109 366 1243 403 proescnti
1259 366 1480 399 remuneratur,
1497 364 1568 401 quia
1589 363 1660 392 dicit
1683 364 1746 392 Sal-

968 417 1053 443 vator
1068 415 1098 442 ⁷:
1122 414 1208 442 Amen
1227 414 1286 441 dico
1308 413 1381 440 vobis
1393 433 1401 447 ,
1422 414 1578 447 receperunt
1602 411 1748 440 mercedem

969 472 1056 491 suam.
1081 462 1211 491 Pretiosa
1235 469 1305 490 vero
1326 468 1388 489 non
1406 459 1505 488 solum
1524 459 1555 487 in
1570 459 1706 496 praesenti
1721 460 1749 487 et

970 509 1182 547 temporaliter,
1201 508 1254 536 sed
1276 507 1363 536 etiam
1387 507 1594 535 remuneratur
1607 505 1750 534 aeternali-

971 559 1032 592 ter,
1049 557 1121 593 quia
1136 556 1207 584 dicit
1220 554 1379 592 Apostolus
1393 555 1403 571 ⁸
1414 575 1423 588 ‚
1440 553 1523 590 quod
1540 555 1629 589 pietas
1643 553 1679 580 ad
1695 561 1749 581 om-

970 605 1020 631 nia
1037 604 1117 631 utilis
1147 605 1204 637 est,
1229 602 1434 637 promissionem
1464 601 1561 628 habens
1585 601 1667 634 vitae,
1692 608 1750 635 quae

970 659 1039 678 nunc
1054 653 1108 682 est,
1129 652 1153 677 et
1174 651 1287 683 futuroe.
1311 648 1439 682 Quinto,
1461 647 1535 676 sicut
1557 654 1659 675 semen
1680 646 1750 682 gelu

969 706 1105 734 pressum
1119 698 1147 725 et
1160 696 1344 725 retardatum
1360 695 1472 732 profert
1488 694 1660 722 uberiorem
1675 693 1751 721 fruc-

972 747 1034 772 tum
1056 754 1064 780 3
1094 744 1135 772 sic
1160 743 1351 779 eleemosyna
1373 750 1465 778 quam
1490 741 1557 778 quis
1585 740 1654 769 facit
1677 740 1750 768 dum

970 791 1091 819 sustinet
1105 790 1328 818 tribulationem
1339 810 1346 824 ‚
1362 788 1535 817 uberiorem
1554 789 1598 816 est
1612 786 1751 815 habitura

970 837 1248 874 repromissionem,
1265 845 1317 865 seu
1339 836 1467 864 fructum
1480 857 1489 870 ‚
1507 835 1557 863 vel
1580 841 1752 862 remunera-

970 886 1090 914 tionem.
1107 885 1187 913 Unde
1203 884 1309 912 dicitur
1322 885 1332 901 ⁹
1346 893 1351 910 :
1367 885 1468 911 Euntes
1493 883 1570 910 ibant
1592 884 1617 909 et
1632 882 1749 916 flebant,

971 934 1106 960 mittentes
1116 934 1219 960 semina
1233 940 1294 959 sua.
1310 932 1452 958 Venientes
1468 932 1572 964 autem,
1582 930 1635 957 etc.
1652 929 1749 963 Sexto,

971 987 1073 1007 semen
1099 979 1221 1006 sustinet
1242 978 1393 1006 molestias
1417 977 1541 1011 multas,
1564 976 1638 1004 sicut
1662 975 1748 1012 gelu,

971 1026 1131 1062 grandines
1156 1028 1183 1054 et
1205 1025 1322 1061 pluvias
1341 1035 1348 1060 3
1373 1025 1414 1052 sic
1434 1025 1526 1052 homo
1544 1045 1553 1058 ,
1580 1023 1631 1060 qui
1655 1023 1751 1050 libens

972 1073 1197 1109 eleemosynam
1221 1072 1286 1107 dat,
1311 1080 1378 1100 cum
1407 1079 1458 1099 cor
1484 1070 1593 1098 habeat
1619 1077 1752 1106 compas-

971 1120 1053 1148 sione
1069 1120 1207 1156 plenum,
1223 1119 1289 1147 talis
1305 1119 1427 1146 sustinet
1442 1125 1546 1146 omnes
1563 1117 1751 1145 necessitates

970 1174 1156 1202 pauperum,
1182 1168 1210 1194 et
1235 1165 1368 1194 miserias
1394 1165 1581 1194 afflictorum.
1609 1166 1641 1192 In
1667 1163 1751 1199 cujus

970 1222 1099 1250 persona
1122 1213 1191 1241 dicit
1206 1213 1363 1249 Apostolus
1376 1212 1396 1229 ¹⁰
1414 1221 1420 1240 :
1439 1213 1505 1245 Quis
1529 1213 1705 1246 infirmatur,
1726 1212 1752 1237 et

971 1269 1017 1296 eqo
1029 1269 1081 1288 non
1095 1262 1239 1295 infirmor?
1253 1261 1325 1288 Item
1346 1258 1600 1295 eleemosynarius
1620 1259 1663 1285 est
1677 1257 1752 1285 sieut

971 1308 1061 1336 arbor
1071 1329 1080 1343 ,
1104 1315 1169 1344 quae
1189 1306 1317 1335 fructum
1340 1306 1432 1341 facit,
1450 1306 1525 1333 sicut
1546 1305 1664 1339 nutrix,
1686 1312 1753 1340 quae

971 1362 1097 1390 puerum
1116 1354 1222 1388 nutrit,
1242 1355 1270 1382 et
1292 1353 1366 1381 sicut
1388 1353 1535 1381 mercator
1545 1373 1555 1388 ,
1572 1353 1624 1388 qui
1639 1359 1752 1379 merces

970 1401 1080 1429 vendit.
1098 1403 1145 1429 Est
1157 1401 1257 1437 itaque
1277 1401 1375 1429 bonus
1394 1399 1647 1436 eleemosynarius
1660 1400 1692 1426 ut
1707 1406 1752 1426 ar-

971 1447 1027 1475 bor
1044 1457 1049 1475 :
1068 1448 1141 1475 sicut
1164 1448 1244 1476 enim
1265 1448 1355 1476 arbor
1370 1447 1477 1475 melius
1493 1446 1596 1474 crescit
1611 1447 1641 1474 et
1652 1445 1752 1473 fructi-

971 1494 1054 1529 ficat,
1069 1503 1137 1522 eum
1151 1495 1189 1522 ab
1213 1503 1247 1522 ca
1269 1495 1440 1522 resecantur
1464 1493 1633 1529 superflua5
1650 1492 1692 1519 sic
1707 1491 1750 1519 di-

971 1542 1043 1569 vites
1067 1541 1173 1569 melius
1202 1541 1364 1576 proficiunt
1392 1541 1422 1568 in
1449 1539 1563 1576 gratia,
1585 1540 1750 1567 resecantes

971 1588 1088 1616 divitias
1103 1596 1185 1623 suas,
1197 1587 1306 1616 scilicet
1321 1587 1422 1615 dando
1438 1587 1670 1622 eleemosynam,
1683 1594 1749 1622 quae

971 1637 1013 1662 est
1037 1635 1074 1662 de
1097 1635 1254 1671 superfluis
1280 1634 1401 1669 danda,
1429 1634 1478 1662 vel
1502 1633 1655 1668 facienda,
1676 1633 1750 1660 sicut

971 1681 1108 1709 dicitur¹¹
1129 1691 1136 1709 z
1162 1682 1240 1715 Quod
1264 1684 1399 1716 superest,
1415 1681 1478 1709 date
1494 1682 1692 1715 eleemosynam.
1718 1682 1751 1708 Et

970 1728 1043 1756 sicut
1062 1728 1195 1764 agricola
1213 1728 1319 1756 tolerat
1341 1728 1372 1755 in
1395 1728 1483 1755 vinea
1505 1728 1620 1763 aliquas
1643 1726 1751 1755 infruc-

970 1777 1070 1803 tuosas
1092 1776 1230 1810 arbores,
1246 1784 1313 1811 quae
1336 1775 1478 1802 sustinent
1498 1775 1590 1809 vites;
1607 1774 1648 1802 sic
1669 1782 1750 1802 sum-

970 1831 1036 1850 mus
1052 1822 1185 1858 agricola
1199 1824 1274 1850 Deus
1288 1822 1319 1849 in
1334 1822 1421 1850 vinea
1441 1830 1508 1857 sua,
1523 1822 1632 1849 scilicet
1650 1822 1681 1850 in
1697 1823 1747 1849 Ec-

971 1869 1059 1897 clesia
1082 1870 1187 1897 tolerat
1211 1869 1321 1897 multos
1337 1869 1459 1904 divites,
1477 1869 1528 1905 qui
1552 1877 1621 1896 cum
1643 1877 1748 1896 eorum

970 1917 1160 1953 eleemosyna
1170 1918 1331 1944 sustentant
1340 1924 1495 1952 pauperes,
1504 1916 1585 1944 Unde
1594 1916 1701 1943 dicitur
1712 1916 1748 1943 ¹2:

973 1964 1085 1991 Vineam
1100 1965 1254 1998 pastinavit
1269 1964 1354 1990 homo.
1372 1964 1403 1990 In
1417 1963 1505 1990 vinca
1523 1962 1672 1999 siquidem
1686 1970 1748 1990 non

969 2010 1067 2038 solum
1082 2012 1149 2037 sunt
1158 2010 1242 2044 vites,
1255 2018 1321 2045 quaa
1332 2009 1518 2044 fructificant,
1530 2009 1590 2037 imo
1603 2011 1630 2037 et
1644 2009 1749 2045 paxilli

971 2057 1047 2084 aridi
1064 2066 1070 2083 :
1087 2056 1128 2084 sic
1144 2057 1174 2083 in
1190 2057 1317 2084 Ecclesia
1333 2057 1381 2084 Dei
1396 2058 1463 2084 sunt
1477 2057 1646 2092 peccatores
1661 2057 1688 2083 et
1705 2056 1748 2083 in-

967 2103 1055 2137 justi,
1072 2103 1123 2138 qui
1139 2103 1210 2130 vites
1224 2103 1442 2137 fructificantes,
1458 2103 1490 2130 id
1505 2105 1547 2131 est
1558 2103 1653 2138 justos
1663 2123 1673 2137 ,
1688 2102 1748 2130 suis

971 2149 1168 2185 eleemosynis
1183 2151 1355 2177 sustentant.
1373 2151 1465 2177 Homo
1482 2150 1569 2177 etiam
1587 2149 1748 2185 eleemosy-

971 2196 1071 2224 narius
1096 2198 1138 2223 est
1161 2196 1235 2223 sicut
1258 2196 1372 2229 nutrix,
1398 2204 1463 2232 quae
1487 2196 1575 2224 lactat
1596 2204 1746 2232 puerum:

971 2251 1042 2270 nam
1066 2242 1140 2270 sicut
1160 2243 1287 2270 nutrices
1311 2244 1528 2271 consueverunt
1548 2243 1746 2279 impinguari,

971 2291 1002 2316 ut
1023 2289 1177 2317 abundent
1192 2289 1223 2317 in
1237 2290 1328 2324 lacte,
1343 2292 1370 2317 et
1384 2290 1461 2317 bene
1475 2290 1606 2317 nutriant
1619 2298 1745 2325 pueros;

972 2336 1012 2363 sic
1026 2337 1166 2364 Dominus
1190 2336 1356 2372 impinguat
1376 2336 1480 2364 divites
1499 2336 1587 2364 bonis
1602 2338 1748 2372 tempora-

971 2382 1067 2417 libus,
1086 2385 1118 2410 ut
1139 2383 1292 2411 abundent
1311 2383 1341 2410 in
1365 2383 1438 2411 lacte
1464 2383 1696 2420 compassionis,
1721 2385 1748 2410 et

972 2429 1102 2457 nutriant
1116 2430 1209 2464 filios,
1226 2430 1256 2457 id
1283 2432 1325 2458 est
1345 2438 1491 2466 pauperes
1513 2438 1592 2458 suos.
1610 2429 1690 2457 Unde
1706 2429 1748 2456 di·
1768 2446 1771 2448 -

973 2477 1046 2504 citur
1062 2477 1081 2493 ¹³
1098 2486 1104 2504 ε
1122 2478 1306 2512 Ιπιρίηςὶιαεΐί
1327 2479 1355 2504 in
1380 2479 1434 2504 oleo
1458 2480 1539 2513 caput
1553 2485 1649 2504 meum.
1669 2477 1748 2503 Tunc

973 2524 1051 2551 enim
1072 2523 1213 2551 Dominus
1233 2524 1300 2552 oleo
1324 2526 1412 2560 caput
1430 2524 1609 2560 impinguat,
1626 2522 1748 2559 quando

970 2573 1099 2599 mentem
1123 2571 1162 2599 ad
1185 2579 1333 2606 pauperes
1358 2571 1425 2599 oleo
1451 2570 1666 2606 compassionis
1690 2570 1747 2598 hu-

972 2652 1029 2675 mx,
1057 2646 1091 2669 Π.
1112 2659 1140 2663 -
1161 2646 1170 2662 '1
1193 2646 1293 2674 Malim,
1317 2652 1356 2675 γι,
1379 2648 1402 2670 2.
1424 2660 1454 2663 -
1470 2646 1479 2662 ⁸
1501 2647 1506 2669 l
1534 2646 1606 2677 Tim,
1630 2652 1663 2677 lv,
1680 2648 1703 2670 S.
1719 2658 1749 2664 -·

972 2681 1059 2705 ¹³Pst1l.
1076 2687 1151 2712 cur,
1170 2684 1194 2711 G,
1210 2683 1272 2705 7.—
1290 2683 1307 2698 '⁰
1322 2683 1342 2705 11
1360 2682 1428 2712 Cora,
1443 2688 1478 2712 xi,
1494 2684 1532 2706 29.
1546 2696 1576 2700 —
1595 2685 1613 2700 ¹1
1629 2682 1695 2713 Luc.y
1711 2688 1748 2713 ιι,

973 2718 1013 2740 [A.
1026 2729 1056 2735 ·-
1073 2717 1089 2731 ¹2
1104 2717 1195 2748 Marc„
1211 2724 1259 2747 xn,
1277 2720 1300 2742 1.
1316 2731 1341 2735 -—
1361 2718 1378 2734 ¹³
1392 2718 1459 2742 Psal.
1475 2723 1539 2749 xxu,
1554 2720 1579 2743 5.

1592 2766 1630 2795 18
