2004 3037
181 220 241 251 440

182 287 260 321 vior,
273 285 416 314 venustus
431 285 577 321 aspectus,
600 283 689 312 etiam
702 283 867 319 ignorantis
887 289 958 319 qua-

182 325 219 361 lis
232 333 296 369 ipse
309 330 362 367 sit,
375 332 520 368 provocat
537 331 565 359 et
577 329 748 367 perstringit
767 329 866 366 ipsum
889 328 960 357 affe-

183 381 273 408 ctum.
289 380 350 407 noo
363 378 394 406 in
405 386 500 414 puero
514 378 613 414 Moyse
627 377 775 414 apparuit,
791 376 875 413 quod
889 384 959 412 pro-

182 427 248 464 pter
263 426 429 462 elegantem
440 424 570 454 formam
579 425 675 453 tribus
690 424 843 452 mensibus
857 425 960 451 contra

182 475 363 512 praeceptum
377 472 537 501 Pharaonis
559 471 810 506 abscondebatur,
823 472 852 499 et
865 478 883 498 a
898 469 960 498 filia

183 521 276 558 ipsius
289 519 450 549 Pharaonis
463 519 492 547 in
508 519 604 547 filium
619 518 673 547 fuit
686 518 853 555 adoptatus.
868 519 960 546 Porro

185 570 213 598 et
227 567 279 605 qui
293 568 334 596 ad
344 567 468 596 noxiam
476 566 661 603 voluptatem
669 566 700 593 in
715 565 849 602 qualibet
863 564 960 601 specie

184 615 336 644 suavitatis
351 614 430 643 male
444 613 559 642 blanda
573 613 758 649 compungit,
771 614 887 640 motum
899 620 960 639 car-

184 662 261 691 nalis
278 661 400 690 affectus
419 668 508 689 nemo
529 660 594 689 sani
613 659 717 696 capitis
738 659 895 687 dubitavit.
911 659 961 687 llic

184 708 312 738 carnalis
332 708 453 738 affectus
472 707 540 742 fuit,
562 707 614 743 qui
637 706 730 735 David
745 709 753 725 ¹
769 707 809 735 ad
831 707 960 743 speciem

185 756 345 785 Bethsabee
366 755 508 792 praevenit
521 754 684 788 incautum,
699 755 885 790 praeventum
899 753 960 781 dis-

185 803 283 840 solvit,
303 802 480 831 dissolutum
501 802 610 830 obruit.
632 802 682 830 Hic
703 802 825 830 affectus
844 801 961 838 sapien-

185 851 257 879 tiam
273 849 439 878 Salomonis
452 851 463 866 ²
479 848 644 883 absorbuit,
661 849 689 876 et
702 848 814 877 carnali
835 848 961 876 libidine

187 897 381 933 dissolutum,
407 897 438 925 in
463 896 622 933 spiritualis
643 895 845 924 fornicationis
874 895 962 924 bara-

186 945 296 981 thrum,
322 946 350 973 et
371 943 616 971 nefandissimam
639 943 792 971 idolorum
816 942 963 970 culturam

186 993 301 1029 dejecit.
317 1003 332 1019 »
352 993 417 1021 uoec
435 991 495 1019 ille.
517 991 593 1020 Talis
609 991 730 1019 affectus
752 998 815 1018 non
834 992 964 1018 meretur

184 1040 296 1069 habere
310 1047 421 1068 nomen
437 1038 546 1067 amoris
561 1037 637 1073 veri;
649 1038 712 1073 sed,
723 1039 755 1065 ut
769 1037 842 1078 dicit
857 1037 965 1073 Diony-

185 1088 245 1117 sius
259 1088 281 1123 ³,
297 1088 340 1115 est
363 1086 562 1122 longinquum
582 1085 698 1113 idolum
718 1085 780 1113 veri
803 1085 922 1120 amoris,
937 1087 965 1113 et

186 1135 293 1171 plenus
323 1133 479 1162 anxietate.
510 1132 630 1161 Affectio
659 1134 758 1160 autem
792 1132 965 1160 charitativa

187 1182 276 1217 plena
291 1182 334 1209 est
345 1180 541 1216 jucunditate.
559 1179 640 1208 Unde
655 1179 819 1207 Ricliardus
829 1200 839 1213 ,
854 1179 887 1207 de
904 1180 964 1206 Τι-ί-

190 1230 278 1256 nitate
289 1228 300 1244 ⁸
315 1236 322 1255 :
337 1237 350 1253 «
366 1227 445 1255 Sicut
459 1226 598 1254 charitate
613 1226 686 1254 nihil
700 1228 743 1254 est
756 1226 873 1261 melius,
888 1226 927 1254 ita
938 1228 965 1254 et

188 1274 262 1303 nihil
276 1274 499 1310 estjucundius.
514 1284 527 1299 u

224 1322 335 1350 Tertius
350 1321 471 1349 affectus
484 1322 526 1349 est
540 1320 687 1355 officialis,
701 1320 738 1348 de
750 1328 810 1356 quo
827 1321 909 1355 ilugo
925 1320 967 1348 sic

191 1369 261 1397 dicit
276 1378 282 1396 2
297 1379 309 1394 «
325 1368 487 1397 officialem
503 1367 641 1395 affectum
658 1367 793 1402 dicimus,
811 1367 862 1403 qui
878 1367 966 1395 meri-

190 1418 289 1445 torum
303 1415 351 1443 vel
369 1415 584 1451 obsequiorum
610 1414 811 1442 exhibitorum
827 1423 967 1450 quorum-

191 1463 261 1491 dam
271 1462 306 1499 (α)
318 1462 433 1490 animos
444 1461 580 1497 inclinat3
593 1461 644 1497 qui
659 1461 796 1497 quamvis
811 1461 845 1488 sit
855 1461 969 1496 pericu-

190 1510 289 1544 tosus,
309 1511 405 1537 tamen
431 1508 631 1536 admittendus
655 1510 714 1542 cst,
736 1516 772 1535 ne
793 1508 831 1535 sis
848 1508 968 1543 ignarus

191 1557 238 1585 vel
254 1557 385 1593 ingratus
410 1556 440 1583 in
464 1556 562 1584 officio
579 1564 585 1582 :
603 1555 772 1583 cavendum
794 1557 886 1582 estne
909 1558 969 1582 tam

191 1604 305 1632 homini
321 1603 515 1639 impertiatur,
528 1611 619 1639 quam
633 1602 715 1630 vitio.
728 1602 803 1636 Quid
815 1602 909 1638 magis
924 1611 970 1630 ca-

192 1651 325 1679 vendum
341 1652 393 1683 est,
410 1658 501 1686 quani
520 1657 556 1677 nr
571 1649 722 1685 obsequiis
734 1649 781 1676 vel
797 1649 970 1677 muneribus

193 1698 316 1732 illectuS,
341 1699 391 1725 aut
413 1696 514 1724 foveas
529 1696 618 1730 vitia,
639 1699 689 1723 aut
704 1696 827 1723 vitiosa?
844 1696 970 1724 Proinde

193 1745 223 1772 in
238 1744 410 1771 muneribus
424 1743 471 1770 vcl
481 1743 632 1778 obsequiis
645 1742 851 1778 suscipiendis,
862 1751 971 1777 magna

194 1791 334 1819 habenda
355 1792 397 1817 est
411 1789 558 1817 discretio.
585 1791 616 1816 Et
639 1789 852 1816 attendendum
872 1792 914 1816 est
931 1790 970 1818 ad

194 1845 329 1874 pei-some
344 1837 528 1872 dignitatem,
550 1838 581 1864 ut
597 1836 619 1863 si
634 1838 707 1863 torte
727 1836 797 1864 tanti
814 1836 909 1863 meriti
924 1837 969 1871 sit,

195 1887 226 1912 ut
241 1884 362 1912 affectus
385 1883 520 1911 otlicialis
536 1885 662 1910 transeat
677 1883 707 1910 in
722 1883 916 1917 rationalem,
940 1886 972 1911 ut

196 1940 286 1968 quem
301 1931 446 1966 coepimus
467 1931 602 1965 diligere,
620 1930 690 1966 qnia
712 1931 799 1958 nobis
815 1934 913 1965 gratus
929 1931 972 1958 di-

195 1979 247 2014 ligi
262 1978 429 2013 incipiatur,
446 1978 517 2013 quia
531 1977 687 2004 virtutibus
702 1977 875 2010 adornatus,
889 1980 915 2005 et
931 1986 973 2005 re-

196 2025 315 2054 tributio
345 2024 509 2052 secunduin
536 2024 679 2052 rationein
692 2045 700 2057 ,
725 2032 784 2051 non
808 2025 972 2053 secundum

196 2073 333 2100 affectum
357 2071 555 2107 impendatur,
578 2071 630 2098 sed
656 2073 683 2097 et
706 2071 886 2098 desiderium
912 2081 971 2107 quo

195 2119 285 2147 amati
300 2118 452 2154 praesentia
466 2118 659 2152 desideratur,
677 2118 721 2145 rel
738 2121 819 2146 actus
834 2127 893 2154 quo
909 2119 973 2155 ipsa

195 2165 349 2201 prmsentia
365 2167 563 2200 comparatur,
580 2165 725 2192 rationem
745 2168 895 2200 sequatur,
912 2174 972 2194 non

197 2213 344 2241 affectum.
371 2213 421 2239 lste
444 2220 565 2247 quoquc
589 2212 725 2246 affectus,
750 2212 800 2247 qui
820 2212 972 2240 hominem

196 2259 258 2286 sine
278 2259 396 2287 alterius
412 2266 506 2285 causan
521 2262 654 2293 respectu
677 2262 781 2294 sponte
803 2253 971 2295 complecti-

196 2308 254 2341 tur,
269 2313 322 2342 per
337 2305 439 2333 omnia
452 2307 638 2341 temperetur.
657 2306 698 2333 Ab
712 2306 765 2333 isto
778 2307 883 2334 atl'ectu
898 2308 971 2336 mul-

195 2355 258 2381 tum
275 2352 372 2380 diss‘ert
387 2352 501 2380 affectio
518 2352 699 2386 charitativa,
716 2353 786 2388 quia
802 2353 853 2380 iste
869 2355 971 2389 qumrit

196 2408 262 2436 quae
285 2407 338 2427 sua
362 2401 445 2433 sunt,
464 2407 515 2434 per
540 2399 710 2426 charitatem
732 2402 830 2427 autem
855 2401 971 2435 singula

196 2449 263 2475 sunt
285 2446 435 2480 omnium,
459 2448 486 2473 et
510 2445 610 2473 onmia
631 2446 834 2481 singulorum,
864 2448 935 2483 quia
961 2450 970 2465 ἓ*

196 2502 247 2521 non
270 2495 368 2529 quoerit
394 2501 451 2527 (ματ
474 2500 523 2519 sua
543 2495 624 2526 sune,
646 2494 677 2519 ut
703 2493 743 2520 ait
762 2494 917 2528 Gregorius
941 2495 969 2522 in

197 2541 344 2568 litoralibus
356 2540 375 2567 ⁶.

230 2616 234 2627 ι
255 2615 272 2637 Η
294 2615 362 2644 Iit-9„
381 2619 416 2636 xi.
433 2626 461 2630 —
480 2613 487 2626 ²
504 2613 534 2636 111
553 2613 618 2641 lausi,
635 2619 669 2635 :xli
686 2626 715 2629 —
730 2613 740 2629 ³
756 2613 840 2644 Dion„
859 2614 888 2637 tle
910 2616 967 2639 ΟΝ.

197 2650 276 2679 ufer„
294 2656 316 2672 c.
335 2655 364 2678 ιι,
379 2650 405 2672 cl
420 2648 449 2672 «le
466 2648 521 2671 Diu.
537 2648 620 2677 Noun,
636 2656 658 2671 c,
680 2655 710 2672 iv.
727 2662 756 2666 —
773 2650 780 2662 ¹
796 2649 926 2679 Bivium-tl„
941 2651 970 2674 (le

199 2685 298 2713 Trinit„
313 2684 357 2708 111),
379 2684 421 2714 ill,
439 2691 460 2707 c.
482 2689 520 2713 ιιι,
536 2683 620 2708 statim
636 2686 690 2714 post
707 2684 789 2714 princ.
805 2698 835 2702 -
852 2686 862 2701 Β
877 2686 885 2710 1
903 2686 959 2709 (sor.
970 2704 976 2716 ,

591 215 642 248 DE
663 214 821 263 SEPTEM
841 203 1379 252 1r1NEmBus'AErERN1rAris.

1049 285 1175 318 Quartus
1192 287 1235 314 est
1249 285 1371 314 affectus
1387 286 1554 323 rationalis,
1568 287 1607 316 de
1621 293 1684 324 quo
1702 288 1788 325 Engo

1014 330 1055 358 sic
1069 331 1162 361 dicit:
1182 333 1371 362 «Rationalis
1391 333 1515 362 affectus
1531 334 1582 363 hic
1603 335 1656 371 est,
1680 334 1734 372 qui
1751 343 1788 364 ex

1014 379 1250 407 consideratIOne
1263 380 1366 409 alienae
1386 381 1503 410 virtutis
1521 381 1667 417 oboritur,
1679 381 1788 410 videli-

1014 427 1060 453 cet
1074 433 1141 453 eum
1157 426 1250 454 oculis
1265 427 1372 455 nostris
1386 426 1544 463 cujuslibet
1552 427 1646 456 virtus
1658 427 1708 456 vel
1720 435 1789 457 san-

1015 471 1097 500 ctitas
1116 472 1281 509 explorata,
1302 474 1351 502 vel
1373 474 1454 503 fama
1477 475 1640 511 divulgata,
1660 478 1789 504 mentem

1014 520 1146 547 nostram
1156 519 1322 548 dulcedinis
1331 521 1474 549 suavitate
1487 521 1648 558 pertundit.
1659 531 1673 548 π
1687 522 1791 559 Sequi·

1015 567 1062 594 tur
1077 575 1084 594 :
1102 576 1116 592 α
1128 566 1178 594 Hie
1202 569 1245 594 est
1259 567 1380 596 affectus
1400 567 1452 604 qui
1475 576 1548 604 nos,
1572 568 1673 597 audita
1691 568 1792 597 trium-

1013 612 1096 649 phali
1110 615 1276 650 martyrum
1288 615 1442 650 passione,
1457 615 1631 643 suavissima
1646 623 1793 652 compun-

1016 659 1057 695 git
1071 659 1241 696 devotione,
1256 668 1291 689 ac
1307 662 1517 690 memorabiles
1532 664 1613 691 aetus
1623 662 1792 699 praeceden-

1015 707 1088 735 tium
1110 707 1195 748 quasi
1215 707 1271 736 sub
1296 708 1390 736 oculis
1408 708 1577 737 delectabili
1598 710 1791 738 meditatione

1016 753 1167 790 depingit,
1191 755 1220 782 et
1234 754 1273 782 ad
1293 755 1421 790 proximi
1445 756 1636 785 dilectionem
1660 759 1792 786 contem-

1016 800 1123 837 plantis
1150 801 1213 836 ejus
1225 801 1383 830 virtutibus
1413 802 1448 838 (b)
1476 803 1611 831 accendit
1636 813 1642 831 :
1671 805 1793 840 propter

1017 847 1100 883 quod
1116 849 1229 875 constat
1243 848 1322 876 hunc
1341 848 1480 877 affectum
1499 857 1560 877 esse
1575 849 1792 886 perfectiorem.

1016 894 1129 922 Etenim
1143 902 1204 923 non
1219 895 1372 923 modicum
1387 895 1502 924 virtutis
1516 895 1661 924 indicium
1675 898 1717 925 est
1730 896 1794 934 ipse

1018 949 1103 969 amor
1117 941 1245 977 virtutis,
1261 950 1297 970 ex
1312 950 1372 979 quo
1388 942 1427 971 ad
1442 945 1539 971 actum
1554 943 1668 971 virtutis
1683 943 1793 972 excita-

1018 988 1106 1016 bitur.
1122 999 1135 1014 »
1154 990 1217 1016 flaee
1238 988 1297 1016 ille.
1313 989 1356 1017 Ab
1371 989 1426 1017 isto
1443 989 1550 1018 affectu
1565 990 1663 1018 diss'ert
1677 990 1794 1019 affectio

1019 1035 1208 1070 charitativa,
1233 1036 1304 1072 quia
1325 1036 1396 1072 ista,
1425 1036 1539 1064 ratione
1564 1036 1732 1072 mediante,
1755 1037 1794 1066 ab

1019 1083 1162 1119 exemplis
1182 1083 1376 1111 exterioribus
1391 1083 1482 1111 oritur
1503 1085 1531 1111 et
1545 1083 1734 1119 exercitatum
1750 1083 1795 1112 af·

1019 1130 1105 1158 sectio
1120 1138 1191 1158 vero
1202 1129 1373 1158 charitativa
1383 1138 1401 1158 a
1410 1130 1517 1166 Spiritu
1527 1133 1629 1158 sancto
1644 1130 1683 1159 ad
1693 1138 1796 1159 aman-

1021 1177 1093 1205 dum
1105 1177 1193 1205 etiam
1205 1178 1374 1213 peccatores
1383 1176 1592 1212 inflammatur,
1603 1179 1632 1205 et
1644 1177 1796 1206 bonorum

1021 1224 1165 1260 exemplis
1186 1224 1279 1252 multo
1300 1223 1416 1251 dulcius
1439 1223 1576 1258 aflicitur,
1592 1226 1623 1252 ut
1642 1225 1722 1260 patet
1742 1231 1796 1261 per

1021 1271 1205 1307 Apostolum,
1218 1271 1265 1298 vel
1282 1278 1335 1306 per
1350 1270 1426 1299 alios
1441 1272 1568 1298 sanctos.

1058 1319 1181 1352 Quintus
1211 1320 1253 1346 est
1281 1317 1401 1345 affectus
1423 1317 1597 1354 spiritualis,
1623 1317 1664 1345 sic
1690 1317 1795 1351 dictus,

1022 1365 1093 1402 quia
1108 1365 1155 1392 vel
1179 1373 1197 1392 a
1211 1365 1315 1400 spiritu
1329 1364 1504 1398 immittitur,
1521 1364 1568 1392 vel
1584 1372 1602 1392 a
1616 1364 1721 1401 spiritu
1736 1363 1796 1392 ori-

1023 1415 1079 1447 tur,
1095 1412 1142 1440 vel
1155 1420 1172 1440 a
1187 1411 1290 1448 spiritu
1312 1411 1479 1448 inspiratur.
1497 1413 1530 1439 Et
1548 1411 1595 1440 hic
1611 1411 1731 1440 affectus
1755 1413 1798 1440 est

1023 1459 1138 1495 triplex,
1166 1458 1237 1495 quia
1258 1458 1441 1495 quandoque
1466 1458 1629 1486 immittitur
1655 1467 1672 1486 a
1694 1457 1799 1495 spiritu

1023 1506 1171 1541 malign03
1188 1506 1370 1542 quandoque
1390 1505 1482 1534 oritur
1497 1513 1514 1533 a
1535 1505 1638 1542 spiritu
1653 1505 1797 1540 humano,

1024 1556 1052 1582 et
1066 1554 1248 1590 quandoque
1264 1553 1422 1589 inspiratur
1433 1561 1450 1580 a
1461 1552 1564 1589 spiritu
1576 1552 1679 1580 divino
1692 1554 1720 1581 et
1734 1560 1800 1580 san-

1024 1603 1081 1629 cto.
1103 1604 1123 1629 Α
1144 1601 1246 1637 spiritu
1270 1600 1401 1636 maligno
1425 1600 1547 1627 affectus
1570 1599 1749 1634 immittitur,
1769 1601 1800 1627 ut

1025 1649 1095 1676 dicit
1110 1650 1203 1683 llugo,
1220 1647 1342 1683 quando
1366 1647 1485 1675 inclinat
1505 1646 1636 1683 aliquem
1656 1646 1694 1674 ad
1717 1646 1797 1675 vitia.

1026 1695 1078 1723 lllo
1093 1695 1199 1722 affeetu
1224 1694 1356 1729 maligno
1381 1694 1459 1721 tilius
1484 1693 1597 1721 David⁷
1619 1693 1755 1729 improbe
1770 1692 1800 1720 in

1026 1742 1135 1769 sororis
1166 1740 1273 1768 exarsit
1297 1740 1462 1776 amplexus.
1488 1741 1635 1775 {stumque
1663 1739 1800 1767 affectum

1026 1788 1103 1816 misit
1118 1788 1147 1815 in
1163 1795 1213 1815 cor
1230 1787 1311 1815 Judae
1325 1788 1345 1821 ἢ,
1361 1789 1393 1814 ut
1414 1787 1571 1814 Dominum
1587 1786 1724 1814 traderet.
1748 1785 1800 1814 1110

1027 1836 1132 1862 atl'ectn
1147 1834 1267 1861 inclinat
1281 1833 1319 1861 ad
1335 1841 1460 1869 qumque
1473 1833 1580 1869 turpia.
1596 1832 1678 1861 Unde
1692 1833 1763 1861 Osee
1773 1833 1799 1860 ⁹:

1026 1882 1157 1916 Spiritus,
1182 1880 1287 1916 inquit,
1311 1881 1501 1913 fornicationis
1524 1879 1627 1915 decepit
1648 1888 1698 1907 eos.
1716 1880 1802 1913 Quod

1028 1931 1126 1956 autem
1141 1927 1256 1955 affectio
1273 1927 1444 1954 charitativa
1462 1926 1578 1954 differat
1597 1926 1636 1954 ab
1660 1926 1723 1961 illo,
1739 1926 1803 1962 pla-

1029 1984 1100 2002 num
1114 1976 1164 2009 est,
1188 1974 1258 2010 quia
1273 1973 1314 2001 illi
1331 1973 1535 2001 contrariatur.
1552 1975 1573 2000 Α
1586 1973 1687 2009 spiritu
1704 1974 1803 2001 autem

1028 2022 1170 2056 humano,
1195 2025 1251 2049 lam
1268 2029 1301 2048 ex
1320 2021 1420 2047 innata
1442 2020 1637 2054 ingenuitate,
1658 2028 1748 2056 quam
1767 2028 1803 2048 ex

1028 2069 1180 2102 studiosa,
1207 2070 1234 2095 et
1257 2067 1413 2095 exercitata
1435 2066 1643 2103 exquisitione,
1669 2066 1804 2094 oriuntur

1028 2116 1211 2152 quandoque
1235 2116 1354 2143 all'cctus
1371 2114 1499 2142 amorosi
1524 2114 1563 2141 ad
1579 2123 1729 2142 summum
1750 2114 1804 2142 bo—

1028 2172 1100 2191 nuui
1117 2162 1314 2197 diligendum,
1336 2161 1419 2197 quod
1445 2163 1487 2188 est
1502 2169 1616 2189 summe
1633 2161 1802 2197 appetibile,

1028 2214 1054 2239 ct
1069 2214 1134 2238 sunt
1150 2209 1292 2236 siiwillinii
1305 2208 1451 2236 affectioni
1463 2209 1651 2243 charitativae,
1666 2209 1727 2236 sive
1740 2217 1804 2244 gra-

1028 2258 1115 2285 tuitae.
1133 2259 1205 2284 Num
1216 2256 1238 2283 si
1255 2255 1417 2291 accipiatur
1432 2255 1542 2289 gradus
1557 2255 1693 2283 maximoe
1709 2255 1803 2282 chari-

1028 2306 1102 2339 tatis,
1113 2305 1174 2341 qui,
1191 2306 1309 2332 testante
1325 2303 1445 2330 veritate
1462 2303 1491 2329 in
1507 2303 1676 2338 Evangelio,
1693 2302 1762 2330 est¹⁰
1772 2305 1802 2330 ut

1027 2355 1145 2380 (ιιιίηπιιη
1161 2360 1235 2379 suum
1249 2353 1332 2386 ponat
1348 2352 1408 2385 quis
1421 2359 1468 2385 pro
1485 2352 1578 2377 amicis
1592 2352 1658 2381 suis,
1675 2349 1802 2378 similem

1028 2399 1154 2435 gradum
1171 2406 1206 2425 ex
1220 2397 1301 2433 puris
1318 2397 1502 2424 naturalibus
1518 2396 1706 2424 inveniuntur
1719 2396 1802 2424 multi

1027 2445 1202 2475 ascendisse.
1232 2444 1311 2472 Unde
1336 2444 1513 2479 Augustinus
1536 2445 1635 2470 narrat
1660 2444 1697 2477 ¹¹,
1720 2443 1803 2479 quod

1028 2537 1084 2561 xin,
1100 2533 1123 2555 Ji.
1139 2544 1168 2548 —
1186 2531 1194 2543 '³
1208 2532 1294 2560 (li-eg„
1311 2529 1413 2557 Mor-al„
1429 2528 1474 2553 lib.
1489 2529 1519 2558 X,
1537 2535 1558 2551 c.
1576 2533 1611 2557 iv,
1629 2534 1695 2552 vers.
1714 2528 1756 2552 fiu.
1772 2541 1803 2546 -—

1028 2569 1033 2581 ³
1051 2568 1069 2591 Ιι
1088 2567 1155 2597 Ray„
1172 2572 1230 2595 λιιι,
1246 2568 1268 2589 53.
1283 2578 1314 2583 —
1330 2568 1338 2578 -“
1351 2565 1435 2595 Joun..
1452 2570 1509 2594 xm,
1525 2566 1548 2587 2.
1563 2576 1593 2581 —
1607 2565 1616 2578 ⁰
1632 2564 1746 2594 Ose.,1v‚
1764 2565 1801 2588 12.

1027 2617 1053 2620 ——
1072 2603 1090 2618 ¹⁰
1105 2603 1186 2632 Joan„
1203 2608 1244 2631 μ’,
1267 2603 1303 2626 13.
1321 2614 1351 2619 -
1368 2601 1383 2616 ¹¹
1402 2602 1477 2631 Aug„
1493 2598 1523 2622 de
1544 2599 1618 2623 Civit.
1636 2598 1699 2629 Dei,
1719 2599 1761 2624 lib.
1782 2599 1801 2629 Ι,

1026 2648 1047 2663 c.
1064 2643 1118 2662 vin.

1058 2685 1091 2715 rja)
1105 2684 1192 2715 Suppl.
1210 2684 1298 2713 gratia.
1316 2697 1341 2701 ν
1361 2683 1392 2714 (b)
1411 2682 1484 2706 Forte
1500 2681 1549 2713 leq.
1565 2681 1670 2706 virtutes
1686 2688 1739 2705 cor.

1812 1421 1906 1442 Affectus

1822 1452 1900 1479 triplex
1905 1467 1910 1473 .
