2004 3037
427 210 478 242 DE
499 209 655 242 SEPTEM
677 208 793 241 DONlS
816 209 997 242 SPIRITUS
1021 210 1173 245 SANCTl.
1198 215 1284 247 CAP.
1309 215 1363 247 ΠΙ.

83 279 180 309 Primo
198 279 288 315 igitur
309 281 352 307 est
369 278 458 307 valde
479 277 651 312 laudabile,
670 275 780 305 scilicet
794 285 863 305 con-

82 327 182 356 silium
208 327 239 354 in
271 326 411 355 omuibus
439 326 566 355 libenter
596 324 758 362 requirere.
792 325 861 353 ideo

83 373 191 402 dicitur
205 373 236 401 in
254 374 336 401 Tobia
349 374 356 391 ¹
367 382 377 402 :
389 374 534 402 Consilium
547 379 650 407 semper
661 379 679 399 a
692 373 813 407 sapiente
824 371 861 408 (a)

81 422 200 457 require.
217 420 354 449 Secundo
373 420 404 449 in
423 419 546 448 consilio
568 420 611 447 est
624 418 776 447 laudabile
793 427 863 447 con-

81 468 226 496 siliarium
253 468 370 496 bonum
399 466 518 502 eligere.
549 465 630 493 Unde
658 467 744 500 nota,
778 466 862 502 quod

81 515 246 544 secundum
272 514 438 543 doctrinam
472 520 561 541 sacrm
588 513 757 548 Scripturas,
788 514 861 540 Deus

82 561 267 590 consiliarius
282 563 326 590 est
339 560 495 596 eligendus
506 567 568 596 prae
580 559 731 588 omnibus
746 561 819 588 Nam
830 559 861 586 in

84 608 209 636 consilio
225 610 253 636 et
268 615 324 645 pro
338 607 460 636 consilio
479 606 676 643 requirendo,
695 606 792 642 primo
810 605 861 633 eli-

81 655 198 690 gendus
212 656 255 683 est
266 656 351 688 Deus,
366 663 427 683 non
440 653 597 689 diabolus;
614 653 694 682 unde
709 653 815 681 dicitur
830 653 860 680 in

81 702 189 731 eodem
213 703 295 730 Tobia
316 702 327 719 ²
353 711 359 730 :
389 703 489 730 Omnia
511 702 626 729 consilia
651 703 697 728 tua
724 703 754 728 in
782 702 858 735 ipso,

80 748 190 777 scilicet
202 749 234 777 in
250 750 320 783 Deo,
339 751 476 777 maneant.
492 748 627 777 Secundo
645 747 799 783 eligendus
818 749 862 775 est

77 796 187 831 justus,
207 804 269 824 non
289 796 412 832 impius;
433 795 513 823 unde
536 795 642 823 dicitur
664 795 695 822 in
713 796 861 822 Ecclesias-

79 844 131 870 tico
146 844 157 860 ³
172 851 183 870 .·
197 843 246 871 Cor
259 844 320 871 boni
334 845 443 871 consilii
456 845 544 871 statue
556 846 658 874 tecam,-
669 842 741 878 quia
755 841 860 870 dicitur

79 889 110 917 in
124 891 275 917 Proverbiis
291 891 301 907 ⁶
325 901 331 916 :
357 891 478 918 Consilia
497 891 645 924 impiorum
663 890 859 924 fraudulenta,

79 936 150 972 quia
172 936 223 964 vix
253 936 306 965 scit
328 937 393 965 aliis
421 936 579 964 consilium
605 936 695 969 dare,
721 935 773 971 qui
801 936 860 964 sibi

77 983 170 1011 nescit
186 983 328 1019 accipere.
349 985 382 1011 Et
398 983 466 1011 ideo
488 983 594 1010 dicitur
614 982 645 1009 in
666 983 760 1010 Genesi
778 983 788 1000 ⁵
804 984 859 1010 :In

77 1031 189 1058 consilio
213 1038 323 1065 eorum,
346 1030 458 1058 scilicet
484 1029 661 1066 impiorum,
687 1037 740 1057 non
767 1032 860 1057 veniat

77 1078 171 1104 anima
183 1085 250 1104 mea.
265 1076 360 1104 Tertio
371 1076 526 1112 eligendus
535 1078 577 1104 est
589 1076 707 1112 sapiens
722 1076 859 1104 consilia-

77 1123 153 1159 rius,
171 1131 234 1151 non
250 1123 347 1152 fatuus
354 1133 362 1159 ;
385 1123 453 1152 ideo
480 1123 592 1151 dictum
617 1125 660 1151 est
682 1123 713 1150 in
731 1124 812 1150 Tobia
826 1124 855 1152 6;

1644 218 1703 248 309

921 277 957 306 da
970 280 1145 314 pauperibus.
1162 283 1193 310 Et
1205 283 1315 312 Seneca
1330 283 1409 319 dicit,
1425 283 1508 320 quod
1520 282 1703 320 quietissime

919 324 1053 354 viverent
1066 327 1214 364 homines,
1229 329 1253 357 si
1270 330 1332 358 hoec
1348 330 1410 358 duo
1424 329 1605 366 pronomina
1620 329 1704 359 tolle-

919 375 1020 400 rentur
1039 373 1076 402 de
1096 376 1223 411 mundo,
1239 377 1350 406 scilicet
1369 385 1468 411 meum,
1488 378 1516 404 et
1535 379 1621 404 tuum.
1637 378 1704 406 Ter-

919 419 993 448 tium
1017 421 1174 450 consilium
1199 426 1240 451 est
1263 423 1442 452 obedientiae
1464 425 1492 451 et
1513 423 1702 460 humilitatis,

919 469 1022 496 contra
1036 469 1208 505 superbiam
1224 470 1303 505 vitae,
1321 471 1360 499 de
1378 479 1440 507 quo
1460 469 1568 498 dicitur
1582 470 1612 498 in
1627 472 1702 499 Mat-

920 514 986 542 tkaeo
999 513 1020 532 ¹²
1036 524 1042 543 :
1060 516 1114 549 Qui
1133 518 1192 544 vult
1213 519 1306 546 venire
1325 520 1388 553 post
1404 525 1454 550 me,
1477 517 1589 552 abneget
1609 519 1702 545 semet-

918 561 1017 596 ipsam,
1034 565 1059 589 et
1076 564 1154 590 tollat
1174 572 1278 592 crucem
1295 572 1383 597 suam,
1400 567 1426 592 et
1440 566 1571 599 sequatur
1585 572 1633 592 me.
1650 565 1701 593 Se-

918 608 1076 644 metipsum
1097 609 1258 646 abnegare,
1279 613 1322 638 est
1341 611 1497 647 propriam
1517 611 1702 639 voluntatem

917 655 1096 691 relinquere.
1113 657 1264 693 Optimum
1279 658 1446 685 consilium.
1460 657 1541 685 Unde
1557 657 1628 686 dicit
1640 659 1702 686 Ber-

917 702 1029 730 nardus
1045 703 1066 720 ¹³
1083 712 1090 730 ;
1110 714 1123 728 «
1137 703 1218 732 Tolle
1233 705 1387 741 propriam
1402 705 1597 740 voluntatem,
1612 706 1640 733 et
1657 705 1702 733 in-

916 747 1016 776 fernus
1036 758 1098 777 non
1113 750 1176 778 erit.
1191 761 1205 777 n
1227 752 1401 788 Exemplum
1422 751 1459 779 dc
1479 752 1567 780 fratre
1587 753 1700 787 orante,

917 797 945 822 ct
960 795 1082 824 diabolo
1102 797 1269 826 insultante.
1287 799 1318 826 Et
1334 799 1404 834 quia
1419 799 1563 835 superius,
1579 798 1610 826 in
1625 801 1700 827 trac-

917 844 978 870 tatu
994 843 1026 870 cle
1042 844 1170 872 Consiliis
1180 843 1210 878 ¹⁴,
1221 845 1308 881 plene
1324 845 1436 873 dictum
1449 847 1492 873 est
1502 845 1539 873 de
1549 845 1595 873 his
1607 845 1701 874 tribus

917 889 1063 924 consiliis;
1081 890 1149 918 ideo
1166 900 1231 927 quae
1251 892 1330 920 dicta
1349 894 1417 920 sunt
1434 892 1471 920 de
1487 893 1569 921 dono
1585 892 1701 920 consilii

916 936 1009 964 modo
1024 937 1181 966 sufficiant.

1189 1032 1332 1066 CAPUT
1365 1033 1421 1067 111.

1144 1106 1182 1132 De
1208 1105 1274 1132 dono
1305 1106 1470 1133 Intellectus.

77 1171 225 1199 Consilium
239 1179 342 1206 semper
355 1179 372 1198 a
387 1172 508 1206 sapiente
522 1172 638 1205 require,
656 1178 717 1197 non
730 1178 748 1197 a
762 1170 856 1205 fatuo,

78 1217 150 1253 quia
172 1217 278 1246 dicitur
305 1218 336 1245 in
358 1219 545 1245 Ecclesiastico
567 1218 577 1234 Ἴ
602 1227 609 1244 :
628 1217 692 1244 Cum
708 1218 793 1250 fatuis
806 1209 858 1245 non

77 1264 172 1292 habeas
190 1266 330 1292 consilium
345 1274 353 1291 .-
368 1273 420 1292 non
442 1266 511 1292 enim
527 1266 641 1299 possunt
656 1265 786 1298 diligere,
802 1266 859 1292 nisi

77 1319 136 1346 quae
152 1313 190 1338 eis
205 1313 325 1347 placent.
348 1312 458 1345 Quarto
479 1310 635 1346 eligendus
655 1313 697 1338 est
718 1319 809 1338 senex
830 1313 858 1339 et

77 1360 226 1394 expertus,
239 1359 271 1386 ut
285 1357 392 1385 dicitur
406 1357 436 1385 in
446 1357 647 1385 Ecclesiastico
656 1358 666 1374 ⁸
678 1367 684 1385 :
700 1359 786 1391 Quam
800 1366 858 1393 spe-

77 1407 149 1432 ciosa
166 1406 300 1432 veteranis
317 1407 466 1440 sapientia,
483 1408 508 1432 et
525 1406 650 1439 ploriosis
665 1407 818 1432 intellectus
832 1409 858 1433 et

77 1452 235 1479 consilium!
243 1453 306 1479 Non
317 1454 359 1478 est
370 1459 424 1487 pro
438 1451 561 1479 consilio
573 1451 729 1486 eligendus
739 1452 857 1486 juvenis

951 1174 1018 1200 Post
1035 1173 1149 1201 donum
1170 1174 1285 1202 consilii
1307 1175 1436 1203 dicenda
1457 1176 1525 1202 sunt
1542 1183 1640 1212 pauca
1661 1176 1819 1206 de1nieuee-

916 1219 997 1246 dono
1022 1219 1185 1248 intellectus
1209 1223 1236 1248 et
1258 1221 1339 1249 dono
1363 1222 1535 1258 sapientiae3
1559 1222 1630 1258 quia
1650 1222 1698 1252 hic
1713 1217 1822 1269 miazi&-

914 1269 1039 1302 possunt
1055 1267 1113 1295 dici
1129 1267 1190 1295 sere
1209 1269 1321 1303 omnia,
1343 1277 1409 1305 quae
1425 1269 1504 1296 dicta
1522 1271 1589 1297 sunt
1607 1277 1698 1306 supra
1720 1254 1813 1306 {uomo-

914 1314 1036 1341 tractatu
1058 1315 1090 1341 de
1109 1316 1218 1342 Virtute
1232 1316 1395 1350 prudentiae.
1417 1316 1498 1343 Unde
1518 1317 1696 1352 notandum,
1711 1311 1820 1368 ᾱέθζιῑζῗ·

914 1360 997 1395 quod
1012 1360 1104 1388 virtus
1119 1362 1294 1397 prudentiae,
1313 1365 1340 1390 et
1357 1363 1471 1391 donum
1492 1363 1617 1399 consilii,
1639 1364 1694 1391 dif-
1710 1375 1731 1394 et
1747 1375 1817 1394 consi-

912 1406 1010 1434 serunt
1036 1416 1053 1435 a
1082 1408 1163 1436 dono
1188 1409 1352 1437 intellectus
1378 1412 1405 1437 et
1428 1410 1597 1446 sapientiae,
1623 1411 1695 1447 quia
1709 1405 1816 1458 Ῑέζῑέζῗξζ

914 1454 1072 1482 consilium
1088 1458 1115 1482 et
1129 1456 1287 1491 prudentia
1302 1457 1449 1492 pertinent
1463 1457 1503 1485 ad
1517 1457 1609 1485 vitam
1624 1458 1694 1486 acti—
1709 1469 1810 1489 differant

75 1498 221 1526 lascivus:
237 1498 306 1526 ideo
323 1498 458 1526 Roboam
468 1506 523 1533 pro
538 1506 648 1533 magna
662 1500 744 1534 parte
759 1499 858 1527 amisit

75 1553 203 1580 regnum
217 1554 319 1580 suum,
333 1546 416 1582 quia,
433 1546 533 1574 relicto
552 1546 676 1574 consilio
693 1546 855 1580 seniorum,

76 1591 199 1620 adhaesit
216 1593 339 1621 consilio
356 1593 517 1628 juvenum,
539 1595 571 1620 ut
594 1593 701 1621 dicitur
721 1593 751 1620 in
771 1593 855 1621 tertio

74 1641 175 1674 Regum
190 1640 211 1667 ⁹.

111 1687 204 1715 Tertio
229 1686 395 1714 videndum
419 1688 474 1720 est,
503 1693 570 1721 quae
598 1686 634 1714 sit
662 1687 856 1715 consiliorum

76 1733 250 1761 differentia.
267 1735 300 1761 Et
313 1735 394 1768 nota,
411 1733 495 1769 quod
510 1733 584 1760 sicut
601 1741 727 1769 sponsus
744 1734 855 1769 jocalia

76 1780 228 1808 consuevit
247 1782 364 1816 portare
385 1788 517 1815 sponsae,
544 1788 612 1807 cum
633 1788 693 1816 qua
714 1780 750 1808 de
773 1789 854 1809 novo

76 1827 233 1862 contraxit;
250 1827 290 1854 ita
304 1827 443 1861 Christus,
456 1827 508 1862 qui
520 1828 664 1862 tanquam
676 1836 802 1863 sponsus
817 1828 854 1855 de

76 1873 206 1901 thalamo
221 1873 397 1909 procedens,
412 1881 497 1901 novae
509 1882 625 1909 sponsae
637 1882 696 1901 suae
707 1874 853 1909 Ecclesiae,

76 1929 144 1948 cum
165 1929 224 1956 qua
246 1923 382 1949 naturam
404 1923 536 1949 nostram
557 1930 625 1949 cum
647 1930 701 1950 sua
721 1922 853 1951 uniendo

75 1967 106 1994 in
120 1967 229 1995 unitate
248 1976 382 2003 personae
400 1968 623 1995 matrimonium
643 1970 854 1998 sacramentale

76 2015 230 2050 contraxit,
250 2023 330 2042 nova
346 2014 466 2050 jocalia,
486 2014 518 2042 id
539 2017 590 2048 est,
610 2015 665 2042 tria
681 2016 854 2051 evangelica

76 2062 199 2090 consilia
216 2061 391 2098 apportavit.
413 2061 543 2089 Primum
563 2061 720 2089 consilium
735 2064 777 2089 est
792 2071 853 2090 cas-

75 2109 158 2143 titas,
182 2110 285 2137 contra
307 2108 577 2144 concupiscentiam
602 2108 707 2136 carnis.
734 2110 772 2136 De
796 2109 853 2136 hoc

76 2156 199 2184 consilio
210 2156 336 2184 habetur
346 2156 376 2182 in
386 2155 558 2182 Matthoeo¹⁰:
569 2156 630 2183 Non
643 2163 730 2182 omnes
739 2157 853 2190 capiunt

74 2204 181 2230 verbum
202 2203 293 2237 istud,
314 2202 360 2229 sed
381 2203 477 2237 qzn'ous
500 2202 593 2229 datam
613 2204 659 2229 est.
683 2202 765 2230 Tales
786 2204 854 2229 sunt

75 2250 155 2277 enim
175 2249 316 2284 eunuchi,
336 2249 388 2285 qui
406 2257 436 2276 se
452 2251 579 2276 castrant
592 2250 713 2284 propter
728 2257 853 2284 regnum

75 2297 228 2324 coelorum.
251 2296 419 2324 Secundum
442 2295 599 2323 consilium
620 2298 662 2323 est
680 2296 853 2324 voluntariae

75 2343 266 2379 paupertatis,
283 2345 384 2371 contra
399 2342 668 2378 concupiscentiam
684 2343 851 2371 oculorum.

77 2390 115 2417 De
135 2398 196 2425 quo
217 2390 340 2417 consilio
364 2390 489 2417 habetur
512 2389 543 2416 in
558 2390 684 2417 Mattlzaeo
697 2390 734 2417 ¹¹:
757 2390 788 2416 Si
812 2392 853 2417 vis

75 2437 208 2470 perfectus
224 2444 288 2471 esse,
308 2437 375 2463 vade
395 2440 418 2465 et
433 2436 516 2464 vende
536 2438 627 2464 omnia
643 2445 702 2471 quoe
722 2438 811 2472 habes,
828 2441 852 2465 et

111 2533 117 2548 1
133 2531 199 2560 ch.,
214 2537 249 2561 IV,
266 2533 344 2556 19.-
362 2532 456 2562 ²1bid.,
473 2534 511 2556 20.
523 2546 553 2549 —
567 2533 577 2548 3
589 2533 678 2563 Ecca„
697 2540 796 2563 xxxvii,
816 2537 851 2558 17.

77 2568 220 2596 -bPJ-ou„
237 2572 284 2597 ΧΠ,
303 2569 325 2591 5.
338 2581 368 2595 ,-
379 2569 389 2584 ⁵
401 2568 471 2597 Gara,
488 2574 561 2598 κως,
577 2569 599 2592 6.
612 2581 641 2586 -
656 2570 664 2583 ⁸
679 2569 745 2599 Tob„
762 2576 796 2600 iv,
814 2572 850 2594 15).

78 2616 109 2621 -—
124 2604 130 2617 '¹
146 2602 237 2632 Eccli„
253 2608 308 2633 vm,
324 2604 362 2627 20.
381 2617 407 2622 -
422 2603 432 2620 θ
448 2604 539 2628 Εεςίιᾈ,
553 2610 613 2633 XXV,
629 2606 652 2628 7.
668 2618 698 2622 —
712 2607 720 2619 ⁹
738 2606 767 2630 lii
785 2607 853 2637 Κεφ,

78 2644 132 2668 xli,
156 2640 194 2662 14.
216 2651 246 2656 ——
266 2639 285 2655 ¹⁰
306 2639 411 2669 Mami„
434 2645 493 2670 xix,
519 2642 555 2663 11.
577 2653 608 2657 —-
628 2641 645 2656 ¹¹
670 2640 743 2670 thid..
767 2644 806 2666 21.
823 2656 853 2659 —

79 2674 99 2691 ¹²
120 2674 232 2705 Mami„
265 2680 328 2705 XVI,
353 2675 391 2700 24.
414 2688 444 2693 —
471 2675 489 2691 ¹³
510 2676 603 2706 Rern„
624 2675 654 2700 de
676 2679 854 2702 resurrectione

913 1508 998 1533 vam,
1016 1502 1044 1528 et
1058 1503 1125 1528 sunt
1141 1502 1177 1529 de
1192 1502 1312 1537 activis3
1330 1503 1494 1531 intellectus
1510 1506 1537 1531 et
1551 1504 1695 1540 sapientia

912 1547 1059 1582 pertinent
1074 1548 1113 1575 ad
1128 1548 1220 1576 vitam
1239 1549 1511 1585 contemplativam,
1532 1553 1559 1578 et
1575 1552 1642 1578 sunt
1657 1551 1694 1578 de

913 1594 1159 1629 contemplativis,
1186 1595 1327 1623 Differunt
1355 1598 1453 1624 autem
1477 1596 1642 1625 intellectus
1667 1599 1696 1626 et

911 1640 1066 1675 sapientia,
1083 1641 1153 1677 quia
1167 1641 1331 1670 intellectus
1350 1645 1392 1670 est
1412 1643 1540 1678 cognitio
1555 1644 1693 1679 specula-

911 1686 987 1721 tiva,
1012 1689 1040 1714 et
1063 1688 1148 1723 quasi
1172 1689 1302 1723 cognitio
1330 1697 1384 1725 per
1409 1690 1523 1725 visum3
1549 1691 1694 1726 sapientia

910 1741 982 1761 vero
1002 1736 1044 1762 est
1058 1735 1187 1770 cognitio
1202 1736 1439 1772 experimentalis
1459 1738 1487 1764 et
1505 1738 1644 1773 practica,
1666 1740 1695 1766 et

911 1781 996 1816 quasi
1011 1782 1140 1816 cognitio
1157 1790 1210 1818 per
1225 1784 1353 1817 gustum.
1370 1785 1402 1810 Et
1417 1783 1486 1811 ideo
1502 1784 1637 1820 superior
1651 1788 1694 1813 esi:

910 1828 1070 1863 sapientia,
1091 1829 1161 1865 quia
1181 1829 1345 1857 intellectus
1369 1832 1482 1858 tantum
1504 1830 1574 1859 dicit
1592 1832 1694 1867 cogni-

910 1874 1032 1908 tionem,
1044 1875 1092 1903 vel
1106 1875 1267 1911 visionem:
1285 1876 1429 1912 sapientia
1444 1885 1535 1913 supra
1550 1879 1694 1913 cognitio-

909 1929 978 1948 nem
1000 1922 1070 1949 dicit
1090 1922 1326 1950 delectationem.
1351 1925 1383 1951 Et
1404 1926 1483 1959 nota,
1505 1925 1590 1960 quod
1610 1925 1694 1953 intel-

908 1967 999 1996 lectus
1012 1969 1083 1996 foris
1095 1971 1150 1997 stat
1156 1979 1163 2004 5
1178 1970 1322 2005 sapientia
1334 1978 1386 2006 per
1399 1970 1538 1998 affectum
1553 1971 1651 2005 intrat,
1666 1974 1693 1999 et

908 2015 973 2050 ipsa
983 2015 1104 2043 delicias
1115 2017 1253 2051 suggerit.
1267 2017 1347 2044 Unde
1362 2017 1468 2044 dicitur
1482 2018 1513 2044 in
1527 2018 1642 2045 Psalmo
1654 2019 1690 2046 ¹⁵:

909 2062 1021 2089 Gustata
1040 2066 1065 2089 et
1089 2063 1195 2096 videte,
1221 2065 1349 2097 quoniam
1372 2065 1463 2091 suavis
1487 2067 1526 2091 est
1549 2065 1690 2092 Dominus.

910 2109 1020 2136 Gustare
1043 2109 1082 2136 ad
1104 2109 1279 2144 sapientiam
1299 2109 1424 2145 pertinet
1432 2120 1440 2145 3
1464 2111 1516 2138 sed
1538 2111 1631 2138 videre
1651 2111 1691 2139 ad

908 2153 1089 2181 intellectum
1106 2164 1113 2181 .-
1131 2155 1201 2190 quia
1217 2156 1300 2191 quod
1320 2156 1485 2184 intellectus
1504 2159 1587 2185 acute
1606 2157 1690 2185 inve-

908 2201 960 2234 nit,
976 2201 1118 2237 sapientia
1132 2204 1246 2230 mature
1259 2203 1399 2238 disponit,
1416 2204 1494 2231 etad
1506 2204 1690 2240 spiritualem

909 2248 1135 2276 delectationem
1159 2251 1319 2285 convertit,
1344 2253 1377 2278 ut
1392 2251 1462 2279 dicit
1486 2253 1642 2287 Gregorius
1658 2254 1687 2280 ¹⁶.

909 2296 1029 2322 Summa
1046 2295 1135 2331 hujus
1151 2296 1322 2324 differentiae
1342 2300 1393 2333 est,
1411 2299 1494 2334 quod
1514 2299 1628 2327 donum
1646 2300 1690 2327 in-

908 2342 1039 2369 tellectus
1055 2345 1096 2370 est
1110 2343 1229 2379 proprie
1245 2345 1462 2379 penetrativum
1477 2354 1483 2372 :
1505 2345 1558 2373 sed
1574 2346 1689 2374 donum

908 2389 1058 2424 sapientire
1073 2391 1115 2417 est
1130 2390 1250 2426 proprie
1263 2392 1475 2426 saporativum.

944 2436 992 2462 His
1015 2437 1184 2472 propositis,
1208 2437 1245 2464 de
1269 2437 1350 2465 dono
1372 2438 1536 2466 intellectus
1556 2439 1688 2467 notanda

908 2486 975 2510 sunt
992 2491 1103 2519 pauca,
1124 2487 1151 2511 et
1172 2485 1337 2521 specialiter
1357 2486 1422 2515 tria.
1444 2486 1589 2514 Debemus
1609 2487 1688 2514 enim

910 2557 1024 2585 Domini.
1046 2565 1122 2582 serm.
1150 2566 1193 2590 111,
1218 2562 1276 2584 ante
1307 2561 1376 2584 med.
1400 2575 1431 2579 —
1454 2561 1472 2577 ¹¹⁴
1494 2563 1566 2591 sup,
1591 2561 1627 2584 tit.
1654 2567 1686 2585 iv.

909 2594 968 2612 -15
980 2593 1049 2652 Psall.
1066 2600 1161 2625 xxxni,
1178 2598 1200 2619 9.
1217 2609 1246 2613 -
1259 2597 1276 2610 ¹⁶
1289 2597 1375 2627 Grcg.‚
1392 2598 1417 2620 in
1433 2597 1529 2624 ezech..
1544 2597 1614 2620 hom.
1631 2603 1686 2627 nx,

911 2631 968 2653 ante
984 2636 1051 2652 mei.

944 2677 972 2706 (a)
990 2676 1051 2700 Caet.
1069 2677 1129 2701 edit.
1146 2678 1304 2708 facientibus.
