2004 3037
241 212 297 244 186

237 277 345 313 Quint-0
354 275 453 313 mode
463 275 543 311 tellit.
556 275 688 316 <charitas
707 281 869 312 utumque
885 275 1014 310 utroque

238 324 346 365 modo,
360 325 390 360 et
403 323 523 360 insuper
530 330 656 357 ‚omnem
669 321 820 356 miseriam
827 330 842 349 .:
853 323 885 351 et
894 321 954 350 hoe.
964 320 1016 350 fiet

238 371 270 399 in
283 370 388 407 patria.
403 369 532 398 Perfecta
547 371 590 398 est
605 369 750 404 charitas,
767 368 892 406 quando
906 369 949 397 est
962 367 1016 397 ha-

237 418 301 446 bitu
316 425 443 453 magna,
462 419 546 446 motu
567 417 700 445 interiori
720 417 848 451 directa,
863 423 954 453 opere
968 423 1016 443 ex-

238 464 338 493 teriori
361 464 486 492 sollicita
499 485 510 499 ‚
531 464 634 495 radice
658 463 804 498 stabilita,
818 463 935 491 fervore
956 462 1016 490 dis-

238 513 334 545 creta,
355 511 513 539 dulcedine
541 510 752 551 consolatoria.
778 509 951 546 Diligendus
974 511 1018 538 est

238 559 313 586 Deus
329 560 383 586 toto
398 558 493 592 corde,
511 557 543 586 id
565 559 623 592 est,
643 557 792 586 intellectu
812 557 875 585 sine
896 564 996 585 errore
1007 565 1015 592 ;

239 607 296 633 tota
312 606 420 640 anima,
430 604 463 632 id
479 607 536 639 est,
547 605 699 633 voluntate
712 605 775 634 sine
790 605 996 633 contrarietate
1008 613 1015 634 z

239 653 296 680 tota
309 654 411 687 mente,
426 651 458 680 id
473 654 530 686 est,
545 651 691 681 memoria
709 651 772 680 sine
794 651 957 680 oblivione.

488 746 632 781 CAPUT
655 746 765 780 XXX.

456 819 494 847 De
521 819 615 846 ordine
641 818 802 846 Char-itatis.

278 889 357 918 Ordo
371 889 535 924 charitatis,
551 888 716 918 secundum
731 888 926 924 Augustinum
937 889 945 905 ¹
956 907 965 920 ,
977 888 1020 915 est

241 935 364 972 diligere
387 935 485 972 primo
512 935 595 972 quod
616 943 706 972 supra
733 943 789 962 nos
813 936 874 968 est,
899 933 931 961 id
955 935 1017 968 est,

241 984 351 1018 Deum;
367 982 477 1011 deinde
492 982 576 1018 quod
588 990 642 1010 nos
656 989 774 1014 sumus;
785 983 853 1018 post
865 980 923 1008 hoc
934 979 1018 1016 quod

237 1029 323 1064 juxta
337 1037 388 1056 nos
407 1030 469 1064 est,
484 1028 516 1057 id
530 1030 588 1063 est,
603 1027 796 1065 proximum,
812 1027 918 1055 ultimo
933 1027 1017 1063 quod

241 1075 317 1104 infra
327 1083 382 1104 nos
393 1077 450 1110 est,
464 1075 496 1103 id
512 1077 568 1109 est,
581 1083 690 1111 corpus
704 1076 839 1103 nostrum
851 1075 1018 1111 proprium.

241 1124 273 1151 ln
288 1122 395 1150 eodem
411 1122 506 1158 gradu
521 1121 665 1150 contineri
682 1122 771 1149 debet
791 1129 899 1157 corpus
920 1120 1020 1156 proxi-

242 1170 299 1205 mi,
319 1170 390 1206 quia
414 1172 573 1205 utrumque
599 1171 678 1197 tenet
704 1168 850 1196 rationem
874 1167 1020 1196 inferioris

242 1217 315 1244 boni
335 1219 469 1253 respectu
493 1216 612 1252 spiritus
636 1215 738 1244 nostri.
762 1215 932 1244 secundum
950 1217 1019 1243 Am-

243 1263 396 1291 brosium’
412 1263 581 1299 diligendus
603 1265 645 1291 est
664 1262 762 1299 primo
784 1263 872 1296 Deus,
888 1260 1020 1289 secundo

243 1312 395 1345 parentes,
414 1309 522 1337 deinde
543 1309 612 1344 filii,
628 1311 695 1346 post
721 1308 892 1343 domestici,
916 1308 1020 1335 ultimo

244 1356 354 1384 inimici
371 1365 377 1384 x
394 1356 446 1384 sed
458 1356 515 1384 hoc
531 1356 567 1384 de
579 1356 759 1384 exhibitione
775 1355 897 1392 quidam
913 1354 1020 1383 intelli-

245 1406 328 1438 gunt.

282 1450 394 1487 Aliquis
408 1450 505 1486 magis
523 1450 656 1486 diligitur
678 1450 716 1478 ab
739 1450 832 1478 altero
850 1449 1021 1484 multiplici-

246 1499 308 1532 ter,
331 1497 442 1525 scilicet
465 1496 572 1532 majori
593 1497 721 1531 affectu,
744 1497 786 1524 sic
808 1504 897 1532 super
921 1495 1023 1524 omnia

247 1543 417 1579 diligendus
433 1546 475 1571 est
491 1546 564 1572 Deus
582 1552 588 1570 ε
607 1543 659 1571 sed
682 1543 756 1571 inter
770 1543 907 1571 homines
928 1542 1023 1577 magis

247 1590 391 1626 diligendi
421 1593 488 1618 sunt
512 1592 661 1626 parentes,
692 1598 783 1626 quam
814 1590 866 1617 tilii
881 1599 888 1621 3
916 1589 1023 1617 deinde

247 1637 478 1672 consanguinei,
505 1637 669 1665 secundum
692 1637 802 1672 gradus
827 1636 1022 1672 cognationis.

247 1684 347 1719 Majori
364 1684 469 1711 affectu
485 1683 628 1719 diligendi
644 1685 711 1711 sunt
729 1683 799 1717 filii,
816 1691 906 1719 quam
923 1691 1026 1719 paren-

250 1733 310 1763 tes;
332 1731 383 1758 sed
405 1739 488 1766 arque
507 1730 679 1766 parentibus
708 1730 941 1758 succurrendum
963 1732 1025 1763 est,

248 1777 330 1813 prius
348 1777 444 1812 magis
460 1776 614 1812 indigenti.
639 1776 683 1804 Ad
706 1777 851 1811 majorem
875 1777 1000 1811 gratiam
1017 1786 1022 1804 :

249 1824 290 1852 sic
306 1824 398 1859 magis
415 1823 561 1859 diligendi
577 1825 646 1851 sunt
665 1824 715 1859 qui
738 1831 768 1851 se
789 1823 883 1858 magis
907 1823 945 1850 ad
962 1832 1026 1859 gra<

250 1871 320 1899 tiam
335 1873 502 1907 praeparant
521 1873 547 1898 et
561 1870 726 1898 habilitant.
752 1870 795 1898 Ad
819 1870 945 1905 gloriam
962 1880 968 1897 ι
985 1870 1025 1898 sic

250 1917 394 1953 diligendi
416 1919 482 1944 sunt
505 1917 672 1944 secundum
698 1917 807 1952 gradus
830 1917 1026 1952 participandi

250 1965 365 1992 bonum
379 1964 488 1999 gratim.
505 1965 577 1991 Nota
590 1964 672 2000 quod
688 1963 768 1991 idem
785 1966 826 1991 est
845 1963 919 1991 ordo
936 1963 1026 1991 dilec-

252 2012 338 2039 tionis
355 2014 481 2046 naturae,
503 2014 531 2039 et
551 2012 669 2047 gratioe:
686 2012 742 2039 hoc
759 2013 881 2047 excepto
897 2012 907 2028 ³
918 2032 927 2046 ,
944 2011 1027 2047 quod

250 2058 341 2086 homo
353 2058 509 2087 dilectione
524 2058 651 2086 naturali
668 2067 697 2086 se
709 2058 803 2093 magis
819 2058 925 2093 diligit,
937 2065 1028 2093 quam

252 2107 356 2140 Deum3
380 2105 431 2132 sed
454 2113 469 2133 e
493 2113 636 2133 converso
663 2108 705 2133 est
730 2105 759 2132 in
784 2105 942 2132 dilectione
965 2112 1028 2139 gra-

251 2152 332 2178 tuita.
355 2153 492 2179 Praeterea
506 2153 660 2180 sciendum
685 2155 727 2180 est
749 2152 831 2188 quod
846 2151 926 2179 idem
952 2151 1028 2178 ordo

252 2198 397 2225 eharitatis
415 2220 423 2233 ,
448 2199 499 2234 qui
521 2199 687 2226 seeundum
709 2199 902 2233 Augustinnm
932 2201 974 2225 est
999 2198 1028 2225 in

251 2245 316 2278 via,
333 2245 386 2272 erit
400 2245 487 2272 ctiam
503 2245 532 2272 in
545 2246 640 2280 patria
656 2254 662 2271 :
681 2245 751 2280 quia
766 2253 833 2271 cum
851 2245 947 2279 gloria
963 2253 1029 2280 per-

253 2291 329 2318 ficiat
344 2293 497 2325 naturam,
514 2291 663 2326 quidquid
685 2299 745 2318 non
770 2294 811 2318 est
832 2290 1029 2326 imperfectio-

252 2338 297 2365 nis
311 2337 342 2364 in
356 2339 476 2371 natura,
493 2337 627 2365 manebit
642 2337 671 2364 in
685 2337 790 2372 gloria.

497 2431 638 2464 CAPUT
662 2431 785 2464 XXXI.

469 2503 506 2529 De
526 2503 670 2529 Dilectione
688 2503 816 2536 proximi.

292 2573 389 2600 Mutuo
405 2579 434 2599 se
450 2571 560 2599 debent
577 2570 712 2598 homines
728 2570 862 2605 diligere,
879 2570 949 2606 quia
968 2577 1031 2597 om-

258 2626 308 2645 nes
322 2618 533 2654 suntmembra
542 2617 629 2645 unius
644 2617 776 2652 corporis
788 2617 889 2645 Christi
902 2616 1032 2653 mystici;

258 2664 329 2700 quia
348 2673 408 2693 uno
432 2665 539 2701 Spiritu
564 2666 665 2692 sancto
689 2663 875 2691 vivificantur
897 2663 1032 2699 spiritua-

566 207 826 241 communium
845 205 1106 240 THEOLOGICAE
1126 205 1349 238 VERITATIS.
1372 206 1448 238 ΜΒ.
1471 205 1510 239 V.

1068 273 1144 309 titas,
1169 274 1199 302 et
1215 272 1380 310 uniuntur-3
1393 274 1468 311 auis
1488 281 1581 309 unm
1592 274 1692 315 iidem
1712 275 1844 313 habenti

1069 320 1142 357 quie
1163 328 1257 350 unum
1273 320 1424 357 baptisma
1439 322 1634 358 receperunt,
1657 321 1730 358 quia
1749 329 1846 358 unum

1069 368 1184 401 Patrem
1197 367 1310 400 habent
1321 369 1350 402 et
1363 368 1522 399 Dominum
1529 378 1538 404 ;
1554 367 1626 405 guia
1636 368 1680 400 ad
1693 376 1788 403 unum
1800 376 1846 398 re.-

1068 421 1163 450 gnum
1189 414 1324 449 tendunt.
1354 415 1553 444 ‚Dilectionem
1576 414 1712 455 «proximi
1738 414 1848 451 suadet

1071 462 1096 490 1.
1105 461 1155 497 jus
1163 463 1312 495 natum-‘a
1322 462 1424 491 ‚Omnia
1431 470 1601 498 quacumque
1609 463 1694 496 vult&
1701 464 1734 490 ut
1741 463 1847 496 faciant

1069 508 1145 542 vebis
1166 509 1304 545 homines,
1327 512 1352 538 et
1374 517 1420 538 vos
1444 510 1528 543 facite
1546 510 1614 538 illis.
1641 511 1669 538 2.
1689 511 1740 538 Jus
1753 509 1848 546 Sei-ip.-

1070 557 1143 589 turoe
1160 558 1171 575 ⁵
1194 565 1202 584 ε
1223 558 1325 592 Diliges
1342 559 1502 593 proximum
1527 560 1604 585 tuum
1625 558 1697 585 simu
1720 557 1846 591 teipsum.

1070 604 1097 631 3.
1114 604 1291 641 Exemplum
1305 606 1455 638 creaturae,
1471 604 1543 640 quia
1556 603 1660 632 similis
1675 602 1763 631 simili
1778 610 1850 639 gau-

1072 650 1131 686 det,
1145 653 1174 680 et
1187 658 1276 680 omne
1288 651 1385 680 simile
1399 650 1497 686 diligit
1509 650 1566 678 sibi
1580 650 1687 679 simile.

1107 697 1207 726 Melius
1226 699 1270 726 est
1290 697 1414 733 diligere
1435 705 1528 734 quam
1542 697 1643 733 diligi,
1660 695 1850 733 quadruplici

1071 744 1197 773 ratione.
1218 744 1335 779 Primo,
1349 744 1421 780 quia
1437 744 1522 780 quod
1538 743 1706 780 diligimus,
1721 743 1848 777 scimus:

1072 791 1125 820 sed
1139 791 1223 827 quod
1243 790 1417 826 diligamur,
1435 790 1601 825 nescimus,
1617 789 1670 818 sed
1688 789 1848 818 eredimus.

1072 831 1316 873 secundo‚'quia
1336 837 1480 872 diligere,
1501 836 1631 873 propriae
1654 836 1768 865 virtutis
1785 837 1848 871 est5

1072 884 1125 913 sed
1144 884 1245 919 diligi,
1260 884 1374 915 alienae.
1394 883 1507 918 Tertio,
1523 883 1595 919 quia
1609 890 1678 911 cum
1691 890 1760 911 vere
1782 882 1850 911 dili·

1073 932 1181 967 gimus,
1196 931 1271 959 alios
1285 931 1373 960 nobis
1386 931 1557 966 obligamus
1562 940 1571 965 ;
1587 938 1655 958 cum
1668 938 1739 958 vero
1752 929 1849 965 diligi-

1073 986 1151 1012 mur,
1167 978 1232 1006 aliis
1247 978 1425 1014 obligamur.
1443 979 1570 1013 Quarto,
1585 978 1656 1014 quia
1670 986 1738 1006 cum
1753 977 1850 1013 diligi-

1073 1033 1156 1059 muS,
1179 1033 1327 1053 meremur
1347 1025 1451 1060 nobis;
1473 1033 1543 1053 cum
1563 1027 1662 1052 autem
1684 1024 1850 1060 diligimur,

1074 1073 1125 1100 alii
1153 1074 1300 1100 merentur
1329 1072 1395 1100 sibi.
1423 1073 1476 1100 Per
1503 1071 1693 1100 dilectionem
1722 1071 1851 1108 proximi

1075 1119 1220 1148 efficimur
1240 1122 1265 1147 1.
1291 1119 1451 1147 imitatores
1469 1119 1572 1147 Christi
1587 1120 1598 1136 ⁸
1615 1127 1622 1146 ε
1648 1120 1702 1147 Hoc
1723 1122 1762 1146 est
1782 1126 1852 1153 prae-

1075 1170 1178 1202 ceptum
1200 1175 1301 1200 meum,
1324 1168 1355 1193 ut
1373 1166 1501 1201 diligatis
1521 1167 1650 1197 invicem,
1674 1167 1745 1193 sicut
1767 1165 1854 1193 dilexi

1075 1221 1130 1240 vos.
1152 1214 1179 1240 ⁶2.
1198 1212 1336 1249 Discipuli
1351 1212 1508 1241 Salvatoris
1524 1213 1534 1229 ⁷
1558 1220 1565 1239 ε
1584 1213 1616 1239 In
1637 1212 1683 1239 hoc
1700 1214 1853 1246 coynoscent

1076 1268 1179 1294 omnes,
1195 1260 1266 1294 quod
1285 1259 1416 1294 discipuli
1429 1261 1494 1286 meis
1509 1260 1588 1293 estis,
1605 1260 1659 1286 etc.
1674 1259 1701 1286 3.
1720 1260 1854 1286 Contem—

1076 1307 1206 1343 platores
1222 1306 1301 1334 Dei⁸:
1316 1307 1370 1339 Qui
1380 1307 1475 1340 diliqit
1485 1308 1599 1339 fratrem
1610 1313 1698 1340 suum,
1714 1307 1743 1332 in
1755 1306 1856 1332 lumine

1077 1356 1174 1388 manee,
1193 1355 1217 1380 ct
1234 1353 1307 1380 videt
1324 1354 1416 1380 Deum.
1433 1352 1561 1380 Societas
1580 1351 1707 1381 fraterna
1721 1351 1799 1379 utitis
1814 1353 1856 1379 est

1081 1403 1103 1428 t.
1120 1401 1233 1429 ratione
1248 1399 1460 1427 sublevationis
1471 1399 1481 1416 ⁹
1497 1408 1504 1426 :
1529 1394 1654 1430 Voe‘soli,
1669 1399 1735 1434 quia
1750 1399 1776 1426 si
1789 1399 1856 1426 ceci-

1078 1448 1158 1481 derit,
1174 1455 1227 1474 non
1241 1447 1319 1474 habet
1334 1447 1523 1473 sublevantem.
1538 1446 1565 1472 2.
1588 1444 1709 1472 Ratione
1721 1443 1857 1472 consola-

1079 1494 1165 1522 tionis
1176 1495 1196 1512 ¹0
1210 1495 1293 1521 :Ecce
1303 1502 1383 1529 quam
1397 1494 1502 1525 bonum,
1514 1495 1539 1520 et
1547 1491 1790 1527 quamjucundum,
1801 1493 1856 1518 etc.

1079 1543 1105 1569 3.
1118 1541 1240 1569 Ratione
1250 1539 1475 1574 exhortationis3
1491 1541 1616 1567 Seneca:
1631 1548 1645 1564 t(
1659 1539 1779 1574 Semper
1791 1538 1857 1565 ante

1081 1587 1185 1615 oculos
1204 1590 1268 1615 tuos
1283 1586 1440 1623 ponendus
1455 1588 1497 1613 est
1514 1585 1638 1621 aliquis,
1659 1584 1743 1619 cujus
1758 1591 1857 1611 exem-

1080 1635 1130 1671 plo
1145 1634 1294 1670 proficias,
1303 1633 1373 1669 quia
1384 1633 1439 1661 nisi
1454 1632 1492 1660 ad
1503 1631 1637 1668 regulam
1645 1639 1738 1667 prava
1749 1637 1810 1659 non
1825 1631 1858 1665 (α)

1081 1680 1221 1716 corrigas,
1235 1688 1252 1708 a
1263 1679 1382 1708 modica
1397 1679 1523 1707 scintilla
1538 1680 1660 1714 augetur
1675 1677 1761 1713 ignis.
1788 1687 1802 1702 n

1317 1773 1458 1807 CAPUT
1482 1772 1620 1805 XXXII.

1267 1847 1303 1872 De
1325 1846 1469 1872 Dilectione
1486 1845 1668 1871 inimicorum.

1119 1916 1200 1944 Circa
1215 1914 1401 1942 dilectionem
1412 1913 1599 1940 inimicorum
1611 1914 1691 1945 nota,
1703 1910 1786 1947 quod
1801 1911 1860 1940 alia

1084 1966 1126 1991 est
1150 1962 1268 1990 dilectio
1293 1962 1434 1994 affectus,
1459 1963 1488 1988 et
1511 1960 1569 1987 alia
1591 1959 1708 1987 dilectio
1728 1958 1858 1986 effectus.

1086 2010 1204 2038 Dilectio
1224 2009 1345 2037 affectus
1360 2007 1471 2043 duplex
1486 2008 1538 2040 est,
1554 2006 1624 2042 quia
1643 2005 1702 2033 alia
1717 2007 1759 2033 est
1772 2004 1859 2032 inno·

1085 2056 1203 2090 centiae,
1223 2058 1251 2083 et
1278 2055 1338 2082 alia
1362 2053 1572 2082 beneficentia-z.
1596 2052 1753 2080 Dilectione
1774 2051 1859 2079 inno-

1085 2103 1186 2131 centiae
1214 2104 1347 2130 tenemur
1376 2101 1498 2136 diligere
1522 2099 1675 2131 inimicoS,
1703 2098 1772 2133 quia
1799 2104 1860 2124 non

1086 2150 1230 2177 debemus
1242 2149 1283 2175 eis
1294 2150 1395 2183 optare
1411 2146 1522 2174 malum
1533 2145 1563 2172 in
1579 2146 1722 2180 quantum
1737 2143 1860 2177 malum,

1086 2196 1137 2224 sed
1155 2196 1185 2223 in
1206 2197 1351 2230 quantum
1376 2195 1419 2220 est
1439 2193 1480 2219 eis
1502 2191 1672 2227 expediens,
1694 2190 1741 2217 vel
1763 2190 1860 2226 reipu-

1086 2243 1180 2270 hlicae.
1203 2241 1327 2269 Affectus
1344 2238 1508 2266 dilectionis
1529 2237 1730 2265 beneficentiae
1751 2236 1862 2273 duplex

1087 2292 1139 2323 est,
1154 2288 1261 2316 scilicet
1275 2286 1463 2323 principalis,
1478 2288 1506 2313 et
1520 2284 1722 2312 secundarius,
1738 2284 1863 2312 Affectus

1120 2349 1126 2365 ¹
1141 2349 1215 2377 Aug„
1230 2346 1259 2369 de
1276 2346 1343 2368 Doct.
1361 2345 1467 2373 Christ„
1484 2344 1527 2367 lih.
1545 2344 1563 2373 1,
1576 2350 1598 2367 c.
1614 2348 1691 2366 xxiii.
1704 2355 1731 2358 —
1747 2342 1862 2366 ²Citatur

1088 2387 1208 2414 tunquam
1229 2389 1260 2405 ex
1286 2381 1420 2404 Ambrosio
1444 2387 1457 2403 a
1481 2379 1599 2409 Magistro
1621 2379 1700 2408 sent„
1720 2378 1776 2401 dist.
1802 2384 1863 2402 xxm

1089 2419 1153 2450 (vid.
1173 2417 1225 2448 huj.
1243 2416 1302 2440 edit.
1319 2418 1381 2440 tom.
1400 2417 1441 2445 tv,
1457 2423 1481 2446 p.
1499 2416 1563 2444 645),
1580 2416 1602 2437 et
1618 2413 1726 2436 liabetur
1740 2413 1764 2436 in
1781 2413 1862 2437 Gloss.

1089 2454 1171 2478 ordin.
1185 2459 1262 2483 snper
1276 2452 1359 2477 Cant..
1375 2457 1402 2475 11.
1414 2465 1443 2469 —
1455 2451 1466 2467 ³
1478 2451 1548 2474 ldcm
1561 2449 1637 2472 habet
1647 2450 1672 2472 S.
1688 2449 1865 2473 noum-cutura

1088 2489 1114 2513 iu
1129 2490 1159 2512 ΙΙΙ
1176 2488 1253 2515 Seni„
1267 2487 1324 2511 dist.
1342 2493 1414 2517 xxix,
1430 2493 1454 2517 q.
1471 2492 1499 2515 11,
1514 2486 1545 2509 ad
1564 2488 1616 2515 turn,
1632 2486 1656 2507 et
1673 2490 1697 2514 q.
1716 2489 1749 2513 iv,
1765 2484 1796 2507 ad
1820 2486 1864 2508 ω’·

1090 2523 1156 2554 (huj.
1172 2523 1231 2546 edit.
1252 2525 1314 2545 tom.
1333 2523 1374 2552 tv,
1390 2529 1415 2553 p.
1431 2524 1476 2545 653
1494 2523 1519 2544 et
1533 2521 1588 2543 659.
1604 2519 1765 2544 Contrarium
1780 2522 1864 2544 tamen

1089 2560 1163 2583 docet
1181 2560 1206 2582 S.
1224 2557 1347 2587 Thomas,
1367 2560 1424 2588 2-2,
1445 2565 1470 2589 q.
1490 2561 1565 2586 xxw,
1588 2556 1636 2578 art.
1656 2556 1679 2584 3,
1698 2554 1723 2577 in
1743 2561 1815 2585 corp.
1835 2567 1864 2572 —

1090 2595 1097 2608 ⁴
1116 2593 1216 2623 Manli„
1232 2599 1281 2618 vu.
1299 2595 1335 2617 12.
1348 2606 1377 2611 —
1391 2594 1402 2610 Β
1417 2592 1517 2616 Malta..
1531 2596 1591 2620 xix,
1609 2591 1645 2614 19.
1659 2603 1685 2607 -
1701 2590 1710 2603 ⁶
1725 2590 1806 2618 Joan„
1822 2596 1865 2620 xv,

1092 2631 1129 2654 ¹2.
1141 2642 1170 2646 —
1185 2629 1284 2658 ’.ΙοαηἾ
1299 2635 1357 2659 xiii,
1369 2630 1408 2653 35.
1422 2642 1447 2646 -
1464 2628 1474 2643 ⁸
1488 2628 1493 2651 l
1505 2628 1587 2655 Joan„
1602 2631 1629 2655 lt,
1648 2627 1684 2649 lo.
1703 2638 1734 2643 —
1749 2626 1759 2639 ⁹
1773 2625 1864 2656 Eccle.,

1092 2672 1125 2695 iv,
1146 2666 1179 2688 10.
1190 2676 1221 2682 -—-
1235 2665 1251 2677 ¹⁰
1265 2664 1331 2687 I'snl.
1348 2670 1446 2694 cxxxil,
1463 2665 1517 2687 l.—
1533 2663 1564 2692 (a)
1581 2661 1674 2685 Forsan
1689 2660 1786 2684 delenti.
1802 2667 1863 2685 uon.
