2004 3037
845 190 975 222 CAPUT
996 189 1044 221 Gi.

136 257 298 287 timuerunt
311 265 432 295 regem,
445 257 579 288 videntes
597 257 774 296 sapientiam
788 258 838 287 Dei
853 266 917 288 esse

137 305 168 334 in
179 305 242 335 illo.
258 306 292 335 111
305 307 383 342 Rea„
399 313 442 340 111,
455 306 500 334 28.

173 353 297 389 Signum
321 354 383 389 est,
409 353 493 390 quod
517 355 594 382 Deus
621 353 727 390 diligat
747 353 916 390 populum,

139 409 208 429 cum
223 401 274 430 dat
287 400 314 429 ei
326 400 443 429 bonum
455 401 623 437 111-0110111111.
634 401 716 430 Unde
729 401 804 429 dixit
814 401 919 437 regina

139 448 217 477 saba
229 448 397 477 Salomoni:
417 458 431 475 «
445 447 519 483 Quia
534 448 631 485 diligit
645 450 720 477 Deus
735 448 834 483 lsrael,
849 449 918 477 ideo

138 495 238 532 posuit
252 497 280 524 te
294 504 397 532 regem
416 504 506 533 super
519 504 603 533 011111,
620 498 653 525 111
665 496 757 526 facias
771 496 920 533 ,iudicium

139 544 229 580 atque
241 543 395 579 justitiam.
410 554 424 570 »
443 545 464 572 11
479 545 586 580 Paral„
599 553 642 579 ix,
657 545 685 573 8.

175 591 274 620 Voluit
290 591 431 620 Dominus
444 591 560 620 tradere
570 599 674 627 regem
688 592 779 628 Syriae
789 591 821 620 111
830 599 921 620 manu

139 638 217 675 regis
245 639 350 674 lsrael,
370 640 398 667 et
421 638 577 667 mandavit
604 639 631 667 ei
654 647 709 675 per
731 639 921 676 prophetam,

140 685 226 723 quod
250 685 314 723 ipse
339 692 390 714 rex
406 685 535 714 debebat
555 685 685 722 incipere
703 686 832 722 praeliari
850 687 869 715 ¹.
888 687 921 715 111

140 734 218 769 Req„
233 741 309 768 xxu,
326 735 369 766 15,
382 734 440 762 etll
457 734 563 768 Parui„
578 741 660 767 xvni,
679 734 721 761 16.

177 780 313 809 Ezechias
337 789 390 808 rex
417 780 494 809 Juda
517 780 586 809 fecit
609 782 777 817 serpentem
805 788 923 809 aeneum

142 827 299 863 confringi,
328 836 364 856 eo
387 828 472 865 quod
495 830 572 857 esset
598 829 714 865 populo
745 828 923 857 idololatriae

142 875 269 904 occasio.
287 876 320 903 IV
334 877 413 911 Rea„
428 884 507 905 xvm.

177 923 319 959 Josaphat
341 931 392 951 rex
419 923 497 952 Juda
522 924 671 952 constituit
695 924 812 960 judices
836 932 924 961 super

141 970 305 1007 populum,
330 972 358 999 et
379 978 429 999 eos
449 971 538 1000 valde
561 971 689 1000 fideliter
712 973 740 1000 et
762 971 926 1008 prudenter

142 1017 289 1050 instruxit,
312 1019 334 1046 11
357 1019 464 1054 Paret„
491 1026 551 1054 xix,
577 1020 593 1046 6
617 1028 650 1047 z«
662 1018 774 1055 Videte,
786 1029 801 1046 »
817 1019 924 1055 inquit,

146 1073 160 1091 α
174 1064 248 1101 quid
261 1064 385 1100 faciatis,
397 1075 410 1092 »
428 1066 482 1093 etc.

177 1114 370 1141 perrexerunt
391 1121 527 1141 cursores
548 1121 618 1142 cum
641 1114 774 1150 epistolis
795 1122 832 1143 ex
846 1114 925 1150 regis

142 1160 270 1188 Ezechiae
295 1160 442 1197 imperio,
461 1163 488 1188 01
512 1161 684 1197 principum
709 1161 833 1197 ejus,in
859 1161 925 1190 uni-

140 1215 261 1237 versum
276 1207 365 1236 Israel
380 1209 408 1235 et
418 1207 541 1244 iudam,
557 1209 751 1244 praedicantes
767 1218 774 1237 z
791 1219 805 1236 «
819 1211 925 1238 Rever-

142 1253 238 1282 timini
261 1254 300 1283 ad
323 1255 502 1290 Dominum,
518 1266 531 1282 »
549 1257 603 1284 etc.
628 1257 650 1284 ll
671 1257 777 1292 Paral„
802 1265 880 1291 xxx,
897 1258 923 1285 6.

179 1303 285 1330 orante
312 1302 419 1338 Esdra,
443 1304 472 1330 et
497 1302 585 1331 flente
613 1312 668 1340 pro
695 1304 925 1340 transgressione

141 1350 268 1386 populi,
292 1349 434 1378 collectus
458 1352 500 1378 est
524 1350 565 1378 ad
589 1359 658 1379 eum
683 1354 774 1380 coetus
799 1359 926 1387 magnus

142 1397 277 1426 virorum
292 1405 327 1426 ac
348 1397 508 1426 mulierum
520 1418 529 1432 ‚
544 1399 572 1426 et
589 1398 670 1427 flevit
683 1399 814 1435 populus
828 1399 923 1428 multo

142 1445 213 1474 fletu
229 1445 268 1473 ad
283 1446 456 1482 exemplum
476 1446 569 1474 istius.
584 1448 596 1475 1
610 1447 704 1482 Esdr„
718 1455 756 1481 x,
773 1449 800 1475 1.

178 1493 309 1522 Audiens
345 1493 542 1529 Holophernis
578 1493 744 1530 potentiam
781 1494 925 1523 Eliachim

143 1549 270 1577 magnus
285 1540 441 1576 sacerdOS,
463 1541 597 1569 circuivit
619 1549 742 1569 omnem
759 1542 848 1570 lsrael
860 1563 869 1577 ,
885 1542 925 1570 al-

143 1588 323 1624 locutusque
345 1590 388 1616 051
410 1596 461 1616 005
485 1588 608 1616 (1100115;
631 1589 765 1617 «Scitote
780 1589 925 1625 quoniam

145 1635 284 1664 exaudiet
307 1636 448 1664 Dominus
471 1644 575 1672 preces
594 1637 706 1664 vestras
723 1657 732 1671 ,
759 1647 772 1663 »
790 1638 843 1664 etc.
868 1637 927 1664 Sic-

144 1691 204 1720 que
217 1683 367 1719 populum
386 1683 476 1712 bonis
497 1684 752 1713 exhortationibus
773 1684 924 1720 conforta-

144 1730 207 1759 bat.
222 1731 329 1766 Judz'th,
344 1738 386 1766 iv,
403 1733 444 1759 12.

180 1779 278 1806 Bonus
291 1777 431 1814 praelatus
444 1777 533 1806 debet
548 1786 611 1807 esse
626 1779 711 1815 quasi
721 1781 806 1815 pater
819 1780 926 1816 populi

145 1825 202 1853 sibi
218 1825 378 1853 commissi.
394 1826 467 1852 Nam
483 1825 520 1853 de
537 1826 699 1861 Eliaehim,
716 1835 807 1863 quem
819 1827 927 1856 substi-

145 1872 199 1900 tuit
210 1872 351 1900 Dominus
365 1872 433 1899 loeo
446 1872 565 1907 Sobnae,
577 1873 693 1908 dieitur,
710 1875 778 1908 Isa„
792 1875 904 1910 xx11,21
919 1884 925 1902 :

149 1929 164 1946 «
178 1919 237 1947 Erit
251 1919 337 1955 quasi
357 1920 441 1955 pater
455 1919 659 1948 habitantibus
672 1920 862 1949 Hierusalem.
884 1931 897 1947 n

181 1967 294 1995 Mortuo
318 1965 395 1994 Iuda
417 1965 585 1994 Machabaeo
596 1987 606 2002 ,
626 1970 808 1995 emerserunt
830 1967 925 2004 iniqui

145 2014 178 2042 in
193 2013 333 2042 omnibus
352 2013 462 2041 finibus
477 2013 585 2049 lsrael,
603 2015 631 2041 et
653 2014 746 2042 exorti
770 2017 838 2042 sunt
861 2023 928 2043 om-

146 2069 218 2097 nes,
235 2061 287 2097 qui
310 2061 512 2097 operabantur
536 2061 734 2097 iniquitatem.
767 2063 799 2090 ln
822 2061 928 2091 diebus

145 2109 205 2137 illis
218 2108 295 2137 facta
310 2110 352 2136 est
364 2108 472 2144 fames,
489 2110 542 2136 etc.
559 2110 569 2137 1
584 2109 684 2142 Mach„
701 2117 742 2137 lx.

183 2157 256 2184 Cum
270 2155 440 2184 crederetur
451 2156 566 2184 occisus
576 2157 716 2185 Jonathas
728 2165 746 2185 a
755 2157 927 2194 Tryphone,

147 2205 326 2241 quaesierunt
338 2212 442 2232 omnes
454 2206 569 2240 gentes,
581 2213 648 2240 quae
663 2207 746 2233 erant
758 2205 789 2233 in
804 2205 928 2234 circuitu

147 2260 265 2288 eorum,
286 2253 438 2280 conterere
463 2260 523 2280 eos.
548 2252 687 2280 Dixerunt
711 2252 791 2280 enim
808 2262 814 2280 :
834 2255 929 2281 «Non

146 2299 258 2328 habent
276 2299 441 2335 principem
453 2320 463 2334 ,
487 2300 516 2327 et
539 2299 708 2334 adjutorem
727 2308 734 2327 :
751 2308 830 2328 nunc
855 2308 927 2336 ergo

147 2355 353 2383 expugnemus
373 2346 458 2381 illos,
482 2348 510 2374 et
537 2346 678 2375 tollamus
695 2356 731 2375 ex
754 2347 930 2376 hominibus

146 2394 325 2422 memoriam
343 2401 458 2422 eorum.
476 2403 490 2419 n
507 2394 517 2421 Ι
531 2394 634 2428 Mach.,
649 2403 709 2430 xri,
725 2396 771 2424 54.

184 2443 279 2469 Causa
285 2440 378 2477 pacis,
387 2442 415 2468 et
423 2440 496 2469 110111
504 2442 594 2469 status
604 2444 711 2470 sanctae
720 2442 854 2477 civitatis,
863 2443 930 2478 pul-

150 2488 218 2516 chre
225 2488 422 2516 diciturt'uisse
428 2488 586 2524 prudentia
593 2490 619 2515 et
625 2488 717 2524 pietas
723 2490 802 2518 Ouiae
809 2490 917 2517 summi

150 2535 322 2570 sacerdotis,
337 2538 365 2563 et
378 2535 497 2564 bonitas
511 2535 709 2564 subditorum.
726 2538 748 2565 11
763 2537 868 2571 Mach„
885 2544 927 2566 111.

186 2584 263 2610 Bene
275 2582 379 2611 restitit
392 2583 480 2612 Onias
494 2582 653 2612 Heliodoro
669 2584 782 2613 volenti
801 2584 929 2620 spoliare

185 2647 241 2671 ι1111
255 2646 315 2671 edit.
330 2647 412 2672 Vatic.
426 2649 452 2672 et
466 2648 557 2672 Venet.
571 2648 622 2672 Sed
637 2648 732 2673 erravit
750 2649 868 2680 prolecto
881 2648 930 2673 1100

151 2684 208 2708 1000
222 2683 263 2708 vel
278 2685 377 2715 auctor,
393 2684 433 2708 vel
448 2684 541 2708 editor.

290 2737 366 2762 Tou.
391 2738 458 2760 vm.

1695 190 1755 222 609

974 257 1136 294 templum,
1152 259 1181 286 et
1195 257 1330 294 deposita
1341 257 1503 287 viduarum
1522 265 1557 287 ac
1569 257 1755 294 pupillorum

974 304 1100 334 auferre.
1116 305 1139 334 11
1153 305 1256 340 Maeli„
1271 312 1313 333 ιιι.

1010 353 1146 382 Salvator
1159 354 1260 382 noster
1275 353 1417 382 Dominus
1440 354 1523 382 Jesus
1537 352 1684 388 Christus,
1702 352 1756 381 ubi

974 408 1006 429 se
1019 400 1136 429 bonum
1149 402 1301 437 pastorem
1313 400 1400 435 dicit,
1415 401 1514 429 statim
1539 408 1661 429 causam
1684 400 1756 428 sub-

971 447 1089 484 jungit,
1112 447 1235 484 dicens,
1259 449 1351 483 Joan„
1373 456 1409 484 x,
1424 449 1456 477 11
1474 458 1483 476 :
1501 457 1516 475 <1
1536 449 1635 477 Bonus
1657 449 1758 484 pastor

975 495 1108 523 animam
1122 502 1208 524 suam
1231 494 1283 523 dat
1306 503 1362 531 pro
1387 495 1496 524 ovibus
1516 495 1577 524 suis
1583 505 1592 532 3
1607 505 1621 523 »
1640 497 1668 524 et
1689 496 1758 531 post

974 549 1091 579 pauca,
1107 544 1139 571 15
1157 551 1164 570 ε
1185 542 1348 571 «Animam
1363 551 1463 572 meam
1476 551 1559 579 pono
1574 551 1630 580 pro
1651 543 1760 572 ovibus

976 589 1061 618 meis.
1077 599 1091 617 »
1110 591 1142 618 In
1158 598 1220 626 quo
1235 590 1382 626 intelliges
1397 590 1472 628 quid
1487 591 1614 626 exigitur
1637 590 1678 619 ad
1701 590 1758 618 hoc

978 636 1063 673 quod
1077 636 1187 673 aliquis
1201 637 1300 666 bonus
1311 640 1414 674 pastor
1428 638 1532 667 vocari
1546 640 1705 667 mereatur.

1013 684 1140 718 Quando
1163 685 1297 713 Salvator
1316 688 1417 713 noster
1432 687 1500 722 post
1513 685 1761 714 resurrectionem

978 740 1064 760 suam
1076 731 1171 760 voluit
1186 740 1307 768 gregem
1318 732 1453 760 Ecclesiae
1465 734 1550 761 Petro
1563 733 1760 769 committere,

977 779 1076 816 primo
1096 779 1277 807 examinavit
1299 788 1368 807 eum
1380 801 1388 815 ,
1402 788 1455 808 seu
1469 780 1627 816 probavit,
1643 780 1762 816 dicens,

977 827 1068 859 Joan„
1093 835 1159 862 xm,
1176 828 1212 855 15
1232 836 1239 855 :
1260 836 1274 854 «
1291 827 1393 856 Simon
1412 827 1534 856 Ioannis
1550 849 1559 863 ,
1589 827 1689 864 diligis
1711 835 1761 856 me

978 873 1047 910 plus
1061 873 1128 902 his?
1142 884 1156 902 »
1180 875 1213 902 Et
1229 876 1299 903 nota
1321 874 1405 911 quod
1429 875 1612 904 examinavit
1634 883 1703 903 eum
1724 875 1762 903 de

979 920 1160 957 dilectione,
1183 930 1246 950 non
1269 922 1307 950 de
1331 922 1525 959 cognitione3
1551 922 1588 951 de
1608 922 1739 959 practica
1753 943 1761 957 ‚

978 977 1041 998 non
1057 969 1094 997 de
1108 969 1258 1005 theorica;
1276 969 1314 998 de
1335 969 1434 1005 facto,
1447 978 1510 999 non
1535 970 1573 998 de
1589 970 1667 1006 jure.
1691 971 1763 998 item

979 1024 1042 1045 non
1056 1016 1156 1045 solum
1168 1017 1362 1053 interrogavit
1377 1025 1462 1053 eum,
1473 1018 1496 1045 si
1509 1017 1682 1054 simpliciter
1692 1025 1763 1046 eum

981 1064 1135 1100 diligebat.
1148 1065 1220 1093 Item
1228 1066 1310 1100 nota,
1323 1064 1408 1101 quod
1417 1066 1462 1093 ter
1475 1065 1549 1093 dixit
1559 1065 1585 1093 ei
1598 1075 1604 1093 :
1618 1075 1632 1091 α
1642 1067 1739 1093 Pasce.
1747 1074 1762 1092 n

980 1111 1150 1140 Notandum
1165 1121 1171 1140 :
1193 1111 1292 1150 bonus
1307 1113 1388 1140 enim
1405 1112 1546 1148 praelatus
1570 1112 1764 1141 commissum

981 1159 1038 1187 sibi
1053 1167 1176 1195 gregem
1195 1159 1285 1188 debet
1297 1167 1420 1195 pascere
1435 1159 1594 1196 exemplo,
1609 1160 1722 1196 verbo,
1737 1161 1765 1189 et

980 1207 1140 1243 temporali
1155 1207 1302 1235 subsidio.

1017 1254 1126 1282 Videns
1146 1255 1247 1282 Petrus
1275 1254 1394 1283 Judaeos
1417 1254 1620 1291 admirantes,
1636 1257 1665 1284 et
1685 1254 1765 1284 male

983 1301 1021 1330 de
1036 1301 1189 1338 discipulis
1204 1301 1379 1335 sentientes,
1394 1301 1523 1332 elevavit
1536 1310 1643 1331 vocem
1657 1309 1763 1338 suam,

983 1351 1012 1378 et
1022 1350 1138 1378 locutus
1154 1353 1197 1378 est
1211 1350 1253 1379 eis
1273 1359 1279 1378 ς
1298 1361 1311 1376 «
1327 1349 1386 1378 Viri
1400 1350 1512 1385 Judaei,
1527 1361 1540 1377 n
1559 1352 1614 1379 etc.
1630 1350 1685 1379 Ubi
1699 1358 1766 1386 gre-

982 1405 1052 1433 gem
1071 1399 1238 1426 constanter
1263 1397 1416 1433 detendit,
1431 1400 1460 1426 et
1475 1398 1663 1428 adversarios
1685 1398 1764 1427 salu-

981 1444 1074 1473 briter
1091 1445 1251 1482 superavit.
1266 1446 1344 1480 Act„
1360 1454 1389 1474 ιι.

1018 1493 1205 1521 considerari
1221 1495 1316 1529 potest
1328 1493 1377 1521 hic
1395 1494 1433 1522 de
1447 1494 1540 1523 Paulo
1550 1493 1693 1530 Apostolo
1706 1494 1766 1523 exi-

983 1539 1050 1568 miae
1065 1540 1205 1569 bonitatis
1217 1541 1351 1577 preelato.

1018 1587 1064 1616 Ad
1091 1588 1207 1616 honum
1242 1588 1323 1616 enim
1355 1588 1512 1624 praelatum
1545 1588 1711 1625 specialiter
1739 1590 1766 1617 et

983 1643 1098 1663 summe
1119 1635 1247 1671 pertinet
1270 1635 1408 1671 (11100110,
1425 1643 1519 1672 quam
1542 1635 1653 1664 habere
1676 1636 1766 1666 debet

983 1683 1023 1711 ad
1045 1691 1114 1711 suos
1122 1704 1132 1719 ,
1155 1683 1230 1712 sicut
1251 1683 1396 1719 diligebat
1419 1684 1470 1712 ille
1491 1685 1594 1720 pastor
1617 1684 1767 1720 optimus,

983 1731 1122 1768 princeps
1140 1734 1311 1767 pastorum,
1328 1731 1381 1767 qui
1402 1731 1502 1767 posuit
1525 1732 1658 1760 animam
1681 1740 1767 1761 suam

983 1786 1039 1815 pro
1061 1778 1169 1806 ovibus
1189 1778 1269 1814 suis;
1285 1778 1337 1815 qui
1354 1785 1423 1806 cum
1448 1777 1600 1806 dilexisset
1621 1787 1713 1814 51105,
1737 1780 1768 1807 111

984 1826 1076 1855 finem
1087 1826 1190 1854 dilexit
1204 1833 1265 1855 eos.
1282 1825 1390 1854 Paulus
1403 1827 1503 1853 autem
1515 1825 1593 1854 miro
1608 1826 1702 1855 modo
1711 1827 1768 1856 hac

984 1873 1140 1901 dilectione
1156 1873 1291 1901 fervebat
1306 1883 1314 1907 3
1328 1873 1410 1901 unde
1426 1873 1562 1908 dicebat,
1579 1875 1600 1902 11
1619 1874 1692 1909 Cor„
1708 1882 1768 1909 xu,

987 1923 1019 1949 15
1036 1931 1043 1950 :
1063 1932 1077 1948 «
1102 1923 1162 1957 Ego
1186 1921 1382 1949 libentissime
1407 1921 1600 1956 impendam,
1616 1923 1644 1949 et
1664 1929 1768 1957 super-

985 1968 1144 2004 impendar
1158 1968 1222 2004 ipse
1237 1976 1292 2004 pro
1309 1968 1469 1995 animabus
1484 1968 1605 2002 vestris,
1620 1968 1688 1996 licet
1699 1968 1768 2004 plus

985 2023 1040 2043 vos
1061 2015 1208 2050 diligens,
1236 2015 1332 2042 minus
1356 2015 1462 2050 diligat
1481 2022 1499 2042 a
1519 2014 1616 2043 vobiS.
1638 2025 1651 2042 n
1676 2016 1767 2050 item,

986 2062 1103 2098 Philip„
1119 2070 1165 2097 1v,
1182 2064 1195 2090 1
1216 2071 1222 2090 :
1241 2063 1380 2091 «Fratres
1394 2062 1454 2090 mei
1472 2062 1631 2097 carissimi,
1644 2072 1658 2089 1»
1676 2065 1730 2091 etc.

1022 2111 1094 2138 Item
1110 2109 1199 2137 debet
1215 2117 1276 2137 esse
1297 2110 1328 2137 in
1350 2117 1385 2137 eo
1401 2109 1522 2138 scientia
1537 2109 1766 2146 Scripturarum‚

985 2156 1064 2192 Sap„
1079 2164 1125 2192 νι,
1141 2158 1176 2185 23
1194 2167 1202 2184 :
1221 2167 1236 2183 (ι
1260 2157 1375 2193 Diligite
1398 2157 1504 2186 lumen
1526 2158 1694 2194 sapientiae,
1715 2158 1768 2195 qui

986 2204 1117 2240 praeestis
1130 2204 1263 2240 populis.
1279 2214 1293 2230 »
1306 2204 1447 2241 Alioquin
1463 2213 1525 2233 non
1539 2207 1640 2241 posset
1653 2205 1769 2242 lepram

988 2251 1173 2285 discernere,
1193 2251 1240 2279 vel
1262 2252 1457 2280 commissum
1478 2252 1535 2280 sibi
1555 2252 1704 2289 populum
1721 2253 1769 2288 ¹iu-

987 2299 1096 2327 dicare.
1115 2300 1180 2335 lpse
1194 2307 1266 2327 vero
1282 2299 1389 2327 Paulus
1407 2299 1570 2335 Apostolus
1589 2299 1627 2328 de
1643 2300 1768 2333 divinis,

988 2348 1016 2374 et
1030 2345 1165 2374 similiter
1186 2345 1275 2374 etiam
1297 2346 1334 2374 de
1348 2346 1489 2375 humanis
1504 2355 1608 2375 veram
1630 2349 1658 2376 et
1673 2348 1769 2376 excel-

987 2393 1181 2422 lentissimam
1202 2394 1375 2429 notionem,
1390 2402 1442 2422 seu
1464 2395 1664 2430 cognitionem
1677 2395 1770 2423 habe-

987 2440 1039 2468 bat
1054 2449 1061 2468 :
1078 2441 1130 2477 qui
1144 2441 1277 2477 parvulis
1292 2441 1323 2468 in
1337 2441 1451 2470 Christo
1467 2442 1513 2470 lac
1532 2444 1637 2478 potum
1656 2442 1767 2480 dabat,
1818 2432 1821 2435 ’

989 2490 1017 2516 01
1030 2488 1105 2517 111101·
1114 2488 1259 2525 perfectos
1270 2489 1446 2525 sapientiam
1461 2489 1652 2527 loquebatur,
1665 2492 1675 2520 I
1692 2491 1767 2527 Corn,

988 2543 1023 2572 ιι,
1039 2538 1141 2571 63111,
1157 2539 1188 2571 2,
1208 2536 1320 2572 quippe
1341 2537 1393 2573 qui
1414 2538 1516 2573 raptus
1539 2545 1633 2574 usque
1653 2538 1693 2566 ad
1709 2540 1765 2566 ter-

987 2583 1062 2612 tium
1076 2583 1202 2619 coelum,
1217 2585 1246 2611 et
1259 2583 1374 2612 audivit
1388 2584 1429 2611 ihi
1449 2592 1558 2613 arcana
1572 2586 1666 2614 verba
1674 2606 1684 2621 ,
1699 2594 1766 2622 quae

987 2638 1050 2659 non
1061 2630 1128 2659 licet
1143 2630 1259 2658 homini
1272 2630 1368 2667 loqui.
1385 2631 1406 2658 11
1422 2631 1496 2666 Cor„
1511 2639 1567 2666 xn,
1583 2632 1610 2659 4.

1024 2681 1066 2708 Ex
1077 2686 1178 2707 amore
1193 2685 1266 2706 vero
1278 2678 1468 2706 subditorum
1483 2681 1511 2707 et
1524 2679 1628 2708 notitia
1642 2680 1769 2717 Scriptu-

1591 2732 1630 2762 39
