2004 3037
845 228 974 261 CAPUT
996 227 1140 262 CXXVII.

186 307 242 336 pro
255 298 432 327 liberatione
445 297 552 335 populi
565 297 628 333 sui,
644 296 767 334 quando
783 304 844 326 non
860 298 967 326 vocata

186 347 226 376 ad
240 355 343 384 regem
355 347 397 375 ire
411 346 607 383 praesumpsit.
625 346 713 380 Esth„
730 353 759 374 v.

222 395 317 430 Supra
335 394 461 422 modum
477 395 572 422 mater
585 392 747 428 mirabilis,
762 400 829 429 quae
842 400 968 430 pereun-

186 442 229 469 tes
243 442 356 477 septem
375 441 454 469 filios
470 441 526 469 sub
540 440 628 468 unius
648 439 708 468 diei
729 441 863 476 tempore
879 448 966 467 cons-

185 488 298 524 piciens
312 488 395 516 bono
410 487 513 516 animo
528 487 658 521 ferebat,
675 488 702 515 et
725 486 860 515 femineae
883 486 967 523 eogi-

185 535 289 564 tationi
299 535 498 564 masculinum
510 534 644 564 animum
653 533 818 569 inserebat,
830 535 851 562 ll
862 534 966 566 Maeli„

185 590 241 617 vu,
257 585 302 610 21.

221 628 391 658 Fortissima
411 628 465 657 fuit
488 628 577 656 beata
591 627 680 663 Virgo
704 627 811 663 Maria,
828 628 856 655 et
879 627 968 656 conti-

185 676 286 704 nendo
302 675 446 712 gaudium
468 674 551 711 quod
574 674 680 703 habuit
705 674 742 702 de
765 674 819 702 filii
838 682 966 711 concep-

186 723 281 757 tione,
304 721 476 756 nativitate,
498 723 652 757 Magorum
676 720 867 756 adoratione,
884 723 911 749 et
925 721 968 757 ip-

185 769 246 797 sius
269 769 446 797 educatione
461 790 470 804 ‚
494 768 705 805 praedieatione
719 789 727 803 ,
753 768 968 796 miraculorum

185 816 375 852 operatione,
389 818 415 844 et
435 815 671 851 resurrectione;
697 815 767 843 item
789 815 963 843 sustinendo

186 863 323 891 dolorem
347 871 440 900 quam
463 871 551 900 passa
571 862 626 891 fuit
648 863 679 890 in
702 862 795 899 ipsius
817 862 870 890 filii
897 869 967 898 pas·

186 910 280 938 sione.

223 957 315 985 Valde
329 957 384 985 fuit
395 957 532 985 mirabile
549 957 585 985 de
600 956 727 985 audacia
741 956 837 985 Mariae
851 955 968 992 Magda-

186 1004 275 1038 lenae,
292 1012 359 1040 quae
381 1004 515 1040 passioni
530 1004 647 1032 Domini
663 1003 761 1039 affuit,
778 1005 806 1031 et
827 1003 912 1031 toties
929 1002 968 1030 ad

188 1052 358 1088 sepulcrum
373 1052 436 1087 ejus
456 1051 546 1079 venit.
563 1051 780 1079 Recedentibus
800 1050 889 1078 etiam
908 1049 968 1077 dis-

185 1098 291 1134 cipulis
313 1098 510 1126 dilectissimis
522 1120 529 1129 ,
548 1106 610 1126 non
628 1097 800 1131 recedebat,
816 1097 867 1125 sed
889 1099 968 1124 stans

184 1145 299 1173 ibidem
314 1145 463 1181 plorabat.
478 1146 576 1181 lpsam
599 1145 688 1173 etiam
706 1145 795 1173 nimis
818 1145 967 1172 audacem

185 1191 312 1220 faciebat
334 1200 437 1227 amor,
460 1200 528 1220 cum
552 1192 671 1220 dicebat
687 1201 693 1219 :
712 1202 725 1217 α
741 1191 863 1219 Domine
874 1213 882 1227 ,
898 1192 922 1219 si
936 1193 968 1219 tu

186 1239 326 1268 sustulisti
339 1248 421 1275 eum,
437 1239 527 1267 dicito
541 1239 623 1267 mihi.
640 1249 654 1266 »
672 1240 763 1273 Ιοαη.,
777 1247 832 1273 xx,
848 1240 893 1266 15.

409 1334 552 1368 CAPUT
577 1334 741 1368 CXXVII.

385 1408 424 1434 De
455 1407 588 1434 aviditate
617 1407 768 1434 mulierum.

225 1476 322 1504 Prima
343 1476 451 1504 mulier
464 1476 539 1504 vidit
562 1475 678 1511 lignum
697 1476 858 1512 pulchrum
876 1478 904 1504 et
919 1477 967 1505 de·

190 1523 341 1558 loetabile,
356 1525 384 1551 et
398 1523 495 1551 statim
510 1523 660 1559 sequitur,
678 1523 761 1559 quod
777 1523 839 1551 sine
855 1524 969 1552 delibe-

190 1570 318 1605 ratione,
335 1570 397 1598 sine
411 1570 467 1597 viri
484 1570 716 1605 consultatione,
733 1570 799 1598 tulit
815 1571 851 1598 de
873 1570 970 1599 fructu

191 1617 286 1652 illius,
303 1619 331 1645 et
346 1616 485 1645 comedit.
505 1617 580 1649 Gen„
598 1625 638 1645 111.

225 1666 306 1698 Sara,
321 1664 388 1691 licet
405 1665 480 1691 esset
495 1663 587 1698 bona,
604 1666 703 1691 tamen
718 1664 758 1692 ita
780 1664 970 1692 desiderabat

188 1711 299 1739 habere
322 1711 448 1745 liberos,
466 1710 549 1746 quod
571 1711 670 1746 potius
684 1711 720 1746 (a)
738 1711 834 1739 voluit
856 1711 970 1739 habere

189 1759 226 1786 de
243 1758 351 1786 ancilla
362 1758 474 1792 filium,
494 1765 586 1793 quam
600 1757 717 1785 nullum
731 1779 739 1792 ,
759 1758 834 1790 Gen„
851 1767 916 1794 xvi,
927 1760 944 1786 ⁶2
963 1768 969 1786 ε

193 1816 206 1831 «
220 1805 375 1841 ingredere
390 1806 428 1833 ad
446 1804 585 1833 ancillam
599 1813 714 1839 meam,
730 1815 744 1831 »
762 1808 816 1834 etc.

225 1854 406 1888 interrogata
421 1852 555 1880 Rebecca
577 1860 615 1879 an
638 1852 728 1879 vellet
742 1852 783 1880 ire
800 1861 869 1880 cum
884 1861 969 1881 servo

189 1900 331 1934 Abrahae,
347 1900 488 1928 continuo
514 1900 668 1936 respondit
684 1910 690 1928 :
712 1910 724 1925 ι(
739 1900 888 1928 Vadam.»
907 1902 970 1928 Non

190 1947 264 1975 dixit
282 1956 288 1974 2
308 1947 408 1974 «Nolo
430 1947 490 1980 ire,
506 1946 529 1974 si
544 1947 642 1982 placet
656 1947 758 1982 vobis,
774 1958 787 1973 »
806 1947 854 1975 vel
869 1947 971 1982 hujus-

190 1995 280 2024 modi.
298 1995 374 2027 Gen„
389 2003 470 2029 xx1v,
488 1995 532 2022 58.

227 2042 304 2070 Filiae
327 2042 400 2070 Loth
413 2041 513 2078 potius
537 2041 694 2070 voluerunt
710 2042 746 2070 de
762 2044 845 2078 patre
859 2042 971 2070 liberos

190 2090 350 2125 suscipere,
369 2096 461 2125 quam
481 2088 544 2116 sine
565 2088 666 2117 liberis
682 2097 868 2125 permanere.
893 2090 970 2124 Gen„

190 2145 251 2164 xix.

227 2186 354 2211 Cernens
369 2183 493 2218 Rachel,
509 2184 592 2220 quod
605 2183 777 2211 infoecunda
793 2185 882 2217 esset,
898 2183 972 2212 invi-

191 2230 233 2257 dit
257 2231 352 2258 sorori
376 2239 453 2265 suae,
474 2233 501 2258 et
521 2231 561 2259 ait
580 2231 686 2259 marito
713 2239 768 2259 suo
788 2240 795 2258 :
813 2241 825 2256 «
842 2232 882 2259 Da
897 2231 969 2258 mihi

191 2277 317 2312 liberos,
333 2277 467 2314 alioquin
480 2278 601 2306 moriar.
617 2288 630 2304 »
652 2279 728 2310 Gen„
743 2286 811 2306 xxx.

228 2324 300 2352 Dina
318 2325 440 2361 cupiens
459 2325 560 2353 videre
574 2325 712 2353 mulieres
727 2325 857 2360 regionis
872 2325 970 2360 illiuS,

192 2372 255 2399 visa
269 2371 322 2399 fuit
344 2380 361 2399 a
381 2372 514 2407 quodam
539 2372 661 2399 nomine
683 2372 815 2406 Sichem,
831 2374 857 2399 et
872 2373 900 2399 vi
917 2381 971 2408 op-

191 2427 293 2454 pressa
307 2418 345 2446 ab
362 2426 406 2445 eo.
433 2419 510 2452 Quid
535 2427 606 2453 ergo
630 2419 667 2446 de
688 2419 759 2454 illis,
780 2428 846 2455 quae
866 2420 972 2447 volunt

192 2466 293 2494 videre
308 2465 404 2500 viros,
418 2468 446 2493 et
455 2465 550 2493 videri
563 2466 600 2493 ab
617 2466 658 2493 eis
668 2467 682 2493 ἱ)
697 2467 724 2494 Si
739 2466 817 2493 male
833 2466 971 2502 frequen-

194 2515 236 2540 ter
251 2513 292 2540 eis
316 2512 445 2547 accidat,
466 2520 528 2541 non
552 2515 594 2540 est
615 2513 735 2540 mirum.
759 2514 835 2547 Gen„
859 2521 970 2548 xxxw,

194 2562 205 2587 l
225 2562 252 2588 et
266 2568 329 2595 seq.

230 2606 354 2635 Domina
369 2606 415 2634 cui
431 2607 577 2635 serviebat
596 2608 705 2644 Joseph
718 2616 780 2635 non
799 2608 973 2644 expectabat

228 2708 261 2737 (a)
279 2708 338 2732 Coet.
352 2707 413 2731 edit.
429 2707 507 2738 prius.
520 2721 549 2725 —-—
565 2709 597 2739 (b)
616 2710 676 2734 Item
689 2710 780 2734 Esther
795 2710 850 2734 suit.

1743 231 1804 261 635

1021 296 1140 333 virum,
1154 297 1239 334 quod
1252 297 1459 326 sollicitaretur
1479 297 1518 326 ab
1541 297 1594 326 illo
1605 317 1614 333 ,
1631 296 1685 325 sed
1705 296 1804 333 ipsum

1021 343 1110 372 nimis
1123 345 1288 381 procaciter
1301 344 1467 382 requisivit.
1485 345 1562 380 Gen„
1578 352 1681 372 xxmx.

1057 394 1120 420 Axa
1134 391 1197 420 filia
1211 392 1302 421 Caleb
1319 391 1447 421 obtinuit
1469 400 1487 420 a
1507 393 1590 428 patre
1614 393 1724 419 terram
1737 389 1803 418 irri-

1023 446 1132 475 guam,
1147 440 1218 476 quia
1239 439 1349 468 scilicet
1372 447 1439 468 eam
1463 438 1643 476 suspirando
1661 437 1804 467 instanter

1021 485 1141 522 petivit,
1156 488 1223 521 Jos.,
1239 495 1290 516 xv.

1058 536 1182 562 Tantum
1197 533 1299 562 institit
1309 542 1386 562 uxor
1395 535 1520 562 Samson
1531 533 1613 570 apud
1627 541 1707 568 eum,
1719 532 1803 569 quod

1024 580 1097 609 dixit
1122 581 1149 609 ei
1174 581 1335 610 obscuram
1361 580 1614 618 propositionem,
1638 588 1731 617 quam
1752 587 1805 616 pa-

1022 627 1156 656 rentibus
1170 628 1308 656 noluerat
1323 627 1467 656 indicare.
1489 629 1522 656 At
1536 627 1588 656 illa
1607 627 1705 655 statim
1721 634 1804 655 reve-

1022 674 1095 702 lavit
1109 674 1236 703 inimicis
1248 675 1321 710 suis,
1335 683 1510 711 quanquam
1525 676 1599 703 esset
1613 674 1643 702 in
1659 674 1804 702 damnum

1023 721 1078 749 viri
1093 722 1148 750 sui.
1165 723 1267 756 Juda'c„
1283 730 1344 750 xrv.

1061 769 1153 797 Dalila
1175 777 1230 805 per
1254 768 1508 805 importunitatem
1531 776 1617 796 suam
1641 768 1749 804 evicit,
1773 770 1806 796 ut

1023 816 1146 844 Samson
1162 816 1271 844 diceret
1286 816 1331 851 ei,
1346 816 1377 844 in
1392 824 1453 852 quo
1475 815 1619 844 fortitudo
1635 815 1698 851 ejus
1713 815 1806 843 maxi-

1024 871 1074 890 ma
1089 863 1279 891 consistebat.
1295 864 1398 897 Juclic„
1414 871 1472 891 xvx.

1059 913 1143 939 Anna
1156 912 1251 939 mater
1265 911 1409 939 Samuelis
1428 919 1489 947 prae
1509 910 1657 939 desiderio
1672 910 1806 939 habendi

1023 957 1134 986 liberos
1154 957 1262 992 flebat,
1278 960 1305 986 et
1319 965 1381 985 non
1403 957 1541 994 capiebat
1555 957 1649 986 cibos.
1665 959 1675 985 1
1689 958 1768 993 Rea„
1784 966 1804 985 ι.

1059 1005 1181 1033 Multum
1196 1005 1388 1033 desiderabat
1406 1004 1517 1033 habere
1540 1005 1638 1032 filium
1656 1004 1723 1039 illa,
1740 1013 1806 1040 quae

1023 1052 1121 1088 rapuit
1134 1052 1281 1086 alienum,
1297 1052 1334 1080 de
1351 1060 1427 1088 qua,
1446 1053 1478 1081 llt
1492 1053 1570 1087 Rea„
1588 1060 1628 1080 111.

1060 1099 1101 1127 lta
1123 1099 1295 1136 concupivit
1317 1099 1436 1127 lezabel
1461 1099 1583 1127 vineam
1606 1099 1723 1127 Naboth
1747 1100 1806 1126 tra<

1024 1146 1094 1174 dere
1109 1146 1175 1175 viro
1197 1155 1267 1182 suo,
1287 1146 1371 1183 quod
1387 1146 1464 1174 duos
1487 1146 1578 1175 salsos
1592 1148 1676 1174 testes
1700 1146 1806 1182 nequi-

1023 1195 1067 1221 ter
1080 1194 1268 1230 procuravit,
1284 1196 1312 1222 et
1330 1193 1398 1222 fecit
1419 1193 1536 1222 Naboth
1558 1193 1715 1221 crudeliter
1731 1193 1806 1229 lapi—

1024 1240 1100 1269 dari.
1116 1242 1149 1269 Ili
1164 1242 1242 1275 Rea„
1258 1249 1318 1269 xxx.

1060 1290 1133 1316 Cum
1145 1288 1236 1316 vellet
1256 1288 1298 1316 ire
1313 1288 1420 1316 mulier
1435 1288 1593 1316 Sunamitis
1606 1287 1645 1316 ad
1657 1288 1785 1316 Eliseum
1797 1310 1804 1322 ,

1024 1337 1052 1364 et
1065 1335 1110 1364 vir
1124 1336 1187 1371 ejus
1202 1344 1264 1364 non
1285 1335 1418 1372 plenarie
1443 1335 1636 1370 consentiret,
1651 1335 1807 1372 respondit

1023 1382 1099 1410 illa:
1119 1392 1133 1409 «
1152 1383 1286 1418 Vadam;
1308 1393 1322 1409 »
1348 1383 1508 1419 stravitque
1533 1383 1648 1411 asinam
1659 1392 1667 1418 3
1689 1385 1717 1411 et
1735 1390 1806 1419 prae-

1025 1430 1102 1466 cepit
1116 1438 1210 1466 puero
1227 1439 1234 1457 z
1254 1440 1267 1456 α
1283 1430 1374 1465 Mina,
1392 1432 1418 1458 et
1436 1438 1581 1467 propera,
1596 1438 1633 1458 ne
1648 1430 1721 1458 mihi
1739 1439 1805 1458 mo-

1023 1485 1089 1505 ram
1109 1477 1200 1505 facias
1224 1478 1255 1505 in
1281 1478 1382 1505 eundo
1402 1499 1410 1512 ,
1436 1480 1463 1505 et
1476 1478 1534 1506 hoc
1550 1486 1604 1513 age
1627 1477 1711 1514 quod
1732 1485 1806 1513 prae-

1025 1524 1102 1560 cipio
1118 1525 1181 1553 tibi.
1197 1536 1211 1552 »
1229 1527 1262 1554 lV
1277 1528 1353 1560 neq„
1364 1534 1410 1559 IV,
1422 1527 1467 1553 24.

1060 1572 1175 1600 Athalia
1199 1574 1294 1601 mater
1317 1572 1450 1600 Ochozize
1473 1572 1567 1607 regIS,
1593 1572 1806 1607 concupiscens

1024 1626 1149 1654 regnare
1173 1627 1263 1655 super
1286 1621 1413 1653 terram,
1430 1619 1573 1647 interfecit
1598 1626 1686 1646 omne
1705 1626 1806 1646 semen

1024 1666 1152 1701 regium,
1169 1667 1292 1702 excepto
1306 1667 1374 1694 Joas
1391 1665 1554 1700 infantulo,
1570 1665 1622 1701 qui
1636 1665 1736 1693 furtim
1751 1665 1805 1692 ab·

1025 1714 1177 1742 sconditus
1192 1714 1256 1742 fuit.
1274 1715 1307 1742 IV
1322 1716 1400 1749 Rea„
1416 1722 1456 1742 xr.

1061 1764 1146 1789 Anna
1166 1770 1242 1790 uxor
1261 1761 1360 1789 Tobiae
1382 1761 1640 1797 circumspiciebat
1661 1759 1805 1796 quotidie,

1027 1810 1055 1837 et
1070 1808 1212 1838 circuibat
1227 1809 1301 1845 vias,
1317 1817 1371 1845 per
1386 1817 1460 1845 quas
1475 1816 1542 1845 spes
1557 1807 1711 1836 remeandi
1725 1807 1806 1835 vide-

1026 1857 1129 1890 batur,
1145 1859 1186 1890 ut,
1202 1857 1226 1884 si
1246 1856 1310 1884 fieri
1327 1858 1444 1893 posset,
1460 1855 1566 1892 procul
1581 1855 1697 1883 videret
1711 1854 1807 1882 filium

1028 1903 1206 1931 venientem.
1226 1904 1301 1937 Tob„
1316 1911 1343 1931 x.

1064 1951 1164 1978 Esther
1177 1950 1302 1978 nonfuit
1315 1951 1348 1986 (h)
1359 1951 1495 1978 contenta
1504 1957 1540 1977 ex
1551 1957 1598 1982 eo,
1605 1948 1689 1985 quod
1698 1956 1749 1976 rex
1758 1948 1809 1975 de—

1028 1997 1111 2025 derat
1124 1997 1150 2025 ei
1166 1997 1291 2024 domum
1306 1999 1415 2031 Aman,
1432 1998 1459 2024 et
1479 1996 1561 2032 quod
1584 1995 1676 2023 Judaei
1691 1994 1808 2022 occide-

1027 2046 1093 2071 rant
1109 2043 1139 2071 in
1150 2044 1214 2072 sola
1229 2044 1344 2071 civitate
1360 2043 1439 2071 Susis
1451 2043 1531 2071 viros
1545 2043 1740 2078 quingent0s3
1756 2042 1809 2069 sed

1028 2091 1116 2118 etiam
1128 2090 1158 2118 in
1173 2091 1300 2118 erastino
1316 2090 1536 2118 fecittrecentos
1547 2089 1653 2117 occidi.
1669 2090 1807 2120 Esth.,1x.

1064 2138 1167 2166 Mulier
1179 2138 1344 2166 Chananfea
1357 2138 1510 2166 sanitatem
1522 2137 1592 2164 filioe
1605 2135 1733 2165 obtinuit
1744 2144 1810 2171 pre-

1028 2185 1112 2213 cibus
1127 2185 1313 2221 importunis.
1332 2186 1447 2220 Matth„
1465 2193 1511 2214 xv.

1064 2234 1153 2262 Mater
1167 2232 1298 2261 filiorum
1314 2232 1446 2260 Zebedaei
1460 2241 1520 2260 non
1536 2230 1710 2268 expectavit,
1726 2230 1809 2266 quod

1028 2280 1170 2308 Dominus
1184 2282 1388 2308 remuneraret
1400 2279 1477 2307 filios
1489 2287 1558 2307 suos
1571 2277 1738 2306 seeundum
1752 2277 1809 2305 exi-

1028 2327 1158 2363 gentiam
1184 2327 1374 2362 meritorum5
1405 2326 1457 2354 sed
1486 2326 1569 2362 petiit
1596 2327 1663 2353 ante
1691 2326 1809 2360 tempus

1028 2382 1124 2402 unum
1138 2374 1210 2411 poni
1225 2374 1264 2401 ad
1280 2373 1432 2401 dexteram
1449 2372 1565 2400 Domini
1580 2373 1611 2400 in
1626 2379 1720 2407 regno
1736 2379 1807 2405 suo,

1029 2424 1057 2450 et
1071 2422 1164 2450 alium
1179 2421 1218 2449 ad
1234 2421 1392 2448 sinistram.
1409 2421 1522 2454 Matth„
1540 2427 1586 2448 xx.

1064 2469 1148 2498 Ponit
1174 2469 1315 2496 Dominus
1340 2468 1512 2504 exemplum
1535 2467 1634 2495 viduae
1644 2487 1652 2501 ,
1679 2474 1745 2502 quae
1769 2466 1810 2493 ita

1028 2517 1083 2544 fuit
1096 2516 1223 2544 molesta
1235 2516 1327 2551 J'udici
1338 2537 1347 2550 ,
1359 2523 1414 2543 nec
1433 2516 1525 2542 Deum
1539 2513 1670 2548 timenti,
1685 2521 1739 2540 nee
1754 2511 1820 2540 ho-'

1029 2564 1134 2598 mines,
1151 2563 1235 2600 quod
1249 2563 1372 2591 tandem
1387 2563 1482 2598 ipsam
1501 2561 1539 2590 de
1557 2569 1612 2589 suo
1636 2559 1808 2588 adversario

1030 2611 1202 2639 vindicavit.
1219 2611 1297 2644 Luc„
1312 2617 1395 2643 xvur,
1410 2611 1437 2637 2.

1067 2657 1208 2685 Herodias
1239 2656 1438 2685 insidiabatur
1464 2654 1570 2683 Joanni
1599 2654 1732 2690 Baptistae
1743 2674 1752 2687 ,
1782 2655 1809 2680 et

1031 2707 1111 2734 tanto
1134 2704 1205 2733 odio
1228 2703 1475 2740 persequebatur,
1499 2701 1583 2738 quod
1605 2701 1700 2736 magis
1721 2700 1809 2737 elegit
