2004 3037
75 1883 140 1902 Amor

57 1912 117 1939 quid.

60 2208 149 2228 Affectio

53 2239 162 2260 charitati-

54 2276 81 2290 va
92 2271 161 2296 quaii-

54 2302 87 2322 ter
97 2301 124 2321 ab
131 2301 162 2321 af-

55 2333 147 2355 sectione

55 2365 161 2391 naturali,

54 2396 76 2415 et
85 2396 160 2421 acqui-

55 2426 96 2446 sita
102 2426 162 2448 diffc-

82 2458 123 2478 rat.

687 205 735 238 DE
757 205 915 244 QUAR'tO
939 205 1113 238 lTiNERE.
1138 206 1236 238 DlS'r.
1261 207 1313 238 lll:

191 273 231 302 ad
253 274 370 303 bonum
393 274 572 303 convertitur
588 284 595 303 ε
611 274 643 303 111
657 282 718 312 quo
742 273 860 303 divinus
883 282 968 303 amor

190 323 370 351 monstratur
389 322 463 351 sicut
485 322 610 359 quidam
622 323 747 351 aeternus
761 321 898 357 circulus,
913 322 967 350 ha-

189 369 263 398 bens
285 369 353 398 finis
376 369 700 404 interminabilitatem,
724 371 752 398 et
764 369 903 406 principii
919 377 967 398 ca-

188 416 332 453 rentIam,
348 417 641 446 circumambulantis
659 418 781 453 propter
794 416 910 444 bonum
931 425 967 445 ex

188 463 288 498 bono,
304 465 333 492 et
353 464 384 492 in
397 464 532 498 honum,
547 471 601 500 per
615 463 781 500 quamdam
796 463 965 492 circulatio-

188 517 258 538 nem
272 518 334 538 non
355 511 520 545 errantem,
537 510 641 547 etipse
662 518 748 538 amor
763 510 795 538 iu
811 510 920 538 eodem
939 513 967 539 et

187 557 352 585 secundum
362 557 442 585 idem
449 557 626 593 procedenS,
641 565 758 593 semper
768 557 798 584 in
811 565 841 585 se
855 559 967 592 manet,

187 603 262 632 etad
269 611 300 632 se
307 603 476 632 restituitur.
487 615 500 630 n
513 605 576 632 llaec
592 603 650 632 ille.
662 605 700 632 De
715 604 770 632 isto
779 611 881 632 amore
895 603 966 632 dicit

186 649 267 678 idem
281 650 341 678 sie:
356 660 370 677 ι(
382 650 485 678 Audeo
501 652 601 679 antem
610 658 665 687 pro
681 658 753 678 vero
769 650 878 685 dicere,
894 652 966 687 quia

185 696 249 733 ipse
267 698 341 725 Deus
356 697 491 725 omnium
505 699 566 725 tam
585 697 710 733 pulchro
725 699 752 725 et
763 698 845 726 bono
863 706 965 726 amore

187 743 322 772 omnium
335 751 389 780 per
413 744 630 772 abundantiam
653 744 788 772 amativae
808 744 964 780 bonitatis,

186 790 270 827 quasi
278 792 358 818 extra
365 791 495 827 seipsum
501 791 542 826 fit,
550 791 738 827 providendo
746 791 886 819 omnibus
893 793 965 820 exis-

186 837 324 871 tentibus,
341 840 369 866 et
381 846 435 874 per
452 846 587 866 amorem
606 839 634 866 et
652 838 816 866 bonitatem
831 839 964 874 trahitur,

187 886 215 912 et
229 893 264 912 ex
279 892 325 919 eo,
342 885 426 921 quod
438 886 481 912 est
493 893 582 921 super
595 885 706 919 omnia,
721 885 760 913 ad
773 885 814 920 id,
827 886 910 922 quod
922 888 966 914 cst

185 931 217 959 in
233 931 387 966 omnibus,
411 931 567 959 deducitur
581 931 747 960 secundum
766 932 903 960 virtutem
917 941 964 960 su-

185 978 464 1014 persubstantialem
483 978 640 1006 facientem
660 979 811 1014 ecstasim,
833 980 885 1007 sed
901 988 919 1008 a
933 988 964 1008 se

184 1024 428 1060 inegressibilem.
447 1026 568 1061 Propter
579 1025 663 1061 quod
674 1027 765 1053 Deum
775 1026 899 1055 zelotem
911 1036 963 1055 vo-

186 1073 263 1108 cant,
278 1074 421 1108 tanquam
431 1072 621 1101 abundanter
633 1075 783 1101 amantem
799 1074 961 1111 existentia,

184 1121 213 1147 et
234 1119 410 1148 excitantem
431 1121 544 1148 mentes
571 1119 610 1147 ad
637 1120 754 1148 fervens
779 1120 963 1150 desiderium

183 1167 276 1204 ipsius
292 1177 298 1195 :
321 1167 402 1196 unde
418 1167 555 1196 amabilis
575 1169 602 1195 et
622 1167 776 1203 diligibilis
799 1169 914 1205 dicitur,
932 1170 962 1198 in

184 1216 329 1251 quantum
348 1216 390 1242 est
409 1215 565 1251 plenitudo
587 1214 728 1243 bonitatis
752 1217 779 1243 et
800 1216 961 1252 pulchritu-

184 1261 261 1289 dinis
277 1262 388 1290 cunctis
412 1262 630 1298 appetentibus
653 1262 762 1290 Dicitur
787 1264 861 1291 Deus
876 1271 962 1292 amor

183 1310 211 1336 et
225 1309 355 1344 dilectio,
374 1309 405 1336 in
424 1311 569 1345 quantum
583 1309 645 1345 ipse
661 1311 703 1338 est
718 1309 808 1337 virtus
823 1319 960 1346 movens,

183 1357 211 1384 et
225 1356 309 1392 quasi
325 1364 443 1384 sursum
457 1363 548 1391 agens
566 1355 667 1384 omnia
682 1356 720 1384 ad
735 1365 765 1384 se
788 1358 961 1386 naturaliter

181 1403 400 1439 appetendum,
425 1403 683 1439 quemadmodum
706 1403 848 1438 adamas,
875 1405 960 1441 quie-

181 1457 275 1484 scens,
289 1449 359 1477 faeit
371 1450 482 1477 ferrum
497 1450 621 1478 moveri.
636 1462 648 1474 »ι
661 1451 724 1478 11100
739 1451 903 1487 Dionysius
919 1453 960 1479 Ex

180 1496 226 1524 his
241 1497 380 1525 omnibus
395 1497 554 1532 concludit,
574 1497 675 1525 dicens
691 1506 697 1524 ε
719 1509 731 1523 (ι
748 1498 872 1531 Quando
887 1506 958 1534 crgo

180 1551 314 1571 amorem
335 1544 546 1578 nominamus,
562 1545 623 1571 sive
651 1544 804 1579 divinum,
827 1545 888 1572 sive
904 1554 957 1573 an-

180 1590 326 1626 gelicum,
350 1590 410 1618 sive
433 1590 682 1626 intellectualem,
699 1591 761 1618 sive
785 1591 956 1627 animalem,

180 1636 239 1665 sive
267 1637 450 1672 naturalem,
481 1637 671 1673 designamus
697 1638 818 1665 nomine
848 1638 957 1666 amoris

180 1683 344 1719 quamdam
363 1684 503 1712 virtutem
521 1685 666 1713 unitivam
690 1687 718 1713 et
739 1686 955 1721 eoncrettvam,

177 1732 348 1759 moventem
369 1731 524 1767 superiora
539 1732 578 1759 ad
599 1732 821 1768 providentiam
836 1732 955 1760 inferio-

177 1785 255 1811 rum,
271 1780 299 1805 et
310 1778 515 1806 coordinatam
531 1779 569 1806 ad
585 1779 756 1806 continuam
780 1781 807 1807 et
821 1782 956 1807 mutuam

177 1825 384 1853 habitudinem
405 1825 591 1861 inferiorum,
617 1827 655 1854 ad
676 1827 902 1855 conversionem
917 1828 956 1856 ad

178 1872 340 1907 superiora.
357 1882 370 1898 »
389 1873 429 1899 Ex
451 1872 559 1908 quibus
581 1873 721 1901 omnibus
742 1882 885 1910 apparere
905 1883 956 1911 po-

176 1920 241 1951 test,
257 1918 339 1954 quod
355 1926 440 1946 amor
455 1920 496 1946 est
510 1919 602 1948 virtus
616 1920 730 1948 unitiva
746 1921 872 1948 amantis
887 1929 955 1949 011111

177 1967 286 1994 amato.

401 2021 641 2055 DISTINCTIO
669 2022 725 2055 ΙΙΙ.

179 2089 304 2122 Qualiter
323 2089 489 2116 charitativa
509 2089 614 2123 affectio
630 2097 647 2115 α
663 2090 786 2116 naturali
805 2090 953 2125 affectione,

283 2133 325 2160 vel
339 2134 475 2168 acquisita
490 2133 633 2160 dilectione
648 2134 844 2168 distz'nyuatur.

211 2201 316 2235 Tertio,
337 2209 374 2228 ne
389 2200 508 2236 spiritus
522 2200 669 2228 humanus
689 2201 810 2237 arripiat
831 2202 885 2229 iter
902 2210 954 2230 na-

176 2247 278 2275 turalis
293 2247 466 2282 affectionis,
482 2247 529 2275 vel
544 2248 692 2283 acquisita}
705 2248 881 2283 dilectionis,
898 2257 952 2285 pro

175 2294 278 2322 itinere
302 2294 480 2322 charitativae
503 2294 680 2329 affectionis,
709 2295 827 2331 expedit
851 2295 952 2324 videre

176 2342 301 2378 qualiter
316 2341 432 2369 affectio
447 2341 630 2375 charitativa,
646 2341 706 2369 sive
723 2343 859 2377 gratuita,
877 2351 953 2370 ana-

176 2387 262 2415 turali
286 2388 458 2421 affectione,
489 2390 516 2415 et
539 2388 685 2424 acquisita
717 2389 876 2416 dilectione
904 2390 951 2416 vel

176 2441 287 2469 amore,
304 2434 429 2469 differat,
442 2434 490 2461 vel
505 2434 711 2470 distinguatur.
727 2437 765 2463 De
776 2444 835 2471 quo
848 2438 950 2463 notan-

177 2480 248 2508 dum
258 2483 308 2515 est,
318 2481 411 2517 quod,
422 2481 495 2508 sicut
503 2481 573 2508 dicit
584 2483 666 2517 lingo
676 2482 713 2509 dc
722 2483 825 2510 Sancto
839 2484 949 2511 Victore

175 2528 205 2554 in
213 2528 289 2556 libro
298 2528 472 2564 quiineipit:
484 2528 593 2563 Accipe,
604 2531 693 2562 frater
704 2531 866 2565 charissime,
876 2530 948 2558 affe-

175 2576 237 2602 ctus
264 2576 306 2601 est
326 2577 487 2610 spontanea
512 2575 650 2611 quaedam
677 2584 711 2604 00
738 2577 831 2604 dulcis
858 2577 949 2613 ipsius

208 2638 213 2653 ¹
228 2637 303 2666 ling„
320 2636 362 2660 ubi
380 2644 435 2667 sup.
452 2645 526 2667 prox.
542 2651 573 2656 ——
586 2639 597 2654 ²
611 2638 712 2669 Ephes„
728 2645 752 2667 ν,
769 2642 807 2663 29.
823 2653 852 2658 —
869 2640 876 2653 ³
889 2641 947 2670 lsa„

173 2679 244 2702 xrix,
269 2674 305 2696 112¹.
326 2685 352 2689 —-
372 2673 382 2689 θ
403 2673 409 2695 1
433 2673 505 2702 Tim„
526 2679 549 2703 v,
573 2676 595 2696 ti.
616 2687 642 2690 —-
663 2674 672 2690 ¹⁵
690 2675 770 2705 .Ιυ.υι.,
793 2682 839 2706 Ml,
860 2677 899 2699 ΖΒ.
917 2687 947 2693 -

1745 209 1805 240 439

1023 274 1116 302 animi
1141 274 1180 303 ad
1195 274 1310 311 aliquid
1324 274 1487 304 inclinatio.
1505 277 1537 304 Et
1552 275 1634 312 quia,
1653 275 1806 311 sicutipse

1023 320 1094 349 dicit
1116 320 1245 356 ibidem,
1260 321 1425 350 secundum
1449 322 1564 350 variam
1579 321 1803 350 inclinationem

1023 367 1213 396 affectionum
1224 370 1251 396 et
1262 370 1398 397 motuum
1408 368 1560 397 variantur
1569 369 1662 397 nostri
1673 377 1803 404 amores,

1022 414 1103 449 ideo,
1127 416 1159 443 ut
1174 415 1212 443 de
1235 415 1375 443 omnihus
1391 415 1599 444 affectionibus
1622 417 1650 443 et
1671 415 1803 444 motibus

1022 460 1132 497 quibus
1146 470 1231 490 amor
1245 464 1343 490 noster
1362 461 1564 498 multipliciter
1579 462 1720 498 variatur,
1735 462 1803 499 quis

1021 507 1143 536 illorum
1158 509 1287 537 maxime
1303 508 1473 545 sequendus
1488 508 1539 543 sit,
1559 510 1588 536 et
1603 511 1758 545 quantum,
1774 511 1802 538 et

1022 555 1158 591 qualiter,
1185 557 1216 583 ut
1231 557 1431 592 competenter
1446 555 1498 583 fiat
1509 576 1518 590 ,
1535 557 1564 583 οῖ
1580 555 1645 591 quis
1661 564 1802 592 respuen-

1022 601 1078 629 dus
1092 602 1138 637 sit,
1155 602 1202 631 vel
1214 603 1302 631 etiam
1317 603 1537 639 reprimendus,
1552 603 1689 632 subtilius
1704 606 1746 632 est
1760 604 1802 632 in-

1021 649 1213 685 quirendum.
1229 652 1282 678 Per
1296 650 1354 678 1100
1369 650 1481 686 patebit
1496 649 1525 678 in
1545 658 1606 686 quo
1622 658 1739 679 amores
1754 651 1802 679 isti

1021 696 1214 731 conveniunt,
1230 699 1258 724 et
1268 696 1418 724 differunt.

1057 744 1128 772 Sunt
1141 745 1251 779 autem,
1268 743 1418 779 sicutipse
1435 744 1563 772 ostendit
1573 744 1699 780 ibidem,
1717 745 1802 780 quin-

1021 799 1078 827 que
1104 799 1236 826 amores,
1262 793 1289 819 ct
1304 791 1476 819 affectiones
1497 792 1608 828 quibus
1622 792 1802 821 inclinamur

1021 838 1059 866 ad
1075 838 1206 874 aliquem
1221 838 1268 866 vel
1283 838 1408 874 aliquid.

1056 885 1170 913 Primus
1178 886 1348 913 estaffectus
1357 885 1508 920 naturalis,
1519 886 1556 914 de
1567 894 1628 922 quo
1638 886 1708 915 dicit
1716 888 1800 922 Hugo

1020 931 1133 960 ibidem
1149 932 1189 960 sic
1204 932 1212 948 ¹
1229 942 1235 960 :
1251 944 1264 958 α
1279 933 1423 960 Naturalis
1448 933 1570 961 affectus
1586 935 1628 961 est
1644 934 1802 969 cujuslibet

1019 978 1058 1006 ad
1073 987 1192 1007 carnem
1207 988 1292 1007 suam
1303 989 1308 1007 :
1321 988 1396 1007 nemo
1413 980 1492 1007 enim
1503 981 1513 997 ²
1529 988 1634 1008 curnem
1649 989 1725 1008 su‘lm
1738 981 1799 1008 odio

1019 1026 1124 1053 habuit.
1143 1027 1213 1054 Item
1228 1026 1329 1054 matris
1344 1026 1383 1054 ad
1395 1026 1492 1054 filium
1508 1035 1514 1054 ε
1531 1035 1584 1054 non
1599 1027 1697 1054 enim³
1709 1030 1799 1063 potest

1018 1075 1104 1100 mater
1119 1073 1241 1100 oblivisci
1262 1074 1394 1106 infantum
1415 1075 1486 1101 uteri
1500 1075 1554 1101 sui.
1576 1075 1648 1102 ltem
1669 1074 1798 1102 hominis

1018 1119 1058 1147 ad
1078 1120 1272 1148 domesticum
1294 1129 1382 1148 51111111
1409 1130 1415 1148 :
1434 1122 1488 1154 Qui
1509 1121 1588 1148 enim
1603 1122 1614 1138 t
1636 1129 1728 1148 curam
1747 1121 1796 1149 do-

1017 1169 1184 1195 mesticorum
1200 1176 1252 1195 non
1270 1169 1364 1203 habet,
1379 1169 1458 1204 ficiem
1473 1171 1600 1203 ueqavz’t,
1616 1172 1642 1196 et
1666 1172 1705 1197 est
1727 1169 1798 1198 decc-

1017 1216 1074 1242 ricr
1089 1215 1203 1249 infideli.
1221 1217 1303 1244 Hunc
1318 1224 1389 1243 sane
1405 1216 1560 1250 affectum,
1577 1216 1652 1244 sicut
1669 1224 1731 1244 non
1747 1216 1798 1245 ad-

1016 1261 1129 1289 mittere
1148 1261 1333 1298 impossibile
1359 1265 1418 1297 est,
1443 1263 1482 1290 ita
1498 1271 1558 1290 non
1574 1263 1659 1299 sequi
1674 1271 1798 1292 summae

1015 1307 1129 1336 virtutis
1145 1311 1197 1343 est,
1210 1308 1265 1336 nisi
1276 1309 1389 1337 ratione
1401 1309 1561 1345 rcguletur.
1578 1310 1699 1346 Semper
1716 1310 1797 1338 enim

1016 1354 1070 1383 15ῖο
1087 1355 1208 1383 affectus
1221 1356 1325 1384 mollia
1340 1357 1481 1392 suggerit,
1499 1358 1527 1384 et
1536 1364 1637 1392 suave,
1653 1359 1680 1384 ct
1692 1357 1797 1392 jucun-

1017 1402 1100 1436 dum,
1123 1403 1207 1438 quod
1227 1405 1387 1438 terrenum,
1412 1403 1494 1439 quod
1518 1403 1743 1440 voluptuosum,
1769 1407 1797 1432 et

1016 1449 1099 1484 quod
1108 1449 1278 1484 delicatum,
1288 1450 1415 1477 libenter
1424 1450 1623 1486 amplectitur3
1634 1451 1795 1487 quodvero

1015 1504 1164 1531 asperum,
1176 1497 1260 1531 quod
1272 1497 1416 1524 voluntati
1430 1497 1622 1531 contrarium,
1635 1497 1717 1526 omni
1727 1498 1797 1526 hor-

1014 1550 1081 1570 rore
1100 1543 1207 1578 refugit
1223 1553 1229 1570 :
1247 1544 1386 1579 quocirca
1400 1544 1489 1579 hujus
1505 1543 1668 1571 affectionis
1688 1552 1795 1572 execu-

1015 1589 1054 1616 tio
1079 1597 1165 1617 amor
1185 1598 1341 1625 pervorsus
1365 1592 1415 1618 cst.
1441 1590 1489 1617 llic
1509 1598 1594 1618 amor
1609 1599 1626 1618 a
1645 1591 1795 1620 Salvatore

1014 1635 1207 1671 interdicitur,
1219 1645 1286 1664 eum
1302 1637 1372 1664 dicit
1384 1638 1409 1664 ²³:
1425 1638 1478 1670 Qui
1489 1640 1562 1664 ainai
1578 1639 1697 1665 (mimam
1708 1646 1794 1673 suam,

1011 1684 1107 1718 perdet
1121 1692 1188 1711 eam.
1204 1684 1331 1712 Proinde
1344 1686 1462 1712 sanctus
1478 1684 1659 1719 Augustinus
1675 1685 1746 1713 dicit
1759 1685 1769 1702 ⁶
1787 1694 1794 1713 ε

1017 1740 1030 1755 ‹<
1041 1730 1068 1757 51
1082 1730 1160 1758 111010
1169 1739 1261 1766 amas,
1271 1733 1341 1759 tunc
1356 1731 1460 1766 odisti3
1472 1731 1584 1759 sibene
1601 1731 1710 1766 oderis,
1727 1734 1795 1760 tunc

1014 1777 1128 1805 amasti.
1144 1788 1157 1803 n
1171 1778 1308 1814 Sequitur
1319 1788 1327 1804 .·
1346 1789 1358 1804 ι(
1375 1778 1428 1812 Qui
1441 1778 1520 1806 enim
1536 1780 1616 1806 amat
1630 1779 1796 1807 secundum

1013 1824 1102 1852 talem
1124 1825 1281 1860 affectum,
1300 1825 1401 1860 utiquc
1422 1825 1502 1859 odit,
1518 1824 1590 1861 quia
1605 1826 1615 1842 ⁷
1631 1827 1680 1860 qui
1700 1826 1794 1861 diligit

1013 1873 1206 1907 iniquitatem,
1228 1872 1286 1899 cclii
1310 1874 1430 1899 animam
1457 1880 1550 1905 sttam3
1569 1872 1621 1908 qui
1644 1880 1716 1900 vero
1733 1873 1796 1901 odit

1012 1919 1179 1946 secundum
1194 1919 1279 1946 illum
1295 1919 1452 1954 affectum,
1469 1919 1634 1947 secundum
1649 1920 1795 1948 rationem

1013 1965 1118 2001 diligit.
1139 1966 1275 1994 Naturale
1292 1966 1418 2002 quidem
1440 1968 1500 2000 est,
1517 1967 1600 2002 quod
1615 1967 1707 1995 homo
1724 1975 1795 2002 erga

1013 2021 1042 2039 50
1059 2015 1085 2040 01
1101 2021 1169 2040 51105
1186 2013 1325 2040 affectum
1335 2013 1460 2048 habeat,
1477 2013 1530 2040 sed
1540 2021 1674 2041 amorem
1691 2021 1794 2041 secun-

1013 2059 1084 2086 dum
1108 2059 1246 2087 affectum
1269 2060 1379 2087 habere
1404 2067 1466 2086 non
1490 2059 1586 2087 debet.
1609 2070 1621 2086 >³
1647 2061 1710 2088 Haec
1732 2060 1792 2088 ille.

1011 2106 1096 2139 Quod
1112 2106 1150 2133 ab
1169 2106 1203 2141 (u)
1219 2106 1274 2134 isto
1291 2106 1397 2133 01100111
1412 2105 1540 2133 naturali
1562 2106 1680 2134 affectio
1698 2107 1793 2135 chari-

1011 2153 1101 2181 tativa
1117 2153 1249 2187 differat,
1267 2154 1355 2188 patet,
1374 2152 1445 2188 quia
1460 2153 1512 2180 iste
1529 2153 1563 2188 (b)
1581 2161 1649 2180 cum
1670 2154 1792 2182 homine

1010 2201 1148 2235 nascitur,
1165 2200 1217 2228 illa
1237 2208 1309 2228 vero
1326 2208 1343 2228 a
1364 2202 1421 2228 Deo
1441 2200 1601 2236 inducitur,
1622 2200 1691 2229 dicit
1710 2201 1791 2229 idem

1010 2249 1103 2283 Ilugo.

1046 2294 1197 2322 Secundus
1222 2295 1263 2320 est
1288 2293 1407 2321 affectus
1432 2294 1574 2329 earnalis,
1592 2294 1628 2322 de
1644 2303 1704 2331 quo
1721 2295 1791 2323 dicit

1010 2341 1090 2369 idem
1113 2341 1153 2368 510
1171 2351 1176 2369 ;
1197 2351 1210 2367 a
1226 2341 1358 2369 Carnalis
1375 2341 1497 2368 affectus
1519 2341 1631 2377 duplex
1655 2344 1706 2369 cst.
1726 2342 1789 2370 Ple-

1008 2396 1135 2424 rumque
1151 2388 1230 2416 enim
1245 2396 1342 2423 neque
1364 2388 1470 2422 virtus,
1486 2396 1584 2424 neque
1601 2388 1705 2416 vitium
1729 2390 1785 2424 est,-
1799 2422 1802 2425 .

1009 2435 1060 2462 sed
1085 2438 1126 2463 est
1150 2435 1288 2471 quiedam
1311 2434 1462 2462 exterioris
1477 2435 1606 2462 hominis
1628 2435 1785 2470 habitudo,

1009 2482 1142 2510 animum
1166 2481 1304 2509 intuentis
1327 2481 1383 2508 sibi
1403 2482 1549 2509 inclinans
1563 2482 1657 2509 facile.
1673 2482 1785 2518 Quippe

1009 2538 1075 2557 cum
1086 2529 1210 2564 alicujus
1220 2529 1316 2556 forma
1332 2530 1374 2556 est
1385 2528 1558 2564 elegantior,
1571 2531 1598 2556 et
1608 2537 1704 2556 sermo
1719 2536 1783 2556 sua-

1007 2596 1017 2613 6
1034 2598 1109 2628 Aug,
1127 2597 1151 2620 in
1171 2597 1241 2620 Josm.
1264 2597 1373 2627 Ermzy.‚
1392 2599 1466 2620 tract.
1483 2602 1516 2625 Li,
1537 2603 1561 2620 n.
1582 2598 1619 2620 10.
1636 2608 1664 2614 —
1687 2597 1694 2611 ⁷
1714 2595 1781 2621 Psal.

1005 2638 1031 2663 x,
1047 2635 1069 2657 6.

1038 2676 1072 2706 (a)
1089 2675 1149 2699 Ccct.
1165 2675 1224 2699 ulit.
1240 2675 1273 2700 in.
1290 2688 1320 2692 -
1336 2674 1368 2705 (b)
1385 2675 1446 2698 Mem
1459 2674 1513 2699 1510.
