2004 3037
162 145 222 180 238

163 216 258 244 sivam
280 214 384 243 formae
408 213 596 248 extrinseeae3
622 212 664 241 sic
681 213 831 242 mundum
855 214 940 242 inno-

162 263 254 295 vabit,
271 269 340 290 cum
353 260 462 289 habeat
478 259 612 288 virtutem
628 260 849 289 subtiliativam.

199 309 341 338 Mundum
355 310 454 336 autem
466 307 614 342 innovari,
627 307 659 334 id
674 309 727 342 est,
738 307 941 343 pulchriorem

163 357 290 385 formam
305 355 449 391 accipere,
465 353 629 382 ostenditur
639 354 796 391 multiplici
806 355 939 383 ratione:

163 403 260 439 primo
270 424 278 437 ,
294 402 366 438 quia
379 401 454 429 sieut
472 401 596 436 dignum
609 400 680 435 fuit,
696 401 780 437 quod
797 401 942 429 elementa

163 451 372 486 purgarentur,
385 456 440 484 pro
456 455 492 475 eo
505 447 589 484 quod
603 447 710 475 infecta
725 450 806 476 crant
819 449 942 484 propter

163 498 317 534 peccatum
332 495 478 530 hominis,
497 494 537 522 ita
552 494 678 529 dignum
698 496 740 522 est
761 496 791 522 ut
813 493 943 522 mundus

163 544 340 578 innovetur,
367 544 490 579 propter
521 541 770 577 glorificationem
801 540 940 569 hominis.

164 589 312 625 Secundo,
325 591 358 617 ut
372 590 510 617 ereaturze
522 590 749 616 remunerentur
759 596 815 625 pro
827 588 943 623 labore,

165 645 226 673 quo
242 636 356 664 homini
366 635 538 663 servierunt.
551 635 655 668 Tertio,
666 637 698 663 ut
712 637 789 663 totus
802 635 943 670 1110οᾱ05,

165 685 254 721 prout
274 685 316 711 est
331 682 488 719 possibile,
505 681 705 710 conformetur
724 681 839 710 homini
854 681 944 718 glori-

165 731 263 759 ficato.
280 731 399 764 Quarto,
417 729 486 765 quia
499 728 628 756 mundus
643 728 735 756 factus
747 731 799 764 est,
810 731 842 756 ut
850 729 942 756 homo

165 786 244 805 nune
255 785 308 813 per
322 775 477 813 speculum
487 778 625 803 creaturae
641 777 731 803 Deum
742 778 942 811 cognosceret,

167 832 258 860 quem
272 823 302 851 in
317 831 371 851 sua
383 824 488 850 natura
505 822 606 856 videre
621 830 681 850 non
695 822 800 858 potuit.
818 822 899 850 Unde
913 822 944 849 in

166 871 266 898 futuro
281 871 399 906 oportet
417 869 571 905 speculum
586 868 752 903 meliorari,
766 871 794 896 et
811 868 943 904 purgari,

167 919 199 945 ut
214 918 244 945 in
258 916 478 953 pulchritudine
498 917 700 943 creaturarum
715 915 842 951 amplius
855 915 946 942 reful-

168 966 235 1000 geat
252 964 365 1000 species
385 962 528 991 Creatoris
544 971 550 989 z
571 962 628 990 hoc
644 964 742 990 autem
757 969 817 990 non
839 962 893 989 erit
907 962 946 990 ad

167 1011 367 1039 necessitatem
379 1031 387 1044 ‚
403 1009 487 1046 quasi
503 1011 576 1036 Deus
593 1008 678 1036 aliter
693 1008 786 1036 videri
801 1016 861 1036 non
877 1016 947 1044 pos-

167 1057 212 1091 sit,
229 1057 303 1085 51001
315 1056 422 1091 1110ἀο;
434 1055 486 1083 sed
498 1055 537 1083 011
549 1055 777 1090 jucunditatem,
792 1057 824 1083 ut
838 1056 948 1084 seilicet

169 1103 356 1132 delectationi
375 1102 496 1130 visionis
519 1102 724 1130 intellectualis
747 1102 874 1130 addatur
896 1103 947 1131 de-

167 1151 285 1179 lectatio
302 1149 424 1178 visionis
439 1149 593 1176 sensualis.

205 1197 295 1226 Orbes
310 1198 408 1225 autem
424 1196 556 1224 coelestes
574 1198 602 1223 ct
621 1195 737 1230 sidera,
757 1199 880 1232 propter
895 1196 949 1224 im-

168 1244 411 1281 permixtionem,
440 1243 523 1270 00110
555 1242 733 1277 indigebunt
757 1243 947 1279 purgatione,

169 1292 242 1319 sicut
257 1290 416 1324 elementa;
441 1289 493 1317 sed
516 1289 723 1317 tantummodo
743 1292 840 1317 motus
855 1297 950 1317 cessa-

169 1338 249 1365 tione
266 1346 272 1365 :
292 1339 320 1365 et
339 1337 406 1364 ideo
428 1336 668 1370 innovabuntur,
689 1336 741 1364 sed
756 1344 817 1364 non
841 1345 950 1372 purga-

170 1385 290 1413 buntur.
311 1383 465 1412 Innovatio
485 1385 585 1410 autem
606 1382 636 1410 in
657 1382 716 1410 11115
735 1382 795 1410 duo
810 1383 948 1419 requirit,

171 1431 281 1459 scilieet
295 1433 393 1459 motus
408 1430 617 1464 cessationem,
633 1432 660 1457 01
674 1429 836 1457 claritatem
851 1429 949 1466 splen-

173 1478 253 1506 doris
268 1477 455 1514 ampliorem,
472 1476 594 1513 quando
609 1476 698 1504 stabit
711 1476 760 1504 Sol
776 1476 806 1504 in
822 1477 950 1512 Oriente,

172 1527 200 1553 et
221 1526 300 1553 Luna
322 1525 352 1552 in
377 1524 553 1557 Occidente,
572 1523 622 1551 ubi
649 1523 737 1551 creati
762 1526 838 1551 suut.
861 1524 951 1559 liujus

173 1572 241 1600 dieti
268 1572 332 1600 hate
361 1574 402 1599 est
423 1571 517 1605 ratio,
543 1570 613 1606 quia
642 1578 769 1606 corpora
797 1570 951 1606 superiora

173 1619 249 1646 faeta
270 1621 337 1646 sunt
357 1618 396 1646 ad
420 1626 508 1645 11511111
531 1617 660 1645 bominis
688 1617 866 1653 dupliciter:
889 1625 950 1644 uno

173 1666 276 1701 modo,
298 1669 418 1703 propter
442 1666 641 1693 necessitatem
667 1665 817 1700 corporis,
843 1664 952 1692 scilicet

173 1716 280 1741 statum
308 1713 505 1747 generationis
533 1714 561 1739 01
589 1711 797 1747 corruptionis,
827 1713 854 1738 et
880 1711 950 1738 ideo

174 1762 303 1788 cessante
318 1759 369 1787 1110
384 1760 508 1787 cessabit
518 1761 629 1793 motus3
642 1758 701 1786 alio
716 1759 818 1791 modo,
831 1759 952 1794 propter

175 1806 401 1834 delectationem
428 1806 458 1833 in
486 1805 704 1841 pulchritudine
738 1807 895 1838 creaturae,
924 1806 953 1832 et

174 1855 295 1890 propter
315 1853 515 1887 cognitionem
531 1852 578 1879 Dei
596 1852 625 1879 in
645 1851 702 1879 11115
716 1861 722 1878 :
737 1851 805 1879 idco
820 1851 872 1878 lux
886 1851 951 1879 illo-

176 1908 240 1929 rum
260 1908 320 1928 non
336 1899 471 1933 cessabit,
485 1899 536 1926 sed
551 1898 646 1933 magis
661 1898 826 1933 augebitur.

211 1947 293 1974 Circa
314 1946 458 1974 elementa
482 1947 583 1973 autem
604 1947 692 1978 nota,
707 1945 786 1980 quod
802 1947 877 1972 terra
900 1944 954 1972 erit

176 1993 250 2021 sicut
278 1993 432 2029 crystallus
444 2013 453 2026 ,
482 1994 509 2020 et
537 1991 786 2027 complanabitur.
817 1993 872 2019 Aer
900 1991 954 2018 erit

177 2040 297 2079 clarior,
314 2048 368 2067 nec
387 2039 509 2066 habebit
533 2038 740 2074 impressiones
763 2046 838 2074 quas
861 2037 953 2065 modo

177 2087 283 2121 habet,
309 2086 379 2122 quia
405 2094 465 2113 non
491 2087 576 2113 crunt
602 2085 709 2119 nubes,
735 2092 831 2120 neque
855 2084 952 2120 venti,

177 2142 274 2170 neque
296 2133 418 2168 pluviae,
442 2140 539 2168 neque
559 2139 621 2165 ros,
645 2139 741 2167 neque
763 2132 829 2165 nix,
856 2140 954 2168 neque

178 2181 320 2214 tonitrua,
345 2187 442 2215 neque
461 2179 588 2213 fulgura.
610 2178 688 2213 Ignis
711 2178 799 2205 etiam
824 2181 850 2205 et
876 2186 955 2214 aqua

178 2228 248 2255 fient
262 2226 411 2263 puriores,
429 2228 456 2253 et
477 2225 640 2252 manebunt
660 2232 721 2251 non
742 2224 839 2251 solum
855 2232 955 2252 seeun-

180 2274 252 2301 dum
273 2273 482 2305 substantiam,
504 2271 556 2298 scd
584 2271 671 2298 ctiam
697 2270 862 2298 secundum
888 2280 955 2298 suas

179 2320 350 2357 qualitates,
373 2327 447 2355 quas
470 2318 623 2345 habebunt
647 2318 791 2352 quantum
812 2317 850 2344 ad
871 2317 955 2345 liabi-

180 2371 252 2401 tum,
269 2367 321 2395 sed
336 2374 396 2394 1100
412 2367 555 2401 quantum
575 2363 613 2391 ad
629 2372 715 2391 05001
732 2372 737 2390 ;
757 2363 828 2399 quia
843 2372 910 2391 00111
925 2364 955 2391 10

181 2415 226 2443 1115
244 2414 362 2442 duobus
382 2412 532 2440 elementis
553 2411 647 2445 magis
668 2410 786 2444 vigeant
801 2410 956 2445 qualitates

182 2461 299 2495 activae,
321 2459 430 2488 50111001
447 2457 592 2493 frigiditas
614 2457 644 2484 in
663 2465 757 2494 aqua,
775 2459 803 2485 ct
821 2457 955 2485 caliditas

182 2508 211 2535 111
228 2508 304 2543 igne,
317 2506 411 2542 magis
426 2507 493 2534 sunt
507 2504 704 2540 generationis
719 2506 746 2531 et
759 2504 957 2540 corruptionis

182 2553 360 2591 principium
378 2562 384 2581 ;
407 2554 435 2580 01
455 2551 521 2580 talis
537 2551 655 2579 effeetus
677 2550 797 2578 illorum
820 2558 880 2579 non
903 2551 957 2579 erit

184 2600 333 2637 amplius:
359 2601 479 2636 propter
505 2598 563 2626 hoe
593 2597 730 2625 dicuntur
757 2597 884 2626 interire.
907 2598 957 2625 Vel

482 144 740 179 COMPENDIUM
759 144 1017 179 THEOLOGICAE
1037 144 1261 181 VERITATIS.
1282 149 1358 182 LlB.
1380 150 1448 183 vn.

995 214 1064 244 ideo
1078 216 1243 245 secundum
1262 217 1381 254 aliquos
1402 217 1540 246 dicuntur
1552 217 1616 248 haec
1636 211 1697 249 duo
1712 221 1772 251 ele-

995 265 1096 292 menta
1116 263 1235 292 interire
1248 286 1256 297 ,
1272 264 1343 301 quia
1362 265 1505 293 Dominus
1525 273 1561 294 ea
1574 265 1728 296 intercidet
1741 268 1772 297 in

995 309 1068 345 11115,
1083 312 1154 339 teste
1168 311 1274 339 Basilio
1289 319 1378 348 super
1393 312 1524 340 Psalmos
1540 314 1548 330 ¹
1566 322 1573 341 :
1591 314 1652 341 701,-
1665 315 1774 343 nemim·

995 357 1184 386 intercidevm‘s
1203 360 1338 394 flammam
1363 361 1452 394 iqnis,
1473 359 1513 388 ita
1537 360 1620 397 quod
1642 361 1773 391 calidum

995 404 1124 432 ustivum
1145 407 1174 433 et
1192 405 1334 442 frigidum
1355 406 1480 442 glaciale
1501 407 1623 436 tendent
1642 408 1773 444 inferius,

996 451 1188 488 perspicuum
1215 454 1314 481 autem
1341 453 1372 480 in
1400 461 1489 490 aqua,
1519 455 1547 482 et
1570 454 1622 483 lux
1650 455 1681 483 in
1707 456 1774 492 igne

997 498 1184 527 manebunt:
1206 499 1278 535 quia
1297 499 1335 528 de
1359 500 1500 528 omnibus
1521 501 1674 530 elementis
1694 502 1777 538 igno-

997 544 1058 573 bile
1081 546 1179 574 tendet
1198 546 1357 582 deorsum,
1377 547 1452 575 sieut
1469 556 1620 583 grossum,
1640 551 1668 577 et
1687 551 1776 578 terre-

998 599 1082 627 num,
1094 595 1122 622 et
1138 601 1276 630 opacum,
1288 602 1322 622 ac
1336 595 1539 630 tenebrosum,
1551 597 1579 624 et
1592 596 1774 631 huJusmodi.

1033 641 1113 668 Patet
1133 648 1205 675 ergo
1229 640 1312 677 quod
1336 640 1445 668 coelum
1465 643 1493 669 et
1512 643 1590 670 terra
1608 643 1777 671 transibunt

1000 687 1144 722 quantum
1157 686 1195 715 ad
1208 686 1350 722 formam;
1364 687 1416 715 sed
1427 695 1489 715 non
1501 691 1647 724 quantum
1658 689 1697 717 ad
1710 690 1778 718 sub-

1000 733 1147 762 stantiam.
1180 735 1259 762 Patet
1282 734 1370 762 etiam
1394 743 1431 762 ex
1453 735 1599 772 praedictis
1626 737 1778 765 terminari

1000 780 1260 808 transmutationes
1274 780 1488 809 elementorum
1499 802 1508 816 ‚
1529 784 1557 810 et
1576 783 1778 818 generationes

1000 826 1176 854 animalium
1197 827 1226 854 et
1244 826 1432 863 plantarum,
1455 827 1527 864 quia
1548 837 1643 857 causae
1657 829 1779 859 illorum

1001 872 1179 900 cessabunt:
1204 875 1232 900 et
1253 875 1375 909 propter
1397 874 1451 902 ista
1474 874 1612 904 dicuntur
1635 876 1780 906 elementa

1002 919 1137 954 interire,
1168 927 1230 947 non
1255 923 1398 956 quantum
1424 921 1463 948 ad
1486 922 1699 958 substantiam,
1727 923 1780 952 sed

1001 968 1147 1001 quantum
1171 966 1209 994 ad
1232 967 1380 995 actionem
1400 970 1427 996 et
1445 969 1625 1004 passionem.
1649 970 1780 1006 Corpora

1002 1020 1074 1040 vero
1090 1013 1235 1048 eoelestia,
1251 1013 1353 1042 habita
1367 1015 1466 1051 quiete
1482 1018 1509 1043 et
1522 1015 1634 1044 lumine
1649 1016 1778 1052 clariori,

1003 1059 1143 1087 dicuntur
1157 1061 1306 1088 renovari.
1322 1062 1529 1090 Verumtamen
1542 1062 1602 1095 illa,
1615 1071 1692 1099 quae,
1706 1063 1781 1092 sicut

1003 1105 1115 1133 dictum
1131 1109 1189 1141 est,
1212 1107 1378 1142 intereunt,
1394 1108 1425 1136 in
1438 1108 1559 1137 homine
1573 1109 1779 1146 salvabuntur,

1003 1152 1055 1188 qui
1068 1152 1293 1182 similitudinem
1306 1154 1396 1182 habet
1407 1163 1474 1183 cum
1487 1155 1569 1183 omni
1584 1164 1690 1191 genere
1703 1165 1782 1185 crea-

1003 1201 1093 1234 turae,
1117 1202 1144 1227 01
1167 1203 1287 1237 propter
1308 1201 1371 1229 haec
1390 1201 1420 1229 in
1439 1201 1569 1230 hominis
1590 1203 1781 1232 innovatione

1004 1248 1031 1274 et
1045 1246 1259 1281 glorificatione
1273 1250 1396 1284 possunt
1411 1248 1469 1276 dici
1483 1249 1584 1278 omnia
1597 1250 1743 1278 renovari.

1224 1342 1248 1374 C
1262 1343 1290 1375 A
1303 1342 1329 1375 P
1342 1342 1370 1376 U
1382 1343 1409 1376 T
1448 1343 1479 1376 X
1491 1343 1522 1377 X
1534 1345 1560 1377 1.

1253 1415 1290 1441 De
1306 1415 1394 1449 poenis
1413 1416 1530 1449 Inferni.
1559 1387 1578 1394 -

1041 1482 1119 1510 Sicut
1142 1484 1220 1518 patet
1243 1482 1343 1510 divina
1364 1484 1496 1519 potentia
1518 1485 1548 1512 in
1569 1485 1718 1521 creando,
1738 1494 1784 1515 sa-

1005 1529 1116 1564 pientia
1128 1529 1157 1556 in
1172 1529 1379 1564 gubernando,
1393 1530 1548 1559 clementia
1561 1531 1590 1559 in
1602 1532 1781 1568 reparando,

1006 1575 1047 1603 510
1063 1576 1176 1611 patebit
1191 1576 1290 1604 divina
1306 1577 1416 1611 justitia
1431 1577 1460 1604 in
1474 1578 1636 1613 puniendo.
1659 1579 1783 1615 Dignum

1007 1625 1048 1649 est
1063 1623 1140 1650 enim
1151 1644 1159 1657 ,
1182 1625 1216 1650 ut
1230 1631 1290 1650 nou
1307 1626 1458 1652 remaneat
1472 1624 1601 1653 dedecus
1616 1626 1709 1662 culpae
1722 1627 1784 1655 sine

1007 1668 1114 1696 decore
1126 1669 1251 1704 justitiae.

1043 1715 1119 1742 Licet
1134 1718 1232 1743 autem
1246 1718 1398 1751 peccatum
1411 1717 1447 1744 sit
1458 1718 1672 1753 transitorium,
1686 1722 1784 1748 tamen

1007 1762 1059 1789 erit
1080 1770 1169 1796 poena
1190 1765 1332 1798 perpetua
1349 1763 1503 1799 multiplici
1524 1764 1647 1792 ratione.
1673 1765 1785 1801 Prima,

1008 1809 1079 1844 quia
1093 1808 1184 1836 110010
1197 1809 1331 1844 peccavit
1347 1809 1376 1837 in
1391 1818 1444 1838 suo
1459 1813 1567 1839 aeterno
1578 1832 1587 1845 ‚
1603 1811 1671 1839 ideo
1685 1812 1787 1848 punie-

1008 1857 1055 1882 tur
1069 1855 1098 1882 in
1113 1857 1222 1883 {eterno
1239 1856 1297 1883 Dei.
1314 1856 1449 1885 Secunda
1461 1879 1468 1892 ,
1487 1858 1557 1894 quia
1573 1858 1696 1886 materia
1711 1858 1787 1894 ignis

1009 1901 1160 1929 infernalis
1185 1904 1227 1929 051
1249 1904 1377 1938 aeterna,
1403 1903 1443 1931 510
1465 1906 1492 1931 01
1513 1904 1625 1940 peceati
1644 1905 1785 1934 macula:

1010 1948 1076 1975 ideo
1093 1950 1120 1975 ct
1134 1956 1231 1983 poena.
1249 1949 1356 1984 Tertia,
1373 1950 1444 1986 quia
1458 1953 1613 1986 peccatum
1628 1954 1670 1980 est
1685 1953 1788 1981 contra

1010 1994 1112 2029 illum,
1129 1995 1180 2031 qui
1196 1998 1238 2023 est
1253 1996 1405 2024 infinitus.-
1422 1997 1501 2025 unde
1517 2000 1544 2026 et
1558 2006 1646 2034 poena
1661 1998 1750 2026 debet
1762 1999 1787 2027 01

1012 2049 1073 2069 esse
1090 2042 1222 2076 infinita,
1237 2051 1298 2070 non
1313 2043 1436 2079 quidem
1450 2044 1618 2079 acerbitate,
1633 2045 1686 2073 sed
1701 2045 1788 2073 dura-

1011 2088 1099 2116 tione.
1116 2090 1234 2124 Quarta,
1250 2090 1321 2126 quia
1336 2090 1426 2118 homo
1441 2099 1494 2126 per
1506 2093 1659 2127 peceatum
1671 2092 1788 2127 perimit

1012 2135 1042 2162 in
1064 2143 1094 2162 sc
1114 2135 1227 2163 bonurn
1240 2158 1248 2171 ,
1274 2136 1356 2172 quod
1373 2139 1472 2172 posset
1491 2145 1553 2164 esse
1572 2139 1714 2165 aeternum
1732 2137 1788 2165 bo-

1012 2189 1106 2209 num:
1129 2184 1157 2209 et
1179 2182 1247 2210 ideo
1268 2182 1373 2210 merito
1393 2185 1570 2219 perpetuum
1587 2184 1708 2212 incurrit
1726 2192 1788 2212 ma·

1012 2227 1084 2255 lum.
1111 2229 1217 2261 Quinta
1229 2249 1236 2261 ,
1253 2228 1324 2263 quia
1338 2228 1418 2256 mala
1438 2229 1576 2257 voluntas
1591 2230 1788 2266 reproborum

1012 2277 1123 2302 aeterna
1138 2277 1179 2302 est
1192 2284 1198 2302 ε
1216 2274 1323 2302 vellent
1335 2276 1414 2302 enim
1429 2275 1459 2302 in
1473 2279 1605 2312 peceato,
1620 2277 1643 2304 si
1658 2280 1788 2313 possent,

1011 2324 1154 2357 perpetuo
1180 2320 1318 2349 delectari
1334 2330 1340 2348 ε
1366 2324 1393 2349 et
1419 2322 1488 2350 ideo
1513 2325 1657 2358 perpetuo
1681 2323 1789 2351 debent

1012 2368 1121 2402 puniri.
1143 2369 1227 2395 Sexta
1238 2389 1247 2402 ‚
1271 2368 1341 2403 quia
1357 2368 1386 2395 in
1401 2368 1550 2396 infinitum
1570 2372 1646 2397 errat
1660 2370 1789 2398 rationa-

1012 2414 1058 2449 lis,
1074 2423 1141 2442 cum
1153 2414 1298 2450 praeponit
1311 2414 1426 2442 linitum
1438 2415 1553 2444 infinito
1566 2415 1596 2443 in
1608 2416 1787 2452 judicando;

1013 2460 1145 2488 similiter
1165 2461 1403 2496 concupiscibilis
1420 2462 1451 2489 in
1471 2462 1650 2498 appetendo,
1673 2465 1699 2491 et
1721 2463 1790 2491 iras-

1013 2507 1107 2535 cibilis
1121 2507 1149 2535 in
1161 2507 1342 2536 adhaerendo
1357 2517 1363 2535 :
1381 2508 1460 2536 unde
1476 2511 1503 2537 et
1516 2509 1620 2537 merito
1635 2517 1724 2545 poena
1735 2510 1789 2538 erit

1050 2605 1134 2629 ¹Psal.
1151 2611 1241 2636 111111,
1260 2607 1281 2630 Ἰ.
