2004 3037
644 255 694 288 DE
716 253 893 287 SECUNDO
917 251 1090 285 lTlNERE.
1115 251 1215 284 DlST.
1240 251 1264 283 1.

150 324 213 353 haee
226 324 401 360 omniajam
415 325 482 352 sunt
494 323 650 359 diminuta,
667 323 738 360 quia
750 322 814 358 jam
832 321 927 350 hiems

146 371 273 400 transiit.
289 380 304 398 »
319 371 384 399 Haec
398 370 459 399 ille.
475 372 508 399 Et
521 372 606 399 aestas
619 369 694 399 Solis
707 369 817 404 aeterni,
833 369 929 396 incar-

150 419 211 448 nati
227 417 325 453 Verbi,
335 418 400 454 jam
413 417 443 446 in
458 419 535 446 terra
546 418 647 446 nostra
656 416 804 453 apparuit,
817 416 845 444 et
859 415 926 443 ideo

147 466 211 502 jam
238 467 429 502 temporanea
455 463 615 493 itinerandi
645 465 687 492 est
711 462 928 500 opportunitas.
959 492 961 494 ,

150 512 220 541 ldeo
236 511 306 540 dicit
316 510 507 539 Vercellensis
519 519 526 538 τ
540 519 553 536 ι(
567 511 630 538 llaec
645 510 751 538 itinera
765 509 821 538 sibi
836 509 930 546 carpit

151 559 264 595 Sponsa
281 566 335 594 per
354 559 447 586 totam
467 557 574 586 seriem
594 557 789 592 cantieorum,
814 557 928 593 Sponso

150 607 286 640 vocante,
300 605 497 641 illuminante,
507 606 680 641 adjuvante,
693 605 886 642 supportante
901 606 930 632 et

151 653 349 690 amplexante,
365 652 531 681 coelestibus
545 653 760 690 paranymphis
784 652 930 689 obsequia.

152 710 206 730 sua
225 701 476 738 impendentibus.
501 712 514 727 »
532 702 598 730 Haee
616 701 675 729 ille.
702 702 769 729 Veni
795 708 866 736 ergo
876 721 885 735 ,
912 708 930 728 o

151 751 240 778 amica
252 757 322 784 mea,
337 749 409 786 quia
423 749 483 784 jam
506 745 592 777 hiems'
609 748 734 785 peccati,
759 747 931 776 intentionis

151 797 209 824 tuae
224 803 379 824 ascensum
387 795 570 831 retrahentis,
581 795 704 824 transiit.
720 796 801 828 Veni,
813 795 932 822 columba

151 852 220 877 mea,
234 844 373 880 quiajam
382 844 465 871 hiems
478 843 603 880 peccati,
616 843 786 871 intentionis
800 844 856 870 tuae
870 842 930 877 agi-

151 890 263 919 litatem
274 890 460 925 retardantis,
472 890 553 919 abiit.
569 892 638 919 Veni
647 892 766 924 formosa
774 897 844 924 mea,
860 889 932 925 quia

148 938 209 973 jam
232 939 315 965 hiems
337 937 467 974 peccati,
491 937 685 966 intentionem
700 935 932 973 pulchritudinis

154 987 210 1014 tuae
233 985 431 1021 deturpantis,
455 985 582 1013 recessit.
610 986 678 1013 Veni
702 986 819 1018 autem,
845 985 933 1011 amica

153 1041 220 1066 mea,
242 1040 296 1069 per
310 1032 478 1060 intentionis
501 1033 558 1060 tuce
573 1031 823 1067 singularitatem,
838 1033 870 1058 ut
884 1038 932 1058 me

152 1079 328 1107 aeternaliter
342 1078 530 1115 amplexeris.
550 1080 630 1112 Veni,
650 1079 769 1106 columba
782 1086 854 1109 mea,
879 1085 933 1114 per

152 1126 322 1154 intentionis
336 1128 392 1154 tuae
404 1125 644 1161 deiformitatem,
654 1127 687 1153 ut
698 1133 746 1153 me
758 1124 933 1153 aeternaliter

152 1174 267 1202 fruaris.
283 1175 344 1209 Ego
360 1173 441 1202 enim
455 1174 464 1190 ¹
478 1176 608 1209 perpetua
633 1173 776 1200 dilectione
796 1172 883 1199 ditem·
897 1173 931 1199 te.

153 1221 196 1249 Ad
208 1229 299 1257 quam
309 1220 481 1248 fruitionem
492 1221 629 1248 aeternam
642 1227 697 1247 nos
707 1219 867 1256 perducat,
882 1218 934 1254 qui

153 1267 184 1295 in
204 1269 347 1295 aeternum
361 1267 466 1303 regnat
480 1268 609 1295 aeternus
633 1268 725 1301 Deus,
742 1266 773 1294 in
791 1268 934 1294 aeternum

155 1313 341 1343 benedictus.
357 1316 460 1342 Amen.

162 1437 212 1474 DE
245 1435 415 1472 SECUNDO
448 1435 603 1472 lTINERE
637 1435 924 1482 AETERNITATIS,

219 1524 287 1548 Quen
303 1524 347 1543 nsr
361 1523 522 1543 AETERNORUM
537 1524 657 1543 srumosa
672 1524 810 1544 MEDlTATlO
825 1516 872 1552 (a).

193 1598 361 1627 Secundum
382 1598 437 1626 iter
455 1598 623 1626 aeternitatis
643 1606 697 1634 per
719 1598 803 1634 quod
818 1598 938 1634 spiritus

158 1646 307 1673 humanus
334 1645 428 1673 tendit
454 1645 494 1672 ad
517 1645 708 1673 intrinsecum
729 1647 893 1680 secretum,
911 1648 938 1675 et

158 1692 294 1720 aeternale
317 1691 485 1720 manerium
508 1692 624 1719 Domini
647 1693 714 1719 Jesu
729 1713 738 1726 ,
760 1692 791 1719 id
816 1695 877 1725 est,
899 1693 939 1721 ad

159 1741 298 1767 aeternam
323 1738 386 1774 ejus
407 1738 591 1766 divinitatem
602 1759 611 1773 ,
628 1741 670 1766 est
684 1740 863 1767 aeternorum
878 1741 938 1768 stu-

161 1786 246 1813 diosa
258 1785 422 1813 meditatio.
433 1787 472 1814 De
485 1793 545 1821 quo
558 1785 662 1813 itinere
678 1788 745 1813 sunt
759 1788 873 1822 septem
886 1794 940 1822 per

161 1833 298 1861 ordinem
317 1832 460 1860 notanda.

194 1879 323 1907 Primum
343 1881 402 1912 est,
423 1878 550 1915 qualiter
574 1879 629 1907 iter
653 1879 792 1907 studiosae
814 1880 940 1907 medita-

157 1926 245 1953 tionis
258 1925 429 1952 immediate
439 1925 494 1953 iter
505 1927 590 1953 reetae
603 1925 773 1953 intentionis
786 1929 937 1962 sequatur.

194 1971 363 2000 Secundum
379 1973 439 2006 est,
450 1972 524 2007 quid
539 1972 575 1999 sit
589 1972 757 2008 meditatio,
769 1974 797 2000 et
812 1973 940 2008 qualiter

158 2027 176 2047 a
192 2018 370 2053 cogitatione
386 2018 593 2053 distinguatur.

193 2066 321 2093 Tertium
336 2067 396 2100 est,
411 2063 539 2101 qualiter
561 2065 592 2092 in
614 2065 718 2093 itinere
739 2065 940 2094 meditationis

160 2114 234 2140 Deus
258 2112 392 2148 spiritum
413 2112 580 2140 humanum
600 2111 768 2146 illuminet,
790 2114 818 2140 et
839 2113 940 2141 confa-

159 2160 289 2187 buletur.

197 2207 340 2240 Quartum
365 2207 422 2241 est,
444 2205 571 2241 qualiter
595 2205 713 2241 spiritus
737 2205 887 2234 humanus
910 2207 941 2234 in

160 2252 264 2280 itinere
278 2252 479 2280 meditationis
494 2254 586 2280 Deum
601 2252 784 2288 alloquatur.

199 2299 340 2333 Quintum
354 2301 413 2333 est,
423 2299 551 2335 qualiter
567 2299 707 2327 allocutio
724 2300 827 2327 divina
842 2300 943 2327 intrin-

162 2356 229 2376 seca
244 2356 262 2375 a
275 2349 376 2375 nostra
391 2347 583 2375 meditatione
599 2348 805 2383 distinguatur.

199 2396 318 2422 Sextum
340 2395 398 2429 est,
420 2394 547 2430 qualiter
562 2395 680 2431 spiritus
697 2395 866 2430 humanus,
889 2403 943 2431 per

164 2442 218 2469 iter
236 2441 435 2469 meditationis
454 2442 645 2470 aeternitatem
667 2442 785 2470 Domini
808 2443 875 2469 Jesu
898 2442 943 2469 in-

165 2488 325 2523 grediatur.

202 2534 363 2570 Septimum
379 2536 437 2569 est,
455 2535 580 2570 qualiter
595 2535 714 2571 spiritus
727 2536 886 2571 humanus,
904 2536 944 2563 ad

167 2581 347 2608 veniendum
367 2589 421 2617 per
439 2582 492 2609 iter
515 2582 715 2610 meditationis
739 2583 777 2610 ad
802 2583 944 2611 aeternita-

167 2629 225 2655 tem
235 2649 242 2661 ‚
259 2635 277 2654 a
291 2628 358 2654 Jesu
371 2627 509 2656 invitetur
525 2628 569 2664 (b).

201 2689 234 2721 (a)
245 2691 305 2714 Cret.
317 2689 377 2714 edit.
386 2697 439 2714 non
453 2691 549 2715 habent
557 2691 622 2723 quod
630 2694 665 2716 est
674 2694 823 2717 aeternorum
833 2694 943 2718 studiosa

169 2725 385 2756 meditatim—(b)
402 2726 464 2750 Coet.
478 2727 537 2751 eclz't.
554 2727 717 2752 invitatur.—
730 2729 759 2760 (c)
772 2731 832 2755 Item
842 2730 943 2761 spiritu.

1707 251 1766 281 409

1228 365 1470 400 DISTINCTIO
1498 366 1520 399 Ι.

987 443 1111 476 Qualiter
1125 442 1177 469 iter
1191 441 1313 469 studiose
1326 441 1509 469 meditationis
1523 441 1575 468 iter
1588 442 1666 468 rectae
1680 441 1767 468 inten-

1024 489 1106 515 tionis
1118 489 1253 522 sequatur,
1266 486 1331 514 etde
1343 487 1497 514 necessitate
1512 485 1592 520 hujus
1610 486 1728 512 itineris.

1023 557 1120 586 Primo
1135 557 1225 594 igitur
1246 557 1414 586 notandum
1433 558 1476 585 est
1495 556 1621 593 qualiter
1641 557 1696 584 iter
1710 558 1767 584 stu-

988 605 1080 633 diosae
1103 604 1322 639 meditationis,
1341 604 1396 632 iter
1420 605 1505 632 rectae
1531 603 1700 631 intentionis
1723 611 1768 630 se-

988 654 1115 689 quatur,
1133 654 1160 680 et
1174 660 1240 688 quae
1255 651 1337 679 istius
1356 651 1468 679 itineris
1488 651 1524 679 sit
1543 650 1712 678 necessitas.
1729 651 1767 678 De

988 707 1049 736 quo
1064 698 1231 727 notandum
1247 701 1306 733 est,
1326 698 1410 735 quod
1431 706 1500 726 eum
1518 697 1621 726 radius
1640 698 1726 725 rectae
1741 697 1769 724 et

987 746 1129 782 simplicis
1144 745 1313 774 intentionis
1326 766 1334 780 ‚
1350 745 1464 782 spiritui
1484 744 1517 781 (c)
1530 744 1674 779 humano,
1689 746 1770 772 aeter-

987 802 1061 822 num
1079 794 1107 821 et
1129 793 1302 821 beatificum
1325 792 1417 821 finem
1438 792 1536 820 omnis
1558 791 1770 820 consolationis

987 840 1036 869 vel
1059 840 1339 875 consummationis,
1357 839 1442 876 quasi
1463 838 1642 875 speculative
1663 846 1771 874 praeos-

988 888 1111 923 tendat,
1126 887 1210 924 quod
1224 887 1426 915 necessarium
1445 889 1503 921 est,
1520 886 1591 922 quia
1612 886 1668 913 nisi
1683 885 1770 922 spiri-

988 936 1036 962 tus
1050 935 1199 962 humanus
1223 935 1316 962 finem
1343 934 1430 962 illum
1454 933 1622 970 aliqualiter
1643 941 1772 969 proecog-

989 983 1134 1016 nosceret,
1147 981 1272 1009 nesciret
1292 990 1352 1017 quo
1374 981 1517 1014 tenderet,
1540 980 1588 1008 vel
1603 980 1656 1008 ubi
1672 979 1771 1016 quies-

990 1031 1078 1063 ceret,
1092 1030 1119 1056 et
1133 1028 1190 1056 nisi
1200 1028 1285 1056 illum
1300 1028 1392 1056 finem
1407 1027 1575 1064 aliqualiter
1591 1027 1773 1054 desideraret

991 1078 1019 1103 et
1042 1075 1203 1109 inveniret,
1219 1083 1376 1111 nunquam
1398 1082 1532 1110 quaerere
1559 1076 1694 1108 curaret,
1718 1074 1771 1102 sed

990 1131 1075 1157 vequs
1090 1125 1115 1150 et
1127 1124 1263 1158 profuqus
1278 1130 1357 1157 super
1374 1125 1488 1154 terram,
1504 1123 1536 1148 ut
1555 1122 1629 1149 alter
1644 1121 1715 1148 Cain
1730 1121 1740 1137 ²
1755 1129 1772 1148 a

989 1169 1063 1198 facie
1079 1169 1195 1197 Domini
1216 1169 1381 1205 projectus,
1398 1177 1554 1205 nunquam
1577 1168 1692 1196 stabilis
1706 1176 1772 1204 per-

991 1219 1144 1250 maneret,
1162 1219 1194 1244 ut
1210 1216 1281 1244 dicit
1299 1217 1382 1251 Hugo
1395 1237 1403 1251 ,
1430 1216 1508 1244 libro
1531 1215 1628 1251 primo
1644 1215 1676 1243 de
1699 1215 1773 1242 Arca

990 1265 1068 1293 Noe:
1094 1264 1248 1292 meditatio
1278 1264 1429 1297 studiosa,
1454 1272 1509 1299 per
1534 1263 1636 1290 omnia
1661 1262 1773 1290 discur-

990 1312 1086 1341 rende
1093 1333 1102 1347 ,
1118 1312 1157 1340 ad
1176 1312 1256 1340 hune
1271 1312 1362 1339 finem
1378 1311 1525 1339 intentum
1544 1311 1751 1346 investigando
1763 1332 1772 1346 ,

992 1361 1077 1396 quasi
1091 1361 1219 1397 practice
1235 1362 1362 1397 quaerat,
1380 1362 1407 1388 et
1427 1360 1559 1388 inveniat
1569 1368 1577 1395 ;
1594 1361 1621 1387 et
1636 1359 1772 1395 spiritum

993 1408 1033 1436 ad
1061 1408 1147 1436 illum
1176 1416 1244 1435 cum
1274 1407 1366 1436 animi
1393 1408 1507 1436 ratione
1538 1409 1566 1435 et
1594 1406 1773 1434 exultatione

992 1463 1054 1483 non
1081 1455 1200 1483 desistat
1229 1455 1378 1483 adducere
1402 1464 1408 1482 :
1434 1455 1503 1482 ideo
1535 1453 1771 1488 rationabiliter,

993 1502 1054 1530 imo
1081 1502 1268 1536 necessario,
1293 1503 1348 1530 iter
1375 1501 1577 1529 meditationis
1603 1501 1772 1528 immediate

994 1549 1126 1585 sequitur
1150 1548 1205 1576 iter
1231 1549 1411 1576 intentionis.
1429 1549 1511 1577 Unde
1531 1548 1714 1576 Richardus⁸
1730 1548 1774 1576 di-

994 1596 1054 1624 eit:
1076 1606 1089 1622 α
1112 1595 1308 1624 Meditationis
1336 1596 1468 1623 studium
1491 1598 1533 1623 est
1555 1604 1672 1632 semper
1698 1603 1773 1631 quo·-

994 1643 1038 1670 vis
1054 1643 1205 1670 industriae
1228 1643 1353 1676 labore,
1374 1643 1508 1678 qualibet
1532 1643 1624 1670 animi
1646 1642 1774 1670 difficul-

995 1692 1052 1718 tate
1068 1711 1077 1724 ,
1102 1689 1197 1717 ardua
1219 1698 1346 1726 quaeque
1371 1689 1597 1726 apprehendere
1613 1711 1621 1724 ,
1647 1690 1776 1717 obscura

995 1737 1159 1773 irrumpere
1169 1758 1177 1771 ,
1194 1736 1311 1764 occulta
1324 1740 1495 1772 penetrare,
1512 1737 1608 1764 donee
1623 1737 1775 1764 verItatem

996 1784 1049 1811 diu
1066 1783 1219 1819 quaesitam
1241 1783 1388 1816 inveniat,
1406 1786 1433 1810 et
1454 1784 1586 1811 animam
1608 1783 1669 1811 sive
1692 1783 1777 1819 spiri-

996 1832 1058 1858 tum
1072 1830 1110 1858 ad
1126 1830 1257 1858 veritatis
1273 1830 1555 1866 contemplationem
1568 1838 1636 1857 cum
1650 1830 1779 1858 admira-

995 1877 1075 1905 tione
1099 1878 1127 1905 et
1149 1877 1330 1905 exultatione
1353 1877 1492 1905 adducat.
1517 1888 1530 1904 n
1551 1879 1614 1905 Ha‘o
1638 1877 1697 1904 ille.
1716 1879 1779 1905 Haec

996 1926 1084 1953 etiam
1107 1926 1167 1953 duo
1185 1926 1290 1953 itinera
1306 1927 1410 1952 mutuo
1431 1933 1461 1952 se
1481 1925 1596 1960 juvant.
1622 1924 1779 1952 Intentioni

997 1973 1058 2000 duo
1084 1975 1151 2000 sunt
1177 1972 1367 2006 necessaria,
1392 1972 1504 1999 seilicet
1527 1979 1612 1999 amor
1635 1971 1728 2005 boni,
1752 1973 1780 1998 et

996 2019 1126 2054 cognitio
1142 2019 1220 2053 veri,
1236 2021 1268 2046 ut
1290 2027 1380 2054 supra
1405 2019 1516 2046 dictum
1538 2020 1580 2045 est
1594 2026 1600 2045 ε
1617 2018 1669 2044 sed
1685 2017 1778 2044 medi-

995 2066 1065 2094 tatio
1080 2066 1142 2093 haee
1159 2066 1219 2094 duo
1243 2066 1414 2100 augmentat
1437 2066 1465 2092 et
1486 2064 1632 2092 confortat
1654 2072 1707 2091 suo
1723 2063 1779 2091 fer-

995 2121 1087 2147 vore,
1109 2113 1181 2148 quia
1205 2112 1371 2140 seeundum
1393 2111 1601 2139 Psalmistam1·
1619 2119 1624 2138 :
1643 2112 1676 2138 1η
1695 2111 1779 2138 medi-

997 2162 1100 2187 tatione
1123 2167 1182 2186 mea
1208 2159 1363 2186 eaeardescet
1388 2160 1481 2193 iynz‘s3
1498 2158 1569 2194 quia
1583 2157 1779 2185 intentionem

997 2206 1035 2234 ad
1058 2206 1261 2241 cognitionem
1273 2206 1336 2233 veri
1359 2206 1523 2240 illuminat,
1538 2207 1566 2233 et
1583 2204 1685 2241 quoad
1700 2205 1779 2232 desi-

998 2253 1113 2280 derium
1128 2253 1202 2280 boni
1221 2252 1289 2280 finis
1312 2252 1492 2287 inflammat,
1516 2260 1553 2280 ex
1574 2260 1634 2288 quo
1657 2251 1778 2279 intentio

997 2300 1221 2328 meditationem
1233 2301 1264 2328 in
1277 2300 1369 2328 finem
1381 2301 1526 2327 intentum
1539 2302 1566 2327 et
1577 2298 1779 2326 desideratum

997 2348 1104 2375 rectius
1120 2347 1235 2383 dirigit,
1254 2349 1281 2375 et
1294 2347 1485 2375 vehementer
1499 2346 1635 2382 impellit.
1652 2347 1724 2373 ltem
1738 2345 1780 2371 in-

997 2394 1088 2422 tentio
1111 2394 1203 2422 finem
1229 2394 1341 2422 itineris
1369 2394 1516 2428 ostendit;
1539 2392 1692 2420 meditatio
1707 2399 1792 2420 vero.

998 2441 1078 2468 viam
1093 2440 1129 2468 ad
1143 2449 1260 2468 summa
1277 2443 1304 2468 et
1319 2443 1426 2468 aeterna
1446 2440 1566 2476 pandit,
1587 2441 1615 2466 et
1635 2446 1702 2474 quae
1724 2437 1780 2464 sint

998 2489 1164 2517 necessaria
1190 2489 1286 2516 itineri
1310 2489 1435 2524 provide
1462 2487 1609 2523 disponit,
1635 2485 1698 2513 ait⁵
1713 2487 1780 2512 Ber-

999 2536 1121 2564 nardus.
1146 2538 1187 2564 Ex
1207 2536 1253 2563 his
1268 2538 1365 2571 patet,
1386 2543 1479 2571 quare
1503 2535 1557 2561 iter
1580 2532 1780 2560 meditationis

999 2585 1140 2619 sequatur
1155 2583 1208 2610 iter
1221 2582 1405 2616 intentionis,
1424 2583 1451 2609 et
1466 2581 1528 2616 ejus
1544 2579 1710 2608 necessitas

1033 2661 1038 2674 ¹
1053 2661 1155 2688 Jemm„
1167 2664 1241 2687 xxxi,
1253 2658 1275 2680 3,
1287 2669 1318 2674 -
1332 2658 1340 2671 ’-’
1356 2659 1425 2685 Gen.‚
1442 2662 1477 2684 μ’,
1493 2659 1529 2680 1-3.
1541 2669 1570 2673 -—
1582 2656 1592 2671 3
1607 2654 1738 2685 Richard„
1750 2655 1779 2678 de

1000 2695 1058 2719 Arc.
1074 2695 1159 2725 Myst„
1177 2700 1200 2717 c.
1216 2698 1250 2717 iv.
1262 2705 1293 2710 —
1307 2694 1314 2707 ⁴
1328 2692 1525 2721 Psal.xxxv1n,
1542 2693 1564 2715 4.
1582 2704 1608 2708 —
1623 2691 1634 2708 θ
1646 2691 1734 2721 Bern.,
1748 2690 1778 2715 de

1001 2731 1027 2754 S.
1042 2730 1152 2759 Andrea,
1167 2736 1244 2753 serm.
1263 2734 1281 2752 1.
