2004 3037
268 220 328 250 372

264 284 345 313 tibus
358 284 468 318 autem,
481 281 535 319 qui
548 280 660 310 mortui
672 281 861 318 reperiuntur
877 289 949 310 curn
958 283 1044 319 patre

266 334 294 361 et
306 332 416 367 matre,
439 331 469 359 et
489 337 552 359 non
574 330 698 366 apparet
722 330 824 358 utrum
844 336 863 358 a
884 331 980 366 patre,
994 329 1044 358 vel

263 380 358 407 matre
370 385 529 417 oppressus
538 376 576 405 sit
585 377 659 413 ipse,
669 375 719 404 vel
731 375 903 412 suffocatus,
917 376 966 405 vel
976 383 1045 413 pro-

263 425 330 462 pria
342 427 438 453 morte
457 423 624 458 defunctus,
639 431 703 460 non
725 422 836 452 debent
858 423 929 452 inde
947 423 1044 451 securi

264 479 327 500 esse
341 473 488 508 parentes,
501 479 557 499 nec
571 470 660 499 etiam
670 469 733 498 sine
745 478 836 506 poena
852 479 859 498 :
876 470 930 498 sed
943 471 1045 498 tamen

264 518 462 547 consideratio
477 517 567 546 debet
580 525 644 546 esse
659 517 786 554 pietatis,
795 517 849 546 ubi
863 525 926 545 non
935 516 1043 545 volun-

263 566 319 601 tas,
333 565 387 594 sed
402 566 524 593 eventus
543 564 648 592 mortis
667 572 758 592 causa
779 564 876 593 fuerit.
894 564 923 592 Si
944 566 1044 592 autem

264 619 315 641 eos
327 620 392 641 non
412 612 483 640 latet
497 611 578 648 ipsos
592 611 793 639 interfectores
807 619 880 646 esse,
895 610 970 639 scire
991 610 1043 639 de-

263 659 335 688 bent
346 668 377 688 se
393 659 521 695 graviter
536 658 708 695 deliquisse.
725 658 852 692 Quidam
867 661 969 686 autem
982 665 1045 694 poe-

262 706 417 734 nitentiam
431 706 520 734 trium
531 713 680 734 annorum
691 705 827 741 judicant
842 713 905 733 esse
920 704 1043 740 debere,

263 761 393 790 quorum
408 762 501 782 unum
513 755 658 790 peragant
667 752 698 781 in
711 760 790 789 pane
805 754 834 781 et
847 760 937 789 aqua.
952 761 967 779 1>
980 753 1044 780 ilaec

263 808 371 830 canon.

507 865 685 891 PARTlCULA
705 865 796 890 xvul.

481 927 518 951 De
541 925 693 958 poenitentia
715 923 820 956 perjuri.

298 990 412 1026 (Causa)
433 997 462 1017 vr
471 1010 479 1023 ,
495 988 655 1025 quaestionc
667 987 774 1024 prima,
787 986 934 1015 Fabianus
945 987 1022 1022 Papa
1035 995 1041 1013 :

264 1037 470 1072 «Quicumque
495 1035 588 1063 sciens
610 1034 822 1071 perjuraverit,
843 1033 1043 1069 quadraginta

262 1083 325 1112 dies
336 1083 365 1110 in
381 1090 459 1119 pane
470 1085 497 1110 et
513 1090 603 1118 aqua,
615 1084 643 1109 et
653 1084 766 1118 septem
779 1083 936 1117 sequentes
950 1087 1044 1108 annos

260 1131 415 1168 poenitcat,
435 1133 462 1158 et
485 1138 640 1166 nunquam
661 1129 697 1156 sit
718 1129 780 1156 sinc
802 1128 992 1164 poenitentia.
1015 1130 1043 1155 et

261 1186 416 1214 nunquam
438 1178 467 1205 in
492 1177 694 1205 testimonium
715 1176 888 1212 recipiatur3
911 1183 1043 1203 commu-

260 1225 382 1253 nionem
398 1227 496 1254 tamen
509 1227 576 1260 post
589 1224 651 1251 hzec
664 1223 796 1259 recipiat.
813 1233 826 1249 »
846 1224 909 1251 Haec
933 1229 1040 1250 canon.

518 1306 698 1332 l‘An'rlCULA
719 1306 784 1330 xlx.

261 1367 297 1390 De
315 1364 466 1396 poenitentia
483 1363 555 1395 ejus,
572 1363 616 1394 qui
632 1369 678 1393 per
700 1361 819 1392 capillum
838 1360 883 1385 Dei
897 1361 1040 1392 juraverit,

541 1398 583 1424 vel
597 1397 755 1430 hujusmodi.

295 1461 441 1497 Vigesima
455 1459 598 1494 secunda,
614 1460 716 1494 quaest.
733 1466 751 1491 ι,
777 1457 845 1485 Pius
863 1458 942 1494 Papa
959 1466 966 1484 :
983 1467 996 1483 ιι
1011 1457 1040 1485 Si

259 1509 326 1546 quis
339 1516 392 1545 per
407 1507 546 1544 capillum
564 1505 630 1539 Dei,
646 1505 693 1532 vel
718 1506 806 1540 caput
818 1504 976 1539 juraverit,
993 1504 1039 1532 vel

257 1556 317 1584 alio
332 1555 424 1583 modo
438 1553 624 1590 blasphemia
640 1554 743 1579 contra
755 1553 844 1579 Deum
857 1559 926 1578 usus
941 1551 1039 1586 fuerit,

257 1603 281 1631 si
309 1603 339 1630 in
365 1601 564 1630 ecclesiastico
592 1599 698 1627 ordine
726 1601 779 1630 est,
807 1598 990 1634 dcponatur;
1016 1598 1039 1625 si

260 1649 364 1683 laicus,
389 1647 664 1680 anathematizetur;
683 1647 710 1673 ct
729 1645 753 1672 si
769 1645 834 1680 quis
858 1652 912 1680 per
925 1646 1040 1672 creatu-

257 1705 320 1724 ram
335 1696 488 1731 juraverit,
502 1694 644 1722 acerrime
656 1693 825 1727 castigetur,
839 1692 957 1726 ctjuxta
970 1691 1040 1726 hoc,

258 1743 341 1779 quod
362 1742 495 1778 synodus
515 1740 738 1775 dijudicaverit,
756 1739 906 1773 pcpniteat.
929 1738 956 1764 Si
972 1738 1039 1773 quis

257 1791 357 1817 autem
372 1789 461 1816 talem
475 1788 628 1815 hominem
644 1794 703 1813 non
721 1784 961 1819 manifestaverit,
978 1792 1038 1811 uon

257 1838 299 1863 cst
315 1835 452 1868 dubium,
473 1835 545 1870 quin
568 1834 669 1860 divina
690 1831 938 1859 condemnatione
955 1838 1038 1857 coer-

257 1885 371 1915 ccalnr;
388 1885 416 1909 ct
439 1882 462 1908 si
483 1881 639 1916 episcopus
655 1879 709 1906 ista
725 1877 884 1905 emendare
900 1877 1038 1913 neglexe-

257 1930 304 1965 rit,
320 1929 462 1958 acerrime
477 1927 662 1963 corripiatnr.
681 1936 694 1952 »
712 1927 778 1953 llaec
794 1932 901 1952 canon.

519 2005 699 2032 PAltTlCL'LA
717 2005 772 2029 XX.

400 2065 436 2088 De
453 2061 605 2093 poeuitcutia
622 2066 668 2091 pro
687 2058 748 2082 salsa
765 2064 895 2082 mensura.

296 2123 405 2154 Extra„
421 2119 458 2147 de
474 2120 567 2154 Empt.
590 2118 617 2144 ct
632 2115 759 2148 Vendit„
775 2122 809 2141 ex
825 2112 956 2141 Concilio
979 2112 1038 2139 Mo-

260 2167 427 2204 guntincnsi
445 2175 451 2193 ε
477 2176 489 2191 «
516 2166 548 2193 L't
571 2171 715 2191 mensurze
743 2163 771 2189 et
798 2160 935 2197 pondera
958 2159 1038 2193 justa

260 2215 344 2247 fiant5
362 2225 374 2239 n
393 2216 421 2241 et
435 2213 509 2240 inl‘ra
526 2221 532 2238 :
554 2220 567 2237 «
584 2211 610 2238 Si
627 2209 694 2245 quis
709 2209 802 2243 justas
822 2214 994 2239 mensuras,
1010 2207 1039 2233 et

257 2262 335 2296 justa
348 2261 493 2296 pondera,
514 2266 602 2286 causa
615 2256 701 2289 lucri,
715 2257 828 2281 mutare
844 2260 1038 2289 praesumpse-

259 2308 306 2341 rit,
321 2307 438 2341 triginla
450 2305 548 2332 ‹lis-sin
560 2312 634 2339 pane
649 2305 674 2329 rt
690 2310 768 2337 aqua
783 2301 933 2336 puniiteat.
945 2310 957 2324 u
974 2300 1037 2326 llaec

260 2362 366 2382 canon.
389 2353 471 2380 'l'alcs
487 2352 574 2378 ctiam
590 2349 678 2376 variis
695 2348 790 2384 plrnis
813 2347 977 2382 puniuntur
991 2354 1037 2373 se-

260 2401 392 2429 cundum
409 2400 498 2433 logos.
519 2400 590 2425 Nam
606 2394 769 2430 aliquando
792 2393 974 2420 interdicitur
990 2400 1038 2420 nc-

260 2447 393 2484 gotialio,
409 2445 556 2473 intertium
573 2443 751 2476 religantur,
770 2444 796 2467 ct
809 2440 981 2467 humiliores
996 2439 1037 2466 ad

260 2504 335 2531 opus
350 2493 505 2531 publicum
521 2491 676 2523 dantu1'‚(·t
691 2489 810 2523 insuper
827 2487 890 2521 loge
903 2486 1037 2513 Cornelia

260 2543 295 2570 dc
311 2542 400 2569 Funis
413 2538 512 2576 puniri
528 2537 647 2569 debent,
658 2536 687 2562 in
704 2535 742 2562 tit.
760 2534 796 2562 de
811 2534 969 2564 ordinariis
983 2532 1037 2561 cri-

258 2589 400 2623 minibus,
416 2589 573 2619 Annonam,
590 2583 667 2610 cirea
682 2583 782 2609 linem.

292 2655 298 2669 ¹
316 2654 386 2677 Cone.
404 2652 471 2681 Nic,
484 2656 538 2674 cau,
557 2650 591 2671 l'l.
602 2660 628 2663 --
646 2647 654 2660 “·“
668 2644 769 2670 Scilicet
782 2644 812 2667 au
827 2643 1036 2675 negotiati-inem,

259 2691 298 2713 vol
318 2690 349 2712 ad
369 2694 481 2712 usurum.
496 2698 522 2703 --
542 2684 550 2697 ³
569 2682 667 2713 Supfflv,
690 2680 801 2705 fovendo
821 2687 877 2702 eum
893 2679 918 2701 in
933 2686 1031 2703 errore.

903 210 1239 247 CONFESSIONALE.

1363 281 1546 307 PAR'rlcULA
1565 281 1630 307 xxi.

1099 331 1137 357 De
1150 330 1304 364 poenitentia
1317 330 1386 363 ejus,
1400 330 1445 363 qui
1462 331 1523 363 post
1535 329 1680 357 solemnem
1699 331 1879 364 poenitentiam

1357 366 1390 392 ad
1403 367 1531 392 vomitum
1544 366 1620 392 redit.

1135 423 1176 452 De
1196 422 1383 458 Paenitentia,
1400 422 1529 451 distinct.
1543 430 1575 459 v,
1590 430 1629 451 ex
1643 422 1761 452 Nicaeno
1775 424 1879 454 conei-

1098 469 1140 498 lio
1156 470 1182 498 ¹:
1208 479 1222 497 «
1241 470 1269 498 Si
1291 469 1343 507 qui
1364 477 1438 498 vero
1460 477 1515 507 per
1538 469 1588 498 Dei
1611 469 1737 505 gratiam
1760 471 1876 507 vocati,

1097 516 1196 553 primo
1211 516 1335 552 quidem
1350 516 1543 545 ostenderunt
1556 515 1648 545 fidem
1663 525 1764 552 suam,
1785 517 1878 555 depo-

1099 563 1155 591 sito
1172 563 1285 592 militiae
1304 563 1443 599 cingulo,
1462 565 1531 600 post
1547 563 1609 592 hoec
1629 565 1730 592 autem
1753 563 1793 592 ad
1809 571 1879 601 pro-

1098 610 1198 647 prium
1219 611 1362 639 vomitum
1385 613 1453 639 sunt
1472 610 1598 646 reversi,
1619 613 1652 640 ut
1682 612 1711 639 et
1737 611 1880 648 pecunias

1099 657 1205 686 darent
1211 659 1232 691 ²,
1248 659 1277 686 et
1291 657 1439 686 ambirent
1451 657 1548 686 redire
1558 665 1660 686 rursus
1671 657 1711 686 ad
1725 657 1862 686 militiam
1869 667 1878 694 ς

1098 704 1145 733 isti
1161 704 1264 733 decem
1278 704 1365 733 annis
1378 704 1436 733 sint
1449 704 1524 733 inter
1537 705 1725 741 prenitentes,
1738 706 1806 741 post
1817 704 1880 742 pri-

1099 759 1184 780 mum
1205 751 1383 786 triennium,
1411 759 1474 788 quo
1493 751 1603 780 fuerint
1626 752 1702 780 inter
1723 751 1880 781 audientes

1099 799 1183 827 extra
1203 797 1369 826 ecclesiam.
1389 797 1434 826 Ab
1455 798 1596 826 omnibus
1614 806 1686 827 vero
1706 798 1783 827 illud
1804 807 1879 836 prae-

1099 843 1185 880 cipue
1205 843 1390 879 observetur,
1410 846 1444 873 ut
1460 844 1577 873 animus
1596 853 1700 874 eorum
1721 847 1750 874 et
1767 845 1879 875 fructus

1097 890 1277 928 poenitentiae
1299 890 1478 920 attendatur.
1499 891 1684 928 Quicumque
1707 891 1787 921 enim
1809 901 1879 922 cum

1099 938 1181 966 omni
1202 938 1320 973 timore,
1343 940 1371 966 et
1391 937 1533 975 lacrymis
1552 939 1826 975 perseverantibus,
1850 940 1880 968 et

1099 985 1241 1021 operibus
1254 985 1343 1014 bonis
1358 985 1587 1014 conversionem
1600 994 1686 1014 suam
1703 993 1766 1014 non
1779 985 1879 1014 verbis

1098 1032 1212 1068 solum,
1228 1032 1281 1060 sed
1295 1040 1386 1069 opere
1404 1034 1432 1061 et
1445 1033 1564 1062 veritate
1579 1032 1793 1069 demonstrant,
1809 1041 1879 1062 cum

1098 1081 1215 1115 tempus
1229 1081 1369 1108 statutum
1383 1079 1421 1107 ab
1436 1079 1482 1107 his
1491 1079 1579 1108 tuerit
1592 1079 1759 1116 impletum,
1773 1082 1801 1108 et
1814 1087 1880 1108 ora-

1097 1126 1227 1155 tionibus
1252 1127 1315 1162 jam
1342 1126 1485 1163 coeperint
1513 1126 1750 1162 communicare,
1778 1126 1880 1156 licebit

1097 1173 1239 1209 episcopo
1254 1173 1414 1202 humanius
1434 1174 1523 1202 etiam
1538 1173 1617 1202 circa
1631 1181 1683 1202 eos
1697 1173 1812 1211 aliquid
1826 1181 1878 1202 co-

1097 1220 1199 1256 gitare.
1216 1220 1270 1254 Qui
1280 1228 1352 1248 vero
1363 1220 1564 1249 indifferenter
1574 1220 1733 1248 habuerint
1746 1220 1877 1258 lapsum,

1097 1269 1125 1296 et
1139 1267 1274 1296 sufficere
1289 1267 1346 1296 sibi
1361 1267 1444 1304 quod
1463 1267 1624 1296 Ecclesiam
1638 1267 1814 1303 introierint,
1830 1275 1878 1296 ar-

1096 1313 1252 1350 bitrantur,
1273 1314 1319 1342 isti
1343 1313 1520 1342 omnimodo
1544 1316 1651 1343 statuta
1668 1316 1804 1351 tempora
1822 1309 1878 1343 im'-

1096 1361 1231 1398 plebunt.
1247 1372 1260 1389 »
1279 1363 1343 1390 lloec
1356 1350 1464 1390 c'anon.

1359 1441 1540 1466 PAnTlCULA
1560 1441 1638 1466 xxii.

1140 1498 1175 1522 De
1189 1497 1341 1529 poenitentia
1356 1497 1424 1528 ejus,
1446 1497 1489 1528 qui
1503 1496 1623 1521 devotam
1639 1503 1684 1521 seu
1697 1496 1837 1522 monialem

1414 1532 1555 1564 cognoscit.

1133 1590 1281 1625 Vigesima
1294 1589 1436 1626 septima,
1452 1590 1555 1625 quaest.
1573 1597 1595 1624 π,
1611 1596 1646 1617 ex
1660 1588 1792 1617 Concilio
1805 1589 1876 1617 Mar-

1097 1636 1149 1665 tini
1169 1636 1393 1670 BracharensiS,
1412 1645 1436 1664 c.
1460 1644 1528 1664 xxx.
1552 1646 1565 1662 α
1586 1637 1624 1664 De
1645 1635 1707 1664 filia
1726 1635 1874 1673 episcopi,

1098 1683 1144 1711 vel
1160 1684 1336 1720 presbyteri,
1354 1684 1415 1711 sive
1431 1683 1561 1719 diaconi,
1577 1683 1600 1710 si
1613 1682 1720 1711 devota
1736 1683 1832 1716 fuerit,
1849 1684 1877 1711 et

1097 1731 1236 1758 maritum
1252 1731 1382 1763 duxerit,
1400 1730 1424 1758 si
1439 1738 1506 1758 eam
1523 1732 1606 1765 pater
1620 1729 1665 1757 vel
1681 1732 1775 1757 mater
1791 1729 1822 1756 in
1836 1728 1876 1757 af·

1095 1776 1206 1805 sectum
1223 1777 1387 1813 receperint
1406 1779 1428 1812 ³,
1446 1785 1464 1805 a
1479 1777 1688 1804 communione
1709 1776 1876 1804 habeantur

1097 1823 1196 1852 alieni.
1212 1825 1295 1852 Pater
1309 1832 1381 1852 vero
1396 1824 1426 1851 in
1442 1823 1569 1852 concilio
1584 1822 1705 1851 causas*
1719 1831 1749 1850 se
1760 1822 1877 1850 nove-rit.

1095 1874 1310 1908 praestaturum.
1334 1871 1434 1899 Mulier
1457 1879 1529 1899 vero
1557 1878 1618 1898 non
1642 1869 1813 1898 admittatur
1835 1868 1875 1898 ad

1096 1920 1351 1954 communionem,
1363 1919 1420 1946 nisi
1434 1919 1540 1947 marito
1556 1917 1695 1946 defuncto
1710 1917 1801 1952 egerit
1814 1925 1876 1954 poe-

1096 1965 1258 1994 nitentium.
1281 1966 1309 1994 Si
1333 1968 1432 1994 autem
1457 1965 1574 1993 vivente
1599 1973 1636 1992 eo
1660 1963 1827 1998 secesserit,
1848 1965 1876 1992 et

1095 2015 1298 2051 poenitentiam
1314 2015 1419 2050 egerit,
1442 2017 1470 2042 et
1487 2014 1603 2050 petierit
1617 2013 1873 2049 communionem,

1096 2062 1125 2089 in
1138 2062 1244 2090 ultimo
1256 2062 1314 2090 sine
1324 2063 1391 2090 vitre
1401 2069 1461 2089 suae
1477 2061 1618 2089 deficiens
1632 2068 1698 2088 eam
1712 2059 1845 2096 accipiat.
1857 2069 1872 2085 n

1096 2110 1160 2137 uaec
1175 2117 1282 2137 canon.
1300 2111 1383 2143 Item,
1398 2117 1423 2136 c.
1439 2108 1584 2144 sequenti,
1599 2115 1633 2135 ex
1647 2106 1777 2135 Concilio
1791 2106 1874 2134 Tole-

1095 2159 1197 2184 tanor:
1211 2167 1223 2182 α
1236 2158 1376 2184 Devotam
1390 2155 1581 2192 peccantem⁵
1596 2161 1658 2182 non
1672 2152 1874 2189 recipiendam

1097 2211 1159 2231 csse
1174 2203 1204 2231 in
1217 2203 1354 2237 Ecclesia,
1369 2202 1425 2230 nisi
1439 2209 1564 2237 peccare
1580 2200 1708 2233 desierit,
1725 2202 1752 2227 et
1765 2199 1790 2226 si
1803 2198 1874 2226 desi-

1096 2258 1169 2278 nens
1188 2251 1279 2285 egerit
1295 2249 1498 2285 poenitentiam
1513 2247 1617 2275 decem
1635 2245 1735 2279 annis,
1753 2244 1874 2280 recipiat

1096 2297 1348 2324 communionem.
1366 2296 1446 2323 Prius
1466 2297 1565 2322 autem
1585 2301 1677 2330 quam
1699 2293 1729 2319 in
1750 2291 1873 2319 ecclesia

1095 2344 1267 2372 admittatur
1282 2343 1320 2371 ad
1336 2343 1512 2376 orationem,
1524 2341 1562 2369 ad
1577 2340 1688 2368 nullius
1701 2338 1872 2367 convivium

1096 2391 1260 2419 christiana*-
1283 2390 1414 2417 mulieris
1438 2388 1569 2416 accedat.
1591 2386 1675 2420 Quod
1697 2386 1720 2413 si
1742 2385 1872 2413 admissa

1093 2438 1192 2472 fuerit,
1208 2440 1235 2465 et
1248 2438 1309 2464 11:1¹1:
1325 2446 1391 2473 quae
1409 2445 1474 2464 eam
1491 2434 1650 2470 acceperit,
1662 2432 1805 2460 habeatur
1819 2431 1872 2459 ab·

1095 2487 1187 2512 stenta
1205 2484 1241 2520 (ει)
1256 2483 1276 2519 ⁶,
1294 2486 1498 2520 corruptorem
1515 2482 1601 2509 etiam
1616 2488 1671 2516 par
1685 2487 1774 2515 poena
1787 2486 1871 2506 cons-

1095 2531 1211 2567 tringat.
1227 2532 1296 2564 Qum
1312 2532 1410 2559 autem
1422 2529 1561 2558 maritum
1576 2527 1731 2563 acceperit,
1746 2534 1807 2555 non
1822 2526 1871 2554 ad-

1095 2613 1125 2616 -
1145 2600 1152 2612 ⁴
1172 2598 1198 2622 ld
1215 2600 1260 2627 cst,
1277 2605 1376 2629 psrnas.
1390 2610 1420 2615 —-
1439 2598 1448 2614 ³
1469 2596 1495 2620 ld
1511 2597 1563 2625 est,
1579 2595 1799 2619 tornicautem.-
1819 2594 1829 2610 Β
1845 2593 1869 2617 ld

1095 2636 1141 2662 est,
1155 2635 1377 2658 excommunicata
1393 2632 1486 2657 minori
1500 2629 1775 2655 excomnmuicatioue.

1126 2678 1158 2708 (a)
1175 2678 1235 2700 Coet.
1251 2677 1313 2700 eclit.
1329 2677 1355 2700 in
1371 2675 1494 2700 absentia.
