2004 3037
257 209 319 240 544

258 273 398 312 exposuit
403 272 463 302 illis
471 265 714 308 magnitudinem
723 269 899 300 divitiarum
907 278 1043 305 suarum,

257 324 286 351 et
298 321 433 350 filiorum
446 318 578 354 turbam,
588 319 618 347 et
630 318 744 355 quanta
757 325 829 347 eum
841 317 940 355 gloria
952 324 1043 355 super

256 376 363 398 omnes
375 366 526 404 principes
539 374 595 395 rex
609 365 763 395 elevasset.
776 365 868 402 Esth„
881 372 911 394 v.

291 415 452 445 Audientes
465 416 524 443 tres
538 412 628 442 amici
641 412 700 442 Job
711 420 802 442 omne
813 411 941 448 malum,
956 411 1043 449 quod

257 462 411 492 accidisset
425 461 452 490 ei
462 481 474 497 ,
485 461 634 490 venerunt
646 459 757 496 singuli
777 458 816 488 de
830 459 899 488 loeo
919 467 976 487 suo
985 479 994 494 ‚
1008 459 1043 486 ut

256 510 410 538 visitarent
428 516 516 544 eum,
533 510 562 536 et
581 507 817 543 consolarentur,
834 507 893 540 Job,
912 514 945 541 n,
963 507 996 534 1¹
1015 507 1044 534 et

256 565 320 594 seq.
339 557 379 584 De
399 555 471 592 ipsis
490 557 592 584 tamen
606 555 670 592 ipse
689 554 766 582 dixit
779 555 900 591 postea,
913 560 944 582 vr
956 574 966 589 ,
980 553 1017 581 27
1033 560 1041 580 :

260 613 275 630 u
288 603 464 632 Subvertere
479 601 607 631 nitimini
621 601 753 630 amicum
766 602 910 629 vestrum.
924 610 940 627 ι)

292 649 437 686 Alcimus,
456 649 593 686 proditor
606 648 736 685 impius,
756 647 919 677 concitavit
938 654 1042 684 regem

256 697 437 727 Demetrium
455 697 599 725 adversus
616 696 726 725 sudam
743 695 960 730 machabaeum,
982 701 1039 730 pro

255 751 292 773 eo
314 743 398 781 quod
424 743 499 772 dixit
521 743 548 772 ei
573 752 582 771 ε
611 752 626 770 α
647 742 776 772 Perdidit
795 742 908 778 sudas,
930 744 959 770 et
978 742 1041 770 fra-

255 793 314 820 tres
341 791 422 826 eJ'us,
452 798 558 819 omnes
585 790 699 819 amicos
727 791 804 818 tuos.
827 799 842 816 n
867 790 879 818 1
901 789 1038 822 Machub„

257 846 312 873 vn,
327 839 356 867 6.

290 887 352 914 Rex
369 885 536 914 Alexander
557 884 716 922 epistolam
729 883 810 913 misit
823 883 959 912 Jonathoe
970 904 980 919 ‚
996 882 1040 911 di-

255 941 345 962 cens:
364 942 379 960 α
393 932 568 962 Audivimus
589 931 628 960 de
651 933 680 960 te
702 931 787 968 quod
809 931 855 959 vir
873 933 981 967 potens
999 930 1040 958 sis

253 980 379 1015 viribus,
395 982 424 1008 et
434 981 520 1016 aptus
531 987 562 1007 es
576 981 609 1007 ut
621 979 662 1008 sis
675 979 790 1008 amicus
804 980 917 1008 noster.
927 987 942 1005 n
958 979 1039 1007 lMa-

253 1028 340 1061 cheb„
355 1035 394 1062 x,
412 1028 455 1056 ¹9.

289 1075 408 1111 Accepit
420 1075 561 1103 Jonathas
576 1082 684 1103 aurum
698 1075 728 1102 et
741 1074 898 1110 argentum
908 1094 917 1108 ,
938 1074 967 1101 et
981 1071 1040 1101 alie

253 1122 341 1151 xenia
351 1122 463 1157 multa,
478 1124 507 1150 et
522 1121 605 1151 dedit
620 1121 786 1157 Demetrio,
803 1123 831 1149 et
844 1119 958 1148 invenit
973 1127 1038 1155 gra-

253 1169 326 1197 tiam
342 1169 371 1197 in
386 1171 545 1206 conspectu
561 1169 639 1204 ejus,
657 1170 685 1197 et
698 1167 768 1196 fecit
786 1176 856 1196 eum
871 1167 1038 1204 principem

255 1216 432 1244 amicorum.
450 1218 459 1245 1
474 1217 613 1251 Machab„
627 1223 673 1250 ιι,
688 1216 735 1244 27.

289 1264 367 1292 Vidit
388 1264 529 1292 Jonathas
553 1263 625 1300 quia
647 1264 765 1299 tempus
792 1270 862 1290 eum
881 1262 986 1298 juvat,
1011 1263 1040 1290 et

255 1312 335 1340 misit
353 1312 433 1340 viros
456 1314 583 1340 Romam
606 1314 733 1340 statuere
758 1313 786 1339 et
807 1318 953 1339 renovare
969 1317 1039 1338 cum

256 1360 397 1388 Romanis
412 1360 582 1388 amicitiam.
599 1360 609 1388 1
623 1358 760 1390 Machab..
776 1366 836 1394 xn,
851 1359 878 1386 1.

292 1408 452 1443 Postquam
478 1406 645 1435 Alexander
668 1406 813 1442 percussit
839 1405 1018 1434 Demetrium
1030 1426 1039 1440 ,

257 1454 335 1482 misit
353 1454 392 1481 ad
408 1454 598 1482 Ptolemoeum
611 1461 714 1488 regem
729 1452 846 1489 AEgypti
861 1452 991 1487 legatos,
1006 1453 1039 1480 ut

255 1503 415 1529 statuerent
429 1501 591 1529 amicitiam
606 1500 645 1529 ad
658 1500 802 1535 invicem,
821 1501 849 1528 et
863 1499 948 1528 daret
961 1499 987 1527 ei
1002 1499 1038 1527 fi-

255 1547 327 1577 liam
342 1556 427 1576 suam
439 1556 576 1576 uxorem.
590 1548 600 1575 l
615 1547 755 1582 machab„
769 1554 827 1582 111,
844 1548 889 1576 10.

292 1596 414 1631 Propter
428 1597 558 1623 veterem
573 1594 734 1622 amicitiam
748 1614 758 1629 ,
777 1601 869 1630 quam
883 1593 1037 1622 habehant

257 1642 297 1671 ad
312 1642 499 1677 Eleazarum,
516 1641 639 1678 quidam
656 1643 782 1669 astantes
797 1641 957 1668 attulerunt
971 1648 1037 1668 car-

256 1697 325 1724 nes,
340 1689 450 1725 quibus
465 1689 543 1717 vesci
560 1688 637 1716 licite
651 1690 778 1724 poterat,
794 1690 825 1716 ut
839 1687 993 1716 simularet
1007 1695 1038 1715 se

257 1736 294 1765 de
310 1736 445 1764 sacrificii
463 1736 603 1764 carnibus
623 1735 837 1770 manducasse,
858 1736 886 1762 et
905 1735 946 1762 sic
966 1742 1037 1770 pos-

256 1786 300 1812 set
313 1786 440 1811 mortem
454 1783 591 1810 evadere.
608 1784 629 1811 ll
641 1782 778 1815 Machab„
794 1789 842 1816 vr,
857 1782 904 1810 20.

293 1831 393 1866 Lysias
406 1830 511 1857 videns
530 1832 558 1857 et
571 1829 740 1863 intelligens
754 1828 879 1856 invictos
902 1835 966 1856 esse
987 1829 1038 1856 lle—

257 1877 353 1905 braeos
369 1877 418 1904 Dei
433 1876 645 1913 omnipotentis
659 1875 771 1903 auxilio
787 1874 960 1910 innitentes,
980 1874 1038 1902 mi-

257 1924 294 1952 sit
312 1924 351 1952 ad
372 1932 424 1952 eos
440 1944 449 1958 ,
469 1923 665 1960 promisitque
686 1929 717 1950 se
743 1929 846 1958 regem
866 1921 1038 1958 compulsu-

257 1979 324 1999 rum
337 1971 467 1998 amicum
481 1970 556 1998 fieri.
573 1971 593 1998 ll
608 1970 744 2003 Machab„
760 1977 806 2004 xi,
819 1969 864 1997 1⁴.

296 2028 310 2045 α
324 2017 467 2046 Laudavit
480 2017 620 2046 dominus
630 2016 764 2045 villicum
780 2015 952 2052 iniquitatis,
965 2016 1038 2052 quia

257 2066 419 2103 prudenter
431 2065 566 2093 fecisset»
581 2063 765 2100 acquirendo
779 2064 892 2092 amicos
901 2063 939 2091 de
950 2063 1038 2092 bonis

258 2113 373 2142 domini
388 2113 433 2140 sui
451 2122 457 2140 z
475 2111 659 2140 concludens
673 2119 726 2147 per
747 2111 822 2146 hoc,
843 2111 927 2147 quod
941 2110 1037 2140 facere

258 2160 404 2189 debemus
423 2160 557 2194 amicos,
583 2159 635 2195 qui
661 2158 776 2195 possint
802 2165 858 2186 nos
880 2158 1013 2194 recipere
1028 2180 1037 2193 ,

258 2207 381 2244 quando
395 2215 451 2235 nos
464 2207 495 2234 in
509 2207 604 2234 morte
628 2205 757 2234 deiicere
772 2204 932 2242 oportebit.
957 2205 1036 2240 Luc„

258 2261 323 2289 xvi,
339 2256 367 2283 9.

294 2301 379 2330 Ponit
393 2300 535 2328 Dominus
550 2300 722 2336 exemplum
734 2299 771 2327 de
786 2298 854 2334 illo,
871 2299 922 2335 qui
938 2299 1038 2328 media

258 2350 344 2376 nocte
359 2347 442 2375 vadit
456 2347 495 2374 ad
510 2347 651 2383 amicum,
666 2348 699 2374 ut
712 2348 791 2382 petat
807 2345 922 2382 aliquid
937 2346 975 2374 ab
989 2354 1035 2375 eo.

260 2396 337 2430 Luc„
352 2403 394 2428 xi,
411 2397 438 2428 5,
454 2396 508 2422 etc.

294 2443 325 2470 ln
340 2442 477 2478 passione
497 2441 627 2475 Domini,
652 2440 781 2469 Herodes
800 2442 827 2469 et
848 2440 956 2469 Pilatus
970 2440 1038 2469 facti

259 2493 327 2518 sunt
341 2490 437 2518 amici.
454 2491 533 2523 Luc„
549 2497 635 2523 xxm,
652 2491 696 2517 1⁶2.

296 2539 450 2566 Commota
464 2537 579 2564 civitate
594 2536 708 2571 Epheso
723 2537 752 2565 et
763 2535 897 2569 confusa,
912 2535 1036 2571 quidam

260 2584 297 2613 de
318 2585 391 2613 Asiae
413 2583 616 2620 principibus,
642 2583 694 2619 qui
719 2585 803 2612 eraut
827 2583 914 2611 amici
939 2582 1037 2617 Pauli,

259 2631 402 2659 miserunt
425 2631 465 2659 ad
487 2639 556 2660 eum
576 2632 729 2666 rogantes,
754 2640 770 2657 «ι
785 2637 822 2659 ne
845 2638 877 2658 se
901 2629 985 2658 daret
1007 2629 1038 2658 in

260 2677 415 2707 theatrum.
426 2688 440 2706 ιο
458 2678 531 2711 Act..
549 2685 617 2713 xix,
633 2679 677 2706 31.

874 196 1011 236 BIBLIA
1032 197 1262 235 PAUPERUM.

1303 390 1342 418 De
1367 391 1520 418 inimicitia
1547 392 1574 418 et
1600 389 1673 418 odio.

1132 460 1201 488 rost
1219 461 1378 497 peccatum
1400 459 1571 496 primorum
1586 459 1760 495 parentum,
1779 458 1878 488 statim

1095 507 1196 543 posuit
1211 506 1355 535 Dominus
1376 506 1545 535 inimicitias
1564 505 1641 534 inter
1661 507 1830 542 serpentem
1849 506 1879 534 et

1096 553 1264 589 mulierem,
1276 556 1304 582 et
1313 553 1389 582 inter
1399 554 1553 590 utriusque
1563 561 1675 582 semen.
1686 553 1765 588 Gen„
1775 560 1819 588 ιιι,
1832 554 1876 582 15.

1133 600 1229 630 Rixati
1238 603 1307 629 sunt
1317 603 1451 637 pastores
1461 601 1578 629 Gerarae
1590 599 1734 629 adversus
1743 601 1878 636 pastores

1095 648 1176 676 Isaac
1190 655 1247 684 pro
1260 651 1352 684 puteo
1366 655 1457 684 quem
1472 647 1627 681 foderant;
1648 647 1762 676 idcirco
1775 645 1879 684 appel·

1095 694 1169 724 lavit
1177 694 1258 724 Isaac
1267 697 1391 731 puteum
1401 706 1415 721 u
1425 694 1604 724 inimicitias.
1615 705 1630 722 ι»
1647 694 1725 730 Gen„
1737 702 1819 729 xxvi,
1829 694 1876 723 2¹.

1131 742 1242 770 Oderat
1255 749 1374 778 semper
1387 743 1462 770 Esau
1475 741 1567 770 Jacob
1582 749 1638 778 pro
1653 741 1875 776 benedictione,

1095 796 1156 826 qua
1167 788 1361 817 benedixerat
1371 788 1396 816 ei
1408 790 1504 825 pater,
1516 788 1650 825 dixitque
1660 789 1692 817 in
1701 788 1788 817 corde
1802 795 1874 816 suo:

1098 845 1113 862 α
1126 835 1248 864 Venient
1267 835 1331 863 dies
1354 834 1450 863 luctus
1473 835 1565 872 patris
1582 834 1664 870 mei,
1686 836 1716 864 et
1739 834 1877 864 occidam

1094 882 1186 912 Jacob
1201 882 1323 911 fratrem
1334 890 1446 911 meum.
1462 892 1477 908 ι)
1496 882 1575 916 Gen„
1588 889 1682 916 xxvu,
1697 883 1744 911 41.

1132 929 1208 958 Dixit
1219 929 1312 958 Jacob
1327 929 1457 958 Simeoni
1473 932 1501 958 et
1514 929 1582 958 Levi
1597 938 1606 956 ε
1622 938 1637 955 u
1650 928 1801 957 Tui-hastis
1814 935 1876 964 me,

1095 978 1125 1006 et
1139 976 1279 1005 odiosum
1294 976 1402 1004 fecistis
1423 984 1472 1004 me
1487 976 1661 1004 Chananaeis
1676 977 1705 1004 et
1719 975 1878 1004 Pherezaeis

1094 1023 1312 1052 habitatoribus
1328 1025 1412 1052 terroe
1425 1023 1524 1059 hujus.
1539 1033 1554 1050 n
1573 1023 1651 1056 Gen„
1667 1030 1766 1058 xxxiv,
1781 1023 1828 1052 30.

1129 1071 1268 1099 Videntes
1292 1071 1398 1100 fratres
1421 1070 1532 1108 Joseph
1555 1070 1640 1108 quod
1661 1078 1681 1099 a
1700 1073 1785 1107 patre
1807 1069 1876 1107 plus

1095 1118 1209 1146 cunctis
1222 1118 1363 1147 tratribus
1377 1121 1538 1152 amaretur,
1562 1117 1688 1146 oderant
1710 1125 1798 1150 eum,
1819 1124 1875 1146 nee

1093 1167 1232 1202 poterant
1257 1166 1285 1194 ei
1318 1165 1486 1202 quidquam
1512 1164 1638 1202 pacifice
1667 1163 1764 1202 loqui.
1791 1163 1873 1197 Gen„

1094 1221 1210 1248 xxxvii,
1226 1214 1252 1242 4.

1129 1261 1258 1290 oderant
1269 1259 1348 1288 filios
1357 1260 1445 1288 lsrael
1457 1259 1584 1297 AEgyptii
1596 1281 1605 1295 ‚
1617 1261 1646 1288 et
1656 1259 1831 1296 affligebant
1839 1259 1874 1288 il—

1094 1307 1229 1336 ludentes
1244 1307 1286 1335 eis
1297 1328 1306 1342 ,
1322 1310 1411 1343 atque
1428 1308 1467 1335 ad
1483 1307 1713 1335 amaritudinem
1727 1306 1874 1343 perduce-

1094 1355 1168 1384 bant
1181 1355 1274 1383 vitam
1289 1363 1404 1383 eorum.
1420 1355 1523 1387 Exod..
1537 1363 1565 1389 1,
1581 1356 1626 1382 13.

1129 1403 1204 1430 Dixit
1219 1403 1362 1431 Dominus
1377 1402 1416 1430 ad
1430 1403 1550 1438 Moysen
1566 1411 1574 1429 ι
1593 1413 1606 1427 «
1621 1403 1724 1430 Hostes
1736 1408 1792 1430 vos
1806 1408 1873 1429 sen-

1094 1450 1166 1478 tiant
1181 1450 1363 1485 Madianitoe,
1379 1452 1406 1477 et
1425 1450 1567 1486 percutite
1591 1457 1642 1477 eos
1658 1457 1665 1476 :
1681 1449 1753 1486 quia
1771 1451 1800 1477 et
1817 1448 1873 1485 ipsi

1093 1497 1238 1526 hostiliter
1252 1501 1375 1533 egerunt
1391 1500 1494 1525 contra
1512 1505 1566 1525 vos
1577 1518 1586 1532 ,
1602 1499 1631 1525 et
1645 1497 1790 1533 decepere
1804 1495 1874 1524 insi-

1095 1545 1152 1572 diis
1166 1553 1219 1581 per
1233 1545 1348 1573 idolum
1364 1544 1491 1579 Phogor.
1506 1553 1520 1571 n
1539 1545 1636 1578 Num„
1649 1551 1721 1578 xxv,
1740 1544 1784 1572 ¹8.

1130 1592 1317 1620 Adonisedec
1332 1600 1383 1619 rex
1399 1590 1578 1619 llierusalem
1590 1611 1600 1626 ,
1625 1593 1655 1619 et
1677 1593 1806 1626 quatuor
1823 1589 1874 1619 alii

1094 1646 1180 1675 reges
1193 1639 1376 1666 obsederunt
1389 1638 1523 1672 Gabaon,
1534 1640 1565 1665 ut
1576 1639 1783 1674 expugnarent
1796 1645 1874 1671 eam,

1094 1694 1150 1722 pro
1166 1694 1202 1714 eo
1217 1685 1301 1722 quod
1317 1685 1535 1720 transfugerant
1549 1685 1719 1712 Gabaonitae
1734 1684 1772 1712 ad
1787 1686 1873 1712 Josue

1095 1736 1123 1761 et
1137 1733 1176 1761 ad
1191 1733 1270 1761 tilios
1294 1733 1399 1767 lsrael,
1422 1735 1449 1759 et
1473 1732 1599 1759 inierant
1616 1731 1713 1758 foedus
1727 1738 1797 1759 cum
1819 1731 1872 1758 eis.

1093 1781 1164 1813 Jos.,
1178 1787 1196 1807 x
1205 1800 1213 1813 ‚
1227 1781 1255 1807 4.

1129 1829 1323 1856 perrexerunt
1335 1828 1463 1863 majores
1477 1829 1549 1856 natu
1561 1827 1599 1856 de
1613 1827 1725 1856 Galaad
1740 1826 1779 1855 ad
1789 1825 1874 1862 Ieph-

1094 1877 1142 1910 te,
1158 1875 1288 1903 dicentes
1305 1884 1311 1902 :
1331 1884 1345 1901 α
1360 1877 1426 1903 Esto
1446 1875 1586 1911 princeps
1607 1876 1717 1902 noster.
1729 1883 1744 1900 n
1761 1873 1874 1908 Quibus

1094 1922 1145 1951 ille
1167 1921 1322 1958 respondit
1339 1930 1346 1949 :
1363 1923 1495 1950 «Nonne
1514 1930 1568 1950 vos
1587 1921 1672 1956 estis,
1698 1920 1751 1957 qui
1770 1919 1873 1948 odistis

1094 1977 1142 1998 me
1156 1990 1164 2004 ,
1179 1971 1206 1997 et
1219 1968 1343 2004 ejecistis
1358 1969 1394 1997 de
1410 1969 1503 1997 domo
1517 1968 1609 2005 patris
1631 1968 1714 1996 mei?
1739 1969 1771 1995 Et
1793 1975 1872 1996 nunc

1093 2016 1217 2045 venistis
1238 2016 1278 2045 ad
1294 2024 1341 2044 me
1365 2018 1537 2045 necessitate
1557 2015 1714 2052 compulsi.
1727 2025 1741 2042 ι»
1767 2014 1871 2050 Juda'c„

1092 2072 1141 2099 ιι,
1157 2067 1184 2093 7.

1130 2111 1286 2140 Fundebat
1299 2111 1380 2148 apud
1396 2112 1520 2140 Samson
1534 2111 1683 2147 lacrymas
1696 2117 1774 2138 uxor
1788 2110 1852 2146 ejus
1861 2131 1870 2144 ,

1094 2160 1122 2187 et
1137 2158 1329 2195 querebatur,
1345 2158 1446 2186 dicens
1462 2167 1468 2186 :
1488 2168 1502 2184 «
1517 2158 1608 2187 Odisti
1623 2165 1671 2185 me
1682 2177 1691 2192 ‚
1707 2159 1735 2185 et
1748 2165 1810 2185 non
1825 2156 1871 2185 di-

1093 2205 1177 2241 ligis5
1193 2205 1304 2234 idcirco
1315 2205 1472 2242 problema
1484 2213 1545 2233 non
1559 2205 1604 2232 vis
1614 2205 1745 2233 indicare
1759 2204 1842 2232 mihi.
1854 2213 1868 2230 n

1093 2253 1194 2284 Judic..
1210 2260 1269 2287 xiv,
1284 2254 1328 2280 16.

1127 2301 1238 2328 Videus
1251 2300 1319 2329 Saul
1332 2299 1416 2336 quod
1429 2299 1560 2336 populus
1574 2299 1631 2328 alte
1647 2299 1684 2328 de
1699 2297 1791 2327 David
1805 2304 1871 2326 sen-

1094 2347 1204 2382 tiebat,
1221 2350 1248 2375 et
1263 2347 1352 2375 etiam
1368 2347 1452 2383 quod
1467 2347 1497 2374 in
1513 2346 1653 2374 omnibus
1667 2345 1828 2382 prudenter
1843 2347 1871 2373 et

1093 2397 1210 2422 strenue
1236 2402 1266 2422 se
1292 2394 1422 2422 habebat
1432 2416 1441 2430 ,
1467 2394 1560 2422 factus
1583 2396 1626 2421 est
1647 2392 1782 2421 immicus
1807 2391 1871 2428 ejus

1094 2442 1206 2470 cunctis
1222 2441 1338 2469 diebus.
1356 2443 1363 2469 l
1379 2443 1458 2476 lle-9„
1471 2449 1560 2474 xvni,
1574 2441 1620 2468 29.

1129 2491 1191 2517 Duo
1206 2489 1336 2517 latrones
1348 2511 1356 2524 ,
1373 2490 1423 2526 qui
1441 2489 1610 2517 occiderant
1625 2487 1770 2522 isboseth,
1786 2486 1870 2516 dixe-

1094 2540 1162 2565 runt
1178 2536 1270 2564 David
1284 2545 1290 2564 ε
1306 2548 1319 2562 (ι
1329 2539 1400 2565 Ecce
1416 2538 1504 2573 caput
1516 2536 1568 2563 filii
1583 2534 1652 2563 Saul
1667 2534 1780 2562 inimici
1792 2534 1843 2562 tui.
1854 2544 1868 2561 υ

1095 2584 1152 2612 Sed
1166 2583 1244 2612 male
1259 2583 1437 2620 stipendiati.
1451 2585 1471 2611 ll
1485 2585 1561 2617 Κεφ,
1575 2590 1615 2616 ιν,
1625 2582 1642 2608 8
1657 2584 1684 2609 et
1700 2589 1762 2617 seq.

1130 2631 1211 2659 Thou
1225 2638 1278 2658 rex
1293 2630 1395 2658 Emath
1405 2652 1413 2666 ‚
1430 2629 1554 2658 audiens
1568 2628 1653 2665 quod
1667 2627 1760 2656 David
1777 2634 1871 2664 expu-

1096 2679 1213 2714 gnasset
1227 2677 1370 2706 Adarezer
1390 2678 1505 2706 hostem
1529 2684 1632 2711 suum,
1649 2675 1727 2704 misit
1741 2675 1780 2703 ad
1803 2682 1871 2703 eum
