2004 3037
208 264 263 297 Qui
277 264 372 298 diligit
387 263 422 300 (a)
444 265 566 299 patrem,
589 265 615 291 et
635 266 763 296 matrem,
779 266 847 299 etc„
875 273 928 293 non
946 267 984 293 est

206 318 248 338 me
271 309 379 345 diqnus.
405 311 482 346 Ergo
510 317 600 346 super
623 311 726 338 omnia
749 310 918 346 diligendus
942 314 985 340 est

207 357 291 384 Deus.
308 356 390 384 Unde
413 357 567 385 Anselmus
591 357 677 392 dicit,
694 357 778 393 quod
792 360 926 386 creatura
939 365 984 386 ra-

206 402 325 431 tionalis
343 403 417 431 nihil
431 403 521 432 debet
535 403 676 440 diligere,
690 404 746 432 nisi
765 412 914 432 summam
938 413 984 433 es-

207 449 342 485 sentiam,
354 452 405 478 aut
413 453 534 487 propter
543 451 637 478 illam.
651 451 734 479 Ratio
749 450 834 479 istius
845 454 897 486 est,
912 451 983 487 quia

205 496 237 524 in
253 504 313 533 quo
335 499 378 525 est
393 505 509 526 summa
530 497 731 534 diligibilitas,
755 506 870 526 summe
895 498 984 527 debet

207 543 291 579 diligi
308 553 316 571 ε
331 544 388 572 hoc
404 546 502 572 autem
518 546 560 572 est
575 546 660 573 Deus.

241 591 394 619 Secundus
410 591 520 627 gradus
534 592 643 620 amoris
659 591 825 620 charitativi
841 594 883 620 est
897 600 983 620 amor

204 637 492 673 incontaminabilis,
508 640 536 666 et
549 639 597 668 hic
613 639 723 674 gradus
738 641 781 667 est
795 639 900 667 mundi
915 647 984 667 con-

205 687 401 722 temptorum,
418 685 470 722 qui
486 687 572 714 tantoe
584 688 626 714 est
636 686 767 721 virtutis,
782 688 815 714 ut
828 686 983 714 hominem

204 740 222 761 a
236 733 390 761 mundana
404 733 628 761 conversatione
652 733 823 768 abstrahat,
838 741 875 761 ne
897 741 983 761 mens

203 779 372 816 polluatur,
387 782 414 807 et
427 787 464 808 ne
489 780 615 808 charitas
631 780 670 808 ab
686 788 775 816 opere
790 779 981 816 impediatur.

203 826 284 854 Unde
302 828 429 855 Joannes
451 826 520 854 dicit
536 828 545 844 ²
562 836 569 854 ι
587 827 619 854 δι’
638 829 699 862 quis
721 827 818 861 diligit
836 827 981 862 mundum,

204 881 256 901 non
271 877 311 902 est
326 874 445 902 charitas
464 875 558 901 Patris
573 875 603 901 in
617 881 657 908 eo,
672 875 800 909 quoniam
815 881 890 901 omne
911 874 983 908 quod

202 922 233 948 in
250 920 349 948 mundo
373 923 426 956 est,
452 922 499 948 aut
517 923 556 948 est
575 921 790 956 concupiscentia
807 922 898 948 carnis
909 941 916 953 ,
933 923 982 948 ant

202 969 418 1003 concupiscentia
431 968 566 995 oculorum
574 987 583 1002 ,
599 969 647 994 aut
661 968 788 1002 superbia
802 969 875 995 vitae.
897 967 981 996 Ratio

202 1014 284 1042 istius
299 1017 359 1049 est,
382 1014 453 1051 quia
478 1014 555 1050 iguis
581 1014 712 1048 amoris,
737 1016 769 1041 ut
791 1013 862 1042 dicit
880 1014 983 1042 Linco·

202 1061 312 1090 niensis
335 1061 365 1089 in
390 1062 550 1096 Aiiflelt'eam
572 1062 761 1089 Hz'erarchiam
787 1061 844 1097 (h),
866 1063 983 1097 separat

202 1108 414 1144 heterogenea,
432 1110 459 1136 et
473 1109 536 1137 unit
550 1109 739 1144 homogenea
751 1117 757 1136 :
771 1110 888 1144 separat
902 1108 982 1136 enim

204 1163 293 1183 omne
308 1156 521 1184 inconveniens
535 1156 574 1184 ab
590 1158 698 1184 amato.

238 1204 348 1232 Tertius
371 1205 482 1239 gradus
508 1204 670 1232 charitativi
693 1203 803 1231 amoris
831 1205 874 1231 est
897 1211 982 1231 amor

204 1251 408 1286 infatigabilis,
424 1254 451 1279 et
472 1251 524 1278 iste
543 1253 586 1278 est
597 1251 707 1286 jugiter
721 1250 939 1286 proficientium
955 1253 982 1278 et

204 1298 307 1325 Christi
323 1298 540 1332 confessorum,
558 1297 609 1333 qui
633 1299 675 1325 est
697 1299 783 1325 tantae
802 1297 934 1331 virtutis,
951 1300 982 1325 ut

204 1344 336 1372 animam
358 1353 418 1372 non
440 1344 516 1372 sinat
539 1344 709 1380 quiescere,
735 1344 830 1372 donec
854 1344 982 1372 inveniat

204 1398 293 1427 quem
308 1391 412 1427 diligit.
431 1391 511 1419 Unde
528 1392 557 1419 in
575 1393 695 1419 canticis
711 1391 817 1419 dicitur
830 1390 840 1406 ²
856 1400 862 1418 :
879 1392 911 1418 In
927 1393 979 1418 Iec-

204 1439 260 1465 tulo
273 1446 328 1466 meo
344 1440 458 1473 quoesz'vi
470 1447 520 1474 per·
531 1441 650 1472 noctem,
671 1440 724 1465 etc.
743 1438 869 1472 Sui-qam,
885 1441 910 1465 et
928 1440 981 1465 cir-

203 1486 279 1512 cuibo
295 1487 434 1513 civitatem
448 1494 496 1520 per
511 1487 582 1513 vicos
596 1488 621 1512 et
634 1486 754 1520 plateas,
772 1493 892 1520 quoerens
903 1493 980 1520 quem

203 1533 296 1566 diligit
307 1534 399 1559 anima
409 1541 473 1560 mea.
483 1532 567 1566 Quod
583 1539 735 1568 exponens
746 1532 884 1566 Origenes
893 1531 977 1559 dicit:

207 1589 220 1605 «
233 1579 413 1612 Quaerendus
428 1588 459 1607 es
470 1601 477 1613 ,
501 1579 622 1606 Domine
634 1600 642 1613 ‚
666 1586 733 1606 cum
758 1578 922 1614 frequentia
937 1579 979 1606 la-

203 1625 299 1660 boris,
316 1634 395 1653 nunc
413 1626 442 1653 in
466 1626 575 1653 lectulo
600 1625 711 1653 lumine
727 1626 855 1653 veritatis
869 1647 878 1660 ,
902 1634 979 1653 nuuc

202 1680 255 1708 per
268 1675 367 1700 noctes
389 1673 504 1700 sex-vore
524 1673 687 1707 charitatis,
704 1673 819 1707 abjecta
841 1673 979 1708 supersti-

202 1720 282 1747 tione
312 1719 453 1747 naturalis
482 1719 613 1747 rationis.
637 1729 650 1745 n
674 1720 810 1754 Sequitur
834 1730 842 1746 .·
861 1730 873 1744 (ι
895 1719 979 1747 Solus

203 1774 287 1794 amor
303 1769 328 1794 te
344 1766 470 1800 invenit,
487 1766 558 1802 quia
574 1767 624 1802 qui
642 1768 667 1793 te
682 1768 775 1799 amat,
792 1769 818 1793 te
838 1766 929 1793 habet
948 1768 979 1793 ut

203 1816 296 1848 amet,
310 1817 387 1841 amat
403 1816 434 1841 ut
449 1814 567 1848 habeat,
582 1816 609 1842 et
623 1822 659 1841 ne
675 1816 702 1841 te
718 1814 747 1841 in
762 1816 904 1842 aeternum
913 1823 978 1850 per-

203 1860 262 1888 dat.
278 1871 291 1886 i>
312 1862 374 1888 lloec
389 1860 448 1887 illo.

238 1908 362 1940 Quartus
377 1907 487 1942 gradus
509 1907 618 1934 amoris
644 1907 807 1935 charitativi
829 1909 871 1935 est
895 1916 979 1936 amor

202 1953 426 1990 inseparabilis,
451 1956 478 1981 et
504 1953 551 1980 hic
567 1955 609 1981 est
632 1953 750 1981 assidue
775 1955 978 1990 contemplan-

204 2001 275 2028 tium
287 2022 296 2035 ,
312 2002 340 2028 et
361 2000 407 2027 hic
423 2000 532 2034 gradus
556 2003 641 2028 tantm
659 2000 773 2027 virtutis
791 2003 848 2035 est,
864 2003 895 2028 ut
909 2009 979 2029 con·

203 2048 291 2076 tinnis
315 2048 440 2075 stimulis
467 2047 556 2082 agitet
584 2050 712 2074 mentem
739 2048 978 2083 contemplatoris

203 2095 241 2122 ad
258 2094 572 2130 comprehendendum
586 2094 737 2128 dilectum,
750 2095 844 2122 donec
858 2096 978 2123 tandem

204 2142 281 2169 dicat
296 2142 305 2158 ³
322 2151 328 2168 :
348 2143 441 2168 Inveni
456 2149 532 2175 quem
553 2142 647 2175 ‹lz'lz'flz't
672 2143 764 2168 anima
779 2150 847 2169 mea.
864 2144 895 2169 Et
910 2142 979 2170 dicit

204 2188 368 2215 Bel-nardus
379 2189 388 2204 ”
402 2197 408 2215 ;
424 2199 436 2214 ι(
448 2188 516 2221 Quis
532 2190 557 2215 te
573 2195 633 2215 non
648 2189 754 2222 teneat,
768 2188 888 2216 Domine
900 2191 977 2223 Jesu,

204 2235 254 2270 qui
272 2237 418 2262 tenentem
435 2237 461 2261 tc
481 2242 532 2270 spe
552 2234 709 2268 fortificas,
725 2234 903 2270 perfectione
925 2235 978 2263 de-

204 2289 288 2309 coras
300 2302 309 2314 ,
334 2281 551 2316 perseverantia
572 2281 725 2315 conducis,
742 2282 978 2310 remuneratione

203 2328 364 2364 perducis?
386 2329 445 2361 Ego
471 2329 569 2355 autem
593 2335 653 2354 non
680 2327 825 2355 dimittam
850 2331 898 2363 te,
922 2330 978 2357 nisi

203 2374 390 2402 benedixeris
413 2374 484 2401 mihi
506 2384 512 2408 3
544 2376 571 2401 et
592 2381 747 2409 nunquam
771 2374 916 2402 dimittam
933 2378 976 2411 te,

203 2422 275 2457 quia
296 2429 356 2449 non
380 2420 532 2449 benedicis
555 2421 610 2448 nisi
636 2422 782 2448 tenentem
804 2423 841 2448 te.
860 2432 872 2447 »
889 2423 978 2450 istum

236 2520 241 2532 ¹
260 2518 267 2542 1
283 2518 364 2545 Joan..
381 2523 410 2547 11,
429 2519 466 2547 15,
489 2519 525 2540 16.
543 2529 573 2535 -—
588 2517 597 2532 ²
611 2516 693 2545 Cana,
711 2523 751 2547 111,
769 2519 791 2547 1,
805 2518 827 2541 2.
840 2530 869 2535 —
884 2517 893 2533 ³
905 2518 977 2549 lbid.‚

204 2558 250 2582 111,
270 2554 292 2577 4.
313 2566 344 2570 -
364 2552 375 2568 ⁸
392 2553 479 2582 Rern„
500 2551 544 2575 ubi
562 2558 617 2582 sup.
635 2564 665 2569 —
689 2553 696 2565 ⁵
717 2552 792 2580 Rom..
814 2558 876 2582 vni,
893 2554 932 2576 35.
949 2567 975 2570 -

203 2590 212 2603 ⁶
236 2591 311 2620 Aug,
337 2589 366 2612 (Ie
388 2590 452 2613 Mor.
478 2587 557 2615 Eccl.y
582 2596 605 2612 c.
628 2594 695 2612 xxii.
718 2601 748 2606 —
773 2588 780 2602 ⁷
806 2588 921 2617 Hieron„
946 2589 980 2612 ad

203 2625 330 2652 Ecstor-h..
353 2624 425 2655 epist.
447 2630 512 2653 xxii,
536 2630 603 2647 vers.
627 2624 669 2647 tiu.
686 2637 716 2641 -
735 2625 743 2637 ¹³
765 2625 840 2654 Aug,
861 2623 892 2646 de
912 2625 976 2648 Bon.

208 2660 311 2689 Vidua..
333 2667 355 2684 c.
379 2666 432 2684 xxi.
451 2673 476 2677 —
500 2660 510 2676 ⁹
531 2659 661 2688 niellam..
681 2660 710 2683 de
732 2661 801 2690 qual.
820 2659 895 2689 yrml.
919 2660 976 2684 υἱοί.

615 192 666 228 DE
687 192 844 228 SEPTEM
864 194 1089 230 lTINERlBUS
1111 196 1401 232 AETERNI‘I'ATIS.

1037 265 1166 300 gradum
1179 266 1296 295 videtur
1309 267 1438 296 habuisse
1447 268 1616 304 Apostolus,
1626 276 1695 298 eum
1707 270 1782 299 dixit
1790 271 1811 300 ⁵:

1039 312 1106 345 Quis
1119 315 1259 348 separabit
1274 322 1321 341 nos
1336 322 1354 342 a
1367 314 1501 343 charitate
1516 315 1642 344 Christi?
1655 318 1710 346 etc.

1073 359 1196 393 Quintus
1211 360 1321 396 gradus
1341 361 1452 389 amoris
1474 362 1593 397 gratuiti
1613 365 1657 391 est
1671 371 1756 392 arnor
1767 364 1813 393 in-

1036 407 1228 442 superabitis,
1242 409 1271 435 et
1291 407 1338 435 hic
1358 410 1402 436 est
1421 408 1525 436 Christi
1539 411 1705 446 martyrum
1720 413 1750 439 et
1763 411 1814 440 ad-

1036 453 1224 482 versitatibus
1246 462 1308 482 non
1330 454 1513 490 cedentium,
1528 456 1580 492 qui
1595 458 1638 484 est
1652 459 1738 485 tantae
1751 457 1814 486 for-

1036 499 1184 535 titudinis,
1198 503 1231 529 ut
1249 501 1280 529 in
1302 501 1381 529 libro
1402 502 1436 529 de
1455 503 1579 531 Moribus
1593 504 1720 532 Ecclesiae
1735 503 1815 533 dicat

988 556 991 559 ·
1036 547 1215 582 Augustinus
1224 548 1234 565 ⁶
1246 557 1253 576 z
1268 558 1282 574 ι(
1292 548 1368 577 Nihil
1381 551 1440 577 tam
1451 549 1560 577 durum
1573 552 1662 586 atque
1673 550 1814 587 ferreum,

1037 593 1121 629 quod
1135 602 1198 622 non
1216 594 1285 630 igne
1307 596 1417 623 amoris
1435 596 1580 625 vincatur.
1595 607 1608 623 n
1628 599 1660 626 Et
1673 597 1815 634 Hierony-

1036 647 1103 668 mus
1117 640 1149 668 in
1162 641 1296 677 quodam
1310 650 1445 670 sermone
1462 642 1534 670 dicit
1546 644 1556 661 ⁷
1574 652 1581 671 :
1596 654 1609 670 «
1622 644 1697 672 Nihil
1712 652 1814 673 aman-

1037 686 1116 715 tibus
1136 687 1245 716 durum
1267 691 1326 724 est,
1350 689 1450 717 nullus
1470 689 1558 718 labor
1580 690 1746 719 difficilis.»
1764 692 1813 720 Se-

1037 734 1160 770 quitur':
1179 743 1193 760 α
1206 737 1345 764 Amemus
1368 738 1395 764 et
1415 743 1471 764 nos
1493 737 1652 772 Christum,
1678 740 1707 766 et
1727 737 1813 766 facile

1036 781 1186 808 videbitur
1200 789 1262 809 esse
1277 789 1366 810 omne
1382 782 1512 810 difficile.
1527 793 1544 810 ω
1559 784 1643 812 Ratio
1657 784 1745 820 hujus
1759 787 1811 820 est,

1036 827 1123 863 quia,
1139 827 1213 856 sicut
1233 828 1304 856 dicit
1325 829 1519 865 Augustinus,
1539 830 1572 858 de
1593 830 1694 859 Sancta
1715 831 1814 859 Vidui-

1038 877 1094 902 tate
1115 875 1126 892 ⁸
1147 884 1154 903 :
1181 886 1194 900 «
1218 875 1304 904 Nullo
1332 876 1426 904 modo
1454 877 1573 905 onerosi
1599 879 1667 905 sunt
1693 877 1814 906 labores

1037 921 1219 957 amantium3
1231 922 1284 950 sed
1297 922 1352 958 ipsi
1366 922 1529 958 delectant,
1543 923 1617 952 sicut
1629 924 1813 960 venantium,

1037 969 1251 1005 aucupantium
1262 971 1290 998 et
1300 969 1478 1006 piscantium
1490 970 1619 999 labores.
1635 972 1666 999 ln
1681 979 1717 999 eo
1733 971 1813 999 enim

1037 1016 1120 1052 quod
1146 1019 1277 1051 amatur,
1293 1019 1344 1044 aut
1370 1025 1431 1045 non
1458 1017 1631 1052 laboratur,
1654 1020 1705 1046 aut
1725 1018 1812 1046 labor

1036 1065 1161 1091 amatur.
1189 1067 1280 1092 Amor
1309 1066 1408 1091 autem
1435 1064 1534 1092 reddit
1561 1064 1660 1092 minus
1687 1065 1812 1093 sensibi-

1036 1110 1095 1138 lem
1106 1131 1115 1144 ,
1131 1121 1145 1136 ι)
1163 1111 1203 1138 ait
1218 1111 1405 1146 Augustinus.

1072 1159 1174 1186 Sextus
1189 1158 1300 1194 gradus
1312 1159 1554 1194 amoriQratuiti
1573 1162 1616 1187 est
1634 1168 1719 1188 amor
1733 1160 1811 1188 insa-

1036 1205 1160 1239 tiabilis,
1176 1207 1203 1233 et
1217 1205 1264 1233 hic
1279 1208 1321 1233 est
1342 1206 1452 1241 jugiter
1471 1206 1703 1234 desiderantium
1724 1208 1752 1235 et
1765 1215 1813 1234 so-

1036 1251 1209 1279 litariorum.
1236 1252 1285 1280 Hic
1307 1252 1417 1287 gradus
1443 1254 1529 1280 tantae
1550 1253 1730 1281 fortItudinis
1751 1255 1810 1289 est,

1037 1301 1068 1326 ut
1086 1298 1160 1326 nihil
1175 1299 1231 1326 sibi
1247 1299 1373 1327 sufficiat
1386 1301 1492 1335 praeter
1507 1307 1600 1327 unum
1615 1300 1714 1328 solum
1729 1300 1812 1336 quod

1036 1347 1129 1379 amat,
1145 1347 1174 1373 et
1187 1345 1225 1373 ad
1242 1346 1337 1381 ipsum
1359 1354 1474 1382 semper
1495 1346 1624 1382 amplius
1639 1346 1669 1374 in
1683 1347 1738 1374 hae
1753 1347 1812 1375 vita

1035 1392 1094 1420 sitit
1116 1394 1144 1420 et
1168 1392 1325 1420 desiderat.
1342 1393 1424 1420 Ratio
1447 1393 1535 1428 hujus
1556 1395 1616 1428 est,
1633 1393 1722 1429 quia,
1739 1394 1813 1422 sicut

1037 1439 1106 1466 dicit
1119 1439 1300 1474 Richardus‚
1318 1439 1395 1467 libro
1412 1440 1443 1467 de
1459 1440 1621 1467 charitat-2⁹
1635 1449 1641 1468 :
1658 1440 1812 1468 «Charitas

1035 1486 1075 1513 ita
1097 1494 1214 1522 semper
1234 1486 1360 1522 invenit,
1382 1486 1465 1523 quod
1485 1486 1584 1514 adhuc
1603 1487 1811 1523 concupiscere

1035 1535 1145 1568 potest,
1163 1533 1234 1569 quia
1249 1533 1399 1572 quidquid
1415 1533 1490 1568 agit,
1506 1533 1687 1561 desiderium
1703 1533 1811 1562 arden-

1036 1580 1070 1607 tis
1085 1580 1191 1607 animae
1207 1588 1267 1607 non
1283 1581 1385 1614 satiat;
1403 1580 1476 1613 sitit,
1498 1582 1525 1607 et
1544 1579 1637 1615 bibit3
1656 1579 1790 1608 bibendo
1802 1601 1810 1615 ,

1035 1627 1111 1653 sitim
1124 1635 1185 1654 non
1201 1626 1363 1662 extinguit;
1379 1627 1432 1654 sed
1447 1635 1508 1663 quo
1523 1627 1652 1663 amplius
1665 1626 1758 1660 bibit,
1774 1635 1810 1655 eo

1035 1673 1163 1709 amplius
1187 1674 1254 1701 sitit.
1272 1673 1371 1700 Avidae
1395 1674 1489 1708 enim,
1505 1673 1565 1701 imo
1590 1676 1618 1701 et
1639 1673 1811 1701 insatiabilis

1036 1721 1141 1747 animat
1152 1720 1212 1747 sitis
1222 1741 1230 1753 ,
1245 1720 1293 1747 vel
1307 1720 1417 1747 esuries
1431 1730 1438 1753 ;
1460 1728 1519 1747 non
1534 1720 1665 1753 sedatur,
1680 1720 1732 1747 sed
1748 1720 1811 1747 irri-

1035 1769 1120 1794 tatur.
1137 1776 1151 1793 »
1168 1766 1304 1802 Sequitur
1321 1775 1326 1793 :
1347 1776 1358 1792 υ
1381 1766 1472 1800 Quid,
1489 1774 1607 1801 qua-so,
1625 1774 1727 1794 amore
1746 1775 1810 1794 mo-

1035 1813 1151 1847 lestiuS,
1173 1812 1283 1848 quidve
1306 1812 1441 1840 acerbius
1452 1834 1460 1846 ‚
1477 1820 1544 1839 cum
1564 1812 1641 1840 sitim
1656 1821 1740 1840 suam
1755 1820 1810 1841 nec

1034 1859 1197 1886 resistendo
1226 1861 1404 1895 temperare,
1433 1866 1487 1886 nec
1514 1859 1692 1887 inebriando
1719 1859 1811 1895 possit

1035 1906 1214 1941 extinguere.
1232 1916 1245 1931 »
1265 1907 1327 1933 Hice
1344 1905 1403 1933 ille.
1428 1907 1498 1933 Ecce
1518 1905 1602 1941 quod
1628 1905 1680 1933 iste
1701 1906 1811 1941 gradus

1035 1953 1145 1981 amoris
1163 1953 1225 1987 jam
1245 1961 1274 1980 se
1297 1952 1426 1980 extendit
1450 1952 1488 1979 ad
1514 1951 1684 1979 violentiam
1708 1960 1811 1988 quam-

1036 2000 1106 2027 dam
1122 1999 1257 2033 amantis,
1273 2002 1304 2027 ut
1318 1999 1424 2026 clamet
1437 2007 1503 2026 cum
1520 1998 1671 2027 Psalmista
1685 2000 1706 2016 ¹⁰
1723 2008 1729 2026 z
1744 1999 1811 2027 Siti-

1034 2049 1074 2075 vz't
1090 2049 1181 2074 anima
1195 2055 1252 2074 mea
1276 2047 1312 2074 ad
1338 2049 1418 2074 Deum
1440 2048 1541 2080 fontem
1562 2046 1594 2082 (c)
1610 2048 1709 2074 vivum.
1730 2047 1810 2075 Unde

1036 2094 1252 2121 cantuariensis
1268 2093 1380 2121 ibidem
1396 2093 1465 2120 dicit
1481 2103 1487 2121 :
1504 2103 1517 2118 «
1529 2093 1589 2121 Istis
1601 2101 1652 2121 sex
1668 2093 1810 2128 gradibus

1036 2140 1183 2174 decursis,
1198 2141 1330 2175 sequitur
1345 2148 1430 2168 amor
1452 2140 1595 2168 inducens
1615 2140 1808 2175 languorem,

1035 2188 1086 2223 qui
1102 2189 1144 2215 est
1158 2187 1268 2223 gradus
1283 2187 1393 2214 amoris
1415 2187 1547 2214 violenti.
1569 2197 1581 2211 »
1597 2188 1629 2215 Et
1647 2186 1716 2215 ideo
1730 2194 1809 2215 nunc

1036 2234 1073 2262 de
1088 2234 1140 2262 illo
1157 2234 1317 2262 dicendum
1333 2235 1385 2261 est.

1306 2312 1484 2336 AliTtCULUS
1505 2313 1534 2336 Η.

1212 2366 1247 2389 De
1266 2365 1386 2395 gradibus
1404 2366 1499 2389 amoris
1516 2365 1631 2390 violenti.

1072 2423 1109 2449 De
1130 2421 1272 2456 gradibus
1294 2421 1382 2455 igitur
1405 2421 1514 2449 amoris
1538 2420 1658 2448 violenti
1682 2420 1809 2457 loquens

1044 2468 1208 2497 Richardus
1229 2468 1259 2495 in
1282 2470 1404 2496 tractatu
1431 2468 1463 2495 de
1488 2468 1644 2502 Char-itate,
1669 2467 1739 2495 dicit
1757 2469 1775 2485 ¹¹
1800 2478 1806 2496 ε

1035 2542 1145 2572 Chai-it„
1160 2544 1218 2565 ante
1236 2542 1303 2565 nied.
1318 2555 1348 2560 —
1365 2542 1382 2558 ¹⁰
1400 2541 1466 2566 Psal.
1483 2547 1539 2571 xm,
1559 2541 1581 2566 3.
1596 2554 1627 2559 —
1649 2540 1665 2557 ¹¹
1679 2540 1808 2572 Richard„

1034 2579 1077 2602 ubi
1091 2585 1158 2608 sup.,
1173 2578 1257 2602 statim
1272 2585 1286 2601 a
1302 2578 1384 2608 princ.

1066 2626 1100 2655 (a)
1117 2624 1191 2655 Vulg.
1207 2627 1284 2648 (iniat.
1299 2638 1327 2642 —
1350 2624 1384 2654 (Ιι)
1406 2625 1466 2648 Caet.
1490 2624 1551 2647 edit.
1573 2623 1690 2654 Anyelz'ca
1708 2624 1809 2647 merar-

1034 2660 1099 2684 chia.
1116 2673 1146 2677 —
1161 2660 1192 2690 (c)
1211 2660 1285 2690 Vulg.
1299 2661 1408 2683 Fortem.
