2004 3037
210 258 268 287 104

207 323 367 351 naturales.
390 323 423 350 Et
438 321 509 358 quia
530 321 706 357 incorporea
727 323 786 356 est,
808 322 908 350 sensui
921 330 984 351 non

208 370 251 397 est
273 369 421 404 subjecta,
447 375 547 404 neque
574 367 739 395 secundum
767 367 984 397 dimensionem

209 414 368 443 extensiva.
391 413 587 448 Quantitatem
601 414 682 442 enim
702 414 792 442 habet
817 414 934 450 anima,
952 417 985 443 ut

209 461 279 489 dicit
298 460 476 496 Augustinus
492 462 515 496 ¹,
536 468 597 488 non
616 460 832 496 dimensivam,
861 461 915 489 sed
933 469 986 498 po-

207 507 372 535 testativam
395 509 423 535 et
443 506 609 535 virtualem.
640 508 673 535 Et
698 507 770 543 quia
793 507 919 543 simplex
943 510 987 536 est

208 553 326 588 anima,
347 553 415 582 ideo
427 561 482 581 nec
496 553 662 589 augmenti,
677 561 732 581 nec
747 553 928 582 decrementi
943 555 986 582 est

207 600 388 636 susceptiva,
402 601 474 637 quia
487 608 542 628 nec
556 600 587 628 in
608 608 732 636 corpore
753 601 861 636 maj0ri
876 600 982 636 maj0r,

207 654 263 674 nec
276 646 307 674 in
321 646 430 674 minori
443 646 542 674 minor
553 646 708 683 reperitur,
720 649 752 674 ut
767 647 838 675 dicit
851 646 861 662 ²
873 649 986 682 Augus-

209 692 295 721 tinus.
310 692 465 721 Multitudo
486 701 609 730 quoque
626 693 826 730 potentiarum
840 693 871 721 in
886 693 986 722 anima

208 746 270 767 non
296 739 381 775 ponit
399 740 597 775 majoritatem
615 739 646 768 in
664 740 770 768 animae
785 742 907 775 natura,
932 740 985 768 sed

208 785 453 822 multiplicitatem
467 786 633 814 effectuum.
649 786 755 814 Anima
768 787 856 829 etiam
870 788 913 814 est
926 787 986 815 vita

207 832 485 868 perpetuascilieet
495 840 548 869 per
561 833 748 867 memoriam,
760 833 986 868 intelligentiam

209 881 236 906 et
253 879 439 907 voluntatem
457 879 496 906 ad
518 879 680 914 imaginem
703 879 752 907 Dei
777 879 868 914 facta,
892 887 986 916 capax

207 925 320 953 virtutis
336 928 364 954 et
377 925 455 960 vitii,
471 925 667 962 susceptibilis
681 934 777 962 poenae
792 925 840 953 vel
854 926 966 962 proemii
975 935 984 960 3

208 972 330 999 arbitrio
345 972 449 1007 libera,
467 971 605 1008 potentiis
620 974 648 1000 et
665 972 837 1006 habitibus,
851 980 886 999 ac
901 971 987 999 affec-

208 1018 339 1046 tionibus
366 1018 515 1046 decorata.
541 1020 625 1046 Caret
651 1019 795 1054 pondere,
823 1018 930 1054 figura,
959 1021 987 1046 et

209 1065 318 1092 colore.
336 1065 482 1093 Passibilis
505 1067 532 1092 ct
554 1065 705 1092 mutabilis
721 1067 781 1092 est:
797 1073 833 1092 eo
857 1073 986 1100 magna,

209 1119 270 1147 quo
285 1119 380 1147 capax
399 1113 440 1139 est
461 1109 645 1146 aeternitatis3
661 1119 696 1139 eo
712 1114 806 1145 recta,
828 1119 888 1147 quo
904 1113 988 1139 natu-

208 1157 308 1185 raliter
328 1160 470 1193 appetens
490 1160 532 1185 est
556 1157 711 1193 bonitatis·,
738 1166 773 1185 eo
800 1157 899 1192 bona,
927 1166 986 1194 quo

208 1203 355 1239 particeps
368 1206 410 1232 est
424 1204 591 1232 divinitatis

450 1285 592 1330 CA‘PU'r
618 1298 741 1331 xxxi.
857 1327 875 1349 s

343 1369 414 1402 Quid
431 1371 467 1396 sit
487 1370 589 1397 Anima
607 1370 749 1397 secundum
771 1378 873 1398 nomen.

243 1439 347 1466 Anima
361 1437 484 1473 dicitur,
501 1439 531 1466 in
548 1440 694 1474 quantum
709 1446 817 1475 corpus
835 1439 947 1468 animat
962 1443 990 1468 et

208 1484 351 1519 viviticat3
373 1492 464 1519 mens,
491 1485 521 1512 in
544 1486 690 1520 quantum
711 1485 833 1520 recolit;
859 1488 987 1521 antinus,

208 1531 281 1559 dum
296 1531 372 1566 vult;
391 1533 477 1566 ratio,
494 1531 567 1558 dum
585 1534 697 1559 rectum
709 1532 841 1567 judieat3
858 1535 987 1568 spiritus,

209 1577 282 1605 dum
300 1577 407 1613 spirat,
422 1577 469 1604 vel
493 1577 564 1613 quia
579 1577 762 1613 spiritualem
783 1581 920 1607 naturam
940 1580 989 1608 ha-

209 1624 278 1658 bet3
294 1632 402 1658 sensns,
419 1624 491 1651 dum
514 1624 617 1659 scntit;
641 1628 784 1660 memoria,
803 1625 875 1653 dum
893 1634 989 1654 recor-

210 1670 312 1706 datur3
334 1672 474 1702 voluntas,
504 1672 577 1698 dum
596 1672 750 1700 consentit.
777 1674 840 1700 tlaec
866 1675 989 1702 nomina

210 1716 327 1744 diversa
342 1719 409 1744 sunt
423 1718 546 1751 animae,
562 1725 622 1745 non
641 1721 761 1754 propter
777 1720 907 1747 essentiae
922 1721 988 1756 plu-

210 1763 368 1797 ralitatem,
391 1763 442 1790 sed
466 1766 587 1799 propter
607 1765 766 1792 etl'eetuum
791 1766 989 1802 multiplicita-

210 1812 284 1843 tem,
300 1812 327 1837 ct
352 1810 559 1845 operationum
582 1811 628 1845 (a).
647 1811 753 1838 Dicitur
777 1814 870 1839 anima
893 1813 931 1840 ab
961 1823 988 1848 α,

209 1858 321 1883 estsine
332 1857 358 1890 ³3
376 1858 403 1883 ct
417 1864 491 1883 :ema
505 1855 514 1871 ⁴
524 1877 532 1889 ,
549 1857 631 1892 quod
652 1859 694 1884 est
708 1861 835 1893 sanquis,
850 1867 885 1887 eo
906 1861 989 1895 quod

208 1903 244 1929 sit
258 1902 319 1929 sine
335 1902 486 1937 sanguiue.
511 1902 560 1930 Vel
584 1903 690 1930 dicitur
710 1904 748 1931 ab
769 1914 802 1938 a,
820 1908 846 1932 ct
870 1909 989 1941 nemein,

209 1950 292 1985 quod
308 1952 350 1977 cst
362 1951 487 1983 tribuere,
504 1958 539 1977 eo
556 1951 638 1986 quod
653 1951 753 1979 anima
770 1952 859 1980 vitam
874 1953 990 1982 tribuit.

208 1996 259 2023 vel
272 1996 377 2024 dicitur
392 1997 491 2024 anima
506 1997 589 2032 quasi
605 2005 727 2025 anemos
735 1999 755 2032 ²,
773 1999 801 2025 id
818 2001 861 2026 est
871 2002 987 2034 ventus,

208 2042 291 2078 quod
303 2042 420 2079 spiritus
435 2043 478 2070 sit.

400 2137 580 2170 GAI'U'I'
617 2137 795 2171 XXXII.

460 2209 496 2234 De
511 2209 615 2242 triplici
630 2209 738 2236 Anima.

245 2278 330 2304 Actus
358 2276 463 2303 animm
490 2275 594 2311 triplex
624 2279 682 2310 est,
706 2277 815 2304 scilicet
838 2280 989 2313 vegetare,

209 2323 333 2356 sentire,
351 2324 378 2350 et
399 2322 568 2349 ratiocinari
587 2332 592 2349 :
618 2323 782 2350 secundum
808 2324 865 2351 hoc
890 2325 990 2352 distin—

209 2370 307 2405 guitur
330 2369 436 2396 animae
452 2368 583 2404 potentia
604 2369 725 2404 triplex,
742 2369 850 2397 scilicet
875 2374 990 2405 vegeta-

209 2416 287 2450 biliS,
304 2418 332 2443 et
346 2415 508 2448 sensibiliS,
526 2416 554 2442 ct
568 2414 730 2442 rationalis.
744 2417 782 2442 De
797 2416 905 2451 quibus
921 2418 990 2446 dicit

210 2462 399 2496 Ambrosius,
432 2461 515 2496 quod
548 2461 647 2488 anima
681 2461 854 2496 vegetabilis
881 2464 990 2498 appetit

210 2517 283 2543 esse,
298 2507 446 2536 sensibilis
462 2507 538 2534 bene
558 2515 634 2540 esse,
656 2507 808 2535 rationalis
823 2511 922 2536 autem
938 2518 989 2546 op-

211 2556 278 2582 time
304 2563 386 2582 esse:
418 2556 445 2581 et
469 2554 536 2581 ideo
561 2561 717 2588 nunquam
744 2555 876 2589 quiescit,
894 2555 989 2583 donec

210 2602 322 2637 optimo
339 2601 534 2636 conjungatur
552 2609 557 2627 :
576 2602 697 2636 propter
717 2600 773 2628 hoc
788 2601 817 2628 vi
835 2603 944 2630 amoris
960 2604 988 2630 in

244 2659 250 2675 ¹
265 2660 338 2689 Aug,
351 2659 380 2682 (Ic
394 2659 483 2688 (mant.
499 2659 599 2686 (ιιιίηιιε,
614 2665 637 2682 e.
654 2664 719 2682 xvtt.
733 2671 764 2675 —
774 2659 782 2672 ²
796 2659 890 2683 lbitl.-—
908 2661 915 2674 ³
929 2661 981 2684 Sci-

210 2695 268 2718 licet
277 2702 291 2717 a
303 2694 455 2724 privativum
467 2694 532 2724 apud
545 2694 694 2717 Groeeos.-
705 2694 712 2707 ⁴
724 2695 795 2724 Αἷμα.
807 2708 836 2712 -
857 2696 866 2711 ⁵
877 2695 987 2726 Ἀνεμος.

539 253 798 286 COMPENDIUM
819 254 1082 288 THEOLOGICAE
1105 256 1327 289 VERITATIS.
1351 257 1426 289 LIB.
1450 257 1488 289 ll.

1040 325 1132 352 Deum
1145 326 1282 353 movetur
1296 326 1439 361 tanquam
1454 323 1494 352 ad
1508 325 1652 359 centrum,
1662 324 1738 353 utin
1751 325 1816 362 ipso

1040 378 1156 399 summe
1175 371 1344 400 delectetur.
1366 372 1412 399 11ae
1431 373 1531 399 autem
1552 372 1610 399 tres
1629 370 1769 406 potentioe
1785 371 1818 400 in

1041 417 1162 445 diversis
1185 417 1356 446 substantiis
1384 419 1443 445 tres
1469 417 1575 445 animae
1603 416 1661 444 dici
1682 418 1816 453 possunt.

1040 464 1114 491 Nam
1127 463 1302 499 vegetabilis
1316 465 1360 492 est
1373 462 1474 492 anima
1487 463 1518 491 in
1531 463 1654 499 plantis,
1672 462 1818 491 sensibilis

1040 509 1071 537 in
1093 510 1202 545 brutis,
1221 509 1374 538 rationalis
1392 510 1423 537 in
1443 509 1626 538 hominibus.
1645 510 1678 537 ln
1698 509 1819 538 homine

1041 557 1140 584 autem
1158 558 1216 584 tres
1232 556 1379 592 proedictae
1400 556 1506 584 animae
1520 564 1581 584 una
1600 557 1668 584 sunt
1683 555 1818 590 essentia,

1041 602 1094 629 sed
1111 602 1250 630 differunt
1265 602 1294 630 in
1311 602 1455 639 potentiis
1470 611 1478 630 ε
1502 610 1557 630 nec
1576 602 1674 630 obstat
1691 602 1775 638 quod
1788 602 1820 629 in

1040 648 1161 676 homine
1176 648 1352 682 successive,
1368 656 1402 677 ac
1418 648 1542 676 diversis
1561 648 1744 684 temporibus
1757 655 1820 675 ma-

1040 694 1214 722 nifestantur
1230 704 1236 722 :
1260 695 1318 723 hoe
1332 695 1412 722 enim
1430 697 1473 722 est
1490 702 1508 722 a
1527 694 1633 722 virtute
1651 693 1818 729 formativa‚

1042 747 1108 776 quae
1122 741 1335 769 rationabiliter
1346 741 1427 777 prius
1438 740 1567 777 disponit
1576 740 1616 768 ad
1625 740 1716 768 vitam
1728 748 1819 776 quam

1041 787 1081 814 ad
1095 795 1229 821 sensum,
1245 789 1273 815 et
1287 787 1368 824 prius
1383 787 1423 814 ad
1437 794 1557 815 sensum
1572 794 1664 822 quam
1679 786 1720 814 ad
1733 786 1820 814 ratio-

1041 841 1120 868 nem,
1136 833 1296 869 praesertim
1310 841 1379 860 cum
1396 835 1502 861 natura
1515 840 1577 861 non
1595 833 1627 860 in
1641 832 1776 867 instanti,
1792 833 1821 860 et

1042 879 1156 914 subito,
1178 879 1231 907 sed
1251 879 1395 915 paulatim
1421 881 1448 907 et
1478 878 1642 906 successive
1671 880 1819 915 operetur.

1043 929 1115 954 Cum
1124 927 1223 953 autem
1238 925 1337 953 anima
1347 925 1499 953 rationalis
1509 924 1674 953 infunditur
1688 924 1819 961 corpori,

1043 974 1111 999 tunc
1125 972 1272 1008 praedictae
1293 971 1390 1008 primo
1407 971 1619 1005 intunduntur,
1633 979 1694 999 nou
1709 971 1821 999 haben-

1043 1020 1085 1046 tes
1099 1019 1229 1046 actiones
1248 1026 1315 1046 suas
1336 1018 1476 1054 deinceps
1495 1026 1512 1046 a
1528 1018 1633 1046 virtute
1652 1017 1820 1052 formative,

1043 1065 1095 1093 sed
1109 1066 1147 1093 ab
1163 1065 1227 1101 ipsa
1241 1065 1350 1093 anima.
1363 1065 1467 1092 Anima
1482 1072 1604 1100 quoque
1619 1064 1695 1092 duas
1709 1064 1821 1101 primas

1043 1112 1203 1147 potentias,
1229 1111 1338 1139 scilicet
1354 1111 1552 1146 vegetabilem
1581 1113 1609 1139 et
1633 1110 1819 1145 sensibilem,

1044 1160 1158 1186 exercet
1176 1160 1289 1186 tantum
1308 1158 1337 1185 in
1353 1165 1497 1194 corpore;
1514 1157 1630 1185 tertiam
1647 1165 1718 1185 vero
1732 1156 1822 1185 habet

1044 1205 1131 1232 etiam
1158 1207 1244 1232 exuta
1265 1212 1283 1232 a
1303 1212 1438 1240 corpore.
1463 1204 1573 1232 Animae
1595 1203 1768 1238 vegetabilis
1794 1204 1823 1231 et

1043 1249 1188 1279 sensibilis
1207 1259 1268 1279 non
1291 1250 1401 1278 debent
1429 1250 1486 1278 dici
1510 1250 1615 1278 animae
1634 1250 1664 1277 in
1689 1249 1820 1283 homine,

1043 1305 1098 1325 nec
1113 1297 1206 1325 dividi
1219 1299 1250 1325 ut
1260 1297 1375 1331 animae,
1387 1296 1440 1324 sed
1450 1298 1481 1324 ut
1493 1296 1644 1332 potentiae;
1657 1304 1711 1323 nec
1722 1295 1823 1323 anima

1044 1344 1217 1379 vegetabilis
1238 1344 1267 1371 in
1283 1343 1415 1370 sensibili
1434 1342 1560 1370 dicenda
1577 1344 1620 1369 est
1639 1342 1754 1375 anima,
1769 1340 1823 1369 sed

1043 1391 1183 1426 potentia.
1200 1390 1305 1418 Anima
1319 1392 1416 1417 autem
1430 1388 1604 1424 vegetabilis
1619 1389 1649 1416 in
1663 1387 1823 1423 vegetabili

1045 1437 1172 1464 dicenda
1189 1439 1231 1464 est
1245 1436 1356 1470 anima,
1371 1443 1432 1463 non
1447 1434 1590 1471 potentia.

1269 1528 1412 1563 CAPUT
1443 1527 1597 1561 XXXIII.

1161 1603 1197 1629 De
1216 1602 1343 1636 potentiis
1360 1601 1397 1635 (b)
1420 1600 1525 1626 Am'moe
1543 1599 1708 1632 vcsyetativoe.

1081 1672 1184 1699 Anima
1195 1670 1366 1706 vegetabilis
1378 1673 1434 1697 tres
1443 1669 1588 1705 potentias
1601 1667 1700 1701 habet,
1713 1666 1824 1695 seilicet

1045 1718 1244 1753 generativam
1255 1738 1263 1751 ,
1293 1715 1544 1751 augmentativam
1555 1736 1562 1749 ,
1588 1716 1615 1741 et
1641 1713 1821 1741 nutritivam.

1045 1764 1140 1791 Prima
1155 1766 1197 1790 cst
1215 1763 1254 1790 ad
1276 1762 1383 1799 speciei
1405 1761 1676 1793 conservationem3
1692 1759 1823 1787 secunda

1045 1812 1087 1839 est
1106 1811 1144 1838 ad
1165 1810 1419 1837 conservationem
1443 1807 1606 1838 individui,-
1626 1806 1708 1834 tertia
1723 1808 1763 1833 est
1783 1805 1822 1833 ad

1044 1858 1254 1893 perlectionem
1274 1856 1407 1890 subjecti.
1432 1855 1533 1882 Virtuti
1560 1855 1658 1880 autem
1678 1852 1823 1879 nutritivae

1045 1906 1172 1939 quatuor
1198 1903 1367 1930 deserviunt
1380 1924 1386 1936 ,
1403 1901 1529 1934 scilieet,
1548 1900 1639 1927 virtus
1659 1897 1820 1932 attractiva,

1045 1958 1110 1986 quze
1132 1949 1253 1977 assumit
1279 1949 1443 1976 neccssaria
1467 1948 1497 1975 in
1527 1946 1724 1978 nutrimento;
1754 1945 1823 1971 item

1045 1997 1202 2031 digestiva,
1219 2005 1283 2032 qum
1302 1998 1419 2032 separat
1434 1994 1612 2022 conveniens
1627 1992 1665 2020 ab
1680 1992 1822 2019 inconve-

1044 2043 1134 2071 nienti
1150 2043 1180 2070 in
1202 2043 1360 2077 aliment03
1379 2042 1446 2069 item
1465 2040 1624 2073 retentiva,
1641 2046 1707 2074 quae
1723 2037 1823 2065 cibum

1047 2089 1148 2117 tandiu
1163 2089 1267 2116 retinet
1282 2089 1312 2115 in
1328 2095 1388 2115 uno
1402 2088 1478 2120 loco,
1493 2086 1588 2114 donec
1603 2085 1735 2113 debitam
1748 2083 1821 2110 reei-

1045 2136 1106 2172 piat
1119 2135 1337 2169 alterationem3
1354 2135 1423 2161 item
1438 2133 1590 2169 expulsiva
1601 2153 1608 2164 ‚
1624 2139 1689 2166 quae
1704 2129 1822 2164 expellit

1046 2182 1128 2218 quod
1150 2182 1333 2217 superfluum
1352 2183 1394 2207 cst
1415 2180 1445 2207 in
1469 2179 1647 2206 nutrimento
1664 2185 1670 2203 ι
1687 2175 1741 2203 sed
1755 2176 1821 2202 ante

1047 2236 1148 2256 omnes
1163 2228 1215 2255 has
1230 2229 1272 2254 est
1287 2226 1455 2262 appetitiva.

1269 2316 1411 2349 CAPUT
1439 2314 1595 2347 XXXIV.

1090 2391 1125 2416 De
1142 2389 1270 2423 potentiis
1291 2387 1491 2422 apprehmzsivis
1512 2387 1618 2412 Animoe
1636 2384 1778 2411 sensibilis.

1080 2457 1184 2484 Anima
1199 2455 1343 2483 sensibilis
1366 2455 1514 2490 duplicem
1535 2453 1623 2480 habet
1641 2451 1820 2488 potentiam,

1045 2505 1153 2532 scilieet
1168 2502 1425 2538 apmehensimm,
1442 2504 1469 2529 ct
1483 2501 1634 2529 motivam.
1651 2498 1821 2534 Apprehcn-

1044 2552 1106 2579 siva
1132 2549 1273 2578 dividitur
1295 2549 1325 2576 in
1349 2548 1595 2584 apprchensivam
1619 2546 1656 2573 de
1677 2546 1765 2579 toris,
1795 2547 1823 2572 et

1044 2596 1289 2632 apprehensivam
1316 2595 1351 2622 dc
1377 2596 1462 2622 intus,
1495 2594 1572 2621 Vires
1598 2591 1820 2628 apprehensivae

1043 2660 1053 2682 ,Ι
1060 2661 1119 2682 uxta
1147 2658 1225 2685 alios,
1241 2663 1291 2680 vox
1318 2658 1402 2680 anima
1428 2655 1510 2679 oritur
1525 2662 1539 2678 a
1556 2661 1641 2685 graeeo
1670 2655 1717 2682 ᾶω,
1742 2654 1819 2684 spiro.

1077 2698 1108 2725 (a)
1124 2698 1183 2721 Caee.
1199 2696 1258 2720 edit.
1274 2696 1459 2726 operationem.
1469 2707 1498 2712 -
1511 2694 1546 2725 (b)
1564 2695 1626 2718 item
1639 2693 1760 2724 potentia.
