2004 3037
333 215 392 245 ¹88

331 282 465 316 politicoe,
486 281 558 318 quia
576 282 731 311 ordinatur
749 282 781 311 in
798 282 845 310 his
866 282 929 311 vita
950 281 1062 316 civilis,
1082 283 1111 310 et

331 327 484 356 hominem
509 328 628 365 poliunt
655 331 685 358 et
710 330 827 357 ornant.
856 329 995 357 Dicuntur
1020 328 1110 357 etiam

332 375 462 407 humanoe,
479 375 552 412 quia
565 376 698 404 humano
713 376 812 404 studio
827 375 1038 412 acquiruntur,
1053 374 1110 403 nisi

333 421 473 451 divinitus
491 422 695 452 infundantur.
717 423 912 460 Appellantur
932 423 1020 450 etiam
1045 430 1109 450 con-

332 469 524 504 suetudinales,
539 471 611 507 quia
626 479 689 500 non
702 478 739 499 ex
751 479 812 499 uno
828 473 907 504 actu,
926 470 980 498 sed
994 478 1029 498 ex
1043 477 1111 498 con-

332 516 487 545 suetudine
496 519 670 553 nascuntur3
681 517 729 546 vel
743 517 814 554 quia
825 517 965 546 honestas
978 517 1111 545 humana

333 571 364 591 se
377 564 474 600 magis
495 564 634 593 exercitat
651 565 682 592 in
701 564 779 600 istis,
802 564 877 592 sicut
895 566 924 592 et
941 565 1111 593 sanctorum

333 609 454 638 devotio
477 618 508 638 se
528 611 624 647 magis
645 611 783 639 exercitat
801 611 832 639 in
849 610 1006 639 virtutibus
1027 610 1110 638 theo-

332 656 447 692 logicis.

368 705 441 732 Nota
456 704 538 741 quod
552 705 717 742 prudentiae
733 707 775 734 est
797 705 871 733 scire
892 704 976 741 quod
996 703 1091 740 possit
1101 713 1110 740 ;

333 751 533 787 temperantiae
547 754 589 780 est
603 760 664 780 non
678 759 855 789 pret-‚sumere
867 751 950 788 quod
967 758 1028 778 non
1042 758 1111 787 pos-

334 797 383 833 sit;
398 798 514 833 justitiae
529 800 570 826 est
583 798 660 827 velle
681 799 711 826 in
727 798 867 827 omnibus
886 797 970 834 quod
991 805 1111 833 aequum

334 844 371 872 sit
379 854 387 879 ;
414 844 594 873 fortitudinis
618 847 661 873 est
684 845 762 873 velle
784 845 870 881 plus,
895 851 988 880 quam
1006 843 1109 880 possit.

336 893 397 919 lstae
410 892 530 920 virtutes
547 892 659 920 habent
682 900 752 920 suos
775 891 886 927 gradus
904 889 1111 927 perfectionis,

335 939 500 967 secundum
525 948 601 976 quos
627 940 712 967 aliter
735 938 890 975 possident.
918 937 1111 973 incipientes,

335 986 420 1013 aliter
428 986 630 1022 proficientes,
641 986 724 1014 aliter
731 985 860 1022 perfecti.
873 984 1013 1012 Dicuntur
1024 984 1112 1012 etiam

336 1032 456 1060 virtutes
475 1033 593 1067 politicoe
619 1031 818 1068 quandoque,
840 1030 1004 1058 secundum
1029 1030 1113 1067 quod

334 1080 443 1114 regunt
460 1079 551 1106 vitam
565 1078 694 1107 hominis
713 1078 813 1114 quoad
834 1085 926 1114 opera
946 1078 1091 1105 exteriora
1103 1099 1112 1112 ,

336 1127 364 1153 et
382 1128 471 1161 prout
489 1128 625 1162 pugnant
645 1127 748 1153 contra
768 1125 838 1153 vitia
858 1134 865 1152 ε
892 1126 920 1152 et
937 1124 995 1152 hoc
1021 1124 1112 1152 modo

336 1174 404 1199 sunt
418 1172 630 1207 incipientium.
649 1173 818 1206 Purgatom'oe
837 1171 974 1199 dicuntur
984 1191 993 1205 ,
1008 1178 1113 1198 secun-

337 1219 409 1247 dum
428 1219 511 1255 quod
533 1219 596 1254 jani
618 1221 685 1246 sunt
707 1219 736 1246 in
756 1218 880 1246 victoria
900 1218 1040 1245 vitiorum
1053 1239 1061 1250 ‚
1087 1220 1114 1245 et

337 1265 498 1293 consistunt
519 1265 627 1301 partim
653 1265 746 1298 intra,
770 1265 879 1301 partim
900 1267 1001 1299 extra,
1026 1267 1053 1292 ct
1073 1265 1114 1291 sio

338 1314 405 1340 sunt
418 1311 646 1347 proficientium.
663 1312 802 1339 Dicuntur
816 1314 914 1339 autem
929 1313 1042 1345 purqaci
1056 1313 1114 1338 am'-

338 1361 392 1391 mi,
408 1358 573 1386 secundum
588 1358 670 1394 quod
684 1359 746 1393 jam
762 1358 884 1386 devictis
899 1358 976 1385 vitiis
992 1358 1115 1394 quiescit

339 1406 430 1433 homo
441 1426 447 1437 ‚
463 1405 502 1432 ita
517 1405 600 1441 quod
621 1413 689 1433 raro
712 1405 798 1440 primi
819 1407 917 1432 motus
934 1405 1089 1440 insurgunt
1106 1414 1112 1432 :

339 1454 367 1480 et
380 1452 437 1480 hoc
451 1452 543 1479 modo
558 1451 704 1487 pertinent
718 1451 758 1478 ad
779 1451 1000 1487 perfectionem.
1018 1452 1115 1478 Exem-

338 1500 427 1533 plares
449 1498 596 1532 dicuntur,
619 1500 709 1534 prout
729 1500 795 1525 sunt
819 1497 848 1525 in
871 1500 967 1525 mente
990 1497 1114 1525 divina:

339 1553 408 1573 nam
423 1546 497 1573 sieut
511 1545 646 1572 omnium
661 1553 760 1572 rerum
783 1546 858 1572 Deus
879 1545 1032 1580 exemplar
1054 1547 1115 1579 est,

341 1592 379 1619 ita
393 1594 421 1619 et
436 1592 508 1619 ideoe
524 1592 666 1619 virtutum
682 1591 712 1618 in
728 1591 792 1627 ipso
809 1591 980 1619 consistunt.

530 1686 554 1718 C
564 1686 590 1718 Α
600 1685 698 1717 PUT
737 1684 768 1716 X
778 1684 845 1717 XX
856 1685 867 1716 l
880 1685 920 1717 V.

618 1757 655 1783 Dc
676 1755 835 1782 Prudentia.

376 1825 547 1859 Prudentia,
560 1825 723 1853 secundum
737 1825 820 1861 quod
829 1827 871 1852 est
883 1825 974 1852 virtus
984 1825 1115 1860 politica,

342 1874 398 1906 est,
418 1874 449 1899 ut
469 1872 509 1899 ait
524 1872 688 1900 Macrobius
702 1874 722 1905 ¹,
750 1872 787 1899 ad
806 1871 930 1899 rationis
956 1879 1092 1899 normam
1107 1894 1115 1906 ,

343 1927 410 1954 qum.
427 1919 545 1953 cogitat,
561 1926 757 1955 quoecumque
773 1919 843 1952 agit,
858 1918 995 1945 universa
1010 1918 1118 1951 dirige-

342 1974 390 2000 re,
414 1974 447 1993 ac
471 1965 543 1992 nihil
569 1968 674 2001 praeter
691 1968 801 1992 rectum
823 1964 899 1992 velle
913 1986 920 1998 ,
941 1964 988 1991 vel
1011 1964 1115 1992 facere.

343 2012 499 2040 Prudentia
511 2020 598 2046 vero,
614 2012 778 2039 secundum
794 2011 875 2047 quod
891 2013 933 2038 est
947 2012 1038 2039 virtus
1050 2019 1119 2047 pur-

343 2059 471 2095 gatoria,
488 2061 543 2092 est,
560 2062 590 2086 ut
606 2059 683 2086 idem
700 2059 757 2091 ait,
777 2062 804 2085 et
824 2058 988 2091 mundum,
1012 2060 1040 2085 et
1055 2067 1118 2085 om-

344 2107 392 2133 nia
407 2114 473 2141 qum
487 2106 517 2132 in
532 2105 645 2133 mundo
660 2107 738 2138 sunt,
750 2104 921 2132 divinorum
937 2105 1118 2140 contempla-

343 2154 421 2180 tione
437 2152 605 2187 despicere,
621 2155 648 2179 et
663 2160 783 2179 omnem
798 2151 903 2179 animae
919 2151 1118 2186 cognitionem

344 2200 373 2226 in
388 2200 452 2226 sola
468 2199 569 2226 divina
584 2199 705 2233 erigere.
732 2198 890 2226 Prudentia
912 2201 1010 2225 autem
1031 2201 1119 2233 prout

345 2247 386 2272 cst
399 2245 490 2272 virtus
512 2245 629 2280 purgati
654 2244 760 2277 animi,
782 2247 823 2271 est
845 2244 908 2271 sola
929 2244 1031 2271 divina
1051 2252 1118 2271 uos-

344 2299 425 2325 cere,
439 2293 467 2318 et
482 2299 516 2318 ea
530 2312 537 2324 ,
559 2294 701 2326 tanquam
724 2290 798 2317 nihil
824 2290 905 2316 aliud
926 2290 975 2323 sit,
1002 2291 1116 2317 intueri.

345 2338 500 2365 Prudentia
511 2345 580 2364 sane
593 2336 770 2372 exemplaris
781 2338 821 2363 est
833 2336 896 2371 ipsa
910 2344 994 2362 mens
1005 2336 1117 2371 divina,

345 2385 392 2412 cui
406 2386 416 2401 ²
431 2386 521 2411 omnia
536 2384 609 2410 nuda
621 2387 682 2410 sunl
697 2386 721 2410 et
737 2386 840 2417 aperta.

380 2433 475 2458 Partes
488 2430 651 2466 prudentim
665 2451 671 2463 ‚
688 2429 851 2456 secundum
873 2429 1000 2456 Tullium
1015 2430 1035 2463 ³,
1052 2432 1119 2457 sunt

346 2477 552 2511 intelligentia,
568 2475 765 2511 providentia,
783 2475 936 2502 memoria.
955 2476 1118 2511 intelligen-

345 2525 384 2552 tia
401 2531 471 2551 vero
487 2525 528 2550 est
543 2531 595 2558 per
610 2530 700 2558 quam
715 2522 831 2549 animus
845 2522 986 2557 prospicit
1002 2530 1037 2549 ea
1052 2530 1117 2557 quae

379 2600 382 2610 ¹
400 2597 524 2626 Macron„
540 2597 563 2620 iu
583 2596 666 2619 Somu>
684 2596 803 2627 Scipion„
819 2595 852 2619 lib
881 2596 896 2618 l.
911 2609 940 2613 —
958 2595 967 2611 Ἴ
980 2596 1064 2625 Helua,
1082 2602 1118 2626 lv,

348 2634 383 2656 13.
399 2647 424 2650 -
442 2633 452 2649 ³
464 2632 527 2662 Cic„
542 2633 571 2655 (lc
592 2632 695 2661 lavent„
710 2632 753 2654 lib.
771 2631 800 2654 ΙΙ.
812 2644 840 2648 -
858 2631 863 2644 ¹
879 2631 962 2655 Dent..
979 2638 1062 2661 xxxii,
1079 2634 1116 2655 20.

346 2683 374 2688 -
392 2671 402 2687 Β
417 2671 500 2696 Ρνου..
517 2675 542 2699 x,
561 2670 597 2693 19,
617 2681 642 2685 -
660 2667 824 2694 ¹·Psal.cx1..
842 2668 863 2691 3.
877 2680 905 2684 —
922 2668 1007 2691 'Po-al.
1030 2674 1117 2698 xxxvi,

661 213 920 247 COMPENDIUM
940 213 1201 246 THEOLOGlGAE
1219 214 1444 248 VERITATis.
1467 215 1544 248 LlB.
1566 214 1604 248 V.

1163 284 1239 311 sunt.
1253 282 1439 311 Providentia
1452 283 1552 311 autem
1564 281 1657 310 virtus
1670 283 1715 311 est
1723 302 1734 318 ,
1745 283 1780 311 ut
1791 282 1874 312 idem
1887 282 1939 318 ait,

1163 337 1217 365 per
1231 337 1324 365 quam
1335 329 1451 365 aliquid
1472 328 1590 357 videtur
1601 328 1735 358 futurum
1747 350 1756 364 ,
1777 331 1939 367 antequam

1163 375 1274 404 factum
1293 375 1338 404 sit.
1361 376 1516 411 Memoria,
1536 375 1702 404 secundum
1723 376 1882 411 eumdem,
1897 378 1940 405 est

1164 430 1219 459 per
1233 430 1325 459 quam
1338 422 1444 459 repetit
1457 421 1524 459 quis
1538 431 1574 450 ea
1588 430 1656 459 quae
1667 422 1796 451 fuerunt.

1199 470 1274 497 Nota
1287 469 1372 506 quod
1385 469 1497 506 duplex
1511 471 1554 497 cst
1564 469 1712 505 iudicium
1727 469 1867 504 rationis,
1882 469 1942 498 dis-

1165 515 1308 544 cretivum
1320 515 1432 544 scilicet
1441 537 1451 550 ,
1465 518 1495 544 et
1506 515 1706 544 diffinitivum.
1723 515 1871 544 Iudicium
1883 515 1942 544 dis·

1164 563 1305 591 cretivum
1319 564 1378 598 est,
1394 571 1456 600 quo
1469 563 1546 591 ratio
1558 562 1673 598 judicat
1685 562 1802 599 aliquid
1823 569 1885 591 esse
1899 562 1944 590 t'a-

1165 609 1320 644 ciendum,
1335 609 1384 637 vel
1398 617 1460 638 non
1473 609 1645 638 faciendum
1659 618 1666 637 ε
1683 609 1761 638 circa
1782 609 1842 637 tale
1862 608 1942 644 ‚iudi-

1165 656 1246 684 cium
1260 658 1303 684 est
1315 656 1454 692 scientia,
1469 658 1498 684 et
1510 663 1572 684 non
1590 657 1693 684 virtus.
1706 656 1855 684 iudicium
1869 663 1942 683 vero

1166 702 1358 731 diffinitivum
1367 705 1428 737 est,
1441 711 1503 739 quo
1513 703 1589 731 ratio
1598 703 1726 739 imperat
1740 702 1855 739 aliquid
1867 701 1943 737 fieri,

1165 749 1213 778 vel
1227 757 1290 778 non
1303 749 1368 778 fieri
1383 759 1391 778 ε
1411 752 1440 778 et
1453 750 1530 778 circa
1543 750 1624 778 istud
1643 752 1687 778 est
1699 749 1802 778 virtus.
1815 750 1898 778 Unde
1912 749 1943 778 in

1164 796 1262 832 primo
1275 796 1388 831 ,iudicio
1407 804 1438 824 se
1452 796 1544 825 habet
1557 796 1679 824 scientia
1699 796 1740 824 ad
1754 796 1943 832 operationes

1166 842 1279 878 bonas,
1295 844 1328 871 ut
1342 843 1544 879 consiliarius;
1559 844 1590 872 in
1603 844 1734 872 secundo
1744 851 1818 872 vero
1829 843 1944 879 judicio

1166 897 1197 918 se
1211 889 1301 918 habet
1315 890 1407 918 virtus
1416 911 1424 925 ,
1444 893 1476 918 ut
1487 890 1658 926 imperator.

1202 936 1360 965 Prudentia
1374 937 1464 965 habet
1478 945 1581 973 regere
1593 938 1714 965 caeteras
1723 937 1844 965 virtutes
1855 937 1886 965 in
1900 945 1946 966 ac·

1167 983 1246 1011 tibus
1260 984 1320 1011 suis
1335 984 1501 1012 secundum
1517 992 1621 1012 omnes
1636 986 1734 1020 partes
1748 983 1946 1020 philosophiae

1168 1030 1300 1065 moralis,
1315 1038 1382 1066 quae
1396 1032 1465 1058 sunt
1480 1027 1579 1058 Ethica
1593 1030 1653 1058 sive
1668 1030 1794 1066 moralis,
1814 1031 1946 1059 OEcono-

1168 1077 1245 1105 mica
1259 1080 1287 1105 et
1300 1077 1420 1105 Politica
1435 1086 1442 1104 ε
1459 1085 1587 1113 quarum
1607 1077 1704 1113 prima
1725 1085 1824 1105 mores
1843 1077 1946 1113 quoad

1167 1132 1198 1151 se
1215 1124 1312 1160 ipsum
1326 1124 1456 1159 instruit3
1473 1123 1605 1152 secunda
1626 1123 1769 1151 familiam
1795 1124 1944 1160 disponit:

1168 1170 1252 1198 tertia
1267 1171 1357 1199 urbes
1371 1173 1399 1198 et
1412 1178 1505 1206 regna
1520 1170 1603 1206 regit.
1620 1170 1737 1207 Triplex
1752 1173 1795 1198 est
1812 1170 1945 1206 pruden-

1169 1217 1217 1245 tia.
1233 1217 1330 1245 Prima
1344 1219 1386 1245 est
1399 1217 1515 1252 cordis,
1531 1219 1559 1244 et
1572 1217 1635 1244 haec
1650 1218 1693 1244 est
1706 1217 1738 1244 in
1752 1216 1947 1253 dispositione

1169 1264 1371 1299 praesentium,
1396 1266 1424 1291 et
1446 1263 1647 1299 recognitione
1662 1263 1897 1300 praeteritorum,
1919 1266 1948 1292 et

1169 1311 1344 1346 praevisione
1360 1311 1528 1338 futurorum
1540 1311 1549 1327 ⁶
1563 1321 1569 1338 :
1589 1312 1697 1338 Utinam
1712 1313 1856 1345 saperent,
1872 1310 1948 1338 scili-

1170 1359 1215 1385 cet
1228 1358 1373 1393 praeterita
1386 1379 1392 1391 ,
1417 1359 1445 1385 et
1462 1357 1674 1392 intelligerent,
1695 1357 1804 1384 scilicet
1817 1364 1946 1392 praesen-

1171 1404 1210 1431 tia
1220 1425 1227 1437 ‚
1243 1413 1273 1431 ac
1287 1406 1434 1432 novissima
1448 1396 1638 1439 providefent,
1651 1403 1761 1431 scilicet
1774 1403 1883 1431 futura.
1899 1405 1948 1432 Se-

1171 1451 1270 1478 cunda
1285 1453 1326 1478 est
1350 1451 1425 1485 oris,
1443 1453 1470 1478 et
1491 1453 1532 1478 est
1556 1451 1586 1478 in
1605 1450 1811 1479 moderatione
1835 1457 1946 1477 sermo-

1171 1505 1244 1524 num
1256 1498 1266 1513 ⁵
1283 1507 1289 1525 :
1311 1498 1365 1530 Qui
1380 1498 1534 1525 moderatur
1549 1498 1623 1524 labia
1637 1505 1702 1531 sita,
1721 1497 1949 1532 prudentissimus

1172 1548 1218 1571 cst.
1236 1544 1246 1559 ‘¹
1271 1546 1357 1580 Pone,
1383 1547 1494 1572 Domine
1506 1567 1513 1579 ‚
1538 1545 1688 1572 custodiam
1703 1545 1749 1571 'ori
1762 1544 1836 1578 tmen.
1856 1543 1950 1571 Tertia

1173 1594 1214 1619 est
1230 1593 1344 1628 operis,
1361 1594 1388 1620 et
1402 1592 1506 1626 lucem)
1522 1591 1667 1625 consistit,
1682 1592 1714 1618 ut
1729 1591 1768 1618 ait
1779 1589 1903 1623 Tullius,
1919 1589 1950 1617 in

1172 1637 1243 1673 suga
1258 1639 1345 1673 mali,
1361 1641 1389 1666 et
1412 1638 1554 1666 electione
1570 1637 1642 1666 boni
1655 1639 1664 1655 ⁷
1683 1647 1688 1664 :
1709 1638 1819 1664 Declina
1833 1645 1849 1664 a
1863 1637 1949 1668 malo,

1173 1688 1198 1711 et
1209 1685 1253 1717 fue
1268 1686 1372 1713 bonum.

1210 1732 1282 1757 Nota
1297 1731 1379 1766 quod
1395 1731 1453 1759 alia
1472 1734 1515 1759 est
1529 1730 1687 1767 prudentia
1708 1729 1876 1763 mundana,
1893 1729 1951 1757 alia

1173 1777 1319 1812 humana,
1343 1778 1402 1805 alia
1423 1778 1535 1805 divina.
1554 1777 1649 1804 Prima
1674 1777 1761 1804 estin
1782 1776 1952 1812 temporali-

1173 1823 1229 1850 bus
1240 1824 1445 1860 acquirendis;
1463 1824 1606 1858 secunda,
1620 1824 1649 1851 in
1660 1823 1821 1851 commodo
1836 1823 1949 1858 carnis3

1175 1870 1269 1904 tertia,
1285 1871 1314 1898 in
1331 1871 1483 1907 obsequiis
1499 1871 1616 1898 divinis.
1634 1870 1768 1898 Officium
1788 1869 1952 1906 prudentiae

1175 1923 1217 1948 cst
1242 1922 1267 1947 1.
1290 1921 1371 1946 actus
1395 1918 1521 1946 aliarum
1548 1918 1691 1944 virtutum
1705 1912 1833 1951 dirigere
1845 1937 1854 1950 ,
1879 1917 1953 1944 sicut

1174 1975 1265 2003 supra
1281 1965 1392 1993 dietum
1409 1967 1461 1991 est.
1478 1964 1643 1991 Bernardus
1657 1964 1667 1980 ⁸
1686 1972 1692 1990 :
1712 1973 1724 1988 u
1741 1963 1877 1990 Discretio
1891 1970 1953 1991 non

1175 2016 1234 2041 iam
1250 2013 1341 2040 virtus
1356 2014 1414 2045 est,
1430 2019 1521 2046 quam
1532 2010 1635 2045 auriga
1650 2010 1800 2037 virtutum.
1819 2020 1832 2035 ι)
1848 2009 1952 2038 «Nolle

1176 2061 1255 2088 enim
1267 2059 1368 2087 fallere
1383 2065 1437 2085 nec
1450 2057 1522 2092 falli,
1540 2059 1571 2084 ut
1587 2057 1657 2084 dicit
1670 2058 1790 2090 Seneca,
1803 2058 1843 2083 est
1854 2064 1900 2083 res
1910 2064 1954 2084 se-

1175 2106 1308 2134 cundum
1324 2105 1459 2132 virtutem
1475 2104 1628 2131 :estimare
1639 2113 1651 2128 ι)
1669 2103 1750 2130 ldein
1766 2111 1793 2129 n:
1809 2103 1888 2129 Tunc
1899 2111 1952 2138 per

1175 2154 1320 2180 rationem
1336 2154 1412 2178 recte
1428 2151 1524 2184 vives,
1545 2149 1569 2175 si
1591 2149 1692 2176 divina
1706 2149 1788 2184 prius
1809 2149 1951 2182 zestimes,

1175 2201 1198 2227 si
1223 2199 1396 2231 dignitatem
1418 2204 1517 2224 rerum
1541 2203 1601 2222 non
1623 2203 1659 2222 ex
1680 2195 1820 2230 opinione
1843 2195 1951 2223 multo-

1175 2254 1256 2279 rum,
1273 2245 1325 2271 scd
1344 2252 1379 2270 ex
1395 2250 1495 2270 earum
1512 2244 1617 2269 natura
1633 2241 1802 2269 constituas.
1819 2251 1832 2266 n
1850 2243 1876 2268 Ξ.
1893 2243 1950 2269 Νο-

1176 2292 1221 2319 bis
1238 2290 1396 2318 commissa
1411 2289 1450 2316 ad
1467 2288 1514 2315 Dei
1530 2288 1658 2323 gloriam
1673 2290 1701 2315 et
1715 2288 1842 2323 proximi
1857 2288 1951 2315 oedifi—

1176 2338 1320 2366 cationem
1347 2336 1517 2371 dispensare
1537 2335 1546 2351 ⁹
1571 2344 1578 2361 ;
1605 2335 1671 2367 Οιιι”ε
1697 2337 1778 2369 putas
1803 2338 1840 2361 est
1863 2335 1951 2368 fidelis

1175 2392 1265 2412 servus
1278 2404 1285 2416 ‚
1299 2385 1323 2410 et
1334 2382 1452 2417 prudens
1466 2402 1472 2412 ,
1486 2389 1562 2416 quem
1576 2382 1718 2407 constituit
1733 2380 1857 2406 dominus
1871 2388 1952 2414 super

1175 2431 1312 2464 familiam
1335 2437 1434 2461 suam,
1456 2431 1508 2455 etc.
1533 2430 1558 2455 3.
1584 2426 1803 2454 Mutabilitatem
1827 2426 1950 2461 fugere;

1175 2478 1284 2505 Seneca
1300 2485 1312 2510 A:
1342 2485 1355 2500 «
1377 2475 1452 2502 Scito
1473 2477 1500 2501 te
1521 2474 1551 2501 in
1566 2472 1748 2509 quibusdam
1761 2480 1952 2507 perseverare

1177 2523 1301 2557 debere,
1319 2522 1390 2557 quia
1406 2520 1532 2556 coepisti3
1550 2518 1688 2555 quiedam
1709 2526 1764 2546 nec
1778 2518 1918 2554 incipere.
1935 2529 1948 2543 n

1176 2592 1214 2614 29.
1232 2603 1261 2607 -
1282 2589 1290 2602 ⁸
1309 2589 1396 2618 Rern„
1419 2589 1442 2610 ιἰι
1462 2586 1544 2616 Cant„
1564 2591 1640 2609 serm.
1663 2590 1734 2615 xLix,
1753 2584 1819 2609 circa
1838 2585 1907 2609 med.
1922 2598 1951 2602 —

1172 2626 1181 2640 ⁹
1194 2626 1261 2654 Luc..
1280 2631 1327 2655 xix,
1345 2626 1371 2647 42

1209 2668 1241 2697 (a)
1258 2667 1320 2692 Coet.
1335 2666 1396 2690 edu.
1413 2665 1470 2688 iioc.
