2004 3037
578 266 636 300 'DE
659 264 920 298 CORRUPTELA
941 264 1118 298 PECCA'I'I.
1141 266 1228 300 CAP.
1253 268 1345 302 xvu.

154 334 243 364 malis
254 334 370 364 bonum
380 335 476 364 eliciat
481 344 490 371 ;
503 334 557 364 sed
568 342 584 363 e
595 335 699 362 contra
710 335 771 362 tam
782 332 854 361 mali
865 335 933 362 sunt

155 382 221 417 isti,
241 383 273 410 ut
291 381 328 411 de
345 381 434 410 bonis
453 381 568 410 malum
590 380 717 409 eliciant.
740 381 811 408 ltem
831 380 933 410 divina

155 428 273 457 bonitas
292 429 393 458 omnia
405 437 460 458 sua
473 428 693 464 communicatu
709 427 757 456 isti
772 436 843 456 vero
858 435 930 456 non.

154 476 226 503 Item
240 477 297 504 Deo
310 476 408 512 placet
420 475 536 504 bonum
546 475 687 510 hominis,
704 483 739 503 nc
750 475 865 503 malum
875 474 932 503 dis-

154 521 242 558 plicet
250 532 259 558 3
275 522 322 550 isti
335 524 435 550 autem
450 530 465 550 e
480 523 583 550 contra
597 522 714 550 bonum
727 521 827 557 gratiae
840 523 868 550 et
879 529 932 550 na-

154 571 226 598 turae
237 571 416 607 pervertunt.
429 570 511 598 Unde
524 569 598 598 sicut
609 569 711 598 omnia
722 569 836 598 munda
848 577 932 597 mun-

154 616 200 645 dis
210 637 220 652 ,
244 617 285 645 sic
307 617 369 646 istis
392 617 494 646 omnia
516 618 584 645 sunt
606 616 772 645 immunda.
804 617 836 644 Et
858 616 933 644 sieut

153 663 240 692 bonis
259 663 339 693 mala
354 665 551 700 cooperantur
565 663 597 691 in
612 664 728 692 bonum
741 672 747 691 :
770 663 810 691 ita
824 662 932 691 invidis

153 711 235 740 bona
249 712 448 747 cooperantur
461 711 493 739 in
504 710 629 739 malum.
645 710 727 739 Unde
742 710 813 738 tales
825 717 932 738 aurum

153 759 328 786 convertunt
341 757 372 786 in
385 766 530 794 cuprum,
545 765 679 794 gemmas
694 757 725 785 in
738 757 852 792 lutum,
868 764 932 792 gra-

152 811 225 832 num
239 804 270 832 in
283 805 404 841 paleam
414 826 424 839 ,
443 805 548 833 vinum
563 805 594 832 in
608 812 718 841 aquam
728 825 737 839 ‚
751 804 811 832 mel
826 804 857 832 in
871 803 931 838 fel,

153 850 234 879 diem
247 851 278 879 in
291 854 428 887 noctem,
443 852 589 887 gaudium
602 852 634 880 in
646 859 815 886 moerorem,
831 858 931 879 rosam

153 898 184 927 in
197 899 350 935 paliurum
359 921 370 934 ,
385 900 556 928 balsamum
570 900 601 927 in
616 898 846 935 sterquilinium,
859 897 932 925 elec-

152 946 281 974 tuarium
301 946 333 974 in
350 954 509 974 venenum.
525 946 610 974 Tales
630 945 783 974 maledicit
803 944 908 973 1saias²
923 953 929 972 ε

155 993 202 1021 Vae
216 994 264 1028 qui
283 993 378 1020 dicitis
401 993 497 1020 bonum
517 993 632 1024 malum,
651 995 704 1020 ete.
728 992 854 1020 Stultum
869 992 931 1020 effi-

152 1039 190 1067 cit
205 1048 212 1066 :
234 1038 322 1066 nimis
344 1040 439 1074 errat,
465 1039 516 1074 qui
538 1038 651 1066 idcireo
674 1038 730 1066 sibi
754 1039 815 1067 vult
837 1046 931 1066 unum

152 1085 274 1113 oculum
288 1085 371 1120 erui,
393 1087 425 1113 ut
443 1085 509 1113 aliis
528 1085 617 1113 ctiam
638 1093 716 1113 unus
731 1087 851 1113 eruatur
867 1094 873 1113 :
890 1085 931 1112 sic

151 1131 220 1160 facit
242 1132 362 1160 invidus
386 1133 414 1160 et
433 1131 572 1160 diabolus
582 1153 592 1166 ,
617 1132 668 1168 qui
691 1140 745 1168 per
767 1132 824 1160 hoe
848 1133 932 1168 quod

151 1179 216 1208 aliis
230 1180 344 1208 invidet
354 1201 363 1215 ‚
379 1180 436 1208 sibi
451 1180 547 1216 magis
561 1182 658 1208 nocet.
676 1182 832 1207 Auctorem
843 1188 931 1207 suum

151 1226 319 1263 torquendo
330 1227 425 1261 laedit,
442 1227 552 1255 Seneca
565 1236 573 1254 :
589 1227 706 1255 Utinam
718 1226 812 1254 invidi
824 1226 855 1254 in
868 1235 931 1254 om-

150 1273 240 1302 nibus
254 1273 421 1302 civitatibus
436 1274 541 1302 oeulos
556 1275 583 1302 et
599 1282 684 1302 aures
699 1274 843 1302 haberent
853 1294 862 1307 ,
878 1276 910 1301 ut
919 1295 928 1309 ,

151 1320 188 1348 de
208 1321 344 1348 omnium
363 1320 544 1356 profectibus
563 1323 781 1357 torquerentur.
799 1331 812 1346 »
830 1320 930 1348 Proxi-

150 1365 234 1394 mum
246 1366 450 1395 fraudulenter
466 1367 575 1404 decipit
589 1377 595 1395 :
617 1367 698 1395 unde
713 1367 832 1395 invidus
847 1375 929 1395 eom-

150 1414 272 1450 paratur
291 1413 358 1441 cani
368 1435 377 1448 ,
397 1414 449 1449 qui
468 1414 621 1442 blanditur
636 1414 667 1442 in
682 1414 756 1442 facie
771 1416 799 1442 et
813 1414 931 1442 mordet

150 1468 168 1488 a
182 1461 284 1495 tergo;
300 1460 370 1487 item
384 1460 466 1488 Judae
475 1482 484 1496 ,
500 1461 550 1496 qui
566 1461 668 1489 osculo
684 1461 829 1489 Christum
843 1460 932 1488 tradi-

151 1506 192 1534 dit
203 1516 211 1541 ;
227 1506 297 1534 item
310 1506 425 1534 homini
439 1507 556 1543 perfido
567 1529 576 1542 ,
599 1507 650 1543 qui
663 1507 744 1536 laedit
757 1507 909 1535 hominem
920 1528 930 1541 ,

150 1553 202 1588 qui
217 1561 286 1581 eum
301 1561 458 1590 nunquam
471 1554 650 1582 molestavit.

403 1649 545 1684 CAPUT
569 1650 676 1684 XVII.

487 1723 524 1749 De
543 1723 598 1749 Ira.

186 1790 232 1818 lra
247 1791 304 1825 est,
319 1791 352 1818 nt
364 1790 403 1818 ait
417 1790 594 1826 Augustinus
608 1792 629 1826 ⁴²,
646 1791 807 1819 ulciscendi
822 1792 930 1828 libido,

152 1837 180 1864 et
200 1836 366 1864 secundum
387 1837 575 1872 cassianum,
597 1837 642 1865 ira
661 1840 703 1865 est
721 1840 819 1866 motus
839 1839 930 1867 animi

151 1883 311 1911 concitatus
326 1883 365 1911 ad
379 1892 510 1920 poenam.
524 1886 588 1912 Haec
604 1887 646 1912 est
668 1885 800 1913 definitio
813 1886 863 1913 irae
878 1894 931 1922 per

150 1928 267 1964 vitium,
278 1937 340 1957 non
351 1939 404 1966 per
413 1931 526 1966 zelum;
541 1931 577 1958 de
589 1939 649 1967 qua
659 1933 701 1959 est
711 1931 758 1959 hie
768 1933 929 1968 agendum.

151 1975 195 2003 Ira
205 1975 292 2010 igitur
303 1976 416 2012 duplex
425 1977 515 2005 habet
525 1986 598 2012 esse,
611 1978 722 2006 scilicet
731 1987 793 2007 esse
808 1981 931 2014 naturae,

152 2024 180 2050 et
192 2030 253 2050 esse
269 2023 370 2050 moris,
388 2025 476 2051 Prout
491 2032 561 2058 ergo
577 2025 735 2053 deordinat
749 2026 787 2053 ab
802 2026 931 2062 optimo,

150 2068 241 2096 habet
256 2076 317 2096 esse
327 2069 451 2103 morale,
463 2078 524 2105 quo
539 2070 643 2098 vitium
658 2073 710 2106 est,
724 2072 795 2107 quia
811 2072 854 2100 ira
868 2081 930 2100 non

152 2116 194 2142 cst
201 2117 355 2151 peceatum
363 2116 477 2144 ratione
490 2125 572 2152 purte
585 2117 741 2153 passionis,
753 2118 814 2146 imo
826 2127 929 2154 poena:

151 2161 204 2189 sed
231 2170 299 2190 eum
326 2162 383 2189 hoc
413 2162 484 2190 dicit
511 2164 676 2199 quamdam
705 2164 852 2192 actionem
879 2174 932 2201 per

151 2216 242 2244 quam
270 2208 428 2237 deordinat
453 2209 606 2237 hominem
618 2232 627 2245 ,
660 2212 686 2238 et
719 2214 865 2247 quantum
893 2213 932 2241 ad

152 2256 260 2290 Deum,
275 2257 303 2283 et
318 2257 464 2291 quantum
478 2256 517 2283 ad
532 2257 714 2292 proximum.
732 2259 798 2286 x‘ult
815 2259 894 2287 enim
915 2268 932 2288 a

151 2309 181 2330 se
201 2303 337 2338 expetere
359 2302 537 2337 vindictam,
553 2312 645 2340 quam
660 2313 721 2332 non
738 2305 826 2333 debet
841 2314 930 2342 expe—

151 2351 210 2376 tere
222 2349 278 2376 nisi
293 2357 310 2376 a
325 2350 396 2384 Deo,
406 2350 454 2377 vel
470 2358 488 2377 a
499 2350 599 2384 judice
614 2351 670 2378 sub
686 2353 744 2379 Deo
761 2353 929 2381 constituto.

187 2397 287 2423 Utrum
310 2398 409 2423 autem
437 2398 568 2424 teneatur
593 2397 660 2433 quis
684 2398 831 2426 remittere
856 2400 931 2435 inju-

152 2442 228 2470 riam
242 2442 363 2470 inimico
378 2443 508 2478 petenti?
524 2445 596 2471 Nola
610 2444 844 2479 distinctionem,
861 2447 932 2482 quia

153 2495 189 2515 ex
207 2488 314 2523 injuria
329 2489 423 2517 solent
438 2489 508 2517 oriri
523 2490 577 2518 tria
594 2499 600 2517 ι
618 2491 751 2526 primum
769 2494 811 2520 est
826 2501 932 2521 rancor

153 2534 184 2561 in
204 2534 326 2569 affeetu;
351 2536 516 2563 secundum
539 2539 581 2564 est
604 2538 736 2565 rancoris
756 2539 875 2574 signum
901 2540 931 2567 in

154 2581 257 2609 effectu
266 2591 274 2616 3
298 2582 416 2610 tertium
439 2584 482 2610 est
505 2583 580 2611 actio
604 2586 706 2612 contra
730 2586 929 2620 injuriantem.

153 2628 283 2655 Primum
298 2631 411 2656 tenetur
432 2629 499 2665 quis
518 2630 614 2659 statim
634 2632 795 2667 remittere,
818 2634 931 2661 etiamsi

187 2690 266 2719 'Isa.,
291 2696 314 2720 v,
337 2692 375 2714 20.
397 2704 425 2708 ——-
447 2692 455 2705 ²
473 2694 548 2722 Aug„
571 2692 599 2716 ile
620 2693 698 2718 Ciuis.
725 2695 779 2726 Dei,
799 2695 842 2719 lib.
863 2697 930 2726 XIV,

155 2732 176 2748 ο.
203 2731 255 2750 xvi.
278 2739 308 2742 —
338 2727 346 2741 ὖ
370 2726 470 2756 Mami„
499 2732 527 2757 V,
556 2729 594 2752 22.
621 2741 650 2746 ·-
679 2729 688 2745 4
713 2730 799 2761 Greg„
829 2731 930 2761 Moral„

1716 276 1773 305 137

991 341 1052 362 non
1072 336 1208 371 rogatum
1230 337 1396 366 secundum
1413 340 1528 368 tenetur
1548 339 1696 369 remittere
1722 349 1772 370 ve-

990 381 1072 409 niam
1087 382 1229 411 veraciter
1243 384 1369 419 petenti,
1384 384 1417 413 id
1431 387 1473 414 est
1490 388 1595 422 parato
1611 387 1771 417 emendare

989 428 1155 456 seeundum
1168 428 1336 458 facultatem
1355 439 1458 466 suam3
1474 433 1593 461 tertium
1613 442 1675 462 non
1695 437 1772 464 tene-

990 476 1036 502 tur
1050 475 1207 503 remittere.
1226 476 1254 504 Si
1270 485 1340 505 vero
1358 478 1488 506 volueris
1502 479 1575 507 scire
1590 483 1690 509 utrum
1704 482 1770 516 ille,

990 521 1037 548 cui
1051 521 1128 550 sacta
1143 523 1185 549 est
1199 522 1317 558 injuria,
1334 524 1442 552 debeat
1453 525 1613 554 amicitiam
1629 535 1769 564 quaerere,

989 567 1144 596 sciendum
1161 569 1246 604 quod
1270 569 1381 606 duplex
1404 572 1446 599 est
1465 571 1620 601 debitum:
1640 574 1771 610 primum

990 617 1032 642 est
1046 615 1240 651 necessitatis,
1260 617 1323 645 sine
1343 626 1403 653 quo
1422 626 1482 646 non
1501 622 1544 647 est
1558 620 1637 647 salus
1644 630 1651 655 ;
1669 629 1772 650 secun-

990 662 1063 689 dum
1078 664 1120 690 est
1133 662 1330 698 perfectionis.
1349 665 1497 698 Quantum
1515 667 1553 694 ad
1576 667 1707 703 primum
1722 669 1773 697 de-

989 709 1101 744 bitum,
1117 717 1179 738 non
1194 712 1309 739 tenetur
1324 712 1390 748 quis
1405 713 1681 742 reconciliationem
1696 723 1773 751 quae-

988 763 1064 790 rere,
1079 756 1142 784 sive
1152 757 1331 794 amicitiam3
1346 759 1399 786 sed
1414 759 1451 787 de
1461 760 1594 788 secundo
1605 760 1675 789 dicit
1684 761 1772 798 Chry-

989 804 1154 838 sostomus,
1180 804 1264 840 quod
1288 805 1377 834 debet
1402 814 1536 842 quaerere
1558 808 1773 837 reconciliatio-

989 857 1069 885 nem,
1081 852 1114 879 ut
1123 850 1273 887 duplicem
1286 860 1427 880 coronam
1441 856 1654 890 consequatur:
1668 863 1771 891 unam,

990 897 1060 932 quia
1075 896 1215 932 injuriam
1229 906 1334 934 passus
1349 901 1391 927 est
1397 909 1405 935 3
1423 900 1523 934 aliam,
1538 901 1610 936 qnia
1624 901 1708 938 prior
1721 910 1772 931 ro—

989 944 1080 979 gavit.
1095 944 1237 973 Dominus
1259 947 1357 974 autem
1382 947 1467 982 ponit
1488 949 1545 975 tres
1566 948 1677 983 gradus
1695 949 1772 978 circa

988 993 1102 1020 reatum
1128 992 1193 1027 irae,
1221 1001 1288 1020 eum
1311 993 1381 1021 dicit
1395 995 1405 1010 '³
1424 1003 1430 1021 :
1457 995 1550 1023 Omnis
1570 998 1618 1031 qui
1641 998 1772 1026 irascitur

989 1040 1074 1071 fratri
1086 1047 1144 1074 suo,
1158 1047 1217 1067 reus
1231 1041 1283 1067 erit
1293 1041 1416 1074 judit-2¹05
1433 1043 1481 1076 qui
1495 1045 1583 1070 autem
1595 1043 1709 1076 dc'aeerit,
1724 1053 1770 1072 ra-

988 1086 1053 1120 cha,
1072 1094 1132 1113 reus
1153 1088 1206 1114 erz't
1226 1088 1351 1120 concilio,-
1373 1089 1421 1122 qui
1437 1092 1527 1116 autem
1542 1089 1662 1123 dz‘oeert't,
1677 1093 1769 1126 fatue,

987 1140 1048 1160 reus
1059 1134 1112 1160 erit
1121 1133 1245 1168 qehennoe
1255 1135 1336 1168 iqm's.
1349 1136 1388 1162 De
1398 1134 1444 1162 his
1456 1135 1615 1164 dicendum
1626 1139 1678 1172 est,
1688 1139 1771 1174 quod

988 1178 1041 1206 ubi
1056 1179 1147 1207 erevit
1161 1180 1273 1215 gradus
1288 1181 1401 1217 eulpae,
1417 1182 1508 1210 erevit
1527 1184 1555 1210 et
1574 1183 1649 1211 ordo
1664 1193 1770 1220 poenae.

988 1225 1069 1253 Unde
1083 1227 1161 1253 recte
1182 1226 1227 1255 ira
1241 1227 1303 1255 sine
1318 1235 1391 1256 voce
1413 1229 1568 1264 punienda
1588 1232 1629 1258 est
1641 1230 1770 1267 judieio;

987 1271 1031 1299 ira
1057 1280 1125 1299 eum
1146 1280 1231 1307 voce,
1254 1274 1398 1310 coneilio,
1421 1275 1465 1303 ira
1489 1284 1558 1303 cum
1578 1284 1652 1304 voce
1670 1279 1773 1306 contu-

987 1319 1083 1347 meliae
1098 1319 1241 1355 gehennae
1255 1320 1376 1356 ignibus
1395 1322 1587 1358 mancipatur.
1604 1324 1772 1353 Secundum

987 1366 1183 1401 Augustinum
1198 1367 1278 1395 enim
1301 1368 1332 1396 in
1352 1369 1451 1405 primo
1471 1372 1514 1397 est
1533 1370 1577 1397 ira
1597 1372 1724 1406 tantum3
1741 1371 1772 1400 in

987 1413 1133 1448 secundo,
1152 1414 1196 1442 ira
1211 1416 1238 1442 et
1253 1423 1367 1451 sermo,
1388 1416 1419 1443 in
1436 1416 1518 1444 tertio
1534 1416 1579 1444 ira
1594 1419 1636 1445 est
1651 1419 1679 1445 et
1693 1420 1772 1447 certa

987 1460 1136 1495 expressio
1151 1461 1305 1489 irrisionis.

1025 1506 1095 1534 Dicit
1117 1509 1215 1535 autem
1241 1509 1399 1544 Gregorius
1415 1509 1436 1544 ¹⁶,
1460 1511 1544 1546 quod
1565 1511 1714 1546 judicium
1729 1515 1771 1541 est

987 1561 1082 1581 causae
1097 1553 1256 1590 discussio,
1274 1556 1446 1591 concilium,
1456 1558 1606 1586 sententiae
1621 1559 1770 1593 diffinitio,

987 1600 1124 1635 gehenna
1137 1601 1232 1636 ignis,
1247 1603 1555 1633 sententiaepexeeutio.

1023 1647 1191 1676 Notandum
1216 1649 1300 1684 quod
1322 1650 1448 1678 reddere
1471 1651 1585 1678 malum
1603 1659 1659 1687 pro
1677 1652 1769 1688 malo,

986 1697 1028 1722 est
1041 1694 1206 1730 fragilitatis
1215 1716 1224 1730 ‚
1246 1695 1321 1724 sicut
1335 1695 1403 1724 fecit
1417 1697 1491 1724 Joab
1502 1698 1523 1731 ⁵⁵,
1544 1698 1666 1733 quando
1681 1699 1770 1727 inter-

985 1740 1052 1769 fecit
1081 1741 1195 1777 Abner,
1223 1742 1332 1770 scilicet
1359 1743 1576 1772 interfectorem
1603 1745 1700 1773 fratris
1725 1746 1771 1774 sui

986 1789 1082 1817 Asael.
1099 1790 1156 1817 Sed
1174 1790 1301 1818 reddere
1317 1791 1432 1818 malum
1455 1799 1510 1827 pro
1532 1791 1632 1825 bono,
1648 1794 1691 1820 est
1704 1801 1770 1828 per-

986 1836 1145 1871 versitatis,
1163 1837 1236 1865 sicut
1251 1837 1318 1865 fecit
1337 1838 1428 1866 Judas
1448 1838 1594 1866 tradendo
1612 1839 1767 1867 Christum.

987 1883 1121 1911 Reddere
1138 1884 1257 1918 >bonum
1271 1893 1326 1920 pro
1343 1885 1442 1919 bono,
1464 1887 1506 1912 est
1520 1885 1679 1921 aequitatis,
1695 1886 1769 1914 sieut

986 1930 1054 1958 fecit
1063 1933 1216 1965 AssueruS,
1228 1931 1350 1966 quando
1365 1931 1585 1959 Mardochieum
1599 1932 1766 1960 honoravit.

987 1977 1120 2004 Reddere
1142 1977 1258 2005 bonum
1282 1986 1337 2013 pro
1367 1978 1467 2012 malo,
1493 1980 1535 2005 est
1563 1979 1767 2014 perfectionis,

987 2024 1061 2051 sieut
1079 2023 1148 2051 fecit
1169 2024 1274 2052 beatus
1294 2024 1468 2060 Stephanus,
1495 2025 1617 2060 quando
1639 2033 1694 2061 pro
1718 2026 1771 2053 ini-

987 2070 1070 2097 micis
1086 2070 1191 2098 oravit.

1024 2116 1103 2144 Filiae
1117 2117 1181 2151 irae,
1199 2117 1365 2145 secundum
1387 2118 1560 2152 (ircgorium
1575 2119 1595 2152 ⁶,
1615 2120 1682 2146 sunt
1697 2127 1768 2147 sex:

987 2163 1084 2199 prima
1106 2165 1148 2190 est
1171 2163 1249 2198 rixa,
1272 2164 1334 2192 ha’c
1350 2166 1391 2192 est
1407 2165 1506 2192 audax
1524 2165 1661 2193 voluntas
1675 2166 1771 2193 vindi-

989 2210 1076 2237 candi
1090 2210 1231 2245 injuriam
1245 2210 1368 2246 factam,
1384 2220 1438 2246 per
1458 2220 1505 2246 se3
1525 2212 1656 2240 secunda
1671 2214 1713 2240 est
1727 2214 1771 2240 tu-

986 2265 1053 2285 mor
1072 2257 1192 2292 mentis,
1217 2258 1278 2285 haee
1295 2259 1337 2285 est
1355 2258 1528 2286 vindicandi
1548 2267 1636 2287 causa
1655 2259 1770 2294 fugiens

987 2304 1210 2338 adversantem,
1226 2312 1262 2332 ne
1285 2312 1353 2332 cum
1375 2313 1410 2332 eo
1427 2305 1611 2341 colloquium
1625 2306 1770 2333 habeatur

986 2353 1108 2387 propter
1128 2351 1284 2379 aestimatas
1304 2351 1487 2386 inimicitias,
1510 2353 1592 2380 tertia
1609 2354 1651 2380 est
1666 2355 1769 2380 eontu-

987 2397 1090 2432 melia,
1115 2405 1182 2432 quae
1206 2400 1248 2425 est
1268 2398 1406 2425 voluntas
1425 2407 1455 2426 se
1475 2398 1629 2426 vindicans
1651 2407 1704 2435 per
1720 2407 1768 2426 ex-

988 2444 1212 2481 probrationem
1241 2444 1408 2479 malorum3
1436 2447 1542 2481 quarta
1568 2448 1610 2473 est
1643 2446 1764 2480 clamor,
1805 2449 1808 2451 ’

990 2500 1054 2527 quae
1070 2494 1111 2519 est
1125 2491 1265 2518 voluntas
1281 2499 1311 2518 se
1326 2491 1482 2519 vindicans
1497 2492 1527 2519 in
1544 2492 1702 2520 exaltando
1717 2500 1767 2519 vo-

988 2547 1053 2567 cem
1072 2547 1126 2575 per
1141 2538 1318 2574 vituperium
1338 2539 1565 2574 exprobratum,
1582 2539 1621 2566 ad
1638 2539 1766 2566 aliorum

988 2594 1074 2614 aures
1092 2585 1284 2621 pervenien53
1311 2585 1413 2620 quinta
1433 2588 1475 2612 est
1499 2585 1678 2620 indignatio,
1700 2593 1766 2621 quae

987 2635 1029 2661 est
1042 2633 1179 2660 voluntas
1194 2640 1225 2659 se
1238 2631 1394 2659 vindicans
1413 2640 1466 2667 per
1485 2633 1605 2667 signum
1623 2632 1765 2660 molestiae

986 2696 1030 2720 lib.
1052 2697 1133 2725 xxii,
1155 2703 1177 2718 e.
1202 2701 1236 2718 ιν.
1259 2708 1289 2712 -
1310 2695 1319 2711 ⁵
1340 2695 1360 2718 ιι
1388 2695 1455 2725 Ray„
1479 2701 1511 2725 ιι,
1535 2696 1574 2719 27.
1598 2709 1624 2713 -
1647 2696 1655 2710 ι’
1677 2696 1764 2726 areg„

986 2733 1088 2762 Mora(¹⁷
1102 2732 1144 2756 lib.
1162 2731 1250 2761 xxxi,
1263 2738 1284 2755 e.
1301 2736 1363 2754 xxii.
