2004 3037
180 204 240 234 206

180 269 255 298 sicut
275 269 318 297 est
333 265 525 301 poenitentia,
548 264 787 300 Matrimonium,
809 265 838 292 et
856 263 960 299 huius-

179 315 274 346 modi.

215 361 385 391 Notandum
398 367 470 396 ergo
481 381 491 395 ‚
509 359 594 396 quod
609 358 761 387 character
773 357 959 395 baptismalis

181 411 224 439 est
246 408 382 437 omnium
405 407 612 436 characterum
632 405 760 434 aliorum
780 404 958 433 fundamen-

178 459 264 485 tum:
289 456 318 484 et
339 454 429 489 ideo,
450 453 503 482 illo
524 461 586 481 non
606 452 729 486 habito,
752 459 815 480 non
835 453 960 487 possunt

179 504 274 532 caeteri
288 503 471 531 characteres
486 500 627 538 imprimi.
643 499 742 534 Unde,
758 500 780 527 si
798 499 864 536 quis
878 498 959 527 ordi-

178 553 264 579 natur
278 557 340 578 non
354 549 520 586 baptizatus
531 568 540 582 ,
554 547 629 576 nihil
643 554 766 583 prorsus
780 545 888 581 agitur.

213 596 354 632 Quamvis
368 595 423 623 tria
437 595 621 623 sacramenta
636 592 711 627 sint,
726 594 759 620 ut
773 592 884 620 dictum
899 593 957 626 est,

177 653 244 682 quae
257 645 380 680 propter
394 641 571 670 characteris
585 639 811 676 impressionem
825 646 887 667 non
907 638 957 666 itc-

176 693 288 726 rantur,
309 692 410 718 tamen
429 695 588 716 commune
608 688 651 715 est
669 686 727 714 hoc
747 685 887 715 omnihus
907 693 956 714 sa-

177 737 347 772 cramentis,
362 743 424 765 non
438 735 537 764 iterari
551 734 628 762 circa
642 733 780 762 eamdem
794 740 956 769 personam

177 788 205 814 et
225 784 401 817 materiam,
422 785 450 811 et
472 790 508 810 ex
531 781 637 810 eadem
657 788 768 808 causa:
791 782 819 808 et
838 779 895 807 hoc
915 781 957 807 est

176 833 264 868 ideo,
286 840 324 860 ne
342 831 395 858 fiat
414 829 594 858 contumelia
612 830 817 864 sacramento;
841 836 878 856 ex
898 827 956 855 hoc

176 879 256 908 enim
277 878 358 907 credi
373 879 472 914 posset
493 876 576 913 quod
591 877 776 905 sacramenta
793 874 876 912 prius
898 874 956 901 dis-

175 927 299 963 pensata
317 926 414 953 essent
431 923 596 952 inefficacia
610 925 638 951 et
652 923 752 959 inepta
768 931 774 950 :
793 921 861 950 licet
875 929 956 957 quae-

176 973 247 1001 dam
261 980 297 1001 ex
311 971 482 1000 necessitate
493 992 502 1006 ‚
517 972 545 998 et
559 970 624 998 aliis
641 969 736 998 causis
746 990 755 1004 ‚
773 968 870 996 iterari
885 975 955 1004 pos-

175 1019 241 1048 sint.

211 1065 352 1100 Quaedam
369 1066 437 1092 sunt
451 1064 488 1092 de
502 1065 756 1091 sacramentorum
771 1060 936 1089 substantia
946 1080 955 1094 ,

175 1113 315 1150 quaedam
329 1112 366 1140 de
379 1110 582 1147 congruentia.
597 1110 624 1138 Si
637 1118 672 1138 ea
684 1118 749 1146 quoe
760 1110 828 1137 sunt
838 1109 875 1136 de
888 1107 956 1135 sub-

176 1160 280 1189 stantia
301 1160 484 1193 omittantur,
505 1160 685 1186 evacuantur
704 1158 907 1190 sacramenta,
927 1156 956 1182 et

175 1209 244 1235 sunt
266 1206 418 1240 iteranda;
444 1205 603 1233 omissione
626 1212 697 1232 vero
723 1203 842 1231 illorum
856 1223 864 1237 ,
889 1209 955 1237 quae

175 1255 243 1282 sunt
266 1253 303 1281 de
327 1252 539 1288 congruentia,
565 1259 627 1279 non
651 1251 831 1278 evacuantur
854 1256 953 1276 sacra-

175 1303 284 1329 menta.

434 1378 576 1412 CAPUT
600 1378 688 1411 vni.

316 1459 353 1485 De
372 1458 546 1485 institucione
565 1457 808 1484 Sacramcntorum.

211 1536 255 1564 Ab
274 1534 357 1562 initio
380 1533 508 1561 instituta
529 1535 597 1560 sunt
617 1533 800 1560 sacramenta
814 1530 853 1558 ad
867 1538 952 1558 cura-

175 1583 285 1611 tionem
299 1580 465 1612 hominum,
476 1582 503 1607 et
517 1587 634 1615 semper
650 1587 717 1606 cum
727 1577 834 1605 morbo
851 1585 953 1605 cucur-

175 1631 276 1657 rerunt
291 1627 339 1663 (a).
356 1630 386 1655 ln
401 1628 467 1662 lege
479 1626 558 1653 enim
571 1628 682 1653 natura*
697 1624 814 1652 suerunt
829 1624 953 1651 oblatio-

175 1684 227 1704 nes
238 1697 246 1710 ,
263 1674 405 1702 sacrificia
416 1694 425 1707 ,
441 1675 467 1701 et
483 1672 703 1700 decimationes.
725 1673 755 1699 lu
775 1671 839 1706 lege
854 1674 952 1698 autem

175 1722 284 1758 scripta
306 1720 472 1748 introducta
487 1721 528 1746 cst
544 1719 726 1746 circumcisio
739 1739 746 1751 ,
767 1720 794 1744 ct
813 1718 953 1752 adjuncta

175 1771 218 1797 est
232 1767 359 1804 expiatio
371 1789 378 1799 ,
402 1769 490 1802 atque
511 1765 702 1801 superaddita
725 1765 911 1792 oblationum
925 1767 953 1792 et

174 1815 386 1844 sacrificiorum
402 1813 591 1841 multiformis
607 1812 764 1840 distinctio.
781 1812 811 1839 ln
827 1812 891 1846 lege
904 1820 953 1840 au-

174 1865 233 1890 tem
247 1869 327 1890 nova
340 1862 447 1888 statuta
459 1861 526 1887 sunt
540 1861 722 1886 sacramenta
738 1867 863 1886 numero
878 1866 952 1894 pau-

174 1910 265 1943 ciora,
277 1908 399 1936 utilitate
414 1907 548 1943 potiora,
565 1906 668 1933 virtute
683 1905 862 1940 efficaciora,
877 1913 952 1941 prae-

174 1955 333 1984 eminentia
349 1954 496 1989 digniora,
508 1955 595 1989 atque
607 1952 820 1987 significatione
834 1952 953 1979 eviden-

174 2004 249 2031 tiora
264 2012 270 2030 :
288 2003 318 2030 in
333 2001 443 2038 quihus
458 2003 500 2028 est
512 2000 643 2036 impletio
658 1999 745 2026 simul
760 2002 786 2027 et
798 2000 952 2027 evacuatio

175 2049 309 2078 omnium
319 2048 538 2085 praedictorum,
549 2047 623 2074 sicut
633 2047 672 2073 ait
683 2048 689 2063 ¹
704 2047 785 2081 Ilugo
798 2046 835 2073 dc
846 2047 952 2074 Sancto

175 2097 296 2124 Victore.
327 2095 414 2123 Primi
448 2093 589 2129 temporis
621 2095 804 2121 sacramenta
836 2093 954 2121 fuerunt

174 2145 247 2173 sicut
260 2143 382 2176 umbra;
398 2141 490 2170 medii
505 2140 657 2176 temporis,
676 2140 749 2167 sicut
765 2140 874 2175 imago,
890 2140 952 2168 sive

174 2193 289 2227 tigura3
306 2189 446 2226 postremi
463 2195 534 2215 vcro
552 2187 704 2222 temporis,
718 2187 828 2214 scilicet
840 2187 950 2222 gratiae,

175 2240 249 2266 sicut
264 2244 372 2272 corpus
383 2257 391 2270 ,
410 2235 491 2271 quod
508 2234 583 2261 intra
598 2242 629 2260 se
649 2233 800 2260 veritatem
825 2234 953 2261 continet

176 2288 203 2313 ct
218 2284 341 2320 gratiam
354 2303 362 2317 ‚
384 2289 475 2317 quam
496 2279 708 2313 significatione
723 2282 950 2315 repraesentant,

176 2334 203 2359 et
225 2328 426 2366 principaliter
449 2327 602 2354 conserunt
625 2327 653 2353 et
674 2326 855 2361 promittunt.
879 2327 951 2353 Proe-

176 2378 254 2406 dicta
267 2377 385 2413 patent,
400 2374 471 2410 quia
486 2372 618 2408 ejusdem
634 2372 835 2399 mundationis
849 2372 951 2399 simili-

177 2424 248 2452 tudo
264 2425 306 2451 est
320 2423 351 2450 in
372 2421 522 2449 oblatione
538 2419 609 2454 legis
624 2421 735 2446 naturae
747 2440 755 2453 ‚
769 2418 822 2446 sed
837 2419 952 2446 occulte

177 2470 343 2502 invenitur;
372 2469 403 2496 in
436 2465 656 2495 circumcisione
688 2473 759 2492 vero
788 2465 951 2493 evidentius

177 2516 395 2553 aliquantulum
418 2512 606 2550 exprimitur3
627 2520 679 2547 per
701 2511 881 2548 baptismum
898 2520 951 2539 au-

210 2594 215 2607 ι
243 2593 309 2622 nug,
339 2591 369 2615 de
399 2591 425 2614 S,
456 2588 533 2617 Πομ,
563 2586 592 2609 de
622 2586 735 2609 Sum-am.
767 2585 821 2616 fid..
849 2585 894 2610 lib.
922 2587 950 2617 l,

178 2629 242 2659 part.
267 2627 334 2656 Vlll,
353 2633 377 2650 c.
397 2630 444 2649 xii.
460 2638 490 2642 -
513 2624 523 2640 ¹
536 2623 611 2652 Aug„
629 2621 664 2644 ad
681 2622 792 2650 Hieron„
807 2621 880 2652 epist.
896 2628 949 2653 nx,

178 2662 210 2686 al.
225 2667 324 2689 Luxu,
340 2667 365 2684 u.
384 2661 420 2684 16.

504 196 765 231 COMPENDIUM
784 194 1046 228 THEOLOGlcAE
1067 194 1289 229 VERITATIS.
1314 196 1389 229 Lm.
1411 196 1464 229 vl.

1012 264 1074 292 tem
1095 263 1279 293 manifestius
1306 264 1482 294 declaratur.
1511 265 1584 294 item
1607 267 1792 296 sacramenta

1013 310 1120 339 veteris
1141 310 1216 347 legis
1238 311 1410 341 nutriebant
1431 311 1591 348 parvulos,
1615 311 1792 342 exercebant

1012 357 1173 394 perfectos,
1192 360 1222 386 et
1242 358 1335 387 duros
1356 358 1511 388 onerando
1535 358 1709 387 domabant.
1733 358 1793 388 Sed

1013 403 1075 433 haec
1102 407 1289 434 sacramenta
1312 414 1398 435 novoe
1423 405 1497 442 legis
1523 404 1697 441 conferunt,
1725 413 1792 442 quae

1012 453 1114 479 vetera
1128 451 1166 480 de
1180 451 1345 490 longinquo
1358 452 1573 481 monstrabant.
1594 451 1677 481 Unde
1690 452 1793 489 priora

1012 500 1197 527 sacramenta
1214 502 1472 536 praeparaverunt,
1488 502 1516 527 et
1529 499 1733 536 perduxerunt
1751 497 1792 527 ad

1012 552 1108 580 nova,
1122 545 1196 574 sicut
1209 546 1260 574 via
1281 547 1321 575 ad
1346 547 1524 581 terminum,
1544 547 1620 575 sicut
1636 546 1733 582 figura
1751 545 1792 574 ad

1011 592 1179 628 veritatem,
1194 595 1223 622 et
1241 593 1316 622 sicut
1334 593 1540 630 imperfectum
1561 593 1602 622 ad
1615 592 1789 630 perfectum.

1012 640 1059 667 Est
1073 641 1102 667 et
1110 639 1170 669 alia
1182 639 1367 669 differentia:
1381 641 1453 677 quia
1464 648 1623 669 commune
1638 641 1682 668 est
1695 639 1792 668 omni·

1011 685 1068 714 bus
1081 687 1271 716 sacramentis
1292 688 1376 724 quod
1394 688 1555 716 consistant
1572 687 1603 716 iu
1618 687 1708 716 rebus
1721 693 1789 714 sen-

1011 732 1160 768 sibilibus,
1173 734 1354 763 invisibilem
1367 737 1468 763 tamen
1479 735 1606 771 gratiam
1619 733 1790 770 significan-

1011 779 1108 815 tibus;
1123 780 1177 809 sed
1198 781 1326 817 speciale
1341 783 1384 809 est
1397 781 1588 810 sacramentis
1599 789 1686 810 novae
1699 781 1786 817 legis.

1011 826 1094 862 quod
1110 827 1270 855 consistant
1290 827 1379 856 etiam
1392 829 1421 856 et
1438 827 1470 856 in
1491 827 1591 856 rebus,
1606 829 1678 856 Item
1690 835 1788 856 sacra-

1011 874 1111 901 menta
1124 881 1210 902 novoe
1225 874 1299 910 legis
1322 874 1455 902 efficiunt
1474 874 1559 910 quod
1572 874 1719 910 figurant3
1735 874 1788 903 sed

1010 919 1068 948 hoc
1082 928 1144 949 non
1163 920 1274 948 faciunt
1294 923 1479 950 sacramenta
1497 921 1604 950 veteris
1618 921 1703 958 legis.
1718 923 1788 950 item

1010 971 1194 997 sacramenta
1209 977 1294 997 novae
1308 969 1382 1005 legis
1397 969 1575 1005 justificant,
1592 972 1620 998 et
1642 971 1788 1006 quantum

1011 1015 1050 1042 ad
1064 1023 1141 1051 opus
1160 1018 1331 1052 operatum,
1347 1019 1376 1044 et
1396 1018 1541 1052 quantum
1562 1016 1602 1044 ad
1625 1024 1701 1052 opus
1716 1024 1788 1052 ope-

1010 1069 1079 1090 rans
1091 1063 1147 1098 (b);
1163 1062 1216 1091 sed
1232 1066 1416 1092 sacramenta
1429 1063 1536 1091 veteris
1554 1063 1627 1099 legis
1642 1063 1787 1099 justifica-

1010 1110 1083 1138 bant
1099 1111 1129 1145 (ε)
1144 1110 1242 1138 solum
1262 1112 1407 1146 quantum
1428 1111 1468 1138 ad
1484 1118 1558 1146 opus
1580 1118 1708 1146 operans
1734 1111 1786 1147 (b),

1010 1159 1081 1195 quia
1099 1166 1160 1187 non
1182 1159 1323 1187 valebant
1346 1158 1540 1193 facientibus,
1564 1157 1621 1185 nisi
1642 1159 1786 1193 quantum

1009 1205 1131 1234 illorum
1143 1205 1269 1233 charitas
1283 1208 1311 1234 et
1330 1205 1450 1234 devotio
1468 1205 1538 1233 fidei
1553 1213 1584 1234 se
1599 1204 1786 1234 extendebat.

1010 1254 1069 1281 lloc
1083 1260 1145 1280 non
1160 1251 1331 1287 intelligitur
1341 1252 1379 1280 de
1390 1252 1623 1287 circumcisione,
1637 1261 1704 1289 quae
1719 1261 1787 1281 cum

1009 1307 1070 1327 non
1085 1300 1171 1327 suerit
1185 1299 1215 1327 in
1229 1299 1294 1334 lege
1304 1299 1383 1333 data,
1392 1307 1584 1335 nequaquam
1596 1299 1670 1328 inter
1679 1300 1788 1335 legalia

1009 1347 1213 1382 computatur:
1226 1345 1297 1382 quia
1307 1346 1371 1381 ipsa
1382 1345 1412 1373 in
1422 1346 1554 1382 parvulis
1551 1346 1687 1387 ,tollebat
1697 1348 1787 1384 origi-

1009 1392 1076 1421 nale
1086 1394 1251 1429 peccatum,
1263 1394 1290 1420 et
1301 1392 1426 1427 gratiam
1438 1392 1620 1428 conserebat,
1633 1394 1715 1430 quod
1726 1402 1787 1423 non

1008 1439 1158 1467 faciebant
1184 1439 1306 1475 legalia.
1337 1440 1406 1467 ltem
1433 1439 1464 1467 in
1492 1439 1556 1475 lege
1589 1440 1788 1477 distinguebat

1009 1486 1156 1522 populum
1184 1486 1233 1514 Dei
1258 1485 1296 1513 ab
1325 1485 1391 1513 aliis
1414 1486 1570 1521 gentibus,
1595 1487 1668 1515 sicut
1694 1488 1786 1516 modo

1009 1531 1160 1567 distinguit
1181 1533 1332 1560 character
1353 1532 1546 1568 baptismatis.
1569 1535 1639 1562 ltem
1661 1534 1786 1570 legalia,

1008 1579 1174 1607 secundum
1192 1579 1387 1614 Augustinum
1401 1580 1429 1614 ²,
1445 1579 1563 1607 suerunt
1582 1583 1648 1608 ante
1672 1581 1786 1616 passio-

1008 1633 1077 1654 nem
1101 1625 1215 1653 Domini
1244 1626 1330 1660 viva,
1357 1628 1385 1653 ct
1408 1626 1505 1654 statim
1528 1629 1595 1662 post
1617 1627 1787 1662 passionem

1008 1674 1140 1706 mortua,
1164 1674 1202 1706 et,
1214 1674 1372 1707 postquam
1387 1672 1491 1700 claruit
1505 1673 1611 1700 veritas
1625 1674 1787 1709 Evangelii,

1007 1718 1127 1746 suerunt
1155 1719 1277 1746 omnino
1303 1718 1419 1754 sepulta
1426 1728 1434 1753 ς
1463 1722 1564 1747 nostra
1591 1728 1662 1748 vero
1689 1728 1788 1748 sacra-

1008 1767 1108 1793 menta
1129 1772 1223 1801 usque
1244 1765 1283 1792 ad
1301 1765 1393 1793 finem
1416 1773 1533 1801 semper
1556 1767 1586 1794 in
1608 1774 1662 1795 suo
1683 1767 1786 1802 vigore

1008 1811 1182 1840 manebunt.

1283 1892 1426 1926 CAPUT
1452 1893 1509 1926 lx.

1208 1971 1244 1997 De
1262 1973 1428 1998 sacramento
1447 1971 1589 2006 Baptismi.

1046 2045 1208 2082 Baptismus
1223 2047 1265 2073 est
1274 2045 1366 2080 ,ianua
1376 2045 1511 2074 omnium
1523 2048 1785 2082 sacramentorum,

1010 2093 1080 2128 quia
1097 2092 1170 2119 nulli
1183 2092 1332 2120 confertur
1346 2093 1373 2119 in
1390 2093 1516 2120 Ecclesia
1526 2093 1607 2120 aliud
1623 2101 1787 2121 sacramen·

1009 2141 1073 2166 tum
1097 2141 1163 2167 ante
1183 2139 1290 2175 ipsum.
1316 2140 1354 2167 De
1379 2139 1541 2166 substantia
1560 2139 1697 2174 Baptismi
1720 2143 1788 2168 sunt

1010 2187 1142 2222 quinque
1160 2195 1166 2212 :
1187 2186 1318 2220 primum
1333 2187 1375 2212 est
1390 2185 1538 2220 expressio
1560 2184 1662 2213 formae
1677 2187 1787 2214 vocalis

1009 2241 1027 2262 a
1042 2235 1100 2261 Deo
1116 2233 1250 2260 institutae
1261 2254 1269 2266 ‚
1286 2240 1351 2267 qum
1366 2234 1408 2258 est
1422 2231 1483 2259 haec
1500 2241 1506 2259 :
1523 2234 1578 2267 Ego
1595 2236 1619 2260 te
1633 2234 1742 2269 baptizo
1758 2236 1787 2261 in

1009 2282 1114 2308 nomine
1129 2281 1231 2312 Patris,
1243 2281 1268 2305 et
1282 2279 1361 2312 Filii,
1373 2281 1399 2304 et
1413 2278 1535 2313 szrz'tus
1551 2281 1657 2314 sancti,
1673 2280 1786 2317 absque

1010 2325 1169 2354 omissione
1184 2325 1231 2352 vel
1247 2323 1399 2352 additione
1414 2323 1567 2359 dictionis,
1583 2325 1695 2362 absque
1710 2334 1788 2362 proe-

1009 2373 1206 2409 posteratione
1230 2371 1359 2405 ordinis,
1376 2373 1404 2398 et
1423 2371 1536 2407 absque
1557 2373 1786 2401 commutatione

1009 2420 1139 2448 nominis
1155 2419 1222 2447 :his
1241 2419 1321 2446 enim
1335 2420 1462 2454 quatuor
1483 2420 1582 2447 modis
1603 2420 1699 2447 forma
1718 2428 1785 2449 vcr-

1008 2467 1117 2495 borum
1139 2465 1266 2494 violatur
1277 2487 1286 2500 ‚
1301 2465 1410 2493 scilicet
1425 2466 1602 2501 omissione,
1617 2467 1784 2500 additione,

1007 2513 1253 2549 transpositione,
1281 2515 1308 2539 et
1336 2513 1583 2547 commutatione,
1613 2513 1644 2540 id
1672 2516 1715 2541 est
1725 2535 1734 2548 ‚
1761 2515 1785 2543 si

1008 2560 1128 2596 ponitur
1142 2559 1209 2588 loco
1229 2560 1337 2591 Patris,
1352 2562 1377 2586 et
1392 2560 1476 2594 Filii,
1493 2563 1518 2587 et
1537 2560 1657 2594 Spiritus
1678 2562 1782 2594 sancti,

1040 2623 1073 2653 (a)
1090 2623 1164 2646 Forte
1186 2620 1315 2652 legendum
1336 2624 1530 2645 concurrerunt.
1544 2635 1569 2639 —
1590 2621 1622 2651 (bt
1641 2623 1699 2645 Item
1721 2629 1781 2653 ope-

1007 2659 1095 2683 rantis.
1106 2671 1136 2677 -
1152 2657 1183 2687 (c)
1193 2657 1255 2681 Ccet.
1267 2656 1328 2680 edit.
1338 2656 1483 2686 justificant.
