2004 3037
876 239 1007 273 CAPUT
1026 240 1106 273 XLI.

163 313 237 341 Item
255 313 398 348 tanquam
410 311 498 347 pater
514 309 692 347 corripiens,
710 309 721 338 Ι
741 309 814 344 Cor„
831 315 870 344 iv,
887 310 919 336 15
938 317 945 337 :

168 369 182 386 «
201 359 266 388 Sive
293 359 397 387 decem
424 357 518 386 millia
538 357 734 394 paedagorum
756 355 892 384 habeatis
914 356 946 384 in

164 406 290 440 Christo,
303 405 358 433 sed
371 413 435 433 non
447 404 557 432 multos
571 405 684 441 patres3
700 411 772 431 nam
786 402 818 430 in
832 402 946 431 Christo

162 455 231 482 Jesu
248 462 303 490 per
317 453 506 488 evangelium
521 460 576 488 ego
592 460 645 480 vos
660 451 760 487 genui.
776 460 790 478 n
807 451 840 478 Et
853 450 946 487 paulo

161 502 239 536 post,
255 502 286 529 21
299 510 306 529 :
319 510 333 527 α
347 503 379 529 In
393 500 478 535 virga
492 499 612 527 veniam
626 499 666 527 ad
679 499 753 527 vos‘?
764 509 778 526 »
793 499 847 527 etc.
863 499 945 533 Item,

163 550 172 577 Ι
189 549 319 582 Thessal„
333 556 364 582 11,
377 549 424 576 12:
436 549 613 582 «Tanquam
623 549 708 582 pater
717 545 796 574 filios
811 553 881 573 suos
897 545 946 573 de-

161 597 316 632 precantes
343 602 416 628 VOS,
446 595 475 622 et
509 593 697 622 consolantes
725 592 870 622 testificati
898 600 946 621 su-

162 651 246 677 mus,
261 653 275 669 »
293 643 347 671 etc.

196 692 350 727 Tanquam
363 688 462 717 nutrix
475 688 597 722 fovens,
612 689 640 716 et
653 687 823 723 blandiens,
839 689 850 716 I
866 689 946 716 Thes-

160 739 225 773 sal„
240 745 273 772 11,
288 738 345 765 71«
360 736 438 765 Facti
452 744 555 764 sumus
568 737 714 772 tanquam
728 735 827 764 nutrix
839 735 946 764 fovens

161 785 240 814 filios
258 793 337 813 suos.
358 794 372 811 ω
393 785 483 819 Item,
506 785 516 812 Ι
533 784 605 818 Cor„
626 791 675 818 111,
698 784 738 811 2:
758 792 772 809 «
792 785 946 819 Tanquam

161 831 296 869 parvulis
310 832 341 859 in
355 831 468 859 Christo
483 831 531 859 lac
545 832 652 867 potum
664 830 753 858 vobis
767 830 870 858 dedi.»

199 881 270 908 Item
293 880 438 915 tanquam
456 878 599 913 magister
622 879 650 905 et
669 877 774 906 doctor
793 876 948 912 erudiens,

162 928 183 954 ll
205 927 286 957 Tim„
308 934 335 959 1,
360 927 392 954 ’11
411 934 417 953 :
442 935 456 951 ι(
478 925 592 953 Positus
613 933 681 952 sum
704 924 891 960 praedicator,
919 926 947 953 et

163 973 316 1010 apostolus
323 994 331 1008 ,
348 973 376 1000 et
389 973 529 1008 magister
545 971 692 1007 gentium;
707 981 722 999 »
746 973 773 999 et
790 973 799 999 l
817 971 945 1003 Timoth„

163 1030 195 1056 ιι,
211 1023 227 1049 7
240 1029 247 1048 :
266 1030 280 1047 α
294 1022 401 1048 Doctor
415 1019 548 1055 gentium
561 1019 594 1046 in
608 1018 669 1047 fide
685 1020 713 1047 et
726 1019 860 1047 veritate.
876 1029 890 1046 »

199 1069 271 1097 Item
285 1070 429 1103 tanquam
449 1067 539 1095 frater
553 1068 582 1095 et:
600 1066 698 1094 socius
713 1066 904 1094 collaborans
919 1068 948 1095 et

164 1115 363 1150 coadjuvans,
378 1115 497 1149 Philip„
513 1122 553 1148 w,
569 1115 596 1149 1,
609 1115 645 1142 3:
665 1123 679 1140 (t
694 1115 807 1142 Fratres
822 1114 883 1142 mei
897 1121 947 1141 ca-

163 1162 271 1191 rissimi
287 1164 314 1190 et
329 1161 582 1196 desideratissimi,
597 1171 612 1188 n
625 1162 680 1189 etc.
695 1169 708 1187 «
723 1162 807 1196 Rogo
822 1162 866 1196 te,
883 1168 948 1196 ger-

164 1218 252 1238 mane
272 1217 406 1245 compar,
426 1219 442 1236 »
460 1211 513 1237 ete.
535 1218 548 1235 «
566 1208 683 1244 Adiuva
699 1208 781 1243 illas,
803 1216 870 1244 quae
886 1215 948 1236 me-

165 1266 234 1286 cum
248 1257 398 1285 laborant.
414 1266 428 1283 »
443 1258 525 1291 Item,
541 1257 657 1292 Philip„
673 1263 692 1290 t,
703 1258 735 1283 7:
751 1264 765 1281 κ
779 1256 878 1284 Habeo
893 1264 947 1284 vos

165 1306 196 1333 in
216 1304 442 1333 confirmatIOne
465 1303 613 1339 evangelii
641 1304 739 1331 socios
761 1303 864 1339 gaudii
887 1303 948 1332 mei

166 1361 269 1381 omnes
283 1360 338 1380 vos
352 1359 425 1385 esse,
434 1361 449 1378 n
459 1354 513 1380 etc.
528 1351 552 1379 ll
563 1352 635 1386 Cor„
648 1359 668 1385 ι,
680 1351 714 1378 23
727 1361 733 1378 ;
747 1361 761 1377 «
772 1352 837 1379 Non
852 1351 949 1378 domi-

165 1408 273 1428 namur
285 1398 357 1427 fidei
369 1400 484 1434 vestrae,
496 1398 551 1427 sed
560 1398 714 1434 adjutores
729 1405 833 1426 sumus
844 1397 947 1433 gaudii

165 1447 264 1476 vestri.
283 1456 296 1473 »

201 1496 273 1523 Item
284 1496 426 1531 tanquam
440 1494 555 1529 legatus
564 1493 772 1528 reconcilians,
782 1493 803 1521 ΙΙ
812 1493 946 1527 Corinth„

164 1551 194 1578 v,
215 1544 270 1570 20:
289 1552 303 1568 «
322 1544 377 1570 Pro
401 1541 514 1570 Christo
533 1541 683 1576 legatione
703 1541 867 1576 fungimur,
886 1543 949 1569 tan-

166 1598 258 1626 quam
272 1591 331 1617 Deo
347 1588 520 1616 exhortante
535 1596 589 1624 per
602 1596 668 1623 1105,
684 1588 877 1617 obsecramus
890 1596 946 1625 pro

165 1637 294 1671 Christo,
307 1635 544 1664 reconciliamini
558 1637 628 1663 Deo.
641 1645 656 1662 η

200 1685 273 1713 ltem
295 1683 454 1720 Apostolus
473 1683 556 1711 bona
574 1683 766 1719 annuntians,
791 1685 868 1718 Act„
890 1692 928 1712 xx
936 1705 946 1719 ,

163 1733 211 1759 20:
225 1741 239 1757 «
252 1732 310 1759 Vos
324 1730 403 1758 scitis
418 1730 546 1766 qualiter
559 1730 635 1758 nihil
646 1731 735 1758 vobis
750 1731 868 1759 utilium
878 1732 947 1759 sub-

162 1779 248 1812 traxi,
259 1778 421 1814 quominus
435 1777 646 1805 annuntiarem
655 1778 754 1812 vobis,
766 1779 794 1806 et
805 1777 946 1806 docerem

161 1834 216 1854 vos
239 1825 360 1862 publice
389 1826 416 1852 et
443 1832 496 1860 per
520 1824 640 1858 domm,
653 1835 666 1851 n
693 1827 746 1854 etc.
771 1825 848 1859 Act„
873 1833 944 1861 xvn,

162 1874 214 1901 23:
241 1881 255 1898 «
276 1871 364 1906 Quod
385 1871 557 1907 ignorantes
580 1871 692 1907 colitis,
716 1879 772 1908 ego
799 1872 944 1901 annuntio

162 1919 260 1948 VObiS.
275 1930 289 1945 2)

198 1968 269 1995 Item
284 1966 458 1994 architectus
471 1966 634 2001 aedificans,
649 1967 658 1994 I
675 1967 750 2000 Cor„
763 1974 808 2001 111,
825 1969 873 1996 10:
887 1969 945 1996 «Ut

162 2014 279 2050 sapiens
287 2013 461 2041 architectus
469 2013 700 2040 fundamentum
711 2013 810 2048 posui.
819 2024 832 2040 »
841 2015 861 2042 ΙΙ
871 2015 942 2046 Cor„

161 2070 191 2096 x,
207 2062 237 2089 8:
252 2070 266 2087 «
280 2062 319 2088 De
333 2061 476 2096 potestate
490 2061 590 2088 vestra
604 2067 697 2095 quam
710 2059 793 2088 dedit
807 2060 894 2089 vobis
905 2060 944 2097 (a)

162 2109 237 2136 Deus
251 2108 282 2135 in
296 2107 534 2135 aedificationem.
552 2117 566 2132 >›

197 2156 250 2182 Per
265 2155 355 2182 aliam
365 2154 559 2182 nihilomInus
569 2154 650 2182 viam
664 2155 760 2190 potest
774 2154 843 2188 dici,
860 2155 944 2190 quod

162 2201 268 2230 Paulus
284 2202 412 2230 ostendit
427 2210 457 2229 se
470 2209 532 2229 esse
546 2201 755 2237 proximorum
770 2201 944 2230 dilectorem

160 2248 424 2283 ferventissimum,
447 2256 501 2285 per
519 2249 577 2276 hoc
598 2248 751 2283 videlicet,
775 2249 859 2284 quod
880 2249 943 2285 ipse

160 2296 254 2324 multa
268 2304 323 2332 pro
341 2296 382 2323 eis
396 2295 502 2330 dabat,
517 2295 611 2323 multa
628 2303 684 2332 pro
699 2296 740 2323 eis
754 2295 900 2330 faciebat,
916 2298 944 2324 et

160 2343 255 2371 multa
272 2351 328 2379 pro
348 2343 389 2370 eis
403 2343 574 2371 sustinebat.
593 2343 687 2371 Dabat
706 2343 858 2378 siquidem
873 2343 943 2379 ipsis

162 2399 197 2419 ea
215 2399 281 2427 quae
299 2389 444 2424 habebat3
462 2392 489 2417 et
509 2398 576 2426 quae
590 2398 652 2418 non
670 2390 819 2424 habebat,
837 2390 874 2418 ab
891 2390 943 2418 ha-

161 2438 301 2465 bentibus
325 2445 380 2473 pro
412 2436 615 2472 indigentibus
638 2437 830 2473 procurabat.
856 2437 943 2471 Quod

162 2484 241 2511 enim
253 2492 307 2512 sua
323 2483 406 2511 daret
419 2483 459 2511 ad
473 2483 629 2511 utilitatem
643 2485 865 2519 proximorum,
879 2485 942 2520 ipse

163 2531 293 2565 testatur,
316 2531 395 2561 Act..
423 2538 479 2564 xx,
504 2531 557 2557 34:
578 2540 592 2556 ιι
612 2530 657 2558 Ad
676 2539 744 2567 quae
770 2531 843 2558 mihi
867 2539 943 2567 opus

163 2579 260 2611 erant,
276 2580 304 2605 et
323 2577 369 2605 his
387 2577 440 2614 qui
459 2585 579 2605 mecum
596 2580 681 2612 sunt,
702 2578 944 2607 mtnistraverunt

163 2632 269 2652 manus
282 2624 352 2659 istoe,
371 2626 425 2652 etc.
442 2624 590 2660 Sequitur,
605 2626 638 2653 35
651 2634 657 2652 :
677 2634 690 2651 «
705 2625 854 2659 Quoniam
869 2625 943 2654 bea-

164 2671 220 2699 tius
234 2672 278 2698 est
291 2670 363 2699 dare
377 2671 473 2707 magis
487 2679 580 2708 quam
594 2672 760 2708 accipere.»

200 2717 340 2751 Quamvis
365 2720 465 2747 autem
490 2720 728 2755 supet-erogantis
754 2721 847 2754 esset,
874 2728 942 2749 cum

1727 241 1786 271 537

1001 309 1040 338 ab
1054 309 1127 346 ipsis
1140 309 1278 346 accipere
1292 309 1404 345 posset,
1419 309 1520 338 tamen
1534 307 1594 337 hoc
1605 307 1744 344 faciebat,
1754 309 1789 337 ut

1000 356 1075 392 illis,
1091 356 1202 393 quibus
1223 355 1424 393 praedicabat,
1443 357 1595 392 parceret,
1609 357 1632 385 ΙΙ
1646 356 1719 391 Cor„
1733 363 1786 391 xn,

1001 405 1036 432 14
1052 413 1059 432 :
1080 414 1093 430 α
1108 405 1229 432 Paratus
1243 412 1310 432 sum
1325 404 1427 432 venire
1447 403 1487 432 ad
1512 412 1582 440 vos,
1604 406 1632 432 et
1649 411 1713 433 non
1734 412 1786 432 ero

1001 452 1089 481 vobis
1104 452 1218 488 gravis:
1229 459 1292 481 non
1303 451 1382 480 enim
1393 460 1496 488 quaero
1511 460 1579 489 quae
1595 454 1693 481 vestra
1702 453 1786 487 sunt,

1000 500 1054 529 sed
1067 508 1133 528 vos.
1150 510 1166 527 »

1036 548 1193 583 Secundo,
1213 550 1246 576 ut
1267 547 1553 584 pseudo—apostolis
1572 547 1723 583 gloriandi
1737 555 1788 576 oc·-

1002 596 1156 624 casionem
1166 595 1329 630 auferrem!
1341 596 1416 629 Cor„
1426 603 1465 629 xi,
1476 596 1504 630 9,
1517 596 1564 623 12ι
1580 604 1595 621 α
1605 597 1636 623 ln
1646 595 1787 624 omnibus

1001 644 1064 671 sine
1079 651 1169 671 onere
1183 651 1232 671 me
1246 643 1334 671 vobis
1349 642 1477 678 servavi,
1492 643 1520 671 et
1531 642 1671 677 servabo,
1686 653 1699 670 >v
1717 644 1786 678 etc„

1003 691 1110 727 «quod
1120 690 1211 725 facio,
1220 692 1249 718 et
1259 690 1379 724 faciam,
1389 692 1422 718 ut
1433 691 1586 726 amputem
1596 690 1787 719 occasionem

1001 747 1108 767 eorum
1126 738 1180 775 qui
1197 738 1303 766 volunt
1318 737 1523 772 occasionem,
1538 739 1570 765 ut
1587 738 1619 765 in
1643 746 1704 774 quo
1721 737 1787 774 glo-

1001 786 1124 821 riamur,
1141 786 1216 814 tales
1230 785 1433 820 inveniantur,
1447 785 1523 813 sicut
1536 786 1565 813 et
1579 793 1646 813 nos,
1662 795 1676 812 »

1036 834 1146 864 Tertio.
1170 835 1203 862 ut
1218 833 1327 861 exinde
1345 833 1494 868 majorem
1513 833 1684 861 mercedem
1696 833 1788 862 habe-

1000 882 1059 915 ret,
1075 883 1085 909 Ι
1102 881 1174 914 Cor„
1186 889 1234 915 1x,
1249 882 1280 908 11
1298 889 1304 908 :
1325 891 1338 906 «
1354 882 1418 908 Non
1433 879 1479 907 usi
1500 888 1604 907 sumus
1617 879 1675 908 hac
1688 883 1788 917 potes-

1001 931 1069 964 tate,
1081 938 1096 956 >›
1113 930 1145 957 ut
1157 929 1360 965 acciperemus
1381 927 1493 956 scilicet
1510 930 1645 965 sumptus
1655 937 1674 956 a
1688 929 1787 959 vobis.

1001 976 1150 1012 Sequitur,
1165 977 1220 1004 18:
1238 985 1252 1002 «
1267 976 1338 1009 Quae
1356 977 1399 1003 est
1419 983 1492 1011 ergo
1511 984 1625 1004 merces
1644 977 1734 1004 mea?
1756 978 1789 1004 Ut

1001 1023 1192 1058 evangelium
1218 1022 1404 1059 praedicans,
1433 1022 1497 1051 sine
1525 1024 1647 1060 sumptu
1674 1031 1788 1060 ponam

1002 1070 1203 1106 evangelium.
1220 1081 1233 1097 »

1037 1119 1148 1146 Rursus
1163 1117 1252 1146 etiam
1268 1117 1332 1154 ipse
1354 1117 1537 1153 procurabat
1550 1117 1590 1146 ab
1606 1117 1737 1146 ecclesiis
1750 1118 1787 1147 de

1002 1164 1112 1193 Achaia
1132 1164 1172 1192 ad
1196 1164 1374 1192 donandum
1397 1164 1583 1201 pauperibus
1606 1164 1644 1193 de
1667 1165 1785 1201 Judaea3

1003 1213 1043 1241 ob
1063 1219 1157 1248 quam
1175 1219 1297 1239 causam
1319 1211 1458 1239 collectas
1471 1211 1536 1239 fieri
1554 1211 1698 1248 faciebat,
1710 1214 1739 1241 et
1751 1212 1788 1241 fi-

1003 1259 1085 1287 deles
1104 1258 1144 1287 ad
1165 1258 1223 1286 hoc
1241 1258 1399 1287 efficaciter
1419 1258 1592 1293 inducebat,
1607 1261 1617 1288 1
1635 1260 1707 1292 Cor„
1724 1268 1787 1294 xV1,

1003 1307 1035 1334 1:
1056 1316 1070 1332 «
1084 1307 1123 1334 De
1138 1305 1270 1334 collectis
1284 1307 1402 1341 1autem,
1416 1316 1430 1332 »
1447 1307 1503 1334 etc.
1523 1307 1605 1340 Item,
1620 1307 1642 1335 ΙΙ
1657 1307 1730 1340 Cor„
1746 1316 1788 1344 ix,

1003 1354 1038 1382 6:
1058 1363 1072 1379 «
1087 1352 1141 1387 Qui
1155 1360 1245 1389 parce
1259 1352 1396 1387 seminat,
1410 1361 1500 1389 parce
1516 1355 1544 1381 et
1557 1356 1657 1382 metet.
1673 1364 1687 1381 »

1039 1402 1110 1430 Item
1135 1400 1228 1428 dabat
1250 1399 1393 1436 proximis
1416 1400 1511 1428 verba
1529 1401 1590 1436 Dei,
1609 1402 1720 1438 quibus
1739 1410 1789 1430 co-

1002 1447 1170 1484 piosissime
1186 1447 1377 1483 abundabat3
1400 1447 1462 1475 imo
1485 1448 1573 1476 etiam
1594 1449 1726 1485 seipsum
1741 1457 1791 1477 eo-

1003 1504 1071 1524 rum
1085 1495 1261 1523 utilitatibus
1276 1495 1447 1529 dedicabat,
1463 1497 1472 1523 1
1492 1496 1596 1529 Thess„
1608 1504 1640 1531 11,
1656 1497 1687 1524 8:
1705 1505 1720 1522 α
1735 1497 1789 1524 Vo-

1003 1542 1141 1571 lebamus
1155 1542 1274 1571 tradere
1292 1542 1381 1570 vobis
1395 1550 1458 1570 non
1473 1543 1572 1570 solum
1586 1543 1787 1578 evangelium,

1004 1590 1057 1618 sed
1078 1590 1167 1618 etiam
1188 1589 1304 1618 animas
1327 1592 1458 1625 nostras,
1478 1590 1625 1626 quoniam
1645 1590 1789 1618 carissimi

1003 1637 1091 1665 nobis
1114 1637 1183 1665 facti
1207 1636 1314 1665 estis.»
1341 1638 1427 1672 Item,
1455 1638 1476 1666 Il
1496 1637 1629 1669 Corinth.¹
1654 1645 1712 1672 xn,
1733 1639 1785 1666 15:

1005 1693 1019 1710 «
1033 1685 1093 1719 Ego
1109 1684 1173 1720 ipse
1186 1684 1381 1712 libentissime
1396 1683 1587 1720 impendam,
1602 1686 1630 1713 et
1644 1684 1789 1721 superim-

1002 1731 1118 1767 pendar
1132 1739 1188 1766 pro
1203 1731 1362 1760 animabus
1378 1731 1492 1760 vestris.
1507 1742 1521 1758 »

1037 1779 1108 1807 Mira
1121 1779 1244 1816 insuper
1259 1780 1297 1808 de
1318 1787 1444 1815 corpore
1458 1787 1513 1808 suo
1534 1779 1602 1807 fecit
1615 1788 1671 1817 pro
1687 1779 1789 1817 proxi-

1001 1826 1058 1854 mis
1073 1826 1113 1854 ad
1127 1826 1220 1855 fidem
1242 1828 1271 1855 et
1291 1827 1417 1855 salutem
1440 1827 1665 1861 convertendiS‚
1679 1827 1789 1864 praedi-

1002 1873 1100 1902 cando
1119 1874 1244 1909 scilicet,
1271 1873 1470 1911 disputando,
1493 1874 1688 1903 discurrendo
1704 1882 1721 1902 a
1735 1875 1788 1903 Da-

1001 1929 1101 1949 masco
1123 1921 1155 1949 in
1175 1921 1328 1956 Arabiam,
1350 1921 1382 1948 in
1406 1921 1606 1956 Hierusalem,
1633 1921 1664 1949 in
1687 1922 1788 1950 Antio-

1002 1967 1110 1995 chiam.
1135 1968 1246 1996 Deinde
1266 1968 1318 1996 ivit
1336 1968 1420 2002 jussu
1440 1968 1564 2004 Spiritus
1587 1969 1696 2003 sancti,
1719 1977 1788 1996 cum

1001 2015 1154 2048 Barnaba,
1170 2015 1208 2042 de
1232 2015 1388 2043 Antiochia
1406 2015 1438 2043 in
1459 2016 1600 2051 Cyprum.
1617 2015 1689 2043 Inde
1706 2016 1789 2043 navi-

1001 2064 1105 2096 gantes
1119 2061 1150 2089 in
1169 2061 1396 2097 Pamphyliam,
1419 2063 1448 2089 et
1468 2063 1535 2097 post
1557 2064 1659 2089 euntes
1674 2062 1705 2089 in
1719 2062 1788 2090 Pisi-

1002 2108 1095 2142 diam,
1107 2108 1252 2142 Iconium,
1268 2108 1460 2145 Lycaoniam,
1476 2109 1692 2137 constituerunt
1705 2118 1788 2145 pres-

1001 2155 1123 2192 byteros
1136 2164 1191 2191 per
1205 2155 1362 2183 universas
1377 2155 1526 2191 ecclesias,
1543 2158 1570 2184 et
1584 2157 1706 2185 tandem
1720 2160 1788 2193 post

1000 2202 1112 2230 factum
1126 2202 1322 2238 multiplicem
1336 2203 1475 2237 fructum,
1489 2203 1677 2232 Antiochiam
1691 2205 1787 2233 redie-

1001 2251 1069 2277 runt
1081 2257 1088 2276 ε
1105 2248 1142 2276 de
1156 2249 1202 2277 his
1216 2250 1343 2277 habetur
1354 2249 1488 2286 plenius,
1505 2251 1581 2283 Act„
1595 2259 1659 2286 xm,
1673 2260 1730 2280 xxv.

1037 2296 1230 2324 Postmodum
1244 2305 1317 2324 vero
1339 2298 1448 2325 Paulus
1467 2298 1573 2326 volens
1591 2299 1708 2327 visitare
1727 2300 1786 2328 fra—

1001 2346 1069 2377 tres,
1080 2343 1190 2379 quibus
1200 2343 1415 2379 praedIcaverat
1425 2345 1551 2373 verbum
1562 2346 1622 2380 Dei,
1632 2350 1785 2383 assumpto

1001 2390 1059 2418 Sila
1074 2390 1105 2418 in
1119 2390 1246 2425 socium,
1260 2391 1411 2426 profectus
1426 2393 1469 2420 est
1488 2392 1518 2420 in
1533 2393 1649 2428 Syriam
1668 2395 1695 2421 et
1717 2394 1786 2422 Cili-

1001 2437 1088 2465 ciam.
1112 2438 1183 2466 Inde
1204 2440 1389 2466 transeuntes
1414 2439 1588 2476 Phrygiam,
1614 2443 1642 2468 et
1668 2436 1786 2469 Galatiae

1000 2485 1173 2519 regionem,
1188 2488 1335 2513 venerunt
1349 2486 1488 2522 Mysiam,
1505 2488 1533 2515 et
1548 2490 1648 2522 postea
1662 2490 1786 2516 vocatus

1000 2531 1031 2559 in
1053 2531 1258 2560 Macedoniam
1284 2533 1435 2568 navigavit
1462 2542 1468 2560 :
1499 2535 1527 2561 et
1553 2536 1623 2561 tunc
1644 2534 1785 2570 Philippis

999 2578 1213 2606 Thessalonicae
1225 2601 1233 2614 ,
1253 2581 1281 2607 et
1298 2580 1329 2607 in
1348 2580 1449 2607 multis
1469 2580 1535 2608 aliis
1554 2580 1722 2608 civitatibus
1740 2590 1785 2610 re—

1000 2625 1097 2661 gionis
1114 2626 1193 2654 illius
1218 2626 1347 2655 multum
1373 2627 1502 2656 fructum
1526 2627 1654 2663 faciens,
1676 2636 1782 2656 conse-

1032 2726 1066 2757 (a)
1087 2726 1161 2758 Vulq.
1176 2727 1269 2752 Nostra
1284 2734 1361 2758 quam
1373 2727 1442 2752 dedit
1455 2727 1538 2753 nobis.
