2004 3037
268 279 307 309 22
857 277 1033 310 MYSTIGA
1052 277 1277 310 THEOLOG¹A
1284 301 1292 309 .

302 343 461 378 Quomodo
480 351 551 379 ergo
572 351 627 380 per
643 343 721 372 hane
739 343 893 374 ran'onalis
906 345 1042 382 spiritus,

267 392 306 420 ab
329 391 394 427 ipsa
416 390 539 418 feliciter
558 390 732 426 instructus,
753 393 888 426 respectu
909 393 1045 421 omnium

266 437 395 466 suaviter
409 437 596 474 disponatur,
616 437 720 466 divino
739 438 867 475 desuper
883 439 1045 468 irradiante

266 484 379 512 lumine
394 483 596 512 ostendemus.
611 484 726 520 Primo,
741 487 878 521 respectu
894 494 1045 522 supercoe-

266 530 384 558 lestium
399 539 406 558 :
423 538 492 558 cum
507 531 587 559 enim
601 531 633 558 in
644 531 709 567 ipsa
723 531 896 560 beatissima
907 533 1045 562 Trinitate

266 577 303 605 sit
315 585 333 605 a
347 578 430 605 Patre
443 577 533 606 Filius
545 577 700 613 egrediens
708 599 718 613 ,
731 578 771 606 ab
783 580 911 615 utroque
923 579 1046 616 Spiritus

266 625 384 652 sanctus
397 632 483 652 amor
500 632 588 652 verus
602 624 782 660 proceden5‚
801 627 979 654 connectens
993 627 1046 655 Pa-

266 672 342 698 trem
357 673 392 699 et-
404 671 525 706 Filium,
541 671 583 698 sic
601 679 620 698 a
640 670 722 699 fonte
746 672 888 700 bonitatis
911 681 1046 709 supernae

266 717 411 753 sapientia
423 717 535 746 unitiva
549 717 726 754 procedens,
737 719 829 746 menti
841 719 940 747 adhuc
954 720 1045 748 vianti

265 763 388 792 inferius
411 764 538 801 illapsa,
559 764 692 792 uniendo
715 765 812 801 ipsam
831 767 978 794 connectit
998 767 1044 794 in-

266 813 364 838 creato
385 811 503 847 Spiritui
520 821 527 839 ε
548 813 579 839 ut
602 811 676 840 sicut
697 813 781 840 Pater
799 814 829 840 et
848 812 937 840 Filius
949 835 958 848 ,
978 813 1046 842 licet

266 857 323 884 sint
345 857 496 894 distincti,
518 860 617 886 tamen
642 866 739 886 unum
768 858 907 887 dicuntur
931 860 1045 889 ratione

267 904 377 931 amoris
394 905 607 939 connectentis,
624 905 664 932 sic
679 913 733 941 per
747 905 833 933 istam
848 905 1043 942 sapientiam,

267 958 327 986 qua
341 951 406 990 sola
420 960 503 979 meus
519 960 659 988 supremo
681 952 796 988 spiritui
815 953 950 988 inhaeret,
966 954 1046 981 tanta

266 997 438 1033 nobilitate,
460 998 527 1026 lieet
545 998 619 1026 nihil
638 999 689 1032 sit,
710 998 820 1035 perfrui
846 1001 1043 1035 promeretur,

267 1046 299 1072 ut
311 1052 406 1072 unum
421 1044 536 1073 dicatur
551 1053 613 1073 esse
629 1053 698 1073 cum
715 1045 767 1073 illo
791 1046 829 1073 ab
849 1046 990 1082 Apostolo
1004 1047 1045 1075 sic

271 1090 405 1119 dicente¹
424 1101 430 1119 :
450 1092 504 1124 Qui
527 1092 646 1120 udhoerec
669 1094 737 1125 Dee,
760 1101 831 1120 unus
855 1095 972 1128 spiritus
996 1096 1045 1121 est.

269 1138 333 1165 Hoee
349 1139 448 1166 autem
469 1138 618 1166 ordinatio
640 1146 702 1166 non
725 1141 839 1167 tantum
858 1141 981 1175 apparet
1003 1148 1047 1168 ra-

268 1184 348 1212 tione
373 1184 486 1212 ordinis
510 1193 706 1221 personarum
732 1193 784 1221 per
806 1185 911 1213 unitivi
936 1186 1047 1214 amoris

269 1230 444 1266 sapientiam
459 1231 654 1267 acquisitam,
670 1232 723 1259 sed
743 1232 856 1259 ratione
875 1232 1047 1261 divinorum

270 1280 390 1305 actuum
405 1287 412 1306 :
430 1272 500 1314 quia
515 1287 584 1306 cum
599 1278 645 1306 isti
661 1278 721 1306 duo
736 1281 818 1306 actus
833 1279 890 1307 sint
911 1280 1047 1308 coaeterni

271 1326 299 1352 ct
313 1324 578 1353 consubstantiales
592 1325 622 1352 in
641 1325 706 1361 ipso
722 1325 893 1353 beatissimo
909 1327 967 1354 Deo
978 1347 986 1361 ,
1003 1326 1047 1353 vi-

272 1370 379 1399 delicet
399 1371 529 1407 seipsum
553 1379 752 1407 cognoscere,
776 1375 804 1400 et
825 1373 955 1408 seipsum
981 1372 1048 1400 dili-

271 1424 357 1452 gerc;
374 1417 404 1444 in
423 1418 480 1445 hoe
497 1418 579 1454 quod
602 1426 686 1446 mens
710 1419 741 1446 in
763 1419 829 1454 ipso
851 1419 1004 1454 ardenter,
1022 1422 1049 1447 et

271 1463 420 1491 infallibili
437 1465 624 1499 cognitione,
639 1473 693 1501 per
716 1466 855 1494 ardorem
878 1468 1047 1502 cognoscit,

272 1510 361 1538 veluti
376 1511 405 1538 in
421 1511 531 1539 amoris
545 1511 756 1540 inardescentis
770 1513 937 1542 meridiano
951 1513 1048 1541 calore

271 1557 418 1585 recubans
433 1560 460 1586 et
474 1557 597 1592 ardens,
614 1559 643 1585 in
658 1558 724 1594 ipso
739 1559 824 1595 quasi
839 1559 986 1588 indicibili
1000 1568 1048 1588 ar-

273 1603 346 1631 dore
362 1612 392 1632 se
409 1604 523 1640 diligit,
540 1607 567 1633 et
578 1613 632 1641 per
643 1605 700 1633 hoc
715 1606 813 1641 ipsum
827 1606 973 1641 intimius,
989 1615 1049 1634 non

274 1653 387 1678 tantum
409 1659 460 1687 pcr
482 1654 647 1679 creaturam
671 1652 859 1683 sensibilem,
874 1653 948 1688 ipsi,
963 1657 1051 1689 prout

273 1697 414 1732 possibile
433 1700 489 1731 est,
507 1698 726 1733 conformatur,
743 1702 771 1726 et
790 1699 820 1726 in
834 1699 932 1735 ipsum
948 1708 1049 1727 amore

275 1743 382 1771 deifico
409 1745 642 1772 transformatur.
665 1745 710 1772 Sic
732 1753 815 1772 mens
836 1746 978 1781 disposita
1002 1755 1052 1774 ex-

274 1790 458 1825 pressissima
485 1794 662 1819 aeternorum
691 1795 810 1819 actuum
834 1795 876 1820 est
901 1793 1049 1820 imitatrix.

310 1836 366 1864 Sed
390 1845 451 1864 non
476 1840 588 1865 tantum
615 1841 645 1865 ut
669 1840 711 1865 est
735 1838 810 1866 ordo
834 1847 1048 1874 personarum,

274 1895 328 1915 nec
350 1888 462 1914 tantuin
483 1889 602 1914 actuum
627 1887 798 1914 divinorum
818 1888 982 1923 {eternitas3
999 1889 1051 1916 sed

274 1934 337 1970 ipse
354 1935 428 1961 Deus
443 1933 631 1961 beatissimus
652 1936 694 1961 est
719 1934 806 1961 totius
828 1937 967 1962 ereatura:
991 1938 1050 1963 tam

275 1980 380 2008 mentis
395 1980 548 2014 angelicze,
564 1988 654 2015 quam
669 1981 821 2014 humanae,
838 1983 897 2008 tam
912 1984 1051 2010 creaturae

275 2027 432 2060 sensibilis,
445 2035 534 2062 quam
549 2027 727 2054 insensibilis
740 2027 848 2054 t'ontale
860 2028 1050 2063 principium.

276 2073 356 2100 Unde
380 2075 406 2100 ct
431 2073 461 2100 in
486 2073 542 2100 hoc
567 2073 664 2100 solum
689 2073 855 2100 insinuatur
879 2074 1052 2102 excellentia

275 2121 428 2154 creaturae,
446 2119 567 2155 quando
585 2119 614 2146 iu
630 2119 660 2146 id
675 2119 870 2155 principium,
888 2128 904 2147 a
925 2129 985 2156 quo
999 2121 1051 2148 ha-

276 2166 325 2193 bet
347 2166 493 2201 originem
516 2165 741 2202 primordialem
756 2187 764 2200 ,
787 2167 941 2195 revertitur
958 2177 964 2194 :
981 2167 1052 2203 quia

276 2212 428 2239 rationalis
443 2212 561 2247 spiritus
574 2212 612 2239 ab
628 2212 692 2247 ipso
710 2212 878 2240 immediate
895 2214 1052 2242 Conditore

277 2260 409 2292 creatus,
434 2258 525 2293 ipsius
553 2258 697 2285 'trinitatis
722 2259 877 2293 insignitus
901 2260 1050 2295 imagine,

276 2304 421 2340 ampliore
438 2304 578 2339 dignitate
602 2308 719 2332 caeteras
743 2306 895 2333 inferiores
917 2308 1053 2343 excellit,

277 2353 305 2378 et
320 2353 388 2378 tunc
410 2350 512 2378 divino
532 2351 646 2385 judicio
666 2352 811 2386 perfectus
826 2355 853 2380 et
876 2354 1054 2382 reformatus

277 2398 387 2431 existit,
408 2397 529 2433 quaudo
551 2405 603 2432 per
625 2406 758 2425 amorem
783 2400 987 2434 excessivum,
1003 2409 1052 2428 co-

279 2447 395 2479 gentem
421 2443 529 2470 limites
562 2444 769 2472 transcendere
801 2446 967 2481 naturales,
997 2447 1052 2482 ipsi

278 2492 378 2519 unitur
400 2492 535 2519 ecstatica
556 2492 665 2519 umoris
687 2493 943 2528 consurrectione,
960 2502 977 2521 a
994 2503 1053 2530 quo

280 2538 510 2574 primordialiter
535 2538 642 2571 exivit,
656 2541 687 2566 ut
703 2540 766 2573 Jam
788 2540 915 2567 circulus
930 2544 1055 2568 aeternus

280 2586 310 2612 in
337 2586 400 2620 ipso
428 2593 569 2620 apparere
594 2585 735 2620 incipiat,
761 2586 800 2613 ad
823 2586 928 2621 illum,
952 2595 969 2615 a
992 2596 1052 2623 quo

282 2632 371 2658 exivit
386 2631 629 2666 primordialiter,
646 2632 832 2660 revertendo.

315 2732 320 2747 ἒ
338 2732 342 2755 Ι
359 2731 427 2759 Corn,
439 2732 567 2760 x1,t'1.—-
580 2730 746 2761 ²Psal.1.x11,
763 2734 824 2755 3.-
839 2732 849 2748 ⁸
862 2733 946 2763 Apoc„
964 2739 1016 2762 xw,
1032 2734 1054 2757 4.

1139 345 1197 374 Sed
1211 347 1239 374 et
1252 345 1316 382 ipse
1331 345 1474 374 Conditor
1492 347 1619 374 aeternus
1633 352 1697 374 non
1709 346 1824 375 tantum
1837 346 1882 374 est

1100 392 1190 420 totius
1219 395 1360 421 creaturae
1386 392 1570 429 principium
1594 393 1623 420 et
1645 392 1750 428 origo3
1773 391 1828 420 sed
1853 393 1882 420 et

1101 439 1204 468 omnia
1223 439 1285 467 suis
1306 439 1472 468 rationibus
1497 439 1613 468 aeternis
1643 438 1686 467 sic
1707 438 1814 467 ordine
1835 439 1882 467 in-

1101 485 1294 514 concussibili
1307 486 1492 521 regulantur,
1507 486 1542 514 ut
1555 486 1657 514 omnia
1671 493 1797 522 quaeque
1807 505 1818 521 ,
1833 484 1880 514 di-

1101 533 1172 562 vina
1198 533 1354 570 regulante
1380 533 1569 570 providentia
1584 553 1594 568 ‚
1616 533 1745 561 finaliter
1767 533 1799 561 in
1821 532 1883 560 suis

1102 581 1260 609 ordinibus
1274 580 1496 618 conquiescant.
1517 580 1563 608 Sic
1584 588 1668 608 mens
1688 587 1742 616 per
1763 579 1883 608 intimas

1101 627 1273 656 affectiones
1296 635 1480 663 consurgens
1493 647 1504 661 ,
1526 627 1662 663 quodam
1674 626 1777 655 medio
1791 625 1882 654 mira-

1101 673 1154 702 bili
1173 674 1269 711 ipsam
1288 682 1408 702 carnem
1428 674 1586 703 irrorando
1601 673 1763 710 pertundit,
1777 673 1883 701 saltem

1104 721 1207 758 quoad
1220 721 1294 756 hoc,
1317 724 1348 749 ut
1372 721 1474 749 innata
1498 720 1650 757 corruptio
1672 719 1819 756 paulatim
1840 719 1882 748 sic

1103 767 1272 796 debilitetur
1286 768 1317 796 in
1337 768 1417 804 ipsa,
1433 767 1464 795 in
1487 769 1634 804 quantum
1656 774 1741 795 mens
1760 774 1815 803 per
1838 774 1882 794 ar-

1102 815 1219 843 dentius
1234 814 1407 843 exercitium
1420 814 1460 842 ad
1474 821 1604 851 superna
1615 813 1792 842 extenditur.
1804 814 1882 847 Quo-

1101 861 1183 890 niam
1204 861 1307 890 divina
1328 861 1519 889 miseratione
1538 860 1595 889 hac
1608 860 1734 889 victoria
1752 859 1880 897 pertrui-

1102 910 1160 941 tur,
1173 909 1206 936 ut
1228 908 1259 935 in
1282 909 1427 944 quantum
1447 915 1502 944 per
1526 915 1663 935 amorem
1681 907 1831 942 integrum
1849 914 1880 934 se

1102 954 1222 989 subjicit
1236 954 1359 991 proprio
1376 954 1520 989 Creatori,
1535 954 1565 982 in
1581 955 1695 982 tantum
1708 960 1778 981 caro
1792 948 1880 989 spiri-

1102 1001 1144 1028 tui
1165 1001 1314 1036 subjecta,
1330 1003 1433 1030 eontra
1455 1000 1624 1028 naturalem
1637 999 1879 1034 inclinationem,

1103 1047 1194 1084 ipsius
1215 1048 1342 1084 jussioni
1367 1047 1570 1083 obtemperet,
1592 1048 1621 1075 et
1640 1046 1743 1074 divino
1764 1046 1880 1081 judicio

1103 1097 1321 1130 consequatur,
1350 1096 1382 1122 ut
1406 1094 1480 1122 sicut
1505 1101 1589 1122 mens
1615 1095 1659 1121 est
1685 1101 1812 1121 concors
1835 1092 1880 1120 sui

1103 1141 1269 1170 conditoris
1281 1149 1335 1177 per
1350 1148 1485 1170 amorem
1503 1142 1663 1176 provecta,
1678 1139 1720 1167 sic
1739 1140 1881 1176 sequatur

1103 1187 1237 1224 corporis
1259 1188 1383 1223 subjecti
1405 1189 1434 1216 et
1457 1187 1563 1215 mentis
1586 1185 1768 1220 concordia,
1790 1187 1822 1214 ut
1849 1184 1880 1212 in

1103 1234 1226 1270 proprio
1251 1241 1376 1271 corpore
1391 1234 1483 1262 veluti
1504 1233 1535 1261 in
1549 1240 1642 1269 reguo
1663 1231 1838 1269 praesideat,
1853 1233 1882 1259 et

1105 1281 1185 1309 dicat
1199 1289 1267 1309 cum
1283 1281 1435 1309 Psalmista
1445 1282 1456 1298 ²
1474 1290 1481 1308 z
1496 1281 1591 1308 Sitivit
1606 1281 1637 1307 in
1650 1282 1676 1307 te
1690 1280 1784 1307 anima
1801 1286 1879 1312 mea3

1104 1337 1185 1363 quam
1199 1329 1393 1363 multipliciter
1407 1328 1458 1355 tibi
1475 1335 1536 1355 caro
1549 1334 1616 1354 mea.

1140 1375 1198 1403 Sed
1219 1378 1247 1403 et
1269 1375 1331 1411 ipse
1358 1374 1516 1402 altissimus
1541 1374 1660 1401 Creator
1683 1380 1744 1400 nou
1767 1373 1882 1400 tantum

1106 1422 1199 1450 voluit
1214 1423 1353 1449 creaturae
1367 1429 1491 1458 praeesse
1506 1422 1538 1448 ut
1551 1420 1654 1455 factor,
1668 1418 1718 1447 vel
1733 1417 1883 1447 dominari

1106 1471 1137 1496 ut
1159 1471 1265 1503 rector,
1295 1468 1349 1496 sed
1375 1467 1464 1496 etiam
1485 1475 1503 1495 a
1523 1466 1583 1494 fine
1606 1468 1774 1502 temporum
1797 1463 1883 1500 quasi

1105 1516 1278 1545 celsitudine
1307 1516 1467 1551 majestatis
1493 1515 1614 1544 exiliens
1633 1535 1643 1549 ,
1671 1522 1739 1542 cum
1766 1513 1881 1542 miseris

1106 1563 1289 1599 peregrinari
1304 1563 1441 1597 instituit,
1457 1562 1578 1590 tandem
1592 1562 1623 1589 in
1637 1560 1885 1597 peregrinationis

1106 1610 1231 1638 termino
1260 1610 1298 1637 ad
1328 1617 1471 1645 supernas
1501 1608 1672 1636 mansiones
1699 1606 1882 1634 conscendit.

1106 1657 1162 1685 Sed
1179 1660 1205 1684 et
1220 1657 1275 1693 ipsi
1297 1657 1338 1684 sie
1360 1656 1494 1684 existenti
1515 1655 1545 1683 in
1568 1663 1655 1683 carne
1677 1654 1833 1682 revertenti
1854 1653 1885 1682 in

1107 1704 1216 1731 coelum
1227 1725 1233 1737 ,
1246 1711 1328 1731 mens
1340 1711 1393 1739 per
1405 1702 1574 1731 ecstaticum
1591 1709 1725 1730 amorem
1742 1700 1885 1736 disposita

1107 1750 1266 1778 conformis
1279 1750 1412 1784 efficitur,
1422 1758 1488 1786 quae
1498 1749 1528 1777 in
1539 1757 1592 1777 sua
1602 1747 1790 1785 primordiali
1803 1755 1884 1775 crea.-

1107 1797 1186 1825 tione
1202 1797 1297 1824 libera
1313 1805 1330 1824 a
1342 1805 1396 1824 suo
1417 1797 1552 1824 Creatore
1566 1795 1766 1831 progreditur.
1783 1793 1840 1822 Sed
1855 1796 1882 1822 et

1108 1843 1289 1879 corruptioni
1319 1851 1468 1879 corporea:
1499 1841 1678 1870 necessitatis
1707 1841 1884 1876 conjuncta,

1109 1890 1240 1925 subjecta
1256 1889 1410 1925 multiplici
1433 1888 1564 1917 servituti
1584 1887 1722 1915 mendica
1739 1886 1883 1921 efficitur3

1110 1937 1162 1964 scd
1177 1937 1207 1964 in
1223 1939 1375 1972 posterum
1390 1935 1589 1972 supercoelcsti
1604 1934 1802 1968 immissione,
1818 1933 1884 1961 diu-

1109 1986 1195 2011 turno
1225 1983 1439 2019 aspirationum
1463 1982 1628 2010 ardentium
1657 1980 1794 2008 exercitio
1823 1979 1883 2007 ele-

1110 2033 1191 2064 vata,
1205 2031 1267 2065 jam
1282 2028 1510 2065 quodammodo
1529 2027 1648 2055 arrham
1661 2029 1776 2055 aeternae
1790 2025 1884 2054 felici-

1109 2077 1174 2104 tatis
1191 2075 1330 2112 pertingit
1347 2085 1353 2102 ι
1370 2075 1441 2111 quia
1455 2074 1507 2102 ubi
1523 2076 1618 2108 amat,
1634 2073 1793 2107 inhabitat,
1812 2075 1840 2100 et
1855 2072 1884 2100 in

1109 2123 1161 2151 illo
1177 2123 1216 2150 ad
1238 2130 1327 2157 quem
1350 2121 1456 2155 tendit,
1473 2120 1690 2149 desideriorum
1713 2119 1884 2155 importuna

1109 2169 1257 2197 tendentia
1273 2168 1360 2196 veluti
1374 2169 1403 2195 in
1413 2167 1539 2195 naturali
1553 2166 1676 2194 termino
1692 2165 1882 2201 conquiescit.

1110 2218 1141 2244 Et
1162 2216 1203 2243 sic
1224 2216 1275 2251 qui
1295 2215 1324 2242 in
1343 2214 1488 2250 principio
1509 2213 1667 2241 altissimus
1682 2212 1718 2248 (a)
1735 2211 1861 2239 existens
1873 2232 1882 2246 ,

1110 2262 1241 2290 secundo
1271 2261 1371 2297 quoad
1400 2263 1506 2288 statum
1531 2260 1696 2287 humanum
1718 2257 1883 2292 mendicus,

1109 2308 1193 2336 tertio
1219 2307 1399 2343 glorificatus
1420 2306 1582 2334 ascendens
1597 2306 1628 2333 in
1650 2304 1757 2332 coelum
1767 2325 1776 2339 ,
1791 2312 1884 2340 appa-

1109 2356 1165 2384 ruit
1188 2354 1243 2391 ipsi
1267 2362 1320 2390 per
1344 2353 1489 2381 unitivam
1517 2352 1691 2388 sapientiam
1718 2350 1883 2379 conforma-

1111 2404 1170 2435 tus,
1186 2403 1218 2428 ut
1235 2400 1340 2428 merito
1362 2400 1476 2427 dicatur
1496 2400 1527 2427 in
1546 2398 1725 2435 Apocalypsi
1748 2398 1786 2425 de
1806 2396 1883 2423 veris

1111 2449 1293 2481 amantibus,
1306 2447 1369 2482 jam
1384 2446 1611 2482 quodammodo
1627 2445 1682 2472 sibi
1701 2443 1817 2471 reddita
1831 2450 1884 2478 per

1110 2497 1339 2531 purgamentum
1353 2493 1484 2521 flammei
1499 2492 1608 2521 amoris
1630 2490 1797 2519 innocentia
1810 2497 1883 2525 puc-

1109 2541 1156 2569 rili
1167 2543 1176 2556 ²⁴
1194 2550 1199 2568 :
1217 2542 1254 2567 Ηί
1268 2543 1416 2575 sequuntur
1430 2548 1529 2574 (tynum
1544 2560 1551 2573 ,
1567 2545 1731 2573 quocumque
1746 2537 1820 2563 ierit.

1145 2587 1201 2615 Sed
1227 2589 1326 2614 tamen
1353 2594 1415 2614 non
1441 2588 1554 2614 tantum
1579 2585 1610 2611 in
1632 2585 1767 2618 respectu
1790 2582 1883 2618 ipsius

1110 2633 1276 2662 conditoris
1295 2655 1303 2668 ‚
1332 2641 1385 2669 per
1410 2633 1495 2661 istam
1513 2630 1688 2667 sapientiam
1702 2638 1786 2658 mens
1802 2628 1837 2664 (b)
1852 2628 1882 2656 in

1144 2732 1176 2763 (a)
1191 2731 1232 2755 Al.
1250 2731 1398 2756 tutissimus.
1409 2745 1439 2750 —
1452 2731 1486 2762 (b)
1502 2730 1544 2755 Al.
1558 2730 1657 2754 uniens.
