2004 3037
239 214 299 245 512
853 203 989 238 BiBLIA
1009 202 1241 241 PAUPERUM.

276 289 291 306 ιι
327 276 607 308 Nabuchodonosor
642 273 756 313 juravit
789 280 846 311 per
875 273 1020 304 thronum

237 333 326 355 suum
333 346 344 362 ‚
359 324 445 362 quod
458 322 633 353 defenderet
647 329 696 357 se,
709 331 726 349 ι»
740 320 852 358 Iudith,
865 328 887 350 1.

243 391 248 393 Α
271 373 333 402 Rex
343 371 504 401 Antiochus
514 371 594 400 filius
606 368 742 399 Antiochi
756 368 836 398 misit
849 367 890 397 ad
901 366 1020 397 sudaeos

235 428 342 458 pacem
356 420 464 455 faeere,
479 429 494 447 α
505 421 533 448 et
543 418 655 455 juravit
668 417 726 446 illis
738 424 791 446 rex
802 417 831 444 et
841 415 990 453 princeps.
1001 425 1017 443 n

235 467 374 505 Sequitur
389 477 397 497 :
416 477 432 495 α
446 469 478 497 Et
491 466 572 504 rupit
585 465 671 495 citius
677 465 893 502 juramentum.
904 473 919 490 n
931 463 942 492 l
957 463 1018 491 Μα-

235 515 325 550 chab,
339 523 378 544 vi.

272 561 402 590 Herodes
421 560 579 590 Tetrarcha
596 559 709 596 ,iuravit
727 557 797 587 filiae
818 556 1017 587 Herodiadis:

238 618 253 637 σι
266 608 419 646 Quidquid
433 608 567 645 petieris,
591 607 672 637 dabo
689 606 759 642 tibi,
773 605 841 635 licet
858 604 1018 634 dimidium

234 656 319 692 regni
333 656 402 684 mei.
417 666 431 682 ι»
448 657 550 692 Marc„
563 663 603 684 vi.

271 704 371 732 Petrus
395 703 564 732 dicentibus
587 701 644 731 sibi
663 710 670 730 :
693 711 708 728 α
733 703 766 730 Et
788 702 822 730 tu
844 708 881 729 ex
904 699 962 728 illis
976 707 1017 732 eS,

234 758 306 779 nam
321 753 349 778 et
360 750 483 787 loquela
497 752 548 778 tua
563 749 752 778 manifestum
762 751 789 778 te
804 748 873 777 facit
885 758 893 784 ;
904 759 917 774 ι)
931 747 1020 784 coepit

236 797 385 833 detestari,
408 799 436 826 et
457 797 576 834 jurare,
601 796 674 834 quia
694 804 756 825 non
770 795 903 825 novisset
920 794 1018 823 homi-

234 852 314 873 nem.
331 846 428 880 Mate„
442 852 524 872 xxvi.

271 892 429 929 Apostolus
450 891 559 920 Paulus
578 889 751 919 multotiens
774 889 884 926 legitur
903 888 1020 924 jurasse

235 940 265 967 in
278 938 414 976 Epistolis
433 939 503 967 suis.
521 939 530 967 l
547 938 622 973 Cor„
644 945 683 966 xv
701 946 708 965 :
725 947 739 963 α
755 936 891 971 Quotidie
906 935 1020 964 morior

234 994 289 1023 per
303 989 431 1014 vestram
447 985 576 1021 gloriam
591 984 703 1013 fratres.
717 995 731 1012 n
750 985 832 1019 Item,
848 984 870 1012 ll
887 983 960 1018 Cor„
972 989 1018 1011 xi:

238 1042 252 1060 α
270 1034 344 1062 Deus
367 1035 395 1061 ct
414 1034 498 1062 Pater
515 1032 633 1060 Domini
656 1033 724 1060 lesu
742 1030 846 1060 Christi
868 1030 932 1064 scit,
947 1029 1020 1066 quia

234 1087 296 1109 non
315 1080 453 1108 mentior.
474 1091 488 1108 ι)
511 1081 598 1114 ltcm,
614 1079 709 1107 Galat.
721 1099 731 1114 ‚
753 1086 782 1107 1.-
801 1088 815 1104 α
831 1079 902 1106 Ecce
917 1084 1020 1105 coram

235 1128 305 1162 Deo,
319 1128 390 1164 quia
404 1135 466 1155 non
483 1127 621 1155 mentior.
639 1136 654 1153 n
671 1127 761 1161 Rom„
777 1133 787 1154 1
807 1133 815 1154 ε
834 1135 849 1152 α
869 1124 962 1152 Testis
977 1125 1020 1152 est

235 1175 307 1204 mihi
327 1177 416 1210 Deus,
432 1175 478 1203 cui
494 1174 601 1203 servio.
619 1185 631 1200 u
650 1176 737 1208 item,
752 1174 763 1202 1
782 1173 857 1208 Cor„
872 1180 882 1201 1
898 1181 906 1202 ι
925 1183 940 1199 «
952 1173 1019 1201 Tes-

235 1225 293 1252 tem
306 1224 398 1252 Deum
413 1223 520 1251 invoco
535 1222 566 1250 in
581 1221 714 1250 animam
728 1228 837 1249 meam.
854 1230 869 1246 »

491 1316 635 1351 CAPUT
665 1315 757 1349 XIX.

434 1389 473 1418 De
492 1389 608 1417 sabbati
627 1388 818 1416 observacione.

271 1458 444 1489 Observatio
469 1458 586 1486 sabbati
616 1458 764 1493 originem
791 1457 878 1485 trahit
903 1464 939 1485 ex
964 1465 1019 1494 eo,

235 1507 319 1545 quod
342 1506 465 1540 dicitur,
491 1505 568 1540 Gen„
590 1513 610 1533 ιι
628 1515 637 1533 ι
655 1514 669 1531 ι(
688 1504 839 1533 Benedixit
861 1505 936 1532 Deus
959 1503 1018 1532 diei

235 1555 371 1591 septimo,
388 1556 416 1581 et
428 1553 621 1581 sanctificavit
635 1552 737 1587 illum,
754 1552 826 1589 quia
845 1552 954 1588 inipso
973 1560 1019 1580 re·

235 1602 348 1638 quievit
363 1601 401 1628 ab
415 1600 496 1628 omni
509 1608 598 1636 opere
614 1608 680 1635 suo,
696 1610 710 1626 »
729 1602 782 1627 etc.

271 1650 357 1677 Sexta
381 1648 428 1676 die
451 1647 504 1675 filii
527 1647 615 1676 lsrael
637 1648 667 1675 in
695 1647 812 1675 deserto
838 1646 1021 1682 colligebant

235 1704 346 1725 manna
362 1695 472 1731 duplici
489 1695 662 1731 quantitate,
678 1697 708 1722 ut
724 1694 771 1722 die
791 1693 908 1722 sabbati
930 1702 1019 1722 vaca-

235 1746 300 1772 rent
315 1743 353 1771 ab
369 1742 451 1770 omni
466 1750 567 1778 opere.
583 1742 684 1776 Ereti„
700 1749 760 1770 xvi.

271 1792 348 1819 lnter
374 1792 520 1826 praecepta
545 1788 681 1823 decalogi
707 1788 797 1815 solius
821 1786 954 1815 mandati
982 1787 1019 1815 de

235 1837 353 1866 sabbati
365 1836 573 1864 observatione
587 1835 660 1863 ratio
677 1834 822 1869 redditur,
836 1835 906 1870 quia
921 1834 1020 1861 minus

236 1884 274 1912 de
288 1884 401 1912 ratione
418 1882 500 1919 apud
513 1881 647 1911 carnales
662 1881 797 1911 homines
811 1881 923 1910 habere
938 1881 1019 1909 vidc-

236 1931 334 1960 batur.
351 1931 452 1965 Eaeod„
468 1938 518 1959 xx.

271 1979 451 2014 Praeceptum
467 1976 503 2005 de
525 1975 734 2004 observatione
749 1974 865 2004 sabbati
880 1974 1020 2010 frequen-

237 2027 279 2054 ter
293 2025 433 2061 repetitur
452 2024 482 2051 in
497 2023 577 2059 lege,
602 2025 635 2051 ut
654 2023 746 2051 homo
766 2022 841 2050 illud
863 2022 1020 2057 diligenter

236 2072 384 2106 observet,
399 2074 427 2099 ct
442 2073 474 2099 ut
488 2079 591 2098 veram
603 2071 737 2106 requiem
754 2069 877 2106 adipisci
892 2069 1019 2097 laboret.

272 2120 323 2148 Die
348 2118 465 2147 sabbati
485 2117 688 2146 offerebantur
712 2117 772 2145 duo
800 2117 888 2152 agni3
913 2116 1021 2144 diebus

236 2167 320 2202 aliis,
351 2174 428 2194 unus
449 2167 581 2199 tantum,
605 2164 659 2191 nisi
683 2164 712 2191 in
737 2163 974 2192 solemnitatibus
993 2165 1021 2191 et

236 2213 378 2247 calendis,
396 2212 435 2240 ad
447 2211 677 2247 designandum,
695 2211 778 2247 quod
793 2211 912 2239 infestis
927 2210 1021 2238 abun-

237 2261 355 2290 dantius
372 2262 462 2288 Deum
478 2259 601 2287 laudare
618 2258 775 2286 debemus,
791 2259 887 2293 Num„
898 2265 999 2287 xxviii.

272 2311 365 2338 llomo
379 2308 580 2344 deprehensus
591 2307 731 2341 colligere
744 2306 826 2341 ligna
836 2306 865 2333 in
881 2305 1018 2341 sabbato,

236 2357 290 2385 fuit
304 2358 450 2393 praecepto
472 2354 588 2384 Domini
607 2353 758 2390 lapidatus
777 2361 794 2381 a
816 2354 876 2381 toto
892 2352 1017 2390 populo.

235 2404 329 2437 Num„
345 2410 395 2431 xv.

271 2450 380 2478 Videns
396 2447 549 2477 Nehemias
568 2447 705 2475 homines
720 2447 879 2476 torcularia
899 2447 1018 2475 calcan-

237 2500 278 2527 tes
288 2519 297 2532 ,
312 2499 341 2525 et
356 2504 447 2524 onera
465 2497 630 2531 portantes,
645 2497 673 2523 et
690 2494 809 2523 venalia
824 2495 854 2522 in
873 2494 1017 2530 sabbatis,

237 2545 408 2580 objurgavit
435 2550 486 2571 eos
507 2544 651 2579 tanquam
672 2541 752 2570 diem
775 2542 892 2571 sabbati
917 2541 1017 2579 profa-

237 2592 484 2626 nantes.Nelzem.‚
500 2598 542 2619 111.
691 2611 695 2615 Α

273 2640 400 2669 Gentiles
414 2646 449 2666 ex
465 2640 546 2674 parte
567 2636 701 2665 Antiochi
721 2637 933 2666 constituerunt
944 2644 1018 2673 prae-

240 2688 279 2716 lia
295 2688 324 2715 in
346 2686 451 2714 dicbus
470 2685 664 2714 sabbatorum
688 2685 831 2714 adversus
853 2684 1016 2721 quosdam,

1073 273 1127 311 qui
1144 272 1283 309 fugerant
1301 271 1340 301 de
1361 271 1487 302 sudaeaz
1509 273 1541 303 at
1560 272 1605 302 illi
1628 280 1695 303 non*
1711 274 1855 305 miserunt

1073 319 1217 357 lapidem,
1231 327 1286 348 nec
1301 318 1513 356 oppilaverunt
1524 319 1594 350 loca
1610 320 1738 357 occulta,
1751 321 1855 352 dicen-

1073 368 1135 396 tes:
1151 377 1165 394 α
1180 366 1339 397 moriamur
1348 374 1452 396 omnes
1465 366 1498 395 in
1511 366 1699 404 simplicitate
1713 370 1826 398 nostra.
1837 379 1852 398 ι

1073 415 1240 450 lucelana,
1262 423 1294 444 ιι.
1315 416 1354 443 De
1376 415 1487 452 quibus
1513 418 1555 445 est
1575 416 1748 453 advertere,
1771 417 1855 454 quod

1073 462 1142 492 licet
1156 471 1228 499 erga
1242 462 1418 491 mandatum
1428 463 1546 492 Domini
1557 463 1750 492 devotionem
1761 467 1857 494 osten-

1074 510 1178 539 derent
1192 520 1201 546 ;
1231 512 1332 538 tamen
1357 510 1542 539 attendentes
1564 512 1669 547 postea
1691 511 1777 548 quod
1803 519 1858 548 per

1073 557 1131 586 hoc
1145 557 1276 594 populus
1298 557 1415 586 Domini
1437 557 1569 594 dispergi
1589 559 1720 594 poterat,
1744 558 1858 595 cogita-

1073 607 1180 633 verunt
1194 605 1305 633 saniori
1316 605 1453 639 consilio,
1464 604 1592 634 dicentes
1604 613 1611 633 ε
1627 614 1642 632 α
1654 605 1756 634 Omnis
1764 604 1858 634 homo

1074 651 1257 689 quicumque
1284 652 1398 680 venerit
1425 652 1466 680 ad
1487 659 1543 680 nos
1572 652 1620 680 die
1644 652 1856 690 sabbatorum,

1073 699 1244 735 pugnemus
1264 699 1409 728 adversus
1431 707 1510 728 eum.
1524 709 1538 726 n
1561 700 1626 727 Non
1641 700 1722 728 enim
1740 699 1858 729 videtur

1074 753 1151 782 opus
1165 745 1285 782 servile,
1300 753 1436 782 pugnare
1454 753 1510 783 pro
1525 745 1586 775 vita
1601 746 1724 782 tuenda,
1737 746 1787 776 vel
1800 755 1857 784 pro

1073 792 1139 828 lege
1154 793 1215 821 Dei.
1533 819 1536 823 .

1109 839 1295 869 Machabaeus
1322 839 1413 868 ludas
1425 861 1435 875 ‚
1464 841 1493 868 et
1519 840 1592 869 socii
1619 840 1666 869 sui
1691 843 1858 878 pugnantes

1074 888 1178 915 contra
1203 886 1379 915 Nicanorem
1402 889 1431 915 et
1450 887 1611 915 exercitum
1635 895 1740 924 suum,
1766 888 1858 917 inter-

1073 933 1207 962 fecerunt
1222 942 1310 970 super
1325 941 1436 962 novem
1446 934 1541 962 millia
1553 934 1722 969 hominum,
1738 937 1858 964 coeteros

1075 982 1174 1010 autem
1190 980 1291 1017 fugere
1303 981 1512 1018 compulerunt
1517 991 1526 1017 ;
1542 981 1595 1009 sed
1609 989 1671 1010 non
1686 990 1858 1018 persevera-

1073 1030 1180 1056 verunt
1196 1030 1425 1065 persequentes,
1443 1036 1480 1057 eo
1493 1028 1578 1066 quod
1592 1032 1655 1057 erat
1668 1030 1735 1057 ante
1750 1029 1858 1058 sabba-

1074 1076 1148 1104 tum.
1165 1076 1186 1104 lt
1202 1076 1339 1108 Maestae..
1356 1083 1419 1104 vin.

1111 1123 1238 1151 Nicanor
1253 1123 1395 1158 cogitavit
1413 1130 1482 1150 eum
1497 1123 1580 1151 omni
1595 1123 1708 1160 impetu
1726 1122 1775 1152 die
1790 1123 1857 1152 sab·

1073 1169 1135 1198 bati
1158 1169 1276 1198 bellum
1297 1170 1500 1205 committere,
1520 1170 1574 1198 sed
1595 1170 1689 1198 Judoei
1712 1170 1764 1207 qui
1788 1178 1857 1199 eum

1073 1225 1128 1254 per
1155 1217 1359 1246 necessitatem
1387 1217 1590 1254 sequebantur
1601 1238 1611 1253 ,
1640 1217 1779 1246 dixerunt
1805 1219 1833 1247 ei
1848 1227 1856 1248 ε

1077 1274 1091 1291 ι(
1105 1266 1145 1294 Ne
1161 1265 1200 1293 ita
1217 1265 1353 1293 ferociter
1366 1273 1400 1293 ae
1414 1265 1544 1293 barbare
1559 1265 1675 1301 seceris,
1692 1266 1745 1294 sed
1759 1266 1857 1295 hono-

1074 1319 1138 1341 rem
1154 1312 1248 1340 tribue
1263 1312 1321 1340 diei
1336 1312 1608 1341 sanctificationis.»
1619 1314 1639 1341 lt
1653 1314 1791 1348 Machub„
1804 1321 1855 1342 xv.

1110 1359 1264 1396 Discipulis
1280 1359 1395 1388 Domini
1415 1359 1592 1388 vellentibus
1607 1360 1720 1396 spicas,
1734 1363 1762 1389 et
1775 1368 1858 1389 man—

1074 1406 1264 1441 ducantibus,
1279 1406 1417 1434 dixerunt
1434 1406 1569 1435 Pharisoei
1585 1416 1592 1435 :
1616 1418 1631 1434 α
1646 1409 1717 1436 Ecce
1735 1407 1858 1443 faciunt,

1075 1453 1158 1490 quod
1178 1462 1239 1482 non
1263 1454 1330 1482 licet
1348 1453 1444 1482 facere
1467 1454 1608 1482 sabbatis.
1629 1464 1644 1481 υ
1665 1457 1699 1482 At
1714 1454 1763 1483 ille
1785 1454 1858 1482 dixit

1075 1500 1136 1529 eis:
1157 1502 1248 1529 «Non
1273 1501 1396 1536 legistis,
1421 1501 1494 1537 quid
1519 1501 1618 1530 iecerit
1643 1502 1747 1537 David,
1765 1512 1778 1528 ιι
1801 1504 1856 1530 etc.

1075 1548 1235 1584 Sequitur:
1257 1558 1270 1574 α
1291 1548 1432 1576 Dominus
1447 1550 1490 1576 est
1504 1548 1593 1577 Filius
1615 1549 1746 1578 hominis
1768 1549 1857 1578 etiam

1075 1595 1233 1624 sabbati.»
1249 1595 1362 1630 Mutila,
1378 1603 1427 1623 xii.

1111 1643 1245 1671 Salvator
1260 1644 1358 1670 noster
1380 1642 1488 1678 legitur
1509 1642 1539 1671 in
1558 1643 1688 1672 sabbatis
1709 1643 1803 1672 multa
1816 1644 1858 1672 se·

1075 1690 1147 1718 cisse
1162 1689 1307 1717 miracula
1317 1711 1326 1724 ,
1350 1691 1381 1716 ut
1396 1692 1474 1725 patet
1496 1698 1549 1726 per
1564 1690 1666 1718 onmia
1683 1691 1853 1726 Evangelia.

1075 1739 1162 1773 Cujus
1177 1746 1265 1765 causa
1277 1758 1285 1770 ,
1301 1737 1349 1764 vel
1364 1737 1438 1764 ratio
1455 1737 1560 1772 triplex
1575 1737 1719 1772 assignari
1735 1740 1830 1773 potest
1844 1747 1853 1767 :

1075 1787 1222 1819 una,utse
1235 1784 1393 1811 Dominum
1404 1783 1476 1819 legis
1483 1783 1659 1818 ostenderet,
1667 1784 1779 1819 Mami„
1794 1793 1852 1814 xn:

1079 1831 1248 1859 «Dominus
1270 1833 1313 1858 est
1332 1830 1409 1858 silius
1431 1830 1561 1858 hominis
1581 1831 1671 1859 etiam
1689 1831 1824 1866 sabbati,
1839 1841 1854 1859 io

1075 1880 1154 1914 Luc„
1170 1886 1210 1906 vi.
1226 1878 1372 1911 Secunda,
1384 1880 1415 1905 ut
1429 1885 1531 1905 veram
1543 1877 1766 1913 intelligentiam
1777 1878 1856 1907 illius

1075 1926 1212 1962 praeeepti
1228 1926 1321 1960 daret,
1332 1925 1403 1962 quia
1415 1933 1477 1953 non
1492 1925 1531 1953 ab
1547 1926 1628 1953 omni
1639 1934 1729 1962 opere
1745 1929 1787 1955 est
1796 1935 1857 1955 ces-

1075 1973 1214 2008 sancium,
1228 1974 1340 2007 Mutela„
1355 1981 1414 2001 xn:
1429 1984 1443 1999 ιι
1460 1975 1559 2009 ltaque
1575 1973 1642 2001 lieet
1655 1973 1787 2002 sabbatis
1801 1973 1857 2002 be-

1075 2020 1220 2048 nefacere.
1237 2030 1250 2045 n
1268 2020 1379 2054 Tertia,
1397 2021 1428 2047 ut
1454 2019 1522 2056 plus
1536 2019 1673 2048 homines
1699 2020 1855 2050 audientes

1075 2076 1154 2102 eum,
1171 2070 1199 2096 et
1213 2067 1346 2095 videntes
1361 2066 1531 2101 (edificaret,
1547 2068 1626 2103 Luc„
1641 2076 1702 2096 xiii.

1111 2117 1184 2143 Cum
1206 2117 1335 2142 curasset
1350 2113 1520 2142 inclinatam
1536 2115 1706 2150 mulierem,
1723 2115 1854 2152 archisy-

1075 2170 1211 2198 nagogus
1221 2162 1403 2198 indignatus,
1414 2162 1485 2198 quia
1497 2161 1623 2190 sabbato
1636 2165 1761 2198 curaret,
1776 2164 1855 2192 dice-

1075 2209 1129 2238 bat
1139 2209 1231 2237 turboe
1243 2219 1249 2237 z
1261 2220 1274 2235 «ι
1285 2210 1339 2237 Sex
1355 2209 1417 2236 dics
1431 2211 1508 2243 sunt,
1523 2219 1537 2235 »
1557 2212 1611 2237 etc.
1629 2210 1705 2244 Luc„
1719 2218 1781 2239 xm.

1111 2257 1244 2286 Mulieres
1280 2258 1387 2284 sanctie
1422 2259 1603 2293 paraverunt
1641 2259 1775 2285 aromata
1815 2257 1857 2285 ad

1075 2304 1282 2340 inungendum
1298 2312 1406 2340 corpus
1419 2304 1614 2339 dominicum,
1631 2306 1659 2332 et
1675 2304 1713 2332 ita
1728 2304 1856 2333 districte

1075 2351 1234 2379 servabant
1261 2351 1431 2384 sabbatum,
1453 2352 1486 2378 ut
1510 2350 1560 2378 tali
1583 2351 1631 2379 die
1659 2351 1771 2379 nollent
1795 2354 1854 2380 tam

1076 2401 1209 2427 sanctum
1225 2406 1300 2434 opus
1315 2398 1421 2432 tacere,
1444 2399 1523 2433 Luc„
1537 2406 1609 2426 xxiii
1625 2407 1632 2425 z
1658 2408 1671 2423 «
1682 2399 1713 2426 Et
1727 2398 1854 2427 sabbato

1075 2445 1198 2482 quidem
1213 2445 1369 2478 siluerunt,
1382 2444 1546 2472 secundum
1564 2443 1748 2473 mandatum.
1765 2455 1778 2471 u

1111 2492 1240 2521 Sabbato
1273 2491 1419 2528 requievit
1448 2491 1589 2520 Dominus
1619 2491 1650 2519 in
1684 2491 1852 2528 sepulchm.

1074 2540 1151 2575 Luc„
1166 2540 1366 2574 n1n3Joann.
1375 2559 1385 2574 ,
1398 2547 1459 2567 xm.

1111 2588 1176 2615 DIes
1200 2586 1318 2615 sabbati
1347 2588 1408 2614 crat
1431 2587 1499 2622 apta
1522 2585 1705 2621 specialiter,
1730 2589 1758 2615 et
1784 2594 1853 2615 con-

1073 2635 1196 2663 veniens
1214 2633 1255 2662 ad
1278 2633 1461 2662 audiendam
1483 2632 1582 2668 legem
1605 2633 1666 2661 Dei.
1688 2633 1765 2669 Act„
1779 2641 1849 2663 1111:

1078 2693 1092 2709 a
1106 2683 1197 2711 Voces
1210 2680 1434 2718 prophetarum,
1446 2687 1513 2716 quae
1527 2687 1580 2716 per
1591 2687 1681 2710 omne
1692 2680 1851 2709 sabbatum
