2004 3037
621 287 708 320 CAP.
732 287 785 320 111.
813 286 1035 320 PAR'rlclJLA
1057 287 1111 321 111.
1635 292 1674 327 33

63 352 216 383 desideriis
229 354 389 390 existendi,
403 356 544 384 ettamen
559 355 686 384 modum
699 355 841 393 multipli-

62 407 127 429 cem
148 401 256 430 orandi
273 401 362 430 nobis
382 409 555 438 expressum
575 401 606 430 in
626 409 710 431 sacra
729 402 842 439 pagina

62 447 228 476 videamus.
252 447 364 477 Primus
384 448 416 476 in
435 450 554 485 Moyse,
578 449 650 485 qui⁴
677 451 791 477 erectus
810 449 842 478 in

62 501 207 531 corpore,
229 501 336 523 manus
357 497 489 524 extentas
507 495 547 523 ad
568 495 677 524 coelum
699 496 841 532 erigebat.

62 540 213 570 Secundus
225 541 394 570 Salomonis
405 563 413 576 ‚
432 542 484 578 qui
493 542 516 576 ²,
536 542 663 578 genibus
677 542 762 572 flexis
772 565 782 578 ,
796 542 842 571 sa-

62 588 138 616 ciem
151 595 237 616 suam
247 596 365 617 versam
379 588 419 617 ad
428 590 547 624 terram,
563 597 672 617 manus
683 589 723 618 ad
735 589 843 618 coelum

62 634 218 671 dirigebat.
243 635 353 664 Tertius
376 637 419 664 est
441 636 472 664 in
495 637 579 664 Novo
604 638 789 665 Testamento
812 637 844 665 in

62 681 150 710 beata
163 682 355 718 Magdalena,
373 682 459 719 quae⁸
472 685 618 719 prostrata
634 683 673 711 ad
689 685 798 712 terram
813 683 844 712 in

61 728 186 764 faciem,
204 729 309 758 beatos
326 729 420 766 pedes
438 729 561 766 benigni
582 730 788 767 Redemptoris
803 730 846 759 la-

62 776 171 813 crymis
189 777 306 813 rigavit.
328 778 453 811 Quartus
467 777 498 805 in
513 777 666 813 sedendo,
685 786 776 814 quem
793 778 845 806 ha-

61 823 168 851 bemus
184 823 215 851 in
229 824 320 852 Luca*
335 825 374 852 ab
390 824 455 861 ipsa
478 824 670 860 Magdalena,
692 825 766 853 dum
780 825 845 861 ipsa

63 869 186 898 sedebat
200 871 240 898 ad
253 871 347 907 pedes
362 872 478 900 Domini
490 871 521 899 in
534 872 661 907 silentio,
676 872 743 908 plus
757 880 845 900 orans

64 917 185 945 interius
199 917 231 944 in
246 917 395 946 desiderio
411 918 521 952 cordis,
537 927 630 954 quam
641 919 672 946 in
685 919 772 947 labiis
786 919 846 947 oris

65 965 200 993 exterius.
224 966 349 1000 Quintus
363 974 381 993 a
398 966 523 994 Domino
538 967 606 994 Jesu
622 965 735 994 Christo
749 987 755 999 ‚
772 966 824 1002 qui
835 967 845 983 δ’

66 1012 178 1040 Patrem
192 1015 224 1040 ut
238 1012 276 1040 ab
292 1021 328 1040 eo
344 1012 421 1040 calix
437 1012 594 1048 passionis,
610 1012 634 1039 si
647 1012 790 1048 possibile
804 1020 847 1040 es-

65 1060 117 1093 set,
127 1058 273 1093 transiret,
284 1059 427 1087 exoravit.
443 1059 545 1086 Sextus
555 1059 587 1086 in
597 1067 694 1094 cruce,
706 1059 846 1095 quand0⁶

64 1105 204 1134 manibus
217 1106 340 1134 extentis
350 1127 359 1142 ‚
381 1108 493 1134 erectus
508 1114 633 1142 corpore
643 1127 651 1141 ,
674 1107 749 1134 Patri
764 1107 847 1143 spiri-

64 1155 127 1180 tum
141 1152 371 1181 commendavit.
387 1153 534 1189 Septimus
548 1153 586 1181 ab
600 1153 760 1189 Apostolis,
774 1154 845 1189 qui⁷

63 1201 163 1228 Jesum
175 1200 215 1228 ad
227 1202 341 1229 Patrem
353 1201 573 1234 ascendentem,
590 1200 739 1229 desiderIO
749 1209 848 1229 rever-

65 1247 145 1275 tendi
161 1247 200 1275 ad
215 1247 307 1284 ipsos,
320 1248 350 1275 iu
364 1256 490 1284 corpore
507 1248 606 1282 erecti,
622 1248 695 1276 facie
710 1256 796 1276 versa
808 1248 847 1276 ad

65 1294 174 1322 coelum
183 1315 191 1329 ,
207 1295 334 1322 orabant
347 1295 479 1322 interius

101 1342 174 1369 Cum
189 1349 260 1376 ergo
275 1341 439 1369 secundum
453 1341 586 1369 diversas
601 1341 784 1378 affectiones,
798 1343 847 1371 vel

65 1388 257 1423 cognationes
268 1409 277 1422 ,
314 1388 450 1416 diversus
478 1388 588 1416 modus
616 1389 780 1425 reperiatur
808 1390 846 1418 ab

66 1434 219 1462 orantibus
235 1437 431 1471 opportunus,
448 1438 547 1463 tamen
565 1435 595 1462 in
610 1435 664 1464 ista
683 1436 848 1472 specialiter

66 1490 182 1510 necesse
198 1484 258 1517 est,
280 1482 363 1518 quod
380 1491 487 1518 corpus
503 1483 628 1511 totaliter
644 1483 679 1511 sit
695 1486 826 1512 erectum
837 1506 846 1518 ,

67 1530 95 1555 ct
107 1528 195 1556 facies
209 1537 295 1557 versa
310 1529 349 1556 ad
364 1529 473 1556 eoelum
488 1530 640 1565 superius3
657 1530 728 1566 quia
743 1539 847 1559 secun-

67 1575 140 1603 dum
155 1575 380 1611 dispositionem
395 1576 589 1603 affectionum
605 1576 710 1604 animae
728 1585 847 1605 necesse

67 1624 110 1650 est
123 1630 186 1650 esse
201 1622 439 1650 conformitatem
460 1622 594 1658 corporis
606 1644 614 1657 ‚
636 1625 664 1651 et
681 1624 847 1651 secundum

68 1670 293 1706 dispositionem
317 1670 440 1697 actionis
467 1670 581 1706 spiritui
605 1670 844 1706 respondentem.

66 1717 148 1744 Unde
158 1717 182 1744 si
193 1725 288 1752 mens,
301 1717 423 1753 quando
436 1724 466 1744 se
482 1717 612 1744 extendit
621 1717 652 1744 in
665 1717 772 1745 ardore
784 1726 848 1745 mo-

67 1766 152 1791 tuum
162 1786 171 1798 ,
186 1764 330 1792 unionem
345 1764 444 1791 <illecti
460 1763 633 1791 desiderans
643 1786 652 1799 ,
665 1764 772 1792 faciem
783 1764 852 1792 ver-'

68 1818 117 1838 sus
131 1813 239 1838 terram
253 1810 427 1845 inclinaret,
444 1811 640 1847 impediretur
655 1811 777 1838 actualis
787 1813 847 1838 ten-

68 1857 179 1890 dentia,
189 1857 238 1884 vel
248 1857 279 1884 in
288 1860 371 1893 parte
382 1858 512 1885 maxima
522 1859 657 1892 cessaret,
669 1865 737 1884 cum
748 1857 847 1893 ipsum

70 1903 267 1932 desiderando
283 1906 417 1940 appetat,
433 1904 485 1940 qui
499 1907 541 1932 est
553 1912 643 1939 supra
660 1903 759 1940 ipsum
773 1904 847 1932 inef-

68 1950 195 1978 fabiliter
215 1951 395 1985 collocatus,
419 1951 581 1978 secundum
602 1953 630 1978 Β.
654 1951 846 1987 Dionysium,

69 1997 125 2024 sibi
139 1997 170 2024 in
184 1999 302 2031 mystica
320 1999 461 2032 Theoloqz'a
477 1997 645 2025 desiderata
658 1997 768 2032 gaudia
779 2005 847 2033 pro-

69 2043 223 2076 mittendo,
240 2044 385 2071 dicentem
400 2053 406 2071 :
428 2055 440 2068 «
455 2045 576 2072 Sursum
592 2044 687 2078 ageris
699 2044 738 2071 ad
750 2044 845 2078 illum,

70 2089 121 2125 qui
135 2092 177 2117 est
191 2097 281 2125 supra
302 2098 423 2117 omnem
439 2091 634 2118 substantiam
655 2093 683 2118 et
703 2091 848 2125 cognitio-

69 2144 147 2164 nem.
160 2146 173 2162 »
184 2136 264 2163 Unde
274 2136 323 2164 vel
334 2144 459 2172 corpore
471 2137 596 2164 totaliter
607 2139 719 2164 erectus
729 2137 846 2171 stando,

69 2182 118 2210 vel
132 2183 256 2218 genibus
271 2183 371 2218 flexis,
387 2191 505 2210 necesse
520 2185 562 2210 est
576 2184 705 2210 mentem
719 2191 772 2218 per
786 2190 848 2210 mo-

70 2229 125 2257 dos
141 2230 322 2265 anagogicos
342 2237 521 2264 consurgere
541 2229 655 2257 ratione
670 2229 848 2257 convenien-

70 2277 135 2310 tiae,
158 2276 232 2304 sicut
251 2276 363 2304 dietum
383 2278 443 2310 est3
467 2276 634 2304 secundum
656 2275 739 2312 quod
760 2276 848 2303 etiam

70 2323 206 2351 videmus
220 2323 251 2350 in
265 2323 333 2358 illis,
350 2323 402 2359 qui
415 2323 452 2350 de
466 2323 567 2359 aliqua
581 2323 706 2350 materia
720 2323 848 2357 cogitant

70 2370 206 2398 subtilius
221 2378 251 2397 se
266 2369 496 2406 profundend03
512 2370 561 2397 vel
576 2370 665 2397 etiam
680 2369 711 2397 in
724 2369 780 2403 his,
796 2369 848 2404 qui

70 2417 234 2453 loquuntur
254 2417 291 2444 de
316 2417 438 2451 arduis,
462 2419 505 2444 est
525 2416 691 2444 necessaria
715 2415 847 2451 corporis

71 2463 224 2499 dispositio
234 2485 243 2498 ,
263 2466 294 2490 ut
308 2471 425 2499 semper
439 2471 470 2491 se
484 2463 690 2497 interioribus,
707 2462 791 2498 quod
806 2464 848 2489 est

72 2509 196 2537 exterius
207 2531 216 2544 ,
233 2510 407 2545 configuret.
424 2511 534 2537 Tamen
548 2509 579 2537 in
593 2509 784 2544 meditando,
800 2509 847 2536 vel

72 2556 171 2584 flendo
185 2564 240 2592 pro
255 2556 383 2592 peccatis
393 2577 401 2591 ,
422 2558 518 2592 potest
537 2556 578 2584 ibi
600 2564 662 2584 esse
677 2556 736 2583 alia
750 2556 848 2591 dispo-

73 2602 138 2630 sitio
154 2603 333 2639 corporalis,
353 2604 386 2630 ut
399 2602 439 2630 ad
456 2602 681 2631 similitudinem
696 2602 847 2630 publicam·

72 2652 181 2678 terram
194 2649 330 2685 respiciat
349 2649 489 2684 inferius,
512 2649 565 2685 qui
582 2657 670 2677 suum
683 2649 848 2684 benignum

107 2711 223 2739 ¹Esi‘oil.,
243 2717 310 2741 xvu,
334 2714 369 2736 11.
393 2725 421 2729 -
444 2713 452 2725 ²
477 2712 494 2735 ll
518 2712 613 2739 Furat,
640 2718 674 2742 xl,
699 2714 737 2742 1⁷2,
762 2714 797 2735 13.
818 2724 847 2729 —

73 2751 84 2767 ³
95 2748 223 2778 Luc.‚v11,
239 2748 278 2771 38.
289 2761 318 2765 —
331 2747 341 2763 ⁴
356 2747 429 2777 lbid.,
450 2753 476 2777 x,
487 2748 525 2771 39.
538 2761 569 2765 -
581 2749 591 2764 ⁵
602 2748 703 2778 Mutat„
716 2753 786 2776 xxvi,
803 2748 845 2776 39;

895 355 1124 392 Redemptorem
1143 357 1246 385 contra
1259 364 1290 385 se
1305 357 1344 386 ad
1363 357 1550 389 iracundiam
1565 368 1675 398 provo-

896 402 982 430 cavit.
1010 403 1041 430 Et
1064 403 1208 438 similiter,
1236 404 1402 433 secundum
1427 406 1487 435 alia
1510 407 1676 444 spiritualia

897 448 1034 477 exercitia
1049 449 1224 478 meditando
1238 451 1286 478 vel
1301 451 1480 488 cogitando,
1497 457 1595 490 potest
1612 464 1675 486 esse

897 495 1052 532 dispositio
1063 497 1121 525 alia
1133 498 1161 525 et
1172 497 1240 525 alia.
1253 497 1329 526 Talis
1341 498 1372 526 in
1383 501 1549 536 anagogica
1560 503 1676 533 actione

898 543 1063 571 necessaria
1083 545 1125 571 est
1144 543 1318 580 dispositio,
1340 553 1408 581 quae
1426 546 1506 575 dicta
1525 550 1568 576 est
1586 558 1676 586 supe·

897 589 977 625 rius,
998 590 1070 626 quia
1084 599 1152 618 cum
1170 590 1305 619 ardendo
1325 591 1452 621 afficitur
1469 594 1612 623 unionem
1627 597 1678 625 de-

898 636 1047 672 siderans,
1064 637 1196 673 loquitur
1210 638 1250 666 ad
1264 646 1332 666 eum
1344 639 1386 667 sic
1400 641 1518 676 attente,
1536 642 1572 678 (a)
1587 643 1678 672 veluti

898 683 922 710 si
937 691 1006 711 eum
1021 683 1136 712 videret
1148 684 1222 712 facie
1238 685 1278 713 ad
1291 685 1408 714 faciem.
1425 688 1498 715 Cum
1513 697 1596 725 ergo,
1612 689 1680 718 licet

899 730 935 757 sit
953 730 1087 767 ubique,
1107 733 1226 766 tamen,
1251 734 1282 760 ut
1301 735 1344 761 est
1364 733 1395 761 in
1417 734 1492 762 coelo
1504 756 1513 770 ,
1536 736 1680 772 dirIgatur

899 777 1025 804 amantis
1037 777 1191 814 eloquium
1206 787 1212 806 ε
1229 787 1298 807 cum
1309 788 1381 816 crgo
1393 780 1534 817 loquatur
1546 783 1586 811 ad
1599 791 1678 818 eum,

900 832 992 860 quem
1006 824 1036 851 in
1053 824 1135 852 coelis
1149 825 1273 861 adorat,
1296 827 1431 863 superius
1447 831 1488 856 est
1501 837 1620 858 necesse
1639 830 1680 859 i'a·

900 870 976 898 ciem
987 874 1173 907 convertere3
1189 881 1257 901 cum
1268 873 1311 901 ibi
1322 882 1391 902 eum
1401 875 1602 905 desiderando
1611 885 1680 914 pro-

900 921 987 946 vocet
1003 918 1034 954 (b)
1053 918 1151 954 ipsum
1168 920 1295 948 totaliter
1309 921 1522 951 transformari.

938 964 1017 992 Dicto
1039 965 1076 993 de
1099 965 1260 1002 industria,
1277 975 1344 1003 quae
1369 970 1411 996 est
1433 969 1464 997 in
1485 969 1679 1006 dispositione

901 1012 1051 1047 corporis,
1068 1013 1107 1040 ad
1125 1013 1183 1041 hoc
1203 1017 1234 1042 ut
1254 1014 1338 1042 citius
1359 1015 1533 1052 respiciatur
1553 1017 1592 1045 ab
1607 1018 1659 1046 illo
1671 1040 1680 1053 ‚

901 1058 948 1086 cui
973 1059 1072 1087 solum
1095 1060 1214 1096 placere
1236 1062 1433 1098 concupiscit,
1455 1063 1617 1092 dicendum
1640 1068 1682 1093 est

902 1104 938 1132 de
954 1109 1059 1141 quarta
1078 1107 1239 1146 industria,
1256 1117 1322 1144 quae
1343 1111 1386 1136 est
1399 1109 1514 1137 ratione
1530 1113 1679 1147 temporis.

902 1151 979 1180 Sicut
994 1153 1073 1181 enim
1089 1154 1226 1182 videmus
1241 1155 1271 1182 in
1290 1156 1505 1184 necessitudine
1527 1159 1660 1194 corporis
1672 1180 1680 1193 ,

902 1199 986 1234 quod
1005 1207 1073 1228 esca
1094 1200 1148 1228 sibi
1165 1204 1335 1237 competens
1351 1202 1444 1230 semel
1458 1203 1507 1231 vel
1525 1204 1571 1231 bis
1586 1205 1617 1232 in
1633 1205 1680 1233 dle

901 1247 1035 1281 tempore
1064 1255 1118 1274 suo
1146 1248 1322 1284 propinatur
1333 1270 1342 1283 ,
1369 1249 1409 1276 sic
1435 1250 1534 1278 anima
1562 1259 1628 1286 quoe
1650 1252 1681 1279 in

902 1300 1004 1320 amore
1026 1293 1126 1322 vivere
1152 1295 1315 1330 desiderat,
1338 1296 1412 1324 hora
1434 1297 1536 1325 debita
1559 1300 1588 1326 et
1610 1301 1682 1326 tem-

901 1346 974 1374 pore
989 1348 1123 1375 congruo
1138 1341 1259 1369 lumbos
1274 1350 1343 1370 suos
1363 1343 1547 1378 accingendo
1562 1352 1593 1372 se
1607 1353 1681 1380 prce-

901 1388 1000 1420 paret,
1018 1388 1046 1414 et
1066 1388 1183 1423 tempus
1203 1389 1330 1416 orationi
1353 1390 1528 1424 constituat,
1546 1393 1577 1419 ut
1598 1400 1682 1419 mens

902 1440 980 1467 pane
995 1436 1022 1461 et
1036 1434 1123 1468 vino,
1138 1435 1248 1463 scilicet
1261 1435 1343 1464 vitali
1357 1444 1458 1465 amore
1473 1438 1596 1472 refecta,
1609 1447 1682 1475 quo-

903 1479 1015 1507 tidiano
1032 1481 1170 1509 convivio
1191 1490 1252 1509 non
1267 1483 1411 1518 privetur,
1427 1492 1495 1512 cum
1515 1485 1608 1513 multo
1624 1494 1679 1514 no-

903 1526 1007 1559 bilius,
1021 1527 1115 1555 multo
1131 1529 1251 1556 suavius
1266 1529 1304 1557 ab
1325 1532 1442 1558 amante
1457 1531 1532 1558 illud
1547 1532 1680 1560 invenia-

903 1574 949 1599 tur
965 1573 1151 1608 convivium,
1166 1583 1259 1610 quam
1279 1575 1310 1603 in
1324 1578 1410 1611 pastu
1432 1581 1562 1613 corporis
1585 1579 1682 1607 carnis

902 1618 1021 1647 refectio
1053 1620 1203 1648 sentiatur.
1234 1623 1298 1649 Non
1323 1623 1402 1650 enim
1430 1623 1556 1659 dignum
1583 1628 1625 1653 est
1652 1629 1682 1654 ut

904 1665 1028 1694 domina
1054 1667 1191 1695 melliflui
1220 1669 1331 1696 amoris
1361 1670 1480 1705 prandii
1508 1671 1682 1707 languescat

903 1711 998 1740 inedia
1008 1734 1016 1747 ,
1033 1715 1060 1740 et
1074 1713 1201 1748 garrulae
1222 1714 1340 1743 famulae
1355 1716 1429 1744 hora
1444 1717 1546 1746 debita
1560 1722 1588 1747 et
1608 1722 1681 1747 tem-

902 1767 975 1795 pore
987 1763 1156 1796 opportuno
1172 1762 1291 1789 carnale
1307 1762 1490 1792 desiderium
1509 1765 1680 1801 impleatur.

903 1808 935 1833 Et
950 1806 1035 1842 quod
1049 1807 1114 1835 talis
1136 1808 1172 1835 sit
1191 1809 1333 1844 temporis
1348 1812 1570 1846 opportunitas,
1586 1814 1681 1841 maui-

902 1852 1010 1880 festum
1025 1856 1084 1888 est,
1101 1855 1173 1890 quia
1187 1855 1263 1883 sicut
1283 1864 1318 1883 ex
1337 1856 1484 1893 frequenti
1500 1858 1577 1887 bene
1593 1868 1681 1895 agere

902 1899 1079 1936 relinquitur
1106 1901 1226 1929 habitus
1251 1903 1282 1930 in
1306 1903 1420 1939 anima,
1437 1905 1479 1932 sic
1504 1914 1572 1933 eum
1597 1915 1682 1934 mens

903 1946 1024 1981 elegerit
1037 1949 1153 1983 tempus
1169 1949 1296 1977 orationi
1313 1950 1443 1977 maxime
1459 1951 1496 1979 de
1512 1954 1598 1980 nocte
1613 1962 1679 1989 spe-

903 1992 1016 2020 cialiter
1031 1993 1222 2029 deputatum,
1237 1996 1403 2024 secundum
1418 1997 1493 2025 illud
1508 1999 1682 2028 Davidicum

903 2039 1131 2074 propheticumss
1151 2043 1206 2068 :Et
1221 2050 1274 2069 ηοω
1295 2044 1460 2071 illuminatio
1480 2054 1538 2072 mea
1562 2048 1591 2072 z'n
1615 2047 1682 2073 deli-

903 2087 954 2112 ciis
968 2088 1050 2120 meis,
1068 2088 1207 2122 quzedam
1225 2088 1399 2117 affectabilis
1422 2091 1637 2126 complacentia
1652 2093 1682 2120 in

904 2134 1002 2159 mente
1026 2136 1174 2167 remanet,
1200 2137 1231 2161 ut
1252 2143 1368 2171 semper
1396 2145 1484 2164 suum
1510 2138 1681 2166 exercitium

905 2177 955 2204 illa
969 2177 1044 2206 hora
1058 2179 1196 2214 impleat,
1212 2181 1243 2207 in
1258 2189 1318 2216 qua
1333 2190 1363 2209 se
1385 2183 1425 2210 ad
1440 2185 1531 2211 Deum
1555 2185 1682 2220 dirigere

905 2224 1071 2259 consuevit,
1086 2227 1113 2253 et
1135 2226 1159 2253 si
1182 2227 1271 2255 etiam
1290 2229 1473 2265 quandoque
1495 2231 1634 2267 desistat,
1651 2235 1683 2260 ut

905 2278 966 2298 non
980 2270 1011 2298 in
1025 2271 1100 2299 hora
1116 2276 1232 2301 assueta
1246 2277 1368 2310 propter
1383 2275 1508 2312 aliquod
1524 2278 1607 2306 aliud
1628 2280 1682 2307 im-

904 2317 1109 2353 pedimentum
1126 2328 1210 2348 mens
1227 2329 1258 2348 se
1279 2321 1309 2349 in
1334 2323 1467 2351 oratione
1492 2325 1647 2360 extendat,
1664 2335 1681 2354 a

905 2364 1002 2400 seipsa
1025 2366 1171 2401 arguitur,
1189 2369 1216 2395 et
1236 2376 1298 2396 nou
1318 2369 1473 2398 modicum
1497 2372 1681 2408 quaudoque

905 2410 1054 2446 affligitur,
1067 2413 1091 2439 si
1101 2422 1156 2449 pro
1168 2422 1256 2442 causa
1269 2415 1369 2443 minus
1379 2416 1504 2445 honesta
1513 2423 1680 2453 remaneat,

905 2458 977 2493 quia
988 2459 1051 2494 jam
1064 2460 1138 2487 hora
1158 2461 1339 2496 pertransiit,
1356 2463 1386 2490 in
1401 2472 1461 2499 qua
1476 2473 1560 2492 mens
1574 2465 1681 2494 dilecto

905 2504 1046 2532 inhaerere
1064 2509 1274 2542 consueverat,
1291 2508 1348 2536 sibi
1372 2510 1490 2538 firmam
1510 2512 1621 2539 amoris
1636 2520 1682 2539 re-

905 2549 1062 2579 fectionem
1077 2553 1269 2588 ministranti,
1282 2557 1310 2582 et
1321 2555 1481 2591 spiritualis
1492 2557 1596 2585 laetitiae
1611 2559 1683 2586 odo-

905 2596 993 2625 rifera
1023 2599 1133 2634 pocula
1159 2601 1340 2636 propinanti.
1367 2603 1395 2630 Si
1424 2606 1522 2631 autem
1547 2605 1584 2631 de
1608 2605 1683 2633 hora

906 2663 1105 2694 L1zc.‚xx11,4⁶.>.
1122 2680 1152 2685 —
1167 2668 1256 2698 ⁴³L1cc.,
1272 2674 1352 2697 xxm,
1369 2671 1407 2693 46.
1420 2683 1448 2687 —
1466 2671 1474 2685 ⁷
1490 2672 1554 2700 Act,
1572 2679 1589 2702 1,
1606 2675 1641 2697 10.
1654 2687 1684 2690 —

906 2699 916 2715 Β
930 2700 995 2724 Psal.
1009 2707 1138 2733 cxxxvm,
1155 2705 1191 2727 11.

938 2744 971 2772 (a)
988 2743 1048 2766 Czet.
1067 2744 1129 2769 alst,
1145 2745 1204 2769 add.
1219 2748 1251 2769 et.
1269 2759 1297 2764 —-
1314 2748 1346 2777 (b)
1363 2748 1451 2778 Samis.
1471 2749 1504 2772 in.
