<?xml version="1.0" encoding="UTF-8"?>
<!DOCTYPE html PUBLIC "-//W3C//DTD XHTML 1.0 Transitional//EN"
    "http://www.w3.org/TR/xhtml1/DTD/xhtml1-transitional.dtd">
<html xmlns="http://www.w3.org/1999/xhtml" xml:lang="en" lang="en">
 <head>
  <title>
</title>
<meta http-equiv="Content-Type" content="text/html;charset=utf-8" />
  <meta name='ocr-system' content='tesseract 3.04.00' />
  <meta name='ocr-capabilities' content='ocr_page ocr_carea ocr_par ocr_line ocrx_word'/>
</head>
<body>
  <div class='ocr_page' id='page_1' title='image "./operaomniasixtiv08bonauoft/operaomniasixtiv08bonauoft_0437.png"; bbox 0 0 2004 3037; ppageno 0'>
   <div class='ocr_carea' id='block_1_1' title="bbox 656 217 1289 253">
    <p class='ocr_par' dir='ltr' id='par_1_1' title="bbox 656 217 1289 253">
     <span class='ocr_line' id='line_1_1' title="bbox 656 217 1289 253; baseline -0.005 0"><span class='ocrx_word' id='word_1_1' title='bbox 656 220 707 253; x_wconf 84' lang='lat' dir='ltr'><em>DE</em></span> <span class='ocrx_word' id='word_1_2' title='bbox 728 219 908 252; x_wconf 86' lang='lat' dir='ltr'>SECUNDO</span> <span class='ocrx_word' id='word_1_3' title='bbox 932 217 1105 251; x_wconf 86' lang='lat' dir='ltr'><em>lTlNERE.</em></span> <span class='ocrx_word' id='word_1_4' title='bbox 1128 217 1228 251; x_wconf 89' lang='lat' dir='ltr'><em>DlST.</em></span> <span class='ocrx_word' id='word_1_5' title='bbox 1251 218 1289 251; x_wconf 85' lang='lat' dir='ltr'><em>V.</em></span> 
     </span>
    </p>
   </div>
   <div class='ocr_carea' id='block_1_2' title="bbox 395 333 708 370">
    <p class='ocr_par' dir='ltr' id='par_1_2' title="bbox 395 333 708 370">
     <span class='ocr_line' id='line_1_2' title="bbox 395 333 708 370; baseline -0.003 -1"><span class='ocrx_word' id='word_1_6' title='bbox 395 333 637 369; x_wconf 84' lang='lat' dir='ltr'>DISTINCTIO</span> <span class='ocrx_word' id='word_1_7' title='bbox 664 334 708 370; x_wconf 91' lang='lat' dir='ltr'><em>V.</em></span> 
     </span>
    </p>
   </div>
   <div class='ocr_carea' id='block_1_3' title="bbox 187 408 917 489">
    <p class='ocr_par' dir='ltr' id='par_1_3' title="bbox 187 408 917 489">
     <span class='ocr_line' id='line_1_3' title="bbox 187 408 917 444; baseline -0.003 -6"><span class='ocrx_word' id='word_1_8' title='bbox 187 410 312 444; x_wconf 83' lang='lat' dir='ltr'><em>Qualiter</em></span> <span class='ocrx_word' id='word_1_9' title='bbox 330 410 458 440; x_wconf 76' lang='lat' dir='ltr'><em>allocutio</em></span> <span class='ocrx_word' id='word_1_10' title='bbox 478 410 577 438; x_wconf 80' lang='lat' dir='ltr'><em>divina</em></span> <span class='ocrx_word' id='word_1_11' title='bbox 595 417 612 437; x_wconf 92' lang='lat' dir='ltr'><em>a</em></span> <span class='ocrx_word' id='word_1_12' title='bbox 631 411 726 437; x_wconf 82' lang='lat' dir='ltr'><em>nostra</em></span> <span class='ocrx_word' id='word_1_13' title='bbox 742 408 917 437; x_wconf 74' lang='lat' dir='ltr'><em>meditatione</em></span> 
     </span>
     <span class='ocr_line' id='line_1_4' title="bbox 453 454 652 489; baseline 0 -7"><span class='ocrx_word' id='word_1_14' title='bbox 453 454 652 489; x_wconf 67' lang='lat' dir='ltr'><em>distinguatur.</em></span> 
     </span>
    </p>
   </div>
   <div class='ocr_carea' id='block_1_4' title="bbox 161 521 944 840">
    <p class='ocr_par' dir='ltr' id='par_1_4' title="bbox 161 521 944 840">
     <span class='ocr_line' id='line_1_5' title="bbox 199 521 944 560; baseline -0.001 -8"><span class='ocrx_word' id='word_1_15' title='bbox 199 523 325 558; x_wconf 85' lang='lat' dir='ltr'><em>Quinto,</em></span> <span class='ocrx_word' id='word_1_16' title='bbox 340 523 411 560; x_wconf 83' lang='lat' dir='ltr'><em>quia</em></span> <span class='ocrx_word' id='word_1_17' title='bbox 432 521 584 551; x_wconf 87' lang='lat' dir='ltr'><em>simillima</em></span> <span class='ocrx_word' id='word_1_18' title='bbox 602 523 670 551; x_wconf 88' lang='lat' dir='ltr'><em>sunt</em></span> <span class='ocrx_word' id='word_1_19' title='bbox 691 522 818 559; x_wconf 87' lang='lat' dir='ltr'><em>cogitata</em></span> <span class='ocrx_word' id='word_1_20' title='bbox 836 523 944 551; x_wconf 77' lang='lat' dir='ltr'><em>nostrae</em></span> 
     </span>
     <span class='ocr_line' id='line_1_6' title="bbox 163 569 942 605; baseline -0.001 -7"><span class='ocrx_word' id='word_1_21' title='bbox 163 570 269 598; x_wconf 88' lang='lat' dir='ltr'><em>mentis</em></span> <span class='ocrx_word' id='word_1_22' title='bbox 289 569 476 598; x_wconf 85' lang='lat' dir='ltr'><em>sermonibus</em></span> <span class='ocrx_word' id='word_1_23' title='bbox 495 569 636 605; x_wconf 81' lang='lat' dir='ltr'><em>veritatis,</em></span> <span class='ocrx_word' id='word_1_24' title='bbox 656 569 726 598; x_wconf 88' lang='lat' dir='ltr'><em>ideo</em></span> <span class='ocrx_word' id='word_1_25' title='bbox 746 577 866 598; x_wconf 88' lang='lat' dir='ltr'><em>necesse</em></span> <span class='ocrx_word' id='word_1_26' title='bbox 882 571 942 605; x_wconf 87' lang='lat' dir='ltr'><em>est,</em></span> 
     </span>
     <span class='ocr_line' id='line_1_7' title="bbox 163 616 944 653; baseline 0.001 -8"><span class='ocrx_word' id='word_1_27' title='bbox 163 618 195 646; x_wconf 89' lang='lat' dir='ltr'><em>ut</em></span> <span class='ocrx_word' id='word_1_28' title='bbox 219 616 360 652; x_wconf 77' lang='lat' dir='ltr'><em>arbitror,</em></span> <span class='ocrx_word' id='word_1_29' title='bbox 387 616 461 645; x_wconf 84' lang='lat' dir='ltr'><em>seire</em></span> <span class='ocrx_word' id='word_1_30' title='bbox 484 616 611 653; x_wconf 81' lang='lat' dir='ltr'><em>qualiter</em></span> <span class='ocrx_word' id='word_1_31' title='bbox 634 616 776 645; x_wconf 77' lang='lat' dir='ltr'><em>allocutio</em></span> <span class='ocrx_word' id='word_1_32' title='bbox 800 616 903 645; x_wconf 87' lang='lat' dir='ltr'><em>divina</em></span> <span class='ocrx_word' id='word_1_33' title='bbox 926 625 944 646; x_wconf 85' lang='lat' dir='ltr'><em>a</em></span> 
     </span>
     <span class='ocr_line' id='line_1_8' title="bbox 163 662 943 700; baseline 0.001 -8"><span class='ocrx_word' id='word_1_34' title='bbox 163 665 263 692; x_wconf 89' lang='lat' dir='ltr'><em>nostra</em></span> <span class='ocrx_word' id='word_1_35' title='bbox 276 662 469 692; x_wconf 77' lang='lat' dir='ltr'><em>meditatione</em></span> <span class='ocrx_word' id='word_1_36' title='bbox 484 663 691 698; x_wconf 83' lang='lat' dir='ltr'><em>distinguatur.</em></span> <span class='ocrx_word' id='word_1_37' title='bbox 707 664 745 691; x_wconf 85' lang='lat' dir='ltr'><em>De</em></span> <span class='ocrx_word' id='word_1_38' title='bbox 761 671 822 700; x_wconf 88' lang='lat' dir='ltr'><em>quo</em></span> <span class='ocrx_word' id='word_1_39' title='bbox 837 665 943 693; x_wconf 87' lang='lat' dir='ltr'><em>notan-</em></span> 
     </span>
     <span class='ocr_line' id='line_1_9' title="bbox 163 709 942 746; baseline 0 -8"><span class='ocrx_word' id='word_1_40' title='bbox 163 709 236 738; x_wconf 91' lang='lat' dir='ltr'><em>dum</em></span> <span class='ocrx_word' id='word_1_41' title='bbox 251 712 308 743; x_wconf 87' lang='lat' dir='ltr'><em>est,</em></span> <span class='ocrx_word' id='word_1_42' title='bbox 333 710 416 746; x_wconf 91' lang='lat' dir='ltr'><em>quod</em></span> <span class='ocrx_word' id='word_1_43' title='bbox 435 718 504 738; x_wconf 88' lang='lat' dir='ltr'><em>cum</em></span> <span class='ocrx_word' id='word_1_44' title='bbox 524 709 689 738; x_wconf 85' lang='lat' dir='ltr'><em>secundum</em></span> <span class='ocrx_word' id='word_1_45' title='bbox 702 711 900 746; x_wconf 86' lang='lat' dir='ltr'><em>Augustinum</em></span> <span class='ocrx_word' id='word_1_46' title='bbox 916 713 942 745; x_wconf 86' lang='lat'><em>¹,</em></span> 
     </span>
     <span class='ocr_line' id='line_1_10' title="bbox 162 757 944 792; baseline 0.003 -8"><span class='ocrx_word' id='word_1_47' title='bbox 162 757 195 785; x_wconf 85' lang='lat' dir='ltr'><em>de</em></span> <span class='ocrx_word' id='word_1_48' title='bbox 211 758 328 792; x_wconf 75' lang='lat' dir='ltr'><em>Triplici</em></span> <span class='ocrx_word' id='word_1_49' title='bbox 341 757 518 791; x_wconf 76' lang='lat' dir='ltr'><em>Habitaculo,</em></span> <span class='ocrx_word' id='word_1_50' title='bbox 533 757 673 785; x_wconf 85' lang='lat' dir='ltr'><em>allocutio</em></span> <span class='ocrx_word' id='word_1_51' title='bbox 690 757 739 785; x_wconf 91' lang='lat' dir='ltr'><em>Dei</em></span> <span class='ocrx_word' id='word_1_52' title='bbox 753 757 790 786; x_wconf 89' lang='lat' dir='ltr'><em>sit</em></span> <span class='ocrx_word' id='word_1_53' title='bbox 811 767 824 784; x_wconf 72' lang='grc' dir='ltr'><em>(ι</em></span> <span class='ocrx_word' id='word_1_54' title='bbox 841 757 944 786; x_wconf 89' lang='lat' dir='ltr'><em>divina</em></span> 
     </span>
     <span class='ocr_line' id='line_1_11' title="bbox 161 803 943 840; baseline 0.003 -9"><span class='ocrx_word' id='word_1_55' title='bbox 161 803 335 840; x_wconf 86' lang='lat' dir='ltr'><em>inspiratio,</em></span> <span class='ocrx_word' id='word_1_56' title='bbox 352 812 414 840; x_wconf 87' lang='lat' dir='ltr'><em>qua</em></span> <span class='ocrx_word' id='word_1_57' title='bbox 431 804 583 832; x_wconf 89' lang='lat' dir='ltr'><em>mentibus</em></span> <span class='ocrx_word' id='word_1_58' title='bbox 604 804 710 833; x_wconf 84' lang='lat' dir='ltr'><em>nostris</em></span> <span class='ocrx_word' id='word_1_59' title='bbox 731 812 816 832; x_wconf 88' lang='lat' dir='ltr'><em>suam</em></span> <span class='ocrx_word' id='word_1_60' title='bbox 837 804 943 833; x_wconf 90' lang='lat' dir='ltr'><em>volun-</em></span> 
     </span>
    </p>
   </div>
   <div class='ocr_carea' id='block_1_5' title="bbox 161 850 970 887">
    <p class='ocr_par' dir='ltr' id='par_1_5' title="bbox 161 850 970 887">
     <span class='ocr_line' id='line_1_12' title="bbox 161 850 970 887; baseline 0.002 -9"><span class='ocrx_word' id='word_1_61' title='bbox 161 852 251 878; x_wconf 84' lang='lat' dir='ltr'><em>tatem</em></span> <span class='ocrx_word' id='word_1_62' title='bbox 267 852 295 878; x_wconf 85' lang='lat' dir='ltr'><em>et</em></span> <span class='ocrx_word' id='word_1_63' title='bbox 307 859 392 879; x_wconf 86' lang='lat' dir='ltr'><em>suam</em></span> <span class='ocrx_word' id='word_1_64' title='bbox 402 851 557 880; x_wconf 84' lang='lat' dir='ltr'><em>veritatem</em></span> <span class='ocrx_word' id='word_1_65' title='bbox 566 850 753 879; x_wconf 77' lang='lat' dir='ltr'><em>invisibiliter</em></span> <span class='ocrx_word' id='word_1_66' title='bbox 766 851 909 887; x_wconf 89' lang='lat' dir='ltr'><em>ostendit;</em></span> <span class='ocrx_word' id='word_1_67' title='bbox 926 862 940 880; x_wconf 84' lang='lat'>»</span> <span class='ocrx_word' id='word_1_68' title='bbox 965 850 970 855; x_wconf 83' lang='grc'><em>’</em></span> 
     </span>
    </p>
   </div>
   <div class='ocr_carea' id='block_1_6' title="bbox 161 897 948 2486">
    <p class='ocr_par' dir='ltr' id='par_1_6' title="bbox 161 897 944 1122">
     <span class='ocr_line' id='line_1_13' title="bbox 161 897 943 926; baseline 0.003 -2"><span class='ocrx_word' id='word_1_69' title='bbox 161 897 313 925; x_wconf 78' lang='lat' dir='ltr'><em>medItatio</em></span> <span class='ocrx_word' id='word_1_70' title='bbox 332 900 431 926; x_wconf 88' lang='lat' dir='ltr'><em>autem</em></span> <span class='ocrx_word' id='word_1_71' title='bbox 445 898 578 926; x_wconf 82' lang='lat' dir='ltr'><em>humana</em></span> <span class='ocrx_word' id='word_1_72' title='bbox 599 898 635 926; x_wconf 89' lang='lat' dir='ltr'><em>sit</em></span> <span class='ocrx_word' id='word_1_73' title='bbox 657 907 672 924; x_wconf 80' lang='grc' dir='ltr'><em>(ι</em></span> <span class='ocrx_word' id='word_1_74' title='bbox 690 898 823 926; x_wconf 86' lang='lat' dir='ltr'><em>studiosa</em></span> <span class='ocrx_word' id='word_1_75' title='bbox 836 899 943 926; x_wconf 88' lang='lat' dir='ltr'><em>mentis</em></span> 
     </span>
     <span class='ocr_line' id='line_1_14' title="bbox 161 943 944 982; baseline 0.003 -10"><span class='ocrx_word' id='word_1_76' title='bbox 161 943 283 973; x_wconf 79' lang='lat' dir='ltr'><em>intentio</em></span> <span class='ocrx_word' id='word_1_77' title='bbox 299 945 338 973; x_wconf 91' lang='lat' dir='ltr'><em>ad</em></span> <span class='ocrx_word' id='word_1_78' title='bbox 352 945 591 981; x_wconf 85' lang='lat' dir='ltr'><em>investigandum</em></span> <span class='ocrx_word' id='word_1_79' title='bbox 605 945 768 981; x_wconf 84' lang='lat' dir='ltr'><em>veritatem,</em></span> <span class='ocrx_word' id='word_1_80' title='bbox 785 946 944 982; x_wconf 75' lang='lat' dir='ltr'><em>diIIgenter</em></span> 
     </span>
     <span class='ocr_line' id='line_1_15' title="bbox 161 991 943 1030; baseline 0.004 -11"><span class='ocrx_word' id='word_1_81' title='bbox 161 991 297 1020; x_wconf 83' lang='lat' dir='ltr'><em>insistens</em></span> <span class='ocrx_word' id='word_1_82' title='bbox 320 1000 389 1021; x_wconf 89' lang='lat' dir='ltr'><em>cum</em></span> <span class='ocrx_word' id='word_1_83' title='bbox 411 992 534 1027; x_wconf 88' lang='lat' dir='ltr'><em>labore,</em></span> <span class='ocrx_word' id='word_1_84' title='bbox 554 1003 567 1020; x_wconf 83' lang='lat'><em>&gt;›</em></span> <span class='ocrx_word' id='word_1_85' title='bbox 594 993 636 1021; x_wconf 86' lang='lat' dir='ltr'><em>ait</em></span> <span class='ocrx_word' id='word_1_86' title='bbox 654 993 818 1021; x_wconf 87' lang='lat' dir='ltr'><em>Richardus</em></span> <span class='ocrx_word' id='word_1_87' title='bbox 832 992 856 1028; x_wconf 72' lang='lat'><em>²„</em></span> <span class='ocrx_word' id='word_1_88' title='bbox 879 993 943 1030; x_wconf 85' lang='lat' dir='ltr'><em>pla-</em></span> 
     </span>
     <span class='ocr_line' id='line_1_16' title="bbox 161 1039 943 1075; baseline 0.004 -9"><span class='ocrx_word' id='word_1_89' title='bbox 161 1046 235 1067; x_wconf 89' lang='lat' dir='ltr'><em>num</em></span> <span class='ocrx_word' id='word_1_90' title='bbox 259 1040 322 1073; x_wconf 85' lang='lat' dir='ltr'><em>est,</em></span> <span class='ocrx_word' id='word_1_91' title='bbox 343 1039 427 1075; x_wconf 87' lang='lat' dir='ltr'><em>quod</em></span> <span class='ocrx_word' id='word_1_92' title='bbox 445 1039 596 1067; x_wconf 81' lang='lat' dir='ltr'><em>meditatio</em></span> <span class='ocrx_word' id='word_1_93' title='bbox 616 1039 751 1067; x_wconf 88' lang='lat' dir='ltr'><em>humana</em></span> <span class='ocrx_word' id='word_1_94' title='bbox 770 1039 809 1068; x_wconf 87' lang='lat' dir='ltr'><em>ab</em></span> <span class='ocrx_word' id='word_1_95' title='bbox 830 1039 943 1069; x_wconf 85' lang='lat' dir='ltr'><em>allocu-</em></span> 
     </span>
     <span class='ocr_line' id='line_1_17' title="bbox 161 1084 793 1122; baseline 0.003 -10"><span class='ocrx_word' id='word_1_96' title='bbox 161 1084 240 1112; x_wconf 82' lang='lat' dir='ltr'><em>tione</em></span> <span class='ocrx_word' id='word_1_97' title='bbox 255 1084 356 1113; x_wconf 88' lang='lat' dir='ltr'><em>divina</em></span> <span class='ocrx_word' id='word_1_98' title='bbox 370 1085 571 1122; x_wconf 88' lang='lat' dir='ltr'><em>multipliciter</em></span> <span class='ocrx_word' id='word_1_99' title='bbox 586 1085 793 1121; x_wconf 80' lang='lat' dir='ltr'><em>distinguatur.</em></span> 
     </span>
    </p>

    <p class='ocr_par' dir='ltr' id='par_1_7' title="bbox 161 1132 948 2296">
     <span class='ocr_line' id='line_1_18' title="bbox 197 1132 942 1169; baseline 0.001 -8"><span class='ocrx_word' id='word_1_100' title='bbox 197 1132 294 1161; x_wconf 88' lang='lat' dir='ltr'><em>Primo</em></span> <span class='ocrx_word' id='word_1_101' title='bbox 311 1132 533 1168; x_wconf 88' lang='lat' dir='ltr'><em>distinguuntur</em></span> <span class='ocrx_word' id='word_1_102' title='bbox 554 1132 587 1160; x_wconf 90' lang='lat' dir='ltr'><em>in</em></span> <span class='ocrx_word' id='word_1_103' title='bbox 608 1132 666 1161; x_wconf 87' lang='lat' dir='ltr'><em>hoc</em></span> <span class='ocrx_word' id='word_1_104' title='bbox 677 1152 687 1167; x_wconf 94' lang='lat'><em>,</em></span> <span class='ocrx_word' id='word_1_105' title='bbox 706 1132 778 1169; x_wconf 86' lang='lat' dir='ltr'><em>quia</em></span> <span class='ocrx_word' id='word_1_106' title='bbox 801 1133 942 1162; x_wconf 82' lang='lat' dir='ltr'><em>allocutio</em></span> 
     </span>
     <span class='ocr_line' id='line_1_19' title="bbox 162 1179 943 1216; baseline 0 -7"><span class='ocrx_word' id='word_1_107' title='bbox 162 1179 263 1209; x_wconf 87' lang='lat' dir='ltr'><em>divina</em></span> <span class='ocrx_word' id='word_1_108' title='bbox 276 1180 417 1216; x_wconf 82' lang='lat' dir='ltr'><em>praecedit</em></span> <span class='ocrx_word' id='word_1_109' title='bbox 429 1181 457 1208; x_wconf 89' lang='lat' dir='ltr'><em>et</em></span> <span class='ocrx_word' id='word_1_110' title='bbox 468 1180 589 1208; x_wconf 81' lang='lat' dir='ltr'><em>inchoat</em></span> <span class='ocrx_word' id='word_1_111' title='bbox 601 1179 826 1208; x_wconf 86' lang='lat' dir='ltr'><em>meditationem</em></span> <span class='ocrx_word' id='word_1_112' title='bbox 839 1180 943 1210; x_wconf 88' lang='lat' dir='ltr'><em>huma-</em></span> 
     </span>
     <span class='ocr_line' id='line_1_20' title="bbox 161 1226 943 1263; baseline 0 -8"><span class='ocrx_word' id='word_1_113' title='bbox 161 1235 242 1255; x_wconf 85' lang='lat' dir='ltr'><em>nam.</em></span> <span class='ocrx_word' id='word_1_114' title='bbox 267 1227 340 1255; x_wconf 87' lang='lat' dir='ltr'><em>Dicit</em></span> <span class='ocrx_word' id='word_1_115' title='bbox 361 1227 442 1255; x_wconf 89' lang='lat' dir='ltr'><em>enim</em></span> <span class='ocrx_word' id='word_1_116' title='bbox 463 1226 621 1263; x_wconf 86' lang='lat' dir='ltr'><em>Apostolus</em></span> <span class='ocrx_word' id='word_1_117' title='bbox 627 1247 637 1262; x_wconf 88' lang='lat'><em>,</em></span> <span class='ocrx_word' id='word_1_118' title='bbox 656 1226 740 1263; x_wconf 89' lang='lat' dir='ltr'><em>quod</em></span> <span class='ocrx_word' id='word_1_119' title='bbox 753 1227 763 1244; x_wconf 76' lang='lat'>³</span> <span class='ocrx_word' id='word_1_120' title='bbox 777 1235 829 1255; x_wconf 81' lang='lat' dir='ltr'><em>uon</em></span> <span class='ocrx_word' id='word_1_121' title='bbox 851 1235 943 1255; x_wconf 86' lang='lat' dir='ltr'><em>sumus</em></span> 
     </span>
     <span class='ocr_line' id='line_1_21' title="bbox 161 1274 944 1310; baseline 0.001 -9"><span class='ocrx_word' id='word_1_122' title='bbox 161 1275 325 1308; x_wconf 77' lang='lat' dir='ltr'><em>sufficientes</em></span> <span class='ocrx_word' id='word_1_123' title='bbox 345 1275 464 1309; x_wconf 67' lang='lat' dir='ltr'><em>cogitare</em></span> <span class='ocrx_word' id='word_1_124' title='bbox 483 1274 592 1309; x_wconf 80' lang='lat' dir='ltr'><em>aliquid</em></span> <span class='ocrx_word' id='word_1_125' title='bbox 612 1282 645 1301; x_wconf 68' lang='lat' dir='ltr'><em>ea:</em></span> <span class='ocrx_word' id='word_1_126' title='bbox 663 1275 740 1302; x_wconf 77' lang='lat' dir='ltr'><em>nobis</em></span> <span class='ocrx_word' id='word_1_127' title='bbox 759 1277 892 1310; x_wconf 79' lang='lat' dir='ltr'><em>tanquam</em></span> <span class='ocrx_word' id='word_1_128' title='bbox 911 1282 944 1302; x_wconf 74' lang='lat' dir='ltr'><em>ew</em></span> 
     </span>
     <span class='ocr_line' id='line_1_22' title="bbox 161 1321 944 1358; baseline 0.003 -10"><span class='ocrx_word' id='word_1_129' title='bbox 161 1322 253 1349; x_wconf 80' lang='lat' dir='ltr'><em>nobis.-</em></span> <span class='ocrx_word' id='word_1_130' title='bbox 271 1321 382 1358; x_wconf 82' lang='lat' dir='ltr'><em>quanto</em></span> <span class='ocrx_word' id='word_1_131' title='bbox 397 1321 496 1350; x_wconf 90' lang='lat' dir='ltr'><em>minus</em></span> <span class='ocrx_word' id='word_1_132' title='bbox 518 1330 620 1350; x_wconf 90' lang='lat' dir='ltr'><em>sumus</em></span> <span class='ocrx_word' id='word_1_133' title='bbox 635 1321 812 1350; x_wconf 79' lang='lat' dir='ltr'><em>sufficientes</em></span> <span class='ocrx_word' id='word_1_134' title='bbox 827 1321 944 1358; x_wconf 86' lang='lat' dir='ltr'><em>aliquid</em></span> 
     </span>
     <span class='ocr_line' id='line_1_23' title="bbox 161 1368 944 1405; baseline 0.001 -9"><span class='ocrx_word' id='word_1_135' title='bbox 161 1368 299 1396; x_wconf 89' lang='lat' dir='ltr'><em>meditari</em></span> <span class='ocrx_word' id='word_1_136' title='bbox 324 1377 361 1397; x_wconf 82' lang='lat' dir='ltr'><em>ex</em></span> <span class='ocrx_word' id='word_1_137' title='bbox 386 1369 484 1404; x_wconf 89' lang='lat' dir='ltr'><em>nobis,</em></span> <span class='ocrx_word' id='word_1_138' title='bbox 513 1371 658 1405; x_wconf 85' lang='lat' dir='ltr'><em>tanquam</em></span> <span class='ocrx_word' id='word_1_139' title='bbox 682 1377 718 1397; x_wconf 82' lang='lat' dir='ltr'><em>ex</em></span> <span class='ocrx_word' id='word_1_140' title='bbox 741 1369 844 1397; x_wconf 75' lang='lat' dir='ltr'><em>nobis!</em></span> <span class='ocrx_word' id='word_1_141' title='bbox 875 1377 944 1398; x_wconf 90' lang='lat' dir='ltr'><em>cum</em></span> 
     </span>
     <span class='ocr_line' id='line_1_24' title="bbox 161 1415 945 1452; baseline 0.001 -10"><span class='ocrx_word' id='word_1_142' title='bbox 161 1415 314 1443; x_wconf 81' lang='lat' dir='ltr'><em>meditatio</em></span> <span class='ocrx_word' id='word_1_143' title='bbox 334 1415 492 1452; x_wconf 84' lang='lat' dir='ltr'><em>perfectior</em></span> <span class='ocrx_word' id='word_1_144' title='bbox 511 1415 548 1443; x_wconf 83' lang='lat' dir='ltr'><em>sit</em></span> <span class='ocrx_word' id='word_1_145' title='bbox 569 1415 761 1451; x_wconf 81' lang='lat' dir='ltr'><em>cogitatione,</em></span> <span class='ocrx_word' id='word_1_146' title='bbox 782 1415 856 1443; x_wconf 86' lang='lat' dir='ltr'><em>sicut</em></span> <span class='ocrx_word' id='word_1_147' title='bbox 875 1416 945 1444; x_wconf 86' lang='lat' dir='ltr'><em>dicit</em></span> 
     </span>
     <span class='ocr_line' id='line_1_25' title="bbox 162 1462 944 1498; baseline 0 -9"><span class='ocrx_word' id='word_1_148' title='bbox 162 1462 343 1497; x_wconf 78' lang='lat' dir='ltr'><em>Richardus,</em></span> <span class='ocrx_word' id='word_1_149' title='bbox 369 1463 448 1490; x_wconf 86' lang='lat' dir='ltr'><em>libro</em></span> <span class='ocrx_word' id='word_1_150' title='bbox 474 1463 592 1498; x_wconf 89' lang='lat' dir='ltr'><em>primo,</em></span> <span class='ocrx_word' id='word_1_151' title='bbox 618 1462 713 1498; x_wconf 85' lang='lat' dir='ltr'><em>eapite</em></span> <span class='ocrx_word' id='word_1_152' title='bbox 739 1463 834 1490; x_wconf 86' lang='lat' dir='ltr'><em>tertio.</em></span> <span class='ocrx_word' id='word_1_153' title='bbox 859 1463 944 1497; x_wconf 76' lang='lat' dir='ltr'><em>Suffi-</em></span> 
     </span>
     <span class='ocr_line' id='line_1_26' title="bbox 162 1509 942 1546; baseline 0 -9"><span class='ocrx_word' id='word_1_154' title='bbox 162 1511 263 1538; x_wconf 81' lang='lat' dir='ltr'><em>cientia</em></span> <span class='ocrx_word' id='word_1_155' title='bbox 278 1512 366 1538; x_wconf 84' lang='lat' dir='ltr'><em>autem</em></span> <span class='ocrx_word' id='word_1_156' title='bbox 385 1511 395 1528; x_wconf 52' lang='grc' dir='ltr'>δ</span> <span class='ocrx_word' id='word_1_157' title='bbox 409 1513 503 1538; x_wconf 80' lang='lat' dir='ltr'><em>nostra</em></span> <span class='ocrx_word' id='word_1_158' title='bbox 515 1518 548 1538; x_wconf 74' lang='lat' dir='ltr'><em>ea:</em></span> <span class='ocrx_word' id='word_1_159' title='bbox 559 1511 612 1538; x_wconf 85' lang='lat' dir='ltr'><em>Deo</em></span> <span class='ocrx_word' id='word_1_160' title='bbox 627 1512 675 1537; x_wconf 82' lang='lat' dir='ltr'><em>est.</em></span> <span class='ocrx_word' id='word_1_161' title='bbox 689 1510 770 1538; x_wconf 89' lang='lat' dir='ltr'><em>Unde</em></span> <span class='ocrx_word' id='word_1_162' title='bbox 785 1509 906 1546; x_wconf 82' lang='lat' dir='ltr'><em>Sapiens</em></span> <span class='ocrx_word' id='word_1_163' title='bbox 918 1510 942 1538; x_wconf 77' lang='lat'><em>⁵:</em></span> 
     </span>
     <span class='ocr_line' id='line_1_27' title="bbox 163 1557 945 1592; baseline 0 -8"><span class='ocrx_word' id='word_1_164' title='bbox 163 1558 212 1585; x_wconf 84' lang='lat' dir='ltr'><em>Gor</em></span> <span class='ocrx_word' id='word_1_165' title='bbox 227 1558 343 1584; x_wconf 81' lang='lat' dir='ltr'><em>hominis</em></span> <span class='ocrx_word' id='word_1_166' title='bbox 360 1557 523 1592; x_wconf 74' lang='lat' dir='ltr'><em>phantasias</em></span> <span class='ocrx_word' id='word_1_167' title='bbox 543 1558 667 1592; x_wconf 81' lang='lat' dir='ltr'><em>patitur,</em></span> <span class='ocrx_word' id='word_1_168' title='bbox 688 1558 744 1584; x_wconf 79' lang='lat' dir='ltr'><em>nisi</em></span> <span class='ocrx_word' id='word_1_169' title='bbox 766 1557 799 1584; x_wconf 85' lang='lat' dir='ltr'><em>ab</em></span> <span class='ocrx_word' id='word_1_170' title='bbox 817 1557 945 1592; x_wconf 75' lang='lat' dir='ltr'><em>Omnipo-</em></span> 
     </span>
     <span class='ocr_line' id='line_1_28' title="bbox 163 1603 946 1639; baseline 0.001 -8"><span class='ocrx_word' id='word_1_171' title='bbox 163 1606 232 1632; x_wconf 80' lang='lat' dir='ltr'><em>tente</em></span> <span class='ocrx_word' id='word_1_172' title='bbox 239 1605 351 1639; x_wconf 79' lang='lat' dir='ltr'><em>juvetur</em></span> <span class='ocrx_word' id='word_1_173' title='bbox 363 1606 387 1631; x_wconf 85' lang='lat' dir='ltr'><em>el</em></span> <span class='ocrx_word' id='word_1_174' title='bbox 399 1605 566 1631; x_wconf 78' lang='lat' dir='ltr'><em>illustretur.</em></span> <span class='ocrx_word' id='word_1_175' title='bbox 580 1603 632 1632; x_wconf 89' lang='lat' dir='ltr'><em>Cui</em></span> <span class='ocrx_word' id='word_1_176' title='bbox 644 1603 808 1632; x_wconf 85' lang='lat' dir='ltr'><em>concordat</em></span> <span class='ocrx_word' id='word_1_177' title='bbox 823 1605 946 1632; x_wconf 86' lang='lat' dir='ltr'><em>Bernar-</em></span> 
     </span>
     <span class='ocr_line' id='line_1_29' title="bbox 163 1650 944 1687; baseline 0.001 -9"><span class='ocrx_word' id='word_1_178' title='bbox 163 1650 218 1679; x_wconf 88' lang='lat' dir='ltr'><em>dus</em></span> <span class='ocrx_word' id='word_1_179' title='bbox 227 1672 237 1687; x_wconf 88' lang='lat'><em>,</em></span> <span class='ocrx_word' id='word_1_180' title='bbox 253 1659 389 1679; x_wconf 85' lang='lat' dir='ltr'><em>sermone</em></span> <span class='ocrx_word' id='word_1_181' title='bbox 405 1651 637 1687; x_wconf 83' lang='lat' dir='ltr'><em>quadragesimo</em></span> <span class='ocrx_word' id='word_1_182' title='bbox 653 1652 736 1679; x_wconf 76' lang='lat' dir='ltr'><em>sexto</em></span> <span class='ocrx_word' id='word_1_183' title='bbox 747 1651 757 1668; x_wconf 75' lang='lat'><strong><em>⁶</em></strong></span> <span class='ocrx_word' id='word_1_184' title='bbox 770 1659 859 1687; x_wconf 85' lang='lat' dir='ltr'><em>super</em></span> <span class='ocrx_word' id='word_1_185' title='bbox 870 1651 944 1679; x_wconf 80' lang='lat' dir='ltr'><em>Can-</em></span> 
     </span>
     <span class='ocr_line' id='line_1_30' title="bbox 162 1697 945 1734; baseline 0.003 -9"><span class='ocrx_word' id='word_1_186' title='bbox 162 1699 226 1730; x_wconf 80' lang='lat' dir='ltr'><em>tica,</em></span> <span class='ocrx_word' id='word_1_187' title='bbox 240 1697 294 1725; x_wconf 88' lang='lat' dir='ltr'><em>ubi</em></span> <span class='ocrx_word' id='word_1_188' title='bbox 304 1698 430 1734; x_wconf 83' lang='lat' dir='ltr'><em>loquens</em></span> <span class='ocrx_word' id='word_1_189' title='bbox 445 1698 482 1726; x_wconf 89' lang='lat' dir='ltr'><em>de</em></span> <span class='ocrx_word' id='word_1_190' title='bbox 494 1697 638 1734; x_wconf 86' lang='lat' dir='ltr'><em>spirituali</em></span> <span class='ocrx_word' id='word_1_191' title='bbox 652 1697 816 1732; x_wconf 84' lang='lat' dir='ltr'><em>locutione,</em></span> <span class='ocrx_word' id='word_1_192' title='bbox 831 1706 898 1734; x_wconf 83' lang='lat' dir='ltr'><em>quae</em></span> <span class='ocrx_word' id='word_1_193' title='bbox 913 1698 945 1727; x_wconf 86' lang='lat' dir='ltr'><em>fit</em></span> 
     </span>
     <span class='ocr_line' id='line_1_31' title="bbox 162 1744 945 1780; baseline 0.003 -8"><span class='ocrx_word' id='word_1_194' title='bbox 162 1744 398 1780; x_wconf 86' lang='lat' dir='ltr'><em>inmeditatioue,</em></span> <span class='ocrx_word' id='word_1_195' title='bbox 409 1745 480 1773; x_wconf 88' lang='lat' dir='ltr'><em>dicit</em></span> <span class='ocrx_word' id='word_1_196' title='bbox 496 1754 503 1773; x_wconf 74' lang='grc' dir='ltr'>ε</span> <span class='ocrx_word' id='word_1_197' title='bbox 518 1745 653 1780; x_wconf 83' lang='lat' dir='ltr'><em>«Lingua</em></span> <span class='ocrx_word' id='word_1_198' title='bbox 668 1745 775 1773; x_wconf 81' lang='lat' dir='ltr'><em>animae</em></span> <span class='ocrx_word' id='word_1_199' title='bbox 786 1747 829 1773; x_wconf 92' lang='lat' dir='ltr'><em>est</em></span> <span class='ocrx_word' id='word_1_200' title='bbox 842 1745 945 1774; x_wconf 84' lang='lat' dir='ltr'><em>fervor</em></span> 
     </span>
     <span class='ocr_line' id='line_1_32' title="bbox 163 1791 943 1828; baseline 0.001 -9"><span class='ocrx_word' id='word_1_201' title='bbox 163 1791 339 1820; x_wconf 86' lang='lat' dir='ltr'><em>devotionis.</em></span> <span class='ocrx_word' id='word_1_202' title='bbox 363 1793 395 1820; x_wconf 89' lang='lat' dir='ltr'><em>Et</em></span> <span class='ocrx_word' id='word_1_203' title='bbox 417 1792 543 1828; x_wconf 82' lang='lat' dir='ltr'><em>elinguis</em></span> <span class='ocrx_word' id='word_1_204' title='bbox 572 1794 615 1820; x_wconf 88' lang='lat' dir='ltr'><em>est</em></span> <span class='ocrx_word' id='word_1_205' title='bbox 638 1791 756 1827; x_wconf 87' lang='lat' dir='ltr'><em>anima,</em></span> <span class='ocrx_word' id='word_1_206' title='bbox 779 1794 807 1820; x_wconf 91' lang='lat' dir='ltr'><em>et</em></span> <span class='ocrx_word' id='word_1_207' title='bbox 828 1791 943 1828; x_wconf 79' lang='lat' dir='ltr'><em>infans,</em></span> 
     </span>
     <span class='ocr_line' id='line_1_33' title="bbox 163 1839 945 1875; baseline 0.001 -9"><span class='ocrx_word' id='word_1_208' title='bbox 163 1846 229 1874; x_wconf 77' lang='lat' dir='ltr'><em>quae</em></span> <span class='ocrx_word' id='word_1_209' title='bbox 255 1839 334 1866; x_wconf 87' lang='lat' dir='ltr'><em>hane</em></span> <span class='ocrx_word' id='word_1_210' title='bbox 353 1846 415 1866; x_wconf 93' lang='lat' dir='ltr'><em>non</em></span> <span class='ocrx_word' id='word_1_211' title='bbox 434 1839 534 1874; x_wconf 81' lang='lat' dir='ltr'><em>habet,</em></span> <span class='ocrx_word' id='word_1_212' title='bbox 562 1840 590 1866; x_wconf 90' lang='lat' dir='ltr'><em>et</em></span> <span class='ocrx_word' id='word_1_213' title='bbox 615 1847 678 1867; x_wconf 91' lang='lat' dir='ltr'><em>non</em></span> <span class='ocrx_word' id='word_1_214' title='bbox 701 1840 797 1875; x_wconf 90' lang='lat' dir='ltr'><em>potest</em></span> <span class='ocrx_word' id='word_1_215' title='bbox 813 1839 857 1867; x_wconf 89' lang='lat' dir='ltr'><em>illi</em></span> <span class='ocrx_word' id='word_1_216' title='bbox 882 1847 945 1867; x_wconf 88' lang='lat' dir='ltr'><em>esse</em></span> 
     </span>
     <span class='ocr_line' id='line_1_34' title="bbox 163 1885 944 1922; baseline 0.001 -9"><span class='ocrx_word' id='word_1_217' title='bbox 163 1885 370 1913; x_wconf 82' lang='lat' dir='ltr'><em>sermocinatio</em></span> <span class='ocrx_word' id='word_1_218' title='bbox 392 1894 460 1913; x_wconf 89' lang='lat' dir='ltr'><em>cum</em></span> <span class='ocrx_word' id='word_1_219' title='bbox 480 1885 593 1920; x_wconf 85' lang='lat' dir='ltr'><em>Verbo,</em></span> <span class='ocrx_word' id='word_1_220' title='bbox 619 1887 661 1920; x_wconf 87' lang='lat' dir='ltr'><em>et,</em></span> <span class='ocrx_word' id='word_1_221' title='bbox 685 1885 742 1913; x_wconf 87' lang='lat' dir='ltr'><em>nisi</em></span> <span class='ocrx_word' id='word_1_222' title='bbox 760 1886 825 1922; x_wconf 87' lang='lat' dir='ltr'><em>ipso</em></span> <span class='ocrx_word' id='word_1_223' title='bbox 847 1886 944 1915; x_wconf 89' lang='lat' dir='ltr'><em>Verbo</em></span> 
     </span>
     <span class='ocr_line' id='line_1_35' title="bbox 164 1932 945 1969; baseline 0.003 -10"><span class='ocrx_word' id='word_1_224' title='bbox 164 1932 266 1959; x_wconf 88' lang='lat' dir='ltr'><em>divino</em></span> <span class='ocrx_word' id='word_1_225' title='bbox 282 1932 465 1967; x_wconf 83' lang='lat' dir='ltr'><em>stimulante,</em></span> <span class='ocrx_word' id='word_1_226' title='bbox 483 1932 650 1961; x_wconf 85' lang='lat' dir='ltr'><em>devotionis</em></span> <span class='ocrx_word' id='word_1_227' title='bbox 666 1933 769 1968; x_wconf 85' lang='lat' dir='ltr'><em>lingua</em></span> <span class='ocrx_word' id='word_1_228' title='bbox 787 1941 945 1969; x_wconf 89' lang='lat' dir='ltr'><em>nunquam</em></span> 
     </span>
     <span class='ocr_line' id='line_1_36' title="bbox 164 1979 944 2015; baseline 0.003 -9"><span class='ocrx_word' id='word_1_229' title='bbox 164 1979 204 2006; x_wconf 87' lang='lat' dir='ltr'><em>ad</em></span> <span class='ocrx_word' id='word_1_230' title='bbox 220 1979 407 2015; x_wconf 86' lang='lat' dir='ltr'><em>loquendum</em></span> <span class='ocrx_word' id='word_1_231' title='bbox 428 1981 576 2008; x_wconf 84' lang='lat' dir='ltr'><em>movetur.</em></span> <span class='ocrx_word' id='word_1_232' title='bbox 595 1989 609 2006; x_wconf 63' lang='lat' dir='ltr'><em>i&gt;</em></span> <span class='ocrx_word' id='word_1_233' title='bbox 631 1979 690 2007; x_wconf 89' lang='lat' dir='ltr'><em>Nisi</em></span> <span class='ocrx_word' id='word_1_234' title='bbox 711 1987 782 2015; x_wconf 85' lang='lat' dir='ltr'><em>ergo</em></span> <span class='ocrx_word' id='word_1_235' title='bbox 804 1979 944 2009; x_wconf 83' lang='lat' dir='ltr'><em>allocutio</em></span> 
     </span>
     <span class='ocr_line' id='line_1_37' title="bbox 164 2025 946 2062; baseline 0.003 -9"><span class='ocrx_word' id='word_1_236' title='bbox 164 2025 285 2060; x_wconf 88' lang='lat' dir='ltr'><em>divina,</em></span> <span class='ocrx_word' id='word_1_237' title='bbox 313 2026 374 2053; x_wconf 89' lang='lat' dir='ltr'><em>sive</em></span> <span class='ocrx_word' id='word_1_238' title='bbox 396 2025 565 2062; x_wconf 87' lang='lat' dir='ltr'><em>inspiratio,</em></span> <span class='ocrx_word' id='word_1_239' title='bbox 586 2028 717 2053; x_wconf 88' lang='lat' dir='ltr'><em>mentem</em></span> <span class='ocrx_word' id='word_1_240' title='bbox 738 2026 778 2054; x_wconf 90' lang='lat' dir='ltr'><em>ad</em></span> <span class='ocrx_word' id='word_1_241' title='bbox 800 2027 946 2055; x_wconf 81' lang='lat' dir='ltr'><em>meditan-</em></span> 
     </span>
     <span class='ocr_line' id='line_1_38' title="bbox 165 2072 945 2109; baseline 0.001 -9"><span class='ocrx_word' id='word_1_242' title='bbox 165 2072 239 2100; x_wconf 88' lang='lat' dir='ltr'><em>dum</em></span> <span class='ocrx_word' id='word_1_243' title='bbox 253 2072 371 2107; x_wconf 82' lang='lat' dir='ltr'><em>excitet,</em></span> <span class='ocrx_word' id='word_1_244' title='bbox 388 2075 415 2100; x_wconf 87' lang='lat' dir='ltr'><em>et</em></span> <span class='ocrx_word' id='word_1_245' title='bbox 428 2072 551 2108; x_wconf 85' lang='lat' dir='ltr'><em>inspiret</em></span> <span class='ocrx_word' id='word_1_246' title='bbox 569 2072 684 2108; x_wconf 89' lang='lat' dir='ltr'><em>spiritui</em></span> <span class='ocrx_word' id='word_1_247' title='bbox 701 2072 793 2109; x_wconf 89' lang='lat' dir='ltr'><em>quid,</em></span> <span class='ocrx_word' id='word_1_248' title='bbox 807 2073 945 2109; x_wconf 82' lang='lat' dir='ltr'><em>qualiter,</em></span> 
     </span>
     <span class='ocr_line' id='line_1_39' title="bbox 165 2119 946 2155; baseline 0.003 -9"><span class='ocrx_word' id='word_1_249' title='bbox 165 2121 193 2147; x_wconf 89' lang='lat' dir='ltr'><em>et</em></span> <span class='ocrx_word' id='word_1_250' title='bbox 208 2119 330 2155; x_wconf 90' lang='lat' dir='ltr'><em>quando</em></span> <span class='ocrx_word' id='word_1_251' title='bbox 347 2119 384 2147; x_wconf 89' lang='lat' dir='ltr'><em>de</em></span> <span class='ocrx_word' id='word_1_252' title='bbox 400 2119 508 2147; x_wconf 90' lang='lat' dir='ltr'><em>divinis</em></span> <span class='ocrx_word' id='word_1_253' title='bbox 527 2119 564 2148; x_wconf 86' lang='lat' dir='ltr'><em>sit</em></span> <span class='ocrx_word' id='word_1_254' title='bbox 577 2119 800 2155; x_wconf 85' lang='lat' dir='ltr'><em>meditandum,</em></span> <span class='ocrx_word' id='word_1_255' title='bbox 814 2120 946 2149; x_wconf 86' lang='lat' dir='ltr'><em>humana</em></span> 
     </span>
     <span class='ocr_line' id='line_1_40' title="bbox 165 2166 947 2203; baseline 0.003 -9"><span class='ocrx_word' id='word_1_256' title='bbox 165 2166 318 2194; x_wconf 78' lang='lat' dir='ltr'><em>medItatio</em></span> <span class='ocrx_word' id='word_1_257' title='bbox 340 2174 419 2195; x_wconf 86' lang='lat' dir='ltr'><em>vana</em></span> <span class='ocrx_word' id='word_1_258' title='bbox 438 2168 466 2194; x_wconf 89' lang='lat' dir='ltr'><em>et</em></span> <span class='ocrx_word' id='word_1_259' title='bbox 485 2166 595 2195; x_wconf 88' lang='lat' dir='ltr'><em>inutilis</em></span> <span class='ocrx_word' id='word_1_260' title='bbox 614 2169 764 2201; x_wconf 82' lang='lat' dir='ltr'><em>remanet,</em></span> <span class='ocrx_word' id='word_1_261' title='bbox 780 2166 851 2203; x_wconf 88' lang='lat' dir='ltr'><em>quia</em></span> <span class='ocrx_word' id='word_1_262' title='bbox 865 2167 897 2195; x_wconf 91' lang='lat' dir='ltr'><em>in</em></span> <span class='ocrx_word' id='word_1_263' title='bbox 912 2175 947 2196; x_wconf 90' lang='lat' dir='ltr'><em>ea</em></span> 
     </span>
     <span class='ocr_line' id='line_1_41' title="bbox 165 2213 948 2249; baseline 0 -8"><span class='ocrx_word' id='word_1_264' title='bbox 165 2221 227 2241; x_wconf 90' lang='lat' dir='ltr'><em>non</em></span> <span class='ocrx_word' id='word_1_265' title='bbox 242 2213 403 2241; x_wconf 76' lang='lat' dir='ltr'><em>exardescit</em></span> <span class='ocrx_word' id='word_1_266' title='bbox 417 2213 494 2249; x_wconf 84' lang='lat' dir='ltr'><em>ignis</em></span> <span class='ocrx_word' id='word_1_267' title='bbox 512 2213 690 2249; x_wconf 88' lang='lat' dir='ltr'><em>devotionis,</em></span> <span class='ocrx_word' id='word_1_268' title='bbox 706 2213 761 2243; x_wconf 89' lang='lat' dir='ltr'><em>sed</em></span> <span class='ocrx_word' id='word_1_269' title='bbox 774 2213 851 2249; x_wconf 85' lang='lat' dir='ltr'><em>ignis</em></span> <span class='ocrx_word' id='word_1_270' title='bbox 865 2213 948 2242; x_wconf 87' lang='lat' dir='ltr'><em>vani-</em></span> 
     </span>
     <span class='ocr_line' id='line_1_42' title="bbox 166 2260 467 2296; baseline 0.003 -9"><span class='ocrx_word' id='word_1_271' title='bbox 166 2261 231 2289; x_wconf 84' lang='lat' dir='ltr'><em>tatis</em></span> <span class='ocrx_word' id='word_1_272' title='bbox 247 2262 274 2289; x_wconf 90' lang='lat' dir='ltr'><em>et</em></span> <span class='ocrx_word' id='word_1_273' title='bbox 287 2260 467 2296; x_wconf 82' lang='lat' dir='ltr'><em>cupiditatis.</em></span> 
     </span>
    </p>

    <p class='ocr_par' dir='ltr' id='par_1_8' title="bbox 166 2307 948 2486">
     <span class='ocr_line' id='line_1_43' title="bbox 203 2307 947 2344; baseline 0 -8"><span class='ocrx_word' id='word_1_274' title='bbox 203 2308 339 2336; x_wconf 87' lang='lat' dir='ltr'><em>Secundo</em></span> <span class='ocrx_word' id='word_1_275' title='bbox 361 2307 565 2343; x_wconf 83' lang='lat' dir='ltr'><em>distinguitur,</em></span> <span class='ocrx_word' id='word_1_276' title='bbox 586 2307 658 2344; x_wconf 84' lang='lat' dir='ltr'><em>quia</em></span> <span class='ocrx_word' id='word_1_277' title='bbox 682 2307 823 2336; x_wconf 86' lang='lat' dir='ltr'><em>allocutio</em></span> <span class='ocrx_word' id='word_1_278' title='bbox 845 2307 947 2336; x_wconf 88' lang='lat' dir='ltr'><em>divina</em></span> 
     </span>
     <span class='ocr_line' id='line_1_44' title="bbox 166 2355 944 2391; baseline 0 -8"><span class='ocrx_word' id='word_1_279' title='bbox 166 2355 390 2383; x_wconf 86' lang='lat' dir='ltr'><em>meditationem</em></span> <span class='ocrx_word' id='word_1_280' title='bbox 409 2355 573 2383; x_wconf 84' lang='lat' dir='ltr'><em>humanam</em></span> <span class='ocrx_word' id='word_1_281' title='bbox 594 2355 729 2391; x_wconf 86' lang='lat' dir='ltr'><em>instruit,</em></span> <span class='ocrx_word' id='word_1_282' title='bbox 754 2356 782 2383; x_wconf 89' lang='lat' dir='ltr'><em>et</em></span> <span class='ocrx_word' id='word_1_283' title='bbox 803 2355 944 2384; x_wconf 87' lang='lat' dir='ltr'><em>verificat.</em></span> 
     </span>
     <span class='ocr_line' id='line_1_45' title="bbox 167 2401 947 2439; baseline 0.001 -9"><span class='ocrx_word' id='word_1_284' title='bbox 167 2402 311 2431; x_wconf 87' lang='lat' dir='ltr'><em>Allocutio</em></span> <span class='ocrx_word' id='word_1_285' title='bbox 335 2402 415 2431; x_wconf 89' lang='lat' dir='ltr'><em>enim</em></span> <span class='ocrx_word' id='word_1_286' title='bbox 440 2403 543 2431; x_wconf 85' lang='lat' dir='ltr'><em>divina</em></span> <span class='ocrx_word' id='word_1_287' title='bbox 566 2411 603 2430; x_wconf 80' lang='lat' dir='ltr'><em>ex</em></span> <span class='ocrx_word' id='word_1_288' title='bbox 628 2401 820 2439; x_wconf 88' lang='lat' dir='ltr'><em>inspiratione</em></span> <span class='ocrx_word' id='word_1_289' title='bbox 844 2402 947 2431; x_wconf 85' lang='lat' dir='ltr'><em>divina</em></span> 
     </span>
     <span class='ocr_line' id='line_1_46' title="bbox 167 2449 948 2486; baseline 0 -8"><span class='ocrx_word' id='word_1_290' title='bbox 167 2449 302 2485; x_wconf 85' lang='lat' dir='ltr'><em>procedit</em></span> <span class='ocrx_word' id='word_1_291' title='bbox 322 2458 341 2479; x_wconf 90' lang='lat' dir='ltr'><em>a</em></span> <span class='ocrx_word' id='word_1_292' title='bbox 361 2450 483 2479; x_wconf 84' lang='lat' dir='ltr'><em>veritate</em></span> <span class='ocrx_word' id='word_1_293' title='bbox 501 2449 667 2486; x_wconf 79' lang='lat' dir='ltr'><em>infallibili,</em></span> <span class='ocrx_word' id='word_1_294' title='bbox 690 2449 802 2479; x_wconf 86' lang='lat' dir='ltr'><em>docens</em></span> <span class='ocrx_word' id='word_1_295' title='bbox 820 2449 905 2486; x_wconf 83' lang='lat' dir='ltr'><em>loqui</em></span> <span class='ocrx_word' id='word_1_296' title='bbox 920 2450 948 2478; x_wconf 86' lang='lat' dir='ltr'><em>et</em></span> 
     </span>
    </p>
   </div>
   <div class='ocr_carea' id='block_1_7' title="bbox 168 2548 948 2724">
    <p class='ocr_par' dir='ltr' id='par_1_9' title="bbox 168 2548 948 2724">
     <span class='ocr_line' id='line_1_47' title="bbox 201 2548 946 2580; baseline 0.003 -9"><span class='ocrx_word' id='word_1_297' title='bbox 201 2548 205 2560; x_wconf 84' lang='lat'>¹</span> <span class='ocrx_word' id='word_1_298' title='bbox 231 2548 283 2572; x_wconf 83' lang='lat' dir='ltr'><em>{mo</em></span> <span class='ocrx_word' id='word_1_299' title='bbox 305 2550 450 2579; x_wconf 83' lang='lat' dir='ltr'><em>auctorem,</em></span> <span class='ocrx_word' id='word_1_300' title='bbox 470 2548 585 2580; x_wconf 77' lang='lat' dir='ltr'><em>quisquis</em></span> <span class='ocrx_word' id='word_1_301' title='bbox 604 2549 644 2573; x_wconf 84' lang='lat' dir='ltr'><em>ille</em></span> <span class='ocrx_word' id='word_1_302' title='bbox 664 2549 711 2580; x_wconf 87' lang='lat' dir='ltr'><em>sit,</em></span> <span class='ocrx_word' id='word_1_303' title='bbox 732 2549 791 2573; x_wconf 84' lang='lat' dir='ltr'><em>libri</em></span> <span class='ocrx_word' id='word_1_304' title='bbox 813 2549 843 2573; x_wconf 81' lang='lat' dir='ltr'><em>de</em></span> <span class='ocrx_word' id='word_1_305' title='bbox 867 2549 946 2580; x_wconf 76' lang='lat' dir='ltr'><em>Trz&#39;pl.</em></span> 
     </span>
     <span class='ocr_line' id='line_1_48' title="bbox 168 2582 946 2617; baseline 0.005 -11"><span class='ocrx_word' id='word_1_306' title='bbox 168 2582 263 2612; x_wconf 70' lang='lat' dir='ltr'><em>Habic„</em></span> <span class='ocrx_word' id='word_1_307' title='bbox 291 2592 313 2608; x_wconf 86' lang='lat' dir='ltr'><em>c.</em></span> <span class='ocrx_word' id='word_1_308' title='bbox 336 2590 362 2616; x_wconf 82' lang='lat' dir='ltr'><em>v,</em></span> <span class='ocrx_word' id='word_1_309' title='bbox 383 2585 469 2609; x_wconf 83' lang='lat' dir='ltr'><em>statim</em></span> <span class='ocrx_word' id='word_1_310' title='bbox 491 2593 505 2609; x_wconf 82' lang='lat' dir='ltr'><em>a</em></span> <span class='ocrx_word' id='word_1_311' title='bbox 529 2585 622 2616; x_wconf 63' lang='lat' dir='ltr'><em>princ„</em></span> <span class='ocrx_word' id='word_1_312' title='bbox 643 2586 710 2610; x_wconf 86' lang='lat' dir='ltr'><em>inter</em></span> <span class='ocrx_word' id='word_1_313' title='bbox 721 2586 797 2616; x_wconf 81' lang='lat' dir='ltr'><em>Oper.</em></span> <span class='ocrx_word' id='word_1_314' title='bbox 820 2587 846 2610; x_wconf 85' lang='lat' dir='ltr'><em>S.</em></span> <span class='ocrx_word' id='word_1_315' title='bbox 871 2586 946 2617; x_wconf 61' lang='lat' dir='ltr'><em>Aug„</em></span> 
     </span>
     <span class='ocr_line' id='line_1_49' title="bbox 169 2619 946 2652; baseline 0.004 -10"><span class='ocrx_word' id='word_1_316' title='bbox 169 2619 283 2650; x_wconf 86' lang='lat' dir='ltr'><em>append.</em></span> <span class='ocrx_word' id='word_1_317' title='bbox 300 2621 364 2644; x_wconf 87' lang='lat' dir='ltr'><em>tom.</em></span> <span class='ocrx_word' id='word_1_318' title='bbox 380 2621 423 2645; x_wconf 79' lang='lat' dir='ltr'><em>Vl.</em></span> <span class='ocrx_word' id='word_1_319' title='bbox 434 2622 486 2638; x_wconf 60' lang='grc' dir='ltr'><em>-Ξ</em></span> <span class='ocrx_word' id='word_1_320' title='bbox 498 2621 626 2649; x_wconf 65' lang='lat' dir='ltr'><em>Richard„</em></span> <span class='ocrx_word' id='word_1_321' title='bbox 642 2621 672 2645; x_wconf 85' lang='lat' dir='ltr'><em>cle</em></span> <span class='ocrx_word' id='word_1_322' title='bbox 688 2620 839 2652; x_wconf 60' lang='lat' dir='ltr'><em>contempl„</em></span> <span class='ocrx_word' id='word_1_323' title='bbox 854 2621 896 2645; x_wconf 84' lang='lat' dir='ltr'><em>lib.</em></span> <span class='ocrx_word' id='word_1_324' title='bbox 914 2622 946 2652; x_wconf 88' lang='lat' dir='ltr'><em>il,</em></span> 
     </span>
     <span class='ocr_line' id='line_1_50' title="bbox 169 2655 945 2687; baseline 0.005 -10"><span class='ocrx_word' id='word_1_325' title='bbox 169 2661 191 2678; x_wconf 86' lang='lat' dir='ltr'><em>c.</em></span> <span class='ocrx_word' id='word_1_326' title='bbox 208 2660 249 2678; x_wconf 85' lang='lat'><em>111.</em></span> <span class='ocrx_word' id='word_1_327' title='bbox 261 2667 291 2673; x_wconf 97' lang='lat'><strong>—</strong></span> <span class='ocrx_word' id='word_1_328' title='bbox 305 2655 314 2669; x_wconf 75' lang='lat'><strong>³</strong></span> <span class='ocrx_word' id='word_1_329' title='bbox 329 2656 349 2679; x_wconf 88' lang='lat'><em>11</em></span> <span class='ocrx_word' id='word_1_330' title='bbox 361 2656 430 2687; x_wconf 61' lang='lat' dir='ltr'><em>Cor„</em></span> <span class='ocrx_word' id='word_1_331' title='bbox 441 2662 480 2687; x_wconf 84' lang='grc' dir='ltr'><strong><em>ιιι,</em></strong></span> <span class='ocrx_word' id='word_1_332' title='bbox 496 2658 520 2681; x_wconf 83' lang='grc'><em>5.</em></span> <span class='ocrx_word' id='word_1_333' title='bbox 532 2669 563 2675; x_wconf 87' lang='lat'>-</span> <span class='ocrx_word' id='word_1_334' title='bbox 576 2656 585 2671; x_wconf 85' lang='lat'>⁴</span> <span class='ocrx_word' id='word_1_335' title='bbox 604 2656 667 2681; x_wconf 84' lang='lat' dir='ltr'><em>ibid.</em></span> <span class='ocrx_word' id='word_1_336' title='bbox 679 2670 710 2675; x_wconf 94' lang='lat'><em>—-</em></span> <span class='ocrx_word' id='word_1_337' title='bbox 723 2657 735 2675; x_wconf 70' lang='lat'>⁵</span> <span class='ocrx_word' id='word_1_338' title='bbox 747 2657 838 2687; x_wconf 69' lang='lat' dir='ltr'><em>Ecclc&#39;„</em></span> <span class='ocrx_word' id='word_1_339' title='bbox 854 2662 945 2687; x_wconf 68' lang='lat' dir='ltr'><em>xxmv,</em></span> 
     </span>
     <span class='ocr_line' id='line_1_51' title="bbox 169 2690 948 2724; baseline 0.009 -11"><span class='ocrx_word' id='word_1_340' title='bbox 169 2690 193 2713; x_wconf 82' lang='lat'><em>6.</em></span> <span class='ocrx_word' id='word_1_341' title='bbox 213 2703 245 2709; x_wconf 93' lang='lat'>—</span> <span class='ocrx_word' id='word_1_342' title='bbox 263 2691 273 2706; x_wconf 78' lang='lat'><strong>⁶</strong></span> <span class='ocrx_word' id='word_1_343' title='bbox 295 2691 382 2722; x_wconf 65' lang='lat' dir='ltr'><em>Rern„</em></span> <span class='ocrx_word' id='word_1_344' title='bbox 405 2692 431 2716; x_wconf 74' lang='lat' dir='ltr'><em>in</em></span> <span class='ocrx_word' id='word_1_345' title='bbox 452 2692 538 2723; x_wconf 67' lang='lat' dir='ltr'><em>Cant„</em></span> <span class='ocrx_word' id='word_1_346' title='bbox 559 2698 637 2718; x_wconf 86' lang='lat' dir='ltr'><em>serm.</em></span> <span class='ocrx_word' id='word_1_347' title='bbox 659 2698 734 2724; x_wconf 74' lang='lat' dir='ltr'><em>xnvs,</em></span> <span class='ocrx_word' id='word_1_348' title='bbox 753 2694 816 2724; x_wconf 80' lang='lat' dir='ltr'><em>post</em></span> <span class='ocrx_word' id='word_1_349' title='bbox 834 2692 948 2719; x_wconf 86' lang='lat' dir='ltr'><em>med.—</em></span> 
     </span>
    </p>
   </div>
   <div class='ocr_carea' id='block_1_8' title="bbox 1719 221 1779 251">
    <p class='ocr_par' dir='ltr' id='par_1_10' title="bbox 1719 221 1779 251">
     <span class='ocr_line' id='line_1_52' title="bbox 1719 221 1779 251; baseline 0.017 -1"><span class='ocrx_word' id='word_1_350' title='bbox 1719 221 1779 251; x_wconf 68' lang='lat'><em>415</em></span> 
     </span>
    </p>
   </div>
   <div class='ocr_carea' id='block_1_9' title="bbox 996 284 1784 2491">
    <p class='ocr_par' dir='ltr' id='par_1_11' title="bbox 996 284 1784 2200">
     <span class='ocr_line' id='line_1_53' title="bbox 998 284 1779 323; baseline -0.001 -8"><span class='ocrx_word' id='word_1_351' title='bbox 998 285 1135 315; x_wconf 85' lang='lat' dir='ltr'><em>meditari</em></span> <span class='ocrx_word' id='word_1_352' title='bbox 1150 285 1290 322; x_wconf 85' lang='lat' dir='ltr'><em>coelestia,</em></span> <span class='ocrx_word' id='word_1_353' title='bbox 1303 286 1330 315; x_wconf 89' lang='lat' dir='ltr'><em>et</em></span> <span class='ocrx_word' id='word_1_354' title='bbox 1343 284 1578 323; x_wconf 86' lang='lat' dir='ltr'><em>supernaturalia</em></span> <span class='ocrx_word' id='word_1_355' title='bbox 1595 285 1733 322; x_wconf 87' lang='lat' dir='ltr'><em>ostendit,</em></span> <span class='ocrx_word' id='word_1_356' title='bbox 1747 288 1779 314; x_wconf 92' lang='lat' dir='ltr'><em>ut</em></span> 
     </span>
     <span class='ocr_line' id='line_1_54' title="bbox 997 333 1779 370; baseline 0 -8"><span class='ocrx_word' id='word_1_357' title='bbox 997 341 1087 370; x_wconf 83' lang='lat' dir='ltr'><em>supra</em></span> <span class='ocrx_word' id='word_1_358' title='bbox 1110 333 1222 362; x_wconf 89' lang='lat' dir='ltr'><em>dictum</em></span> <span class='ocrx_word' id='word_1_359' title='bbox 1246 335 1306 369; x_wconf 78' lang='lat' dir='ltr'><em>est3</em></span> <span class='ocrx_word' id='word_1_360' title='bbox 1331 333 1485 362; x_wconf 81' lang='lat' dir='ltr'><em>meditatio</em></span> <span class='ocrx_word' id='word_1_361' title='bbox 1506 333 1606 362; x_wconf 87' lang='lat' dir='ltr'><em>autem</em></span> <span class='ocrx_word' id='word_1_362' title='bbox 1628 333 1722 362; x_wconf 87' lang='lat' dir='ltr'><em>oritur</em></span> <span class='ocrx_word' id='word_1_363' title='bbox 1742 341 1779 362; x_wconf 87' lang='lat' dir='ltr'><em>ex</em></span> 
     </span>
     <span class='ocr_line' id='line_1_55' title="bbox 996 378 1780 417; baseline 0.001 -9"><span class='ocrx_word' id='word_1_364' title='bbox 996 380 1110 408; x_wconf 89' lang='lat' dir='ltr'><em>ratione</em></span> <span class='ocrx_word' id='word_1_365' title='bbox 1127 380 1274 416; x_wconf 82' lang='lat' dir='ltr'><em>humana,</em></span> <span class='ocrx_word' id='word_1_366' title='bbox 1290 382 1323 409; x_wconf 90' lang='lat' dir='ltr'><em>ut</em></span> <span class='ocrx_word' id='word_1_367' title='bbox 1343 380 1414 409; x_wconf 89' lang='lat' dir='ltr'><em>dicit</em></span> <span class='ocrx_word' id='word_1_368' title='bbox 1430 380 1610 416; x_wconf 81' lang='lat' dir='ltr'><em>Richardus,</em></span> <span class='ocrx_word' id='word_1_369' title='bbox 1626 378 1704 409; x_wconf 87' lang='lat' dir='ltr'><em>libro</em></span> <span class='ocrx_word' id='word_1_370' title='bbox 1718 380 1780 417; x_wconf 86' lang='lat' dir='ltr'><em>pri-</em></span> 
     </span>
     <span class='ocr_line' id='line_1_56' title="bbox 997 427 1780 464; baseline 0.001 -9"><span class='ocrx_word' id='word_1_371' title='bbox 997 435 1060 463; x_wconf 92' lang='lat' dir='ltr'><em>mo,</em></span> <span class='ocrx_word' id='word_1_372' title='bbox 1077 427 1171 464; x_wconf 83' lang='lat' dir='ltr'><em>capite</em></span> <span class='ocrx_word' id='word_1_373' title='bbox 1185 428 1281 456; x_wconf 89' lang='lat' dir='ltr'><em>tertio.</em></span> <span class='ocrx_word' id='word_1_374' title='bbox 1293 427 1423 462; x_wconf 87' lang='lat' dir='ltr'><em>Qualiter</em></span> <span class='ocrx_word' id='word_1_375' title='bbox 1437 435 1508 463; x_wconf 84' lang='lat' dir='ltr'><em>ergo</em></span> <span class='ocrx_word' id='word_1_376' title='bbox 1522 427 1598 456; x_wconf 87' lang='lat' dir='ltr'><em>ratio</em></span> <span class='ocrx_word' id='word_1_377' title='bbox 1613 427 1780 457; x_wconf 84' lang='lat' dir='ltr'><em>meditatio-</em></span> 
     </span>
     <span class='ocr_line' id='line_1_57' title="bbox 997 474 1779 509; baseline 0 -6"><span class='ocrx_word' id='word_1_378' title='bbox 997 482 1067 503; x_wconf 91' lang='lat' dir='ltr'><em>nem</em></span> <span class='ocrx_word' id='word_1_379' title='bbox 1083 474 1120 503; x_wconf 90' lang='lat' dir='ltr'><em>de</em></span> <span class='ocrx_word' id='word_1_380' title='bbox 1135 474 1304 503; x_wconf 70' lang='lat' dir='ltr'><em>coelestibus</em></span> <span class='ocrx_word' id='word_1_381' title='bbox 1319 474 1443 502; x_wconf 84' lang='lat' dir='ltr'><em>instruet</em></span> <span class='ocrx_word' id='word_1_382' title='bbox 1456 474 1505 502; x_wconf 90' lang='lat' dir='ltr'><em>vel</em></span> <span class='ocrx_word' id='word_1_383' title='bbox 1519 475 1694 509; x_wconf 83' lang='lat' dir='ltr'><em>verificabit,</em></span> <span class='ocrx_word' id='word_1_384' title='bbox 1711 483 1779 504; x_wconf 89' lang='lat' dir='ltr'><em>cum</em></span> 
     </span>
     <span class='ocr_line' id='line_1_58' title="bbox 997 521 1780 559; baseline 0.003 -10"><span class='ocrx_word' id='word_1_385' title='bbox 997 521 1063 558; x_wconf 90' lang='lat' dir='ltr'><em>ipsa</em></span> <span class='ocrx_word' id='word_1_386' title='bbox 1076 521 1139 550; x_wconf 87' lang='lat' dir='ltr'><em>sine</em></span> <span class='ocrx_word' id='word_1_387' title='bbox 1155 521 1348 559; x_wconf 86' lang='lat' dir='ltr'><em>inspiratione</em></span> <span class='ocrx_word' id='word_1_388' title='bbox 1366 524 1394 550; x_wconf 88' lang='lat' dir='ltr'><em>et</em></span> <span class='ocrx_word' id='word_1_389' title='bbox 1407 522 1564 558; x_wconf 84' lang='lat' dir='ltr'><em>unctione,</em></span> <span class='ocrx_word' id='word_1_390' title='bbox 1585 530 1652 559; x_wconf 81' lang='lat' dir='ltr'><em>quae</em></span> <span class='ocrx_word' id='word_1_391' title='bbox 1671 523 1703 551; x_wconf 84' lang='lat' dir='ltr'><em>de</em></span> <span class='ocrx_word' id='word_1_392' title='bbox 1725 531 1780 551; x_wconf 88' lang='lat' dir='ltr'><em>om-</em></span> 
     </span>
     <span class='ocr_line' id='line_1_59' title="bbox 997 569 1779 606; baseline 0.004 -11"><span class='ocrx_word' id='word_1_393' title='bbox 997 570 1076 596; x_wconf 81' lang='lat' dir='ltr'><em>nibus</em></span> <span class='ocrx_word' id='word_1_394' title='bbox 1096 569 1187 602; x_wconf 75' lang='lat' dir='ltr'><em>aocet,</em></span> <span class='ocrx_word' id='word_1_395' title='bbox 1206 571 1240 598; x_wconf 86' lang='lat' dir='ltr'><em>ut</em></span> <span class='ocrx_word' id='word_1_396' title='bbox 1262 569 1357 597; x_wconf 89' lang='lat' dir='ltr'><em>dicit⁷</em></span> <span class='ocrx_word' id='word_1_397' title='bbox 1381 570 1523 604; x_wconf 80' lang='lat' dir='ltr'><em>JoanneS,</em></span> <span class='ocrx_word' id='word_1_398' title='bbox 1548 577 1610 598; x_wconf 91' lang='lat' dir='ltr'><em>non</em></span> <span class='ocrx_word' id='word_1_399' title='bbox 1632 570 1726 606; x_wconf 83' lang='lat' dir='ltr'><em>possit</em></span> <span class='ocrx_word' id='word_1_400' title='bbox 1748 578 1779 598; x_wconf 88' lang='lat' dir='ltr'><em>se</em></span> 
     </span>
     <span class='ocr_line' id='line_1_60' title="bbox 998 615 1779 653; baseline 0.003 -10"><span class='ocrx_word' id='word_1_401' title='bbox 998 615 1157 644; x_wconf 85' lang='lat' dir='ltr'><em>extendere</em></span> <span class='ocrx_word' id='word_1_402' title='bbox 1178 616 1214 644; x_wconf 90' lang='lat' dir='ltr'><em>ad</em></span> <span class='ocrx_word' id='word_1_403' title='bbox 1228 616 1471 652; x_wconf 84' lang='lat' dir='ltr'><em>supernaturales</em></span> <span class='ocrx_word' id='word_1_404' title='bbox 1484 615 1637 651; x_wconf 86' lang='lat' dir='ltr'><em>veritates,</em></span> <span class='ocrx_word' id='word_1_405' title='bbox 1655 618 1683 645; x_wconf 86' lang='lat' dir='ltr'><em>ct</em></span> <span class='ocrx_word' id='word_1_406' title='bbox 1698 617 1779 653; x_wconf 90' lang='lat' dir='ltr'><em>ideo,</em></span> 
     </span>
     <span class='ocr_line' id='line_1_61' title="bbox 998 662 1781 697; baseline 0.003 -7"><span class='ocrx_word' id='word_1_407' title='bbox 998 662 1077 691; x_wconf 86' lang='lat' dir='ltr'><em>circa</em></span> <span class='ocrx_word' id='word_1_408' title='bbox 1091 662 1173 697; x_wconf 86' lang='lat' dir='ltr'><em>talia,</em></span> <span class='ocrx_word' id='word_1_409' title='bbox 1187 670 1264 691; x_wconf 74' lang='lat' dir='ltr'><em>caeca</em></span> <span class='ocrx_word' id='word_1_410' title='bbox 1279 665 1307 691; x_wconf 90' lang='lat' dir='ltr'><em>et</em></span> <span class='ocrx_word' id='word_1_411' title='bbox 1321 664 1404 691; x_wconf 89' lang='lat' dir='ltr'><em>muta</em></span> <span class='ocrx_word' id='word_1_412' title='bbox 1417 664 1480 691; x_wconf 81' lang='lat' dir='ltr'><em>est‘l</em></span> <span class='ocrx_word' id='word_1_413' title='bbox 1493 663 1546 697; x_wconf 83' lang='lat' dir='ltr'><em>Qui</em></span> <span class='ocrx_word' id='word_1_414' title='bbox 1555 663 1652 691; x_wconf 84' lang='lat' dir='ltr'><em>enim⁸</em></span> <span class='ocrx_word' id='word_1_415' title='bbox 1665 664 1697 692; x_wconf 86' lang='lat' dir='ltr'><em>de</em></span> <span class='ocrx_word' id='word_1_416' title='bbox 1707 666 1781 692; x_wconf 85' lang='lat' dir='ltr'><em>terra</em></span> 
     </span>
     <span class='ocr_line' id='line_1_62' title="bbox 997 709 1782 746; baseline 0.003 -9"><span class='ocrx_word' id='word_1_417' title='bbox 997 711 1047 744; x_wconf 81' lang='lat' dir='ltr'><em>est,</em></span> <span class='ocrx_word' id='word_1_418' title='bbox 1069 709 1102 737; x_wconf 81' lang='lat' dir='ltr'><em>de</em></span> <span class='ocrx_word' id='word_1_419' title='bbox 1116 712 1190 738; x_wconf 84' lang='lat' dir='ltr'><em>terra</em></span> <span class='ocrx_word' id='word_1_420' title='bbox 1205 711 1337 745; x_wconf 83' lang='lat' dir='ltr'><em>loquitur.</em></span> <span class='ocrx_word' id='word_1_421' title='bbox 1354 711 1448 746; x_wconf 90' lang='lat' dir='ltr'><em>Super</em></span> <span class='ocrx_word' id='word_1_422' title='bbox 1467 710 1578 746; x_wconf 89' lang='lat' dir='ltr'><em>quibus</em></span> <span class='ocrx_word' id='word_1_423' title='bbox 1595 710 1695 739; x_wconf 85' lang='lat' dir='ltr'><em>verbis</em></span> <span class='ocrx_word' id='word_1_424' title='bbox 1711 711 1782 739; x_wconf 85' lang='lat' dir='ltr'><em>dicit</em></span> 
     </span>
     <span class='ocr_line' id='line_1_63' title="bbox 997 755 1780 793; baseline 0.004 -10"><span class='ocrx_word' id='word_1_425' title='bbox 997 755 1175 791; x_wconf 83' lang='lat' dir='ltr'><em>Augustinus</em></span> <span class='ocrx_word' id='word_1_426' title='bbox 1190 756 1210 792; x_wconf 83' lang='lat'><em>⁹,</em></span> <span class='ocrx_word' id='word_1_427' title='bbox 1228 756 1312 793; x_wconf 89' lang='lat' dir='ltr'><em>quod</em></span> <span class='ocrx_word' id='word_1_428' title='bbox 1327 756 1442 784; x_wconf 89' lang='lat' dir='ltr'><em>homini</em></span> <span class='ocrx_word' id='word_1_429' title='bbox 1454 757 1620 785; x_wconf 88' lang='lat' dir='ltr'><em>seeundum</em></span> <span class='ocrx_word' id='word_1_430' title='bbox 1634 765 1664 786; x_wconf 90' lang='lat' dir='ltr'><em>se</em></span> <span class='ocrx_word' id='word_1_431' title='bbox 1685 758 1780 786; x_wconf 85' lang='lat' dir='ltr'><em>consi-</em></span> 
     </span>
     <span class='ocr_line' id='line_1_64' title="bbox 998 802 1781 840; baseline 0.004 -10"><span class='ocrx_word' id='word_1_432' title='bbox 998 802 1116 838; x_wconf 87' lang='lat' dir='ltr'><em>derato,</em></span> <span class='ocrx_word' id='word_1_433' title='bbox 1132 811 1194 831; x_wconf 91' lang='lat' dir='ltr'><em>non</em></span> <span class='ocrx_word' id='word_1_434' title='bbox 1216 802 1355 832; x_wconf 81' lang='lat' dir='ltr'><em>convenit</em></span> <span class='ocrx_word' id='word_1_435' title='bbox 1373 803 1458 840; x_wconf 86' lang='lat' dir='ltr'><em>loqui</em></span> <span class='ocrx_word' id='word_1_436' title='bbox 1479 803 1537 832; x_wconf 87' lang='lat' dir='ltr'><em>nisi</em></span> <span class='ocrx_word' id='word_1_437' title='bbox 1558 806 1684 833; x_wconf 88' lang='lat' dir='ltr'><em>terrena.</em></span> <span class='ocrx_word' id='word_1_438' title='bbox 1705 804 1781 833; x_wconf 88' lang='lat' dir='ltr'><em>Talis</em></span> 
     </span>
     <span class='ocr_line' id='line_1_65' title="bbox 997 849 1781 887; baseline 0.004 -10"><span class='ocrx_word' id='word_1_439' title='bbox 997 849 1077 878; x_wconf 84' lang='lat' dir='ltr'><em>enim</em></span> <span class='ocrx_word' id='word_1_440' title='bbox 1101 857 1135 878; x_wconf 85' lang='lat' dir='ltr'><em>ex</em></span> <span class='ocrx_word' id='word_1_441' title='bbox 1159 850 1288 887; x_wconf 84' lang='lat' dir='ltr'><em>propriis</em></span> <span class='ocrx_word' id='word_1_442' title='bbox 1312 851 1455 887; x_wconf 83' lang='lat' dir='ltr'><em>loquitur,</em></span> <span class='ocrx_word' id='word_1_443' title='bbox 1481 853 1508 880; x_wconf 89' lang='lat' dir='ltr'><em>et</em></span> <span class='ocrx_word' id='word_1_444' title='bbox 1524 852 1547 868; x_wconf 68' lang='lat'><em>¹⁰</em></span> <span class='ocrx_word' id='word_1_445' title='bbox 1562 853 1689 879; x_wconf 80' lang='lat' dir='ltr'><em>animalis</em></span> <span class='ocrx_word' id='word_1_446' title='bbox 1707 852 1781 880; x_wconf 81' lang='lat' dir='ltr'><em>homo</em></span> 
     </span>
     <span class='ocr_line' id='line_1_66' title="bbox 997 898 1782 934; baseline 0.004 -10"><span class='ocrx_word' id='word_1_447' title='bbox 997 904 1050 924; x_wconf 82' lang='lat' dir='ltr'><em>non</em></span> <span class='ocrx_word' id='word_1_448' title='bbox 1065 899 1188 932; x_wconf 77' lang='lat' dir='ltr'><em>percipit</em></span> <span class='ocrx_word' id='word_1_449' title='bbox 1202 906 1243 932; x_wconf 87' lang='lat' dir='ltr'><em>ea,</em></span> <span class='ocrx_word' id='word_1_450' title='bbox 1260 906 1320 933; x_wconf 60' lang='lat' dir='ltr'><em>quae</em></span> <span class='ocrx_word' id='word_1_451' title='bbox 1337 899 1388 925; x_wconf 86' lang='lat' dir='ltr'><em>Dei</em></span> <span class='ocrx_word' id='word_1_452' title='bbox 1401 901 1471 925; x_wconf 79' lang='lat' dir='ltr'><em>sunt.</em></span> <span class='ocrx_word' id='word_1_453' title='bbox 1481 898 1558 927; x_wconf 87' lang='lat' dir='ltr'><em>Talis</em></span> <span class='ocrx_word' id='word_1_454' title='bbox 1572 899 1591 916; x_wconf 90' lang='lat'><em>¹¹</em></span> <span class='ocrx_word' id='word_1_455' title='bbox 1606 900 1782 934; x_wconf 81' lang='lat' dir='ltr'><em>iniquitatem</em></span> 
     </span>
     <span class='ocr_line' id='line_1_67' title="bbox 997 944 1782 980; baseline 0.004 -9"><span class='ocrx_word' id='word_1_456' title='bbox 997 944 1145 972; x_wconf 81' lang='lat' dir='ltr'><em>meditatus</em></span> <span class='ocrx_word' id='word_1_457' title='bbox 1158 945 1234 972; x_wconf 85' lang='lat' dir='ltr'><em>estin</em></span> <span class='ocrx_word' id='word_1_458' title='bbox 1249 945 1332 972; x_wconf 85' lang='lat' dir='ltr'><em>cubili</em></span> <span class='ocrx_word' id='word_1_459' title='bbox 1346 952 1405 977; x_wconf 84' lang='lat' dir='ltr'><em>suo,</em></span> <span class='ocrx_word' id='word_1_460' title='bbox 1421 944 1462 973; x_wconf 88' lang='lat' dir='ltr'><em>ait</em></span> <span class='ocrx_word' id='word_1_461' title='bbox 1476 945 1639 980; x_wconf 78' lang='lat' dir='ltr'><em>psalmista,</em></span> <span class='ocrx_word' id='word_1_462' title='bbox 1650 945 1683 973; x_wconf 92' lang='lat' dir='ltr'><em>id</em></span> <span class='ocrx_word' id='word_1_463' title='bbox 1691 947 1743 980; x_wconf 91' lang='lat' dir='ltr'><em>est,</em></span> <span class='ocrx_word' id='word_1_464' title='bbox 1751 946 1782 974; x_wconf 89' lang='lat' dir='ltr'><em>in</em></span> 
     </span>
     <span class='ocr_line' id='line_1_68' title="bbox 998 990 1781 1027; baseline 0.004 -10"><span class='ocrx_word' id='word_1_465' title='bbox 998 990 1087 1018; x_wconf 85' lang='lat' dir='ltr'><em>corde</em></span> <span class='ocrx_word' id='word_1_466' title='bbox 1102 998 1168 1026; x_wconf 86' lang='lat' dir='ltr'><em>suo,</em></span> <span class='ocrx_word' id='word_1_467' title='bbox 1184 990 1220 1018; x_wconf 88' lang='lat' dir='ltr'><em>de</em></span> <span class='ocrx_word' id='word_1_468' title='bbox 1241 999 1302 1027; x_wconf 87' lang='lat' dir='ltr'><em>quo</em></span> <span class='ocrx_word' id='word_1_469' title='bbox 1315 991 1335 1008; x_wconf 79' lang='lat'><em>¹²</em></span> <span class='ocrx_word' id='word_1_470' title='bbox 1346 993 1444 1019; x_wconf 66' lang='lat' dir='ltr'><em>eaeezmt</em></span> <span class='ocrx_word' id='word_1_471' title='bbox 1457 993 1544 1027; x_wconf 78' lang='lat' dir='ltr'><em>furta,</em></span> <span class='ocrx_word' id='word_1_472' title='bbox 1555 992 1712 1026; x_wconf 82' lang='lat' dir='ltr'><em>homicidia,</em></span> <span class='ocrx_word' id='word_1_473' title='bbox 1727 995 1781 1020; x_wconf 86' lang='lat' dir='ltr'><em>etc.</em></span> 
     </span>
     <span class='ocr_line' id='line_1_69' title="bbox 998 1036 1783 1068; baseline 0.005 -4"><span class='ocrx_word' id='word_1_474' title='bbox 998 1036 1102 1065; x_wconf 83' lang='lat' dir='ltr'><em>Divina</em></span> <span class='ocrx_word' id='word_1_475' title='bbox 1117 1039 1217 1065; x_wconf 88' lang='lat' dir='ltr'><em>autem</em></span> <span class='ocrx_word' id='word_1_476' title='bbox 1236 1037 1416 1066; x_wconf 85' lang='lat' dir='ltr'><em>allocutione</em></span> <span class='ocrx_word' id='word_1_477' title='bbox 1438 1037 1614 1067; x_wconf 87' lang='lat' dir='ltr'><em>adveniente</em></span> <span class='ocrx_word' id='word_1_478' title='bbox 1634 1041 1662 1067; x_wconf 89' lang='lat' dir='ltr'><em>et</em></span> <span class='ocrx_word' id='word_1_479' title='bbox 1682 1039 1783 1068; x_wconf 88' lang='lat' dir='ltr'><em>audita</em></span> 
     </span>
     <span class='ocr_line' id='line_1_70' title="bbox 997 1083 1783 1121; baseline 0.005 -10"><span class='ocrx_word' id='word_1_480' title='bbox 997 1083 1028 1111; x_wconf 93' lang='lat' dir='ltr'><em>in</em></span> <span class='ocrx_word' id='word_1_481' title='bbox 1037 1084 1168 1112; x_wconf 87' lang='lat' dir='ltr'><em>interiori</em></span> <span class='ocrx_word' id='word_1_482' title='bbox 1178 1084 1382 1121; x_wconf 88' lang='lat' dir='ltr'><em>inspiratione,</em></span> <span class='ocrx_word' id='word_1_483' title='bbox 1396 1087 1456 1113; x_wconf 85' lang='lat' dir='ltr'><em>tota</em></span> <span class='ocrx_word' id='word_1_484' title='bbox 1466 1086 1619 1114; x_wconf 86' lang='lat' dir='ltr'><em>meditatio</em></span> <span class='ocrx_word' id='word_1_485' title='bbox 1632 1087 1783 1115; x_wconf 88' lang='lat' dir='ltr'><em>instruitur</em></span> 
     </span>
     <span class='ocr_line' id='line_1_71' title="bbox 998 1130 1783 1168; baseline 0.005 -10"><span class='ocrx_word' id='word_1_486' title='bbox 998 1132 1026 1159; x_wconf 90' lang='lat' dir='ltr'><em>et</em></span> <span class='ocrx_word' id='word_1_487' title='bbox 1041 1130 1220 1159; x_wconf 86' lang='lat' dir='ltr'><em>verificatur.</em></span> <span class='ocrx_word' id='word_1_488' title='bbox 1237 1134 1267 1160; x_wconf 87' lang='lat' dir='ltr'><em>in</em></span> <span class='ocrx_word' id='word_1_489' title='bbox 1281 1131 1476 1168; x_wconf 83' lang='lat' dir='ltr'><em>inspiratione</em></span> <span class='ocrx_word' id='word_1_490' title='bbox 1492 1133 1571 1161; x_wconf 88' lang='lat' dir='ltr'><em>enim</em></span> <span class='ocrx_word' id='word_1_491' title='bbox 1584 1133 1664 1161; x_wconf 89' lang='lat' dir='ltr'><em>idem</em></span> <span class='ocrx_word' id='word_1_492' title='bbox 1681 1136 1722 1162; x_wconf 84' lang='lat' dir='ltr'><em>est</em></span> <span class='ocrx_word' id='word_1_493' title='bbox 1737 1134 1783 1161; x_wconf 88' lang='lat' dir='ltr'><em>di-</em></span> 
     </span>
     <span class='ocr_line' id='line_1_72' title="bbox 998 1178 1784 1217; baseline 0.005 -12"><span class='ocrx_word' id='word_1_494' title='bbox 998 1186 1075 1213; x_wconf 84' lang='lat' dir='ltr'><em>cere,</em></span> <span class='ocrx_word' id='word_1_495' title='bbox 1088 1180 1116 1206; x_wconf 91' lang='lat' dir='ltr'><em>et</em></span> <span class='ocrx_word' id='word_1_496' title='bbox 1130 1178 1308 1213; x_wconf 88' lang='lat' dir='ltr'><em>illuminarc;</em></span> <span class='ocrx_word' id='word_1_497' title='bbox 1325 1179 1440 1213; x_wconf 86' lang='lat' dir='ltr'><em>audire,</em></span> <span class='ocrx_word' id='word_1_498' title='bbox 1451 1181 1478 1207; x_wconf 88' lang='lat' dir='ltr'><em>et</em></span> <span class='ocrx_word' id='word_1_499' title='bbox 1488 1179 1588 1208; x_wconf 89' lang='lat' dir='ltr'><em>videre</em></span> <span class='ocrx_word' id='word_1_500' title='bbox 1598 1189 1604 1208; x_wconf 90' lang='lat'>:</span> <span class='ocrx_word' id='word_1_501' title='bbox 1615 1180 1696 1217; x_wconf 86' lang='lat' dir='ltr'><em>quia,</em></span> <span class='ocrx_word' id='word_1_502' title='bbox 1709 1180 1784 1209; x_wconf 84' lang='lat' dir='ltr'><em>sicut</em></span> 
     </span>
     <span class='ocr_line' id='line_1_73' title="bbox 999 1223 1784 1264; baseline 0.005 -12"><span class='ocrx_word' id='word_1_503' title='bbox 999 1223 1070 1252; x_wconf 88' lang='lat' dir='ltr'><em>dicit</em></span> <span class='ocrx_word' id='word_1_504' title='bbox 1092 1225 1271 1260; x_wconf 86' lang='lat' dir='ltr'><em>Gregorius,</em></span> <span class='ocrx_word' id='word_1_505' title='bbox 1294 1226 1427 1254; x_wconf 90' lang='lat' dir='ltr'><em>secundo</em></span> <span class='ocrx_word' id='word_1_506' title='bbox 1447 1227 1595 1254; x_wconf 80' lang='lat' dir='ltr'><em>Moralium</em></span> <span class='ocrx_word' id='word_1_507' title='bbox 1614 1227 1645 1260; x_wconf 80' lang='lat'><em>¹³,</em></span> <span class='ocrx_word' id='word_1_508' title='bbox 1669 1236 1682 1253; x_wconf 90' lang='lat'>«</span> <span class='ocrx_word' id='word_1_509' title='bbox 1697 1227 1784 1264; x_wconf 82' lang='lat' dir='ltr'><em>quasi</em></span> 
     </span>
     <span class='ocr_line' id='line_1_74' title="bbox 998 1270 1783 1310; baseline 0.005 -11"><span class='ocrx_word' id='word_1_510' title='bbox 998 1270 1095 1299; x_wconf 88' lang='lat' dir='ltr'><em>audiri</em></span> <span class='ocrx_word' id='word_1_511' title='bbox 1117 1272 1235 1307; x_wconf 90' lang='lat' dir='ltr'><em>dieitur,</em></span> <span class='ocrx_word' id='word_1_512' title='bbox 1251 1272 1336 1308; x_wconf 90' lang='lat' dir='ltr'><em>quod</em></span> <span class='ocrx_word' id='word_1_513' title='bbox 1349 1272 1521 1301; x_wconf 89' lang='lat' dir='ltr'><em>videntibus</em></span> <span class='ocrx_word' id='word_1_514' title='bbox 1542 1273 1712 1310; x_wconf 86' lang='lat' dir='ltr'><em>inspiratur.</em></span> <span class='ocrx_word' id='word_1_515' title='bbox 1728 1275 1783 1303; x_wconf 95' lang='lat' dir='ltr'><em>Lo-</em></span> 
     </span>
     <span class='ocr_line' id='line_1_75' title="bbox 999 1319 1783 1357; baseline 0.005 -10"><span class='ocrx_word' id='word_1_516' title='bbox 999 1319 1132 1355; x_wconf 86' lang='lat' dir='ltr'><em>quendo,</em></span> <span class='ocrx_word' id='word_1_517' title='bbox 1153 1321 1262 1348; x_wconf 87' lang='lat' dir='ltr'><em>veritas</em></span> <span class='ocrx_word' id='word_1_518' title='bbox 1282 1321 1418 1357; x_wconf 82' lang='lat' dir='ltr'><em>docetur;</em></span> <span class='ocrx_word' id='word_1_519' title='bbox 1441 1321 1651 1357; x_wconf 88' lang='lat' dir='ltr'><em>illuminando,</em></span> <span class='ocrx_word' id='word_1_520' title='bbox 1676 1323 1783 1351; x_wconf 85' lang='lat' dir='ltr'><em>veritas</em></span> 
     </span>
     <span class='ocr_line' id='line_1_76' title="bbox 998 1366 1784 1405; baseline 0.005 -11"><span class='ocrx_word' id='word_1_521' title='bbox 998 1366 1125 1395; x_wconf 88' lang='lat' dir='ltr'><em>videtur.</em></span> <span class='ocrx_word' id='word_1_522' title='bbox 1149 1377 1164 1394; x_wconf 86' lang='lat'>»</span> <span class='ocrx_word' id='word_1_523' title='bbox 1185 1369 1251 1396; x_wconf 81' lang='lat' dir='ltr'><em>Haec</em></span> <span class='ocrx_word' id='word_1_524' title='bbox 1276 1368 1337 1396; x_wconf 90' lang='lat' dir='ltr'><em>ille.</em></span> <span class='ocrx_word' id='word_1_525' title='bbox 1368 1368 1552 1404; x_wconf 82' lang='lat' dir='ltr'><em>Experientia</em></span> <span class='ocrx_word' id='word_1_526' title='bbox 1573 1370 1784 1405; x_wconf 70' lang='lat' dir='ltr'><em>praedictorum</em></span> 
     </span>
     <span class='ocr_line' id='line_1_77' title="bbox 998 1414 1784 1453; baseline 0.005 -12"><span class='ocrx_word' id='word_1_527' title='bbox 998 1415 1087 1449; x_wconf 87' lang='lat' dir='ltr'><em>patet,</em></span> <span class='ocrx_word' id='word_1_528' title='bbox 1099 1414 1169 1450; x_wconf 82' lang='lat' dir='ltr'><em>quia</em></span> <span class='ocrx_word' id='word_1_529' title='bbox 1181 1422 1250 1442; x_wconf 88' lang='lat' dir='ltr'><em>cum</em></span> <span class='ocrx_word' id='word_1_530' title='bbox 1265 1423 1302 1442; x_wconf 83' lang='lat' dir='ltr'><em>ex</em></span> <span class='ocrx_word' id='word_1_531' title='bbox 1319 1415 1505 1444; x_wconf 87' lang='lat' dir='ltr'><em>abundantia</em></span> <span class='ocrx_word' id='word_1_532' title='bbox 1520 1416 1617 1444; x_wconf 88' lang='lat' dir='ltr'><em>cordis</em></span> <span class='ocrx_word' id='word_1_533' title='bbox 1633 1425 1665 1444; x_wconf 93' lang='lat' dir='ltr'><em>os</em></span> <span class='ocrx_word' id='word_1_534' title='bbox 1679 1417 1784 1453; x_wconf 83' lang='lat' dir='ltr'><em>loqua-</em></span> 
     </span>
     <span class='ocr_line' id='line_1_78' title="bbox 998 1461 1783 1498; baseline 0.006 -11"><span class='ocrx_word' id='word_1_535' title='bbox 998 1461 1055 1495; x_wconf 88' lang='lat' dir='ltr'><em>tur,</em></span> <span class='ocrx_word' id='word_1_536' title='bbox 1080 1462 1142 1488; x_wconf 86' lang='lat' dir='ltr'><em>tam</em></span> <span class='ocrx_word' id='word_1_537' title='bbox 1156 1461 1269 1496; x_wconf 80' lang='lat' dir='ltr'><em>cordis,</em></span> <span class='ocrx_word' id='word_1_538' title='bbox 1291 1470 1383 1497; x_wconf 86' lang='lat' dir='ltr'><em>quam</em></span> <span class='ocrx_word' id='word_1_539' title='bbox 1403 1463 1609 1498; x_wconf 85' lang='lat' dir='ltr'><em>corporis;·de</em></span> <span class='ocrx_word' id='word_1_540' title='bbox 1630 1464 1720 1492; x_wconf 88' lang='lat' dir='ltr'><em>eorde</em></span> <span class='ocrx_word' id='word_1_541' title='bbox 1742 1464 1783 1492; x_wconf 80' lang='lat' dir='ltr'><em>sic</em></span> 
     </span>
     <span class='ocr_line' id='line_1_79' title="bbox 998 1506 1781 1547; baseline 0.008 -13"><span class='ocrx_word' id='word_1_542' title='bbox 998 1506 1141 1543; x_wconf 85' lang='lat' dir='ltr'><em>inspirato</em></span> <span class='ocrx_word' id='word_1_543' title='bbox 1156 1516 1218 1536; x_wconf 92' lang='lat' dir='ltr'><em>non</em></span> <span class='ocrx_word' id='word_1_544' title='bbox 1237 1510 1346 1537; x_wconf 83' lang='lat' dir='ltr'><em>exeunt</em></span> <span class='ocrx_word' id='word_1_545' title='bbox 1366 1510 1558 1545; x_wconf 84' lang='lat' dir='ltr'><em>cogitationes</em></span> <span class='ocrx_word' id='word_1_546' title='bbox 1573 1511 1674 1546; x_wconf 83' lang='lat' dir='ltr'><em>malae,</em></span> <span class='ocrx_word' id='word_1_547' title='bbox 1689 1511 1781 1547; x_wconf 86' lang='lat' dir='ltr'><em>furta,</em></span> 
     </span>
     <span class='ocr_line' id='line_1_80' title="bbox 998 1553 1782 1591; baseline 0.006 -10"><span class='ocrx_word' id='word_1_548' title='bbox 998 1553 1179 1590; x_wconf 88' lang='lat' dir='ltr'><em>homicidia,</em></span> <span class='ocrx_word' id='word_1_549' title='bbox 1206 1557 1233 1582; x_wconf 88' lang='lat' dir='ltr'><em>et</em></span> <span class='ocrx_word' id='word_1_550' title='bbox 1260 1558 1363 1584; x_wconf 84' lang='lat' dir='ltr'><em>caetera</em></span> <span class='ocrx_word' id='word_1_551' title='bbox 1390 1556 1474 1591; x_wconf 80' lang='lat' dir='ltr'><em>talia,</em></span> <span class='ocrx_word' id='word_1_552' title='bbox 1499 1557 1553 1585; x_wconf 84' lang='lat' dir='ltr'><em>sed</em></span> <span class='ocrx_word' id='word_1_553' title='bbox 1575 1558 1782 1586; x_wconf 87' lang='lat' dir='ltr'><em>meditationes</em></span> 
     </span>
     <span class='ocr_line' id='line_1_81' title="bbox 999 1601 1783 1638; baseline 0.006 -9"><span class='ocrx_word' id='word_1_554' title='bbox 999 1601 1174 1636; x_wconf 65' lang='lat' dir='ltr'><em>odoriferae,</em></span> <span class='ocrx_word' id='word_1_555' title='bbox 1195 1603 1290 1631; x_wconf 82' lang='lat' dir='ltr'><em>verba</em></span> <span class='ocrx_word' id='word_1_556' title='bbox 1311 1603 1425 1638; x_wconf 86' lang='lat' dir='ltr'><em>dulcia,</em></span> <span class='ocrx_word' id='word_1_557' title='bbox 1442 1607 1474 1631; x_wconf 90' lang='lat' dir='ltr'><em>ut</em></span> <span class='ocrx_word' id='word_1_558' title='bbox 1489 1604 1554 1632; x_wconf 85' lang='lat' dir='ltr'><em>talis</em></span> <span class='ocrx_word' id='word_1_559' title='bbox 1569 1605 1670 1634; x_wconf 89' lang='lat' dir='ltr'><em>anima</em></span> <span class='ocrx_word' id='word_1_560' title='bbox 1685 1605 1783 1634; x_wconf 85' lang='lat' dir='ltr'><em>dicere</em></span> 
     </span>
     <span class='ocr_line' id='line_1_82' title="bbox 997 1649 1783 1687; baseline 0.006 -11"><span class='ocrx_word' id='word_1_561' title='bbox 997 1649 1091 1684; x_wconf 90' lang='lat' dir='ltr'><em>possit</em></span> <span class='ocrx_word' id='word_1_562' title='bbox 1118 1649 1196 1677; x_wconf 90' lang='lat' dir='ltr'><em>illud</em></span> <span class='ocrx_word' id='word_1_563' title='bbox 1223 1650 1412 1678; x_wconf 81' lang='lat' dir='ltr'><em>canticorum</em></span> <span class='ocrx_word' id='word_1_564' title='bbox 1433 1651 1452 1668; x_wconf 65' lang='lat'><em>²⁶</em></span> <span class='ocrx_word' id='word_1_565' title='bbox 1467 1660 1475 1678; x_wconf 76' lang='grc' dir='ltr'><strong><em>ι</em></strong></span> <span class='ocrx_word' id='word_1_566' title='bbox 1490 1653 1644 1680; x_wconf 81' lang='lat' dir='ltr'><em>Fasciculus</em></span> <span class='ocrx_word' id='word_1_567' title='bbox 1668 1654 1783 1687; x_wconf 78' lang='lat' dir='ltr'><em>myrrhae</em></span> 
     </span>
     <span class='ocr_line' id='line_1_83' title="bbox 999 1695 1782 1732; baseline 0.008 -10"><span class='ocrx_word' id='word_1_568' title='bbox 999 1695 1112 1723; x_wconf 83' lang='lat' dir='ltr'><em>dilectus</em></span> <span class='ocrx_word' id='word_1_569' title='bbox 1127 1705 1200 1724; x_wconf 88' lang='lat' dir='ltr'><em>meus</em></span> <span class='ocrx_word' id='word_1_570' title='bbox 1215 1698 1295 1732; x_wconf 83' lang='lat' dir='ltr'><em>mihi,</em></span> <span class='ocrx_word' id='word_1_571' title='bbox 1306 1699 1379 1725; x_wconf 80' lang='lat' dir='ltr'><em>inter</em></span> <span class='ocrx_word' id='word_1_572' title='bbox 1392 1699 1475 1726; x_wconf 86' lang='lat' dir='ltr'><em>ubera</em></span> <span class='ocrx_word' id='word_1_573' title='bbox 1489 1707 1548 1727; x_wconf 79' lang='lat' dir='ltr'><em>mea</em></span> <span class='ocrx_word' id='word_1_574' title='bbox 1564 1701 1782 1728; x_wconf 82' lang='lat' dir='ltr'><em>commorabitur.</em></span> 
     </span>
     <span class='ocr_line' id='line_1_84' title="bbox 999 1742 1784 1782; baseline 0.008 -12"><span class='ocrx_word' id='word_1_575' title='bbox 999 1742 1124 1771; x_wconf 84' lang='lat' dir='ltr'><em>Dilectus</em></span> <span class='ocrx_word' id='word_1_576' title='bbox 1138 1746 1211 1772; x_wconf 77' lang='lat' dir='ltr'><em>inter</em></span> <span class='ocrx_word' id='word_1_577' title='bbox 1226 1745 1326 1778; x_wconf 80' lang='lat' dir='ltr'><em>ubera,</em></span> <span class='ocrx_word' id='word_1_578' title='bbox 1341 1745 1373 1773; x_wconf 92' lang='lat' dir='ltr'><em>id</em></span> <span class='ocrx_word' id='word_1_579' title='bbox 1388 1747 1430 1774; x_wconf 89' lang='lat' dir='ltr'><em>est</em></span> <span class='ocrx_word' id='word_1_580' title='bbox 1444 1745 1475 1774; x_wconf 92' lang='lat' dir='ltr'><em>in</em></span> <span class='ocrx_word' id='word_1_581' title='bbox 1490 1754 1558 1775; x_wconf 90' lang='lat' dir='ltr'><em>mea</em></span> <span class='ocrx_word' id='word_1_582' title='bbox 1572 1747 1727 1782; x_wconf 89' lang='lat' dir='ltr'><em>memoria,</em></span> <span class='ocrx_word' id='word_1_583' title='bbox 1743 1748 1784 1776; x_wconf 89' lang='lat' dir='ltr'><em>ait</em></span> 
     </span>
     <span class='ocr_line' id='line_1_85' title="bbox 1000 1789 1782 1828; baseline 0.008 -10"><span class='ocrx_word' id='word_1_584' title='bbox 1000 1789 1117 1826; x_wconf 81' lang='lat' dir='ltr'><em>Glossa,</em></span> <span class='ocrx_word' id='word_1_585' title='bbox 1134 1794 1338 1820; x_wconf 86' lang='lat' dir='ltr'><em>commoratur</em></span> <span class='ocrx_word' id='word_1_586' title='bbox 1356 1800 1411 1828; x_wconf 90' lang='lat' dir='ltr'><em>per</em></span> <span class='ocrx_word' id='word_1_587' title='bbox 1426 1793 1598 1822; x_wconf 89' lang='lat' dir='ltr'><em>continuam</em></span> <span class='ocrx_word' id='word_1_588' title='bbox 1615 1795 1782 1824; x_wconf 87' lang='lat' dir='ltr'><em>meditatio-</em></span> 
     </span>
     <span class='ocr_line' id='line_1_86' title="bbox 1000 1837 1783 1879; baseline 0.009 -15"><span class='ocrx_word' id='word_1_589' title='bbox 1000 1844 1079 1872; x_wconf 85' lang='lat' dir='ltr'><em>nem,</em></span> <span class='ocrx_word' id='word_1_590' title='bbox 1096 1839 1129 1866; x_wconf 89' lang='lat' dir='ltr'><em>ut</em></span> <span class='ocrx_word' id='word_1_591' title='bbox 1143 1837 1300 1867; x_wconf 84' lang='lat' dir='ltr'><em>fasciculus</em></span> <span class='ocrx_word' id='word_1_592' title='bbox 1311 1840 1455 1875; x_wconf 80' lang='lat' dir='ltr'><em>myrrhae,</em></span> <span class='ocrx_word' id='word_1_593' title='bbox 1472 1849 1540 1877; x_wconf 77' lang='lat' dir='ltr'><em>quae</em></span> <span class='ocrx_word' id='word_1_594' title='bbox 1556 1850 1683 1878; x_wconf 87' lang='lat' dir='ltr'><em>corpora</em></span> <span class='ocrx_word' id='word_1_595' title='bbox 1697 1851 1714 1871; x_wconf 87' lang='lat' dir='ltr'><em>a</em></span> <span class='ocrx_word' id='word_1_596' title='bbox 1729 1851 1783 1879; x_wconf 87' lang='lat' dir='ltr'><em>pu-</em></span> 
     </span>
     <span class='ocr_line' id='line_1_87' title="bbox 1000 1884 1783 1924; baseline 0.009 -13"><span class='ocrx_word' id='word_1_597' title='bbox 1000 1884 1115 1912; x_wconf 88' lang='lat' dir='ltr'><em>tredine</em></span> <span class='ocrx_word' id='word_1_598' title='bbox 1131 1888 1296 1920; x_wconf 88' lang='lat' dir='ltr'><em>conservat,</em></span> <span class='ocrx_word' id='word_1_599' title='bbox 1312 1888 1340 1914; x_wconf 89' lang='lat' dir='ltr'><em>et</em></span> <span class='ocrx_word' id='word_1_600' title='bbox 1353 1895 1470 1915; x_wconf 88' lang='lat' dir='ltr'><em>vermes</em></span> <span class='ocrx_word' id='word_1_601' title='bbox 1482 1888 1650 1924; x_wconf 87' lang='lat' dir='ltr'><em>mortificat,</em></span> <span class='ocrx_word' id='word_1_602' title='bbox 1667 1889 1708 1917; x_wconf 85' lang='lat' dir='ltr'><em>ait</em></span> <span class='ocrx_word' id='word_1_603' title='bbox 1718 1891 1783 1918; x_wconf 87' lang='lat' dir='ltr'><em>Ver-</em></span> 
     </span>
     <span class='ocr_line' id='line_1_88' title="bbox 1001 1931 1784 1971; baseline 0.008 -12"><span class='ocrx_word' id='word_1_604' title='bbox 1001 1931 1152 1960; x_wconf 84' lang='lat' dir='ltr'><em>cellensis:</em></span> <span class='ocrx_word' id='word_1_605' title='bbox 1169 1934 1197 1960; x_wconf 90' lang='lat' dir='ltr'><em>et</em></span> <span class='ocrx_word' id='word_1_606' title='bbox 1211 1933 1280 1961; x_wconf 90' lang='lat' dir='ltr'><em>ideo</em></span> <span class='ocrx_word' id='word_1_607' title='bbox 1294 1932 1452 1962; x_wconf 77' lang='lat' dir='ltr'><em>fasciculus</em></span> <span class='ocrx_word' id='word_1_608' title='bbox 1464 1935 1592 1971; x_wconf 69' lang='lat' dir='ltr'><em>myrrhae</em></span> <span class='ocrx_word' id='word_1_609' title='bbox 1607 1936 1703 1971; x_wconf 76' lang='lat' dir='ltr'><em>signat</em></span> <span class='ocrx_word' id='word_1_610' title='bbox 1717 1945 1784 1966; x_wconf 84' lang='lat' dir='ltr'><em>sua-</em></span> 
     </span>
     <span class='ocr_line' id='line_1_89' title="bbox 1000 1978 1783 2015; baseline 0.009 -10"><span class='ocrx_word' id='word_1_611' title='bbox 1000 1978 1154 2007; x_wconf 83' lang='lat' dir='ltr'><em>vissimam</em></span> <span class='ocrx_word' id='word_1_612' title='bbox 1168 1979 1362 2015; x_wconf 84' lang='lat' dir='ltr'><em>fragrantiam</em></span> <span class='ocrx_word' id='word_1_613' title='bbox 1374 1983 1543 2010; x_wconf 85' lang='lat' dir='ltr'><em>sanctarum</em></span> <span class='ocrx_word' id='word_1_614' title='bbox 1554 1983 1783 2012; x_wconf 88' lang='lat' dir='ltr'><em>meditationum</em></span> 
     </span>
     <span class='ocr_line' id='line_1_90' title="bbox 1002 2025 1781 2067; baseline 0.009 -15"><span class='ocrx_word' id='word_1_615' title='bbox 1002 2025 1039 2052; x_wconf 92' lang='lat' dir='ltr'><em>de</em></span> <span class='ocrx_word' id='word_1_616' title='bbox 1058 2026 1133 2061; x_wconf 86' lang='lat' dir='ltr'><em>Deo,</em></span> <span class='ocrx_word' id='word_1_617' title='bbox 1157 2034 1225 2062; x_wconf 84' lang='lat' dir='ltr'><em>quae</em></span> <span class='ocrx_word' id='word_1_618' title='bbox 1244 2029 1375 2055; x_wconf 87' lang='lat' dir='ltr'><em>mentem</em></span> <span class='ocrx_word' id='word_1_619' title='bbox 1396 2035 1413 2056; x_wconf 86' lang='lat' dir='ltr'><em>a</em></span> <span class='ocrx_word' id='word_1_620' title='bbox 1434 2029 1592 2063; x_wconf 85' lang='lat' dir='ltr'><em>putredine</em></span> <span class='ocrx_word' id='word_1_621' title='bbox 1613 2032 1640 2058; x_wconf 91' lang='lat' dir='ltr'><em>et</em></span> <span class='ocrx_word' id='word_1_622' title='bbox 1659 2038 1781 2067; x_wconf 78' lang='lat' dir='ltr'><em>corrup-</em></span> 
     </span>
     <span class='ocr_line' id='line_1_91' title="bbox 1001 2071 1781 2114; baseline 0.009 -15"><span class='ocrx_word' id='word_1_623' title='bbox 1001 2071 1080 2100; x_wconf 87' lang='lat' dir='ltr'><em>tione</em></span> <span class='ocrx_word' id='word_1_624' title='bbox 1098 2072 1271 2100; x_wconf 89' lang='lat' dir='ltr'><em>mortalium</em></span> <span class='ocrx_word' id='word_1_625' title='bbox 1293 2077 1470 2108; x_wconf 83' lang='lat' dir='ltr'><em>praeservat,</em></span> <span class='ocrx_word' id='word_1_626' title='bbox 1491 2077 1519 2103; x_wconf 90' lang='lat' dir='ltr'><em>et</em></span> <span class='ocrx_word' id='word_1_627' title='bbox 1538 2084 1667 2111; x_wconf 82' lang='lat' dir='ltr'><em>vermes,</em></span> <span class='ocrx_word' id='word_1_628' title='bbox 1683 2077 1714 2105; x_wconf 91' lang='lat' dir='ltr'><em>id</em></span> <span class='ocrx_word' id='word_1_629' title='bbox 1729 2079 1781 2114; x_wconf 84' lang='lat' dir='ltr'><em>est,</em></span> 
     </span>
     <span class='ocr_line' id='line_1_92' title="bbox 1001 2118 1782 2153; baseline 0.01 -8"><span class='ocrx_word' id='word_1_630' title='bbox 1001 2118 1183 2147; x_wconf 82' lang='lat' dir='ltr'><em>offendicula</em></span> <span class='ocrx_word' id='word_1_631' title='bbox 1203 2119 1431 2149; x_wconf 87' lang='lat' dir='ltr'><em>meditationum</em></span> <span class='ocrx_word' id='word_1_632' title='bbox 1449 2122 1618 2152; x_wconf 88' lang='lat' dir='ltr'><em>mortificat.</em></span> <span class='ocrx_word' id='word_1_633' title='bbox 1633 2124 1707 2152; x_wconf 87' lang='lat' dir='ltr'><em>Talis</em></span> <span class='ocrx_word' id='word_1_634' title='bbox 1721 2132 1782 2153; x_wconf 90' lang='lat' dir='ltr'><em>me-</em></span> 
     </span>
     <span class='ocr_line' id='line_1_93' title="bbox 1002 2165 1502 2200; baseline 0.006 -7"><span class='ocrx_word' id='word_1_635' title='bbox 1002 2165 1153 2193; x_wconf 84' lang='lat' dir='ltr'><em>ditationis</em></span> <span class='ocrx_word' id='word_1_636' title='bbox 1168 2167 1302 2200; x_wconf 79' lang='lat' dir='ltr'><em>eloquium</em></span> <span class='ocrx_word' id='word_1_637' title='bbox 1318 2170 1360 2195; x_wconf 88' lang='lat' dir='ltr'><em>est</em></span> <span class='ocrx_word' id='word_1_638' title='bbox 1375 2168 1396 2185; x_wconf 86' lang='lat'><em>¹⁵</em></span> <span class='ocrx_word' id='word_1_639' title='bbox 1417 2168 1502 2196; x_wconf 85' lang='lat' dir='ltr'><em>dulce.</em></span> 
     </span>
    </p>

    <p class='ocr_par' dir='ltr' id='par_1_12' title="bbox 1001 2213 1782 2491">
     <span class='ocr_line' id='line_1_94' title="bbox 1037 2213 1782 2249; baseline 0.011 -9"><span class='ocrx_word' id='word_1_640' title='bbox 1037 2213 1131 2241; x_wconf 88' lang='lat' dir='ltr'><em>Tertio</em></span> <span class='ocrx_word' id='word_1_641' title='bbox 1146 2215 1227 2249; x_wconf 87' lang='lat' dir='ltr'><em>patet</em></span> <span class='ocrx_word' id='word_1_642' title='bbox 1246 2214 1394 2244; x_wconf 84' lang='lat' dir='ltr'><em>distinctio</em></span> <span class='ocrx_word' id='word_1_643' title='bbox 1416 2216 1492 2245; x_wconf 91' lang='lat' dir='ltr'><em>inter</em></span> <span class='ocrx_word' id='word_1_644' title='bbox 1512 2217 1724 2247; x_wconf 88' lang='lat' dir='ltr'><em>allocutionem</em></span> <span class='ocrx_word' id='word_1_645' title='bbox 1739 2218 1782 2248; x_wconf 87' lang='lat' dir='ltr'><em>di-</em></span> 
     </span>
     <span class='ocr_line' id='line_1_95' title="bbox 1002 2259 1782 2299; baseline 0.01 -12"><span class='ocrx_word' id='word_1_646' title='bbox 1002 2259 1103 2288; x_wconf 86' lang='lat' dir='ltr'><em>vinam</em></span> <span class='ocrx_word' id='word_1_647' title='bbox 1118 2262 1145 2288; x_wconf 86' lang='lat' dir='ltr'><em>et</em></span> <span class='ocrx_word' id='word_1_648' title='bbox 1163 2261 1403 2298; x_wconf 87' lang='lat' dir='ltr'><em>meditationem,</em></span> <span class='ocrx_word' id='word_1_649' title='bbox 1427 2263 1498 2299; x_wconf 85' lang='lat' dir='ltr'><em>quia</em></span> <span class='ocrx_word' id='word_1_650' title='bbox 1520 2264 1660 2293; x_wconf 86' lang='lat' dir='ltr'><em>allocutio</em></span> <span class='ocrx_word' id='word_1_651' title='bbox 1680 2266 1782 2296; x_wconf 90' lang='lat' dir='ltr'><em>divina</em></span> 
     </span>
     <span class='ocr_line' id='line_1_96' title="bbox 1002 2307 1779 2346; baseline 0.01 -12"><span class='ocrx_word' id='word_1_652' title='bbox 1002 2307 1227 2336; x_wconf 86' lang='lat' dir='ltr'><em>meditationem</em></span> <span class='ocrx_word' id='word_1_653' title='bbox 1239 2309 1403 2338; x_wconf 83' lang='lat' dir='ltr'><em>humanam</em></span> <span class='ocrx_word' id='word_1_654' title='bbox 1417 2310 1531 2346; x_wconf 87' lang='lat' dir='ltr'><em>perficit</em></span> <span class='ocrx_word' id='word_1_655' title='bbox 1546 2313 1573 2340; x_wconf 91' lang='lat' dir='ltr'><em>et</em></span> <span class='ocrx_word' id='word_1_656' title='bbox 1584 2316 1779 2342; x_wconf 88' lang='lat' dir='ltr'><em>consummat.</em></span> 
     </span>
     <span class='ocr_line' id='line_1_97' title="bbox 1002 2354 1782 2394; baseline 0.009 -12"><span class='ocrx_word' id='word_1_657' title='bbox 1002 2354 1073 2383; x_wconf 89' lang='lat' dir='ltr'><em>Dicit</em></span> <span class='ocrx_word' id='word_1_658' title='bbox 1086 2363 1217 2392; x_wconf 86' lang='lat' dir='ltr'><em>namque</em></span> <span class='ocrx_word' id='word_1_659' title='bbox 1227 2356 1383 2392; x_wconf 84' lang='lat' dir='ltr'><em>Dionysius</em></span> <span class='ocrx_word' id='word_1_660' title='bbox 1398 2357 1428 2391; x_wconf 72' lang='lat'><em>¹⁶,</em></span> <span class='ocrx_word' id='word_1_661' title='bbox 1440 2358 1524 2394; x_wconf 88' lang='lat' dir='ltr'><em>quod</em></span> <span class='ocrx_word' id='word_1_662' title='bbox 1537 2359 1620 2387; x_wconf 86' lang='lat' dir='ltr'><em>bona</em></span> <span class='ocrx_word' id='word_1_663' title='bbox 1634 2361 1782 2390; x_wconf 84' lang='lat' dir='ltr'><em>naturalia</em></span> 
     </span>
     <span class='ocr_line' id='line_1_98' title="bbox 1001 2401 1780 2441; baseline 0.009 -12"><span class='ocrx_word' id='word_1_664' title='bbox 1001 2401 1196 2437; x_wconf 86' lang='lat' dir='ltr'><em>perficiuntur</em></span> <span class='ocrx_word' id='word_1_665' title='bbox 1213 2411 1268 2439; x_wconf 85' lang='lat' dir='ltr'><em>per</em></span> <span class='ocrx_word' id='word_1_666' title='bbox 1282 2403 1363 2432; x_wconf 88' lang='lat' dir='ltr'><em>bona</em></span> <span class='ocrx_word' id='word_1_667' title='bbox 1377 2406 1623 2441; x_wconf 86' lang='lat' dir='ltr'><em>supernaturalia.</em></span> <span class='ocrx_word' id='word_1_668' title='bbox 1640 2409 1678 2435; x_wconf 92' lang='lat' dir='ltr'><em>De</em></span> <span class='ocrx_word' id='word_1_669' title='bbox 1693 2408 1780 2436; x_wconf 85' lang='lat' dir='ltr'><em>bonis</em></span> 
     </span>
     <span class='ocr_line' id='line_1_99' title="bbox 1002 2450 1781 2491; baseline 0.008 -14"><span class='ocrx_word' id='word_1_670' title='bbox 1002 2451 1100 2478; x_wconf 84' lang='lat' dir='ltr'><em>autem</em></span> <span class='ocrx_word' id='word_1_671' title='bbox 1123 2450 1310 2479; x_wconf 83' lang='lat' dir='ltr'><em>naturalibus</em></span> <span class='ocrx_word' id='word_1_672' title='bbox 1338 2452 1445 2480; x_wconf 82' lang='lat' dir='ltr'><em>animae</em></span> <span class='ocrx_word' id='word_1_673' title='bbox 1467 2452 1538 2481; x_wconf 89' lang='lat' dir='ltr'><em>dicit</em></span> <span class='ocrx_word' id='word_1_674' title='bbox 1566 2454 1666 2483; x_wconf 85' lang='lat' dir='ltr'><em>Glossa</em></span> <span class='ocrx_word' id='word_1_675' title='bbox 1691 2463 1781 2491; x_wconf 89' lang='lat' dir='ltr'><em>super</em></span> 
     </span>
    </p>
   </div>
   <div class='ocr_carea' id='block_1_10' title="bbox 1002 2548 1780 2724">
    <p class='ocr_par' dir='ltr' id='par_1_13' title="bbox 1002 2548 1780 2724">
     <span class='ocr_line' id='line_1_100' title="bbox 1003 2548 1779 2583; baseline 0.006 -12"><span class='ocrx_word' id='word_1_676' title='bbox 1003 2549 1011 2563; x_wconf 88' lang='lat'><em>&#39;¹</em></span> <span class='ocrx_word' id='word_1_677' title='bbox 1028 2549 1035 2572; x_wconf 86' lang='lat'><em>1</em></span> <span class='ocrx_word' id='word_1_678' title='bbox 1048 2548 1132 2578; x_wconf 58' lang='lat' dir='ltr'><em>Joau„</em></span> <span class='ocrx_word' id='word_1_679' title='bbox 1145 2554 1172 2579; x_wconf 91' lang='lat'><em>11,</em></span> <span class='ocrx_word' id='word_1_680' title='bbox 1186 2549 1226 2573; x_wconf 71' lang='lat'><em>27.</em></span> <span class='ocrx_word' id='word_1_681' title='bbox 1237 2561 1268 2566; x_wconf 88' lang='lat'><em>-</em></span> <span class='ocrx_word' id='word_1_682' title='bbox 1280 2548 1290 2564; x_wconf 65' lang='grc' dir='ltr'><strong>Β</strong></span> <span class='ocrx_word' id='word_1_683' title='bbox 1301 2549 1383 2577; x_wconf 64' lang='lat' dir='ltr'><em>loon„</em></span> <span class='ocrx_word' id='word_1_684' title='bbox 1399 2556 1437 2579; x_wconf 86' lang='lat'><em>111,</em></span> <span class='ocrx_word' id='word_1_685' title='bbox 1450 2552 1488 2575; x_wconf 87' lang='grc'><em>31,</em></span> <span class='ocrx_word' id='word_1_686' title='bbox 1502 2564 1533 2568; x_wconf 87' lang='grc'><strong>-</strong></span> <span class='ocrx_word' id='word_1_687' title='bbox 1548 2553 1556 2566; x_wconf 74' lang='lat'><strong>⁹</strong></span> <span class='ocrx_word' id='word_1_688' title='bbox 1568 2553 1643 2583; x_wconf 56' lang='lat' dir='ltr'><em>Aug„</em></span> <span class='ocrx_word' id='word_1_689' title='bbox 1660 2553 1684 2576; x_wconf 80' lang='lat' dir='ltr'><em>in</em></span> <span class='ocrx_word' id='word_1_690' title='bbox 1696 2553 1779 2583; x_wconf 60' lang='lat' dir='ltr'><em>Joan„</em></span> 
     </span>
     <span class='ocr_line' id='line_1_101' title="bbox 1002 2585 1780 2620; baseline 0.006 -13"><span class='ocrx_word' id='word_1_691' title='bbox 1002 2585 1076 2608; x_wconf 81' lang='lat' dir='ltr'><em>tract.</em></span> <span class='ocrx_word' id='word_1_692' title='bbox 1096 2590 1151 2613; x_wconf 78' lang='lat' dir='ltr'><em>xw,</em></span> <span class='ocrx_word' id='word_1_693' title='bbox 1165 2591 1192 2607; x_wconf 90' lang='lat' dir='ltr'><em>n.</em></span> <span class='ocrx_word' id='word_1_694' title='bbox 1208 2586 1231 2609; x_wconf 85' lang='grc'><em>8.</em></span> <span class='ocrx_word' id='word_1_695' title='bbox 1249 2598 1280 2602; x_wconf 92' lang='lat'><em>—-</em></span> <span class='ocrx_word' id='word_1_696' title='bbox 1295 2585 1334 2608; x_wconf 84' lang='lat'><em>¹01</em></span> <span class='ocrx_word' id='word_1_697' title='bbox 1353 2586 1422 2615; x_wconf 57' lang='lat' dir='ltr'><em>Cora,</em></span> <span class='ocrx_word' id='word_1_698' title='bbox 1437 2592 1466 2616; x_wconf 83' lang='grc' dir='ltr'><em>ιι,</em></span> <span class='ocrx_word' id='word_1_699' title='bbox 1484 2588 1521 2610; x_wconf 78' lang='grc'>14.</span> <span class='ocrx_word' id='word_1_700' title='bbox 1539 2600 1568 2605; x_wconf 83' lang='grc'><strong>-</strong></span> <span class='ocrx_word' id='word_1_701' title='bbox 1583 2588 1601 2603; x_wconf 85' lang='lat'><em>¹¹</em></span> <span class='ocrx_word' id='word_1_702' title='bbox 1614 2588 1684 2612; x_wconf 79' lang='lat' dir='ltr'><em>Psal.</em></span> <span class='ocrx_word' id='word_1_703' title='bbox 1699 2595 1780 2620; x_wconf 74' lang='lat' dir='ltr'><em>xxxv,</em></span> 
     </span>
     <span class='ocr_line' id='line_1_102' title="bbox 1003 2620 1780 2656; baseline 0.009 -13"><span class='ocrx_word' id='word_1_704' title='bbox 1003 2621 1026 2643; x_wconf 80' lang='lat'><em>5.</em></span> <span class='ocrx_word' id='word_1_705' title='bbox 1042 2633 1072 2638; x_wconf 98' lang='lat'>—</span> <span class='ocrx_word' id='word_1_706' title='bbox 1087 2621 1107 2637; x_wconf 74' lang='lat'><em>¹²</em></span> <span class='ocrx_word' id='word_1_707' title='bbox 1120 2620 1224 2651; x_wconf 59' lang='lat' dir='ltr'><em>Manli„</em></span> <span class='ocrx_word' id='word_1_708' title='bbox 1236 2626 1279 2651; x_wconf 77' lang='lat' dir='ltr'><em>xv,</em></span> <span class='ocrx_word' id='word_1_709' title='bbox 1297 2622 1334 2646; x_wconf 85' lang='lat'><em>19.</em></span> <span class='ocrx_word' id='word_1_710' title='bbox 1346 2634 1375 2639; x_wconf 94' lang='lat'><em>—-</em></span> <span class='ocrx_word' id='word_1_711' title='bbox 1392 2622 1409 2636; x_wconf 79' lang='lat'><em>¹³</em></span> <span class='ocrx_word' id='word_1_712' title='bbox 1421 2623 1507 2653; x_wconf 84' lang='lat' dir='ltr'><em>Greg.,</em></span> <span class='ocrx_word' id='word_1_713' title='bbox 1524 2623 1624 2653; x_wconf 65' lang='lat' dir='ltr'><em>Moral„</em></span> <span class='ocrx_word' id='word_1_714' title='bbox 1638 2624 1683 2648; x_wconf 84' lang='lat' dir='ltr'><em>lib.</em></span> <span class='ocrx_word' id='word_1_715' title='bbox 1700 2625 1780 2656; x_wconf 73' lang='grc' dir='ltr'><strong>ΧΧΙΙ,</strong></span> 
     </span>
     <span class='ocr_line' id='line_1_103' title="bbox 1002 2656 1777 2692; baseline 0.01 -13"><span class='ocrx_word' id='word_1_716' title='bbox 1002 2662 1024 2680; x_wconf 86' lang='lat' dir='ltr'><em>c.</em></span> <span class='ocrx_word' id='word_1_717' title='bbox 1047 2661 1081 2687; x_wconf 83' lang='grc' dir='ltr'><strong><em>ιν,</em></strong></span> <span class='ocrx_word' id='word_1_718' title='bbox 1100 2657 1158 2680; x_wconf 84' lang='lat' dir='ltr'><em>ante</em></span> <span class='ocrx_word' id='word_1_719' title='bbox 1175 2656 1243 2680; x_wconf 86' lang='lat' dir='ltr'><em>med.</em></span> <span class='ocrx_word' id='word_1_720' title='bbox 1255 2669 1287 2674; x_wconf 96' lang='lat'>—</span> <span class='ocrx_word' id='word_1_721' title='bbox 1306 2657 1327 2673; x_wconf 73' lang='lat'><em>¹⁸</em></span> <span class='ocrx_word' id='word_1_722' title='bbox 1341 2657 1426 2687; x_wconf 62' lang='lat' dir='ltr'><em>Cant„</em></span> <span class='ocrx_word' id='word_1_723' title='bbox 1441 2663 1460 2688; x_wconf 85' lang='grc' dir='ltr'><strong><em>ι,</em></strong></span> <span class='ocrx_word' id='word_1_724' title='bbox 1477 2660 1515 2682; x_wconf 79' lang='grc'><em>12.</em></span> <span class='ocrx_word' id='word_1_725' title='bbox 1529 2672 1561 2677; x_wconf 90' lang='lat'><em>—-</em></span> <span class='ocrx_word' id='word_1_726' title='bbox 1576 2660 1595 2677; x_wconf 78' lang='lat'><em>¹⁶</em></span> <span class='ocrx_word' id='word_1_727' title='bbox 1608 2659 1684 2692; x_wconf 62' lang='lat' dir='ltr'><em>ibid„</em></span> <span class='ocrx_word' id='word_1_728' title='bbox 1703 2666 1739 2692; x_wconf 79' lang='lat' dir='ltr'><em>iv,</em></span> <span class='ocrx_word' id='word_1_729' title='bbox 1755 2663 1777 2687; x_wconf 88' lang='grc'><em>3,</em></span> 
     </span>
     <span class='ocr_line' id='line_1_104' title="bbox 1003 2691 1464 2724; baseline 0.007 -9"><span class='ocrx_word' id='word_1_730' title='bbox 1003 2705 1029 2709; x_wconf 87' lang='lat'><em>——</em></span> <span class='ocrx_word' id='word_1_731' title='bbox 1048 2692 1066 2707; x_wconf 73' lang='lat'><em>¹⁶</em></span> <span class='ocrx_word' id='word_1_732' title='bbox 1081 2692 1168 2722; x_wconf 60' lang='lat' dir='ltr'><em>Dion„</em></span> <span class='ocrx_word' id='word_1_733' title='bbox 1185 2691 1217 2716; x_wconf 80' lang='lat' dir='ltr'><em>de</em></span> <span class='ocrx_word' id='word_1_734' title='bbox 1232 2692 1296 2717; x_wconf 80' lang='lat' dir='ltr'><em>coel.</em></span> <span class='ocrx_word' id='word_1_735' title='bbox 1310 2693 1392 2724; x_wconf 61' lang='lat' dir='ltr'><em>Hier„</em></span> <span class='ocrx_word' id='word_1_736' title='bbox 1407 2700 1429 2718; x_wconf 86' lang='lat' dir='ltr'><em>c.</em></span> <span class='ocrx_word' id='word_1_737' title='bbox 1444 2699 1464 2718; x_wconf 86' lang='lat'><em>1.</em></span> 
     </span>
    </p>
   </div>
  </div>
 </body>
</html>
