2004 3037
178 157 238 188 488

176 223 305 259 Madian,
316 225 344 252 et
355 225 458 253 mutua
470 232 501 253 se
513 225 592 253 caede
607 226 794 261 truncabant,
809 227 888 256 etsie
900 234 956 263 per

177 278 289 307 paucos
303 271 388 299 multi
403 271 544 300 debellati
557 271 687 308 fuerunt,
698 273 801 309 Judz'c.,
811 281 861 303 vu.

212 319 266 346 Per
281 325 381 346 arcam
391 318 506 346 Domini
516 326 534 347 a
544 319 714 348 Philisthaeis
727 322 845 357 captam
858 320 954 350 multa

175 363 294 392 fuerunt
307 363 384 392 sacta
397 364 552 401 miracula,
567 367 583 393 Ι
595 367 672 402 Rea„
685 375 716 395 ιν
729 368 759 395 et
769 375 797 395 v.

210 411 350 439 Jonathas
367 413 395 439 et
412 411 542 447 armiger
560 413 623 448 ejus
637 415 846 449 percusserunt
860 415 901 442 tot
915 415 952 443 de

176 456 362 492 Philisthoeis,
386 458 470 494 quod
486 468 500 485 «
516 458 626 487 factum
647 461 690 488 est
711 460 901 496 miraculum,
926 463 954 490 et

176 504 352 532 conturbata
366 507 434 533 sunt
447 507 552 540 eastra,
567 516 581 532 ¹>
599 508 615 534 Ι
625 507 702 541 Req„
717 515 774 536 xiv.

211 551 349 586 Magnum
357 551 413 580 fuit
427 553 616 587 miraculum,
632 554 716 590 quod
732 554 823 583 David
835 556 953 591 juvenis

175 597 344 634 inexpertus
359 600 387 626 et
407 599 528 627 inermis
542 600 698 637 praevaluit
719 601 861 630 adversus
887 602 953 631 Phi-

174 644 320 673 listhaeum
332 648 493 681 armatum,
506 646 613 676 fortem
627 649 655 676 et
668 650 833 684 expertum,
848 650 864 677 I
875 651 950 685 Req„

175 700 244 720 xvii.

210 740 282 768 Cum
297 740 465 769 extenderet
479 741 658 770 lileroboam
677 742 834 772 brachium
856 745 888 772 ut
907 743 951 772 fa-

174 787 252 814 ceret
265 786 332 822 capi
343 787 438 815 virum
449 787 510 822 Dei,
523 788 600 816 aruit
613 796 721 817 manus
731 790 804 825 ejus,
816 791 844 818 et
858 790 950 819 altare

173 832 297 860 scissum
310 832 374 868 fuit,
390 835 417 861 ll
433 835 509 869 Κεφ,
526 842 587 862 xiu.

208 880 284 908 Elias
293 880 402 916 legitur
410 881 512 909 fecisse
523 882 667 911 miracula
681 883 870 920 impetrando
885 884 950 912 fieri

172 926 346 962 siccitatem,
371 927 412 955 ita
435 928 518 964 quod
544 936 606 957 non
627 929 705 966 pluit
730 938 818 967 super
840 933 948 960 terram

171 981 265 1002 annos
280 976 337 1002 tres
350 976 378 1002 et
386 982 502 1002 menses
517 983 579 1010 sex,
592 975 666 1004 sicut
679 977 814 1012 habetur,
830 979 899 1010 Jac..
917 987 946 1006 v.

169 1021 239 1048 ltem
256 1020 337 1048 corvi
351 1021 519 1050 detulerunt
534 1022 559 1050 ei
575 1030 683 1058 panem
698 1026 725 1052 et
739 1031 841 1052 carnes
856 1025 902 1053 bis
918 1026 948 1053 in

168 1067 230 1101 die;
247 1071 461 1104 consequenter
472 1069 726 1098 suscitavitfilium
741 1071 873 1099 mulieris
888 1081 948 1100 ma-

167 1114 357 1149 trisfamilias,
371 1116 415 1142 ΙΙΙ
425 1117 535 1150 Regum,
550 1124 617 1145 xm.
633 1118 736 1145 Postea
750 1118 849 1153 ignem
862 1119 948 1147 holo·

167 1163 302 1188 caustum
329 1162 503 1190 mirabiliter
535 1166 758 1192 consumentem
780 1172 798 1193 a
820 1165 946 1194 Domino

166 1208 304 1243 precibus
315 1208 496 1245 impetravit;
508 1210 617 1238 deinde
625 1211 863 1246 postor-ationem
872 1213 945 1247 ejus,

167 1254 243 1282 facta
258 1257 300 1282 est
313 1255 416 1291 pluvia
435 1257 566 1291 granum,
582 1258 622 1284 111
643 1259 760 1291 Requm,
776 1266 855 1286 xvxii.
880 1261 947 1288 Post

167 1302 229 1329 haec
243 1302 372 1337 Angelus
388 1302 502 1330 Domini
516 1312 625 1339 panem
641 1306 668 1332 et
682 1313 793 1341 aquam
808 1306 834 1333 ei
850 1308 947 1334 osten-

168 1348 224 1384 dit;
241 1349 310 1376 item
325 1349 355 1376 in
371 1351 471 1377 monte
488 1351 584 1378 Horeb
601 1352 737 1387 apparuit
751 1353 776 1380 ei
793 1353 945 1387 Dominus,

167 1397 211 1423 111
230 1397 308 1431 Rea„
328 1404 387 1424 xix.
409 1398 550 1425 Praeterea
570 1397 646 1426 duos
668 1399 946 1436 quinquagenarios

166 1442 205 1470 ad
221 1450 322 1478 preces
344 1443 406 1478 ejtis
421 1443 498 1478 ignis
513 1444 696 1472 descendens
716 1445 753 1473 de
773 1446 849 1474 coelo
873 1455 946 1475 eon-

166 1489 300 1526 sumpsit,
317 1490 360 1518 IV
372 1491 449 1525 Req„
466 1498 484 1518 1.
507 1491 637 1519 'tandem
661 1491 759 1520 divisit
779 1493 870 1528 pallio
886 1496 947 1521 tan-

167 1544 239 1571 gens
255 1544 348 1572 aquas
359 1536 508 1571 iordanis,
524 1540 552 1565 et
566 1537 596 1565 in
612 1546 699 1567 curru
714 1539 800 1574 igneo
813 1542 947 1576 receptus

167 1585 208 1610 est
225 1583 253 1610 in
270 1583 388 1617 ooelum,
404 1585 580 1619 WResJ.‚·u.

205 1629 322 1657 Elisaeus
338 1630 445 1665 legitur
460 1630 560 1658 secisse
576 1631 719 1660 miracula
735 1641 828 1669 aquas
843 1634 946 1663 Jorda-

166 1676 211 1703 nis
235 1676 412 1710 dividendo,
438 1678 479 1705 lt*
506 1679 622 1713 Requm,
654 1687 683 1707 11.
715 1680 795 1708 ldem
830 1681 946 1709 mulieri

167 1723 265 1750 viduae
296 1723 401 1751 debitis
431 1724 568 1759 obligatae
597 1726 697 1753 oleum
727 1729 946 1763 augmentavit,

168 1772 203 1798 lv
218 1772 332 1805 Renum,
350 1779 387 1799 iv.
405 1771 486 1799 Idem
502 1773 657 1801 mulierem
680 1775 894 1802 Sunamitidum
914 1776 949 1802 fi-

169 1817 243 1845 lium
257 1818 368 1846 habere
383 1818 460 1852 feeit,
477 1821 503 1847 et
516 1819 624 1847 deinde
638 1828 705 1847 eum
722 1824 872 1849 mortuum
887 1830 948 1850 sus-

170 1863 282 1898 citavit,
306 1866 337 1892 lV
353 1866 470 1899 Reyum,
487 1874 524 1893 iv.
550 1867 620 1893 Item
644 1867 779 1903 apposita
799 1867 893 1896 farina
917 1869 947 1896 in

171 1910 232 1938 olla
243 1931 252 1945 ‚
267 1911 348 1946 prius
363 1919 465 1940 amara
480 1913 562 1941 olera
577 1913 753 1949 dulcoruvi15
770 1914 839 1942 item
855 1923 948 1950 panes

171 1957 377 1993 multiplicavit
391 1958 460 1986 filiis
472 1960 695 1995 prophetarum,
714 1962 745 1988 lV
761 1962 872 1995 Regum,
887 1970 945 1990 xiv.

172 2005 241 2032 ltem
257 2005 371 2032 sanavit
387 2014 403 2032 a
416 2006 498 2041 lepra
510 2007 641 2034 Naaman
654 2009 770 2043 Syrum,
784 2009 817 2035 lV
835 2010 946 2044 Ileyum,

171 2059 198 2079 v,
216 2052 286 2078 Item
302 2051 368 2079 fecit
383 2060 470 2088 super
485 2061 577 2088 aquas
590 2056 691 2081 natare
706 2054 816 2082 ferrum
828 2076 835 2089 ‚
849 2056 881 2083 lV
899 2057 949 2083 Ito-

172 2107 252 2132 qum,
274 2107 311 2126 vi.
328 2100 396 2126 Item
413 2099 519 2127 absens
541 2103 682 2135 tanquam
706 2109 834 2136 proeseus
856 2102 949 2130 multa

174 2145 326 2180 cognovit,
344 2147 376 2173 lV
391 2147 500 2180 Regum,
515 2154 530 2174 v
547 2150 574 2174 et
589 2155 626 2174 vt.
644 2149 713 2175 ltein
728 2156 830 2176 currus
846 2149 949 2184 igneos

174 2192 348 2226 angelorum
364 2201 381 2220 a
395 2201 488 2228 puero
505 2201 558 2220 suo
575 2193 668 2221 videri
680 2194 746 2222 l'eeit
758 2217 765 2228 ,
780 2196 811 2222 lv
828 2197 928 2231 Requm
939 2219 947 2229 ‚

174 2247 211 2267 vi.
236 2242 306 2267 Item
327 2240 488 2267 exereitum
514 2241 590 2275 regis
617 2241 705 2277 Syri-fe
737 2243 863 2271 caecitate
883 2252 950 2279 per-

174 2287 278 2320 cussit,
296 2288 327 2314 lV
340 2288 457 2321 Bessum,
472 2295 510 2315 vt.
528 2289 598 2316 ltem
613 2289 783 2316 multotiens
801 2290 836 2325 (α)
851 2290 949 2318 sutura

174 2333 327 2369 prredixit,
345 2335 377 2361 lV
398 2335 517 2368 Reman,
538 2342 594 2368 vu,
616 2343 686 2368 viu,
704 2344 731 2362 ix
755 2338 782 2363 et
803 2344 864 2364 xiu.
881 2340 949 2365 item

175 2380 303 2407 cadaver
327 2380 456 2408 hominis
487 2381 596 2408 mortui
627 2383 750 2416 tangens
777 2382 868 2418 ipsius
884 2391 950 2412 ossa

176 2426 304 2454 defuncti
319 2427 462 2461 surrexit,
480 2428 512 2455 lV
527 2429 626 2461 chum
639 2449 646 2459 ,
663 2436 723 2455 xm.

210 2475 339 2503 Mirabile
350 2475 403 2504 fuit
416 2475 502 2503 valde
516 2476 637 2512 quando
650 2476 687 2504 ad
701 2477 873 2512 petitionem
884 2479 950 2506 Eze-

208 2549 242 2579 (u)
260 2550 320 2580 Leqe
334 2550 471 2580 multoties,
487 2552 509 2573 et
525 2551 560 2572 sic
580 2549 701 2581 deinceps.
715 2564 745 2569 —
761 2552 792 2582 (ll)
813 2553 872 2577 Coel.
888 2554 949 2578 edit.

175 2584 384 2611 limationem-
401 2586 431 2617 (c)
452 2587 513 2610 Item
534 2585 740 2616 Babylonianr-
766 2587 802 2619 (d)
822 2588 882 2612 Item
904 2589 950 2613 Mi-

174 2627 241 2645 rum.

789 157 925 191 BIBLIA
946 158 1176 193 PAUPERUM.

1010 227 1083 257 chiae
1103 228 1153 257 Sol
1173 228 1341 258 retrocessit
1356 236 1410 266 per
1423 229 1528 259 decem
1540 230 1635 261 lineas
1646 232 1679 262 in
1692 232 1782 264 horo-

1009 275 1091 312 logio
1105 276 1201 306 Achaz
1208 297 1218 312 ‚
1234 278 1268 306 tv
1280 277 1384 320 Regum
1391 298 1402 313 ,
1417 285 1468 307 xx.
1605 280 1609 284 '

1045 322 1203 352 Ohsidente
1216 332 1288 360 rege
1300 324 1500 354 Sennacherib
1509 325 1656 355 civitatem
1669 327 1782 365 Lachis,

1008 370 1141 406 percussi
1155 372 1223 399 sunt
1237 379 1298 399 una
1314 373 1402 400 nocte
1416 372 1453 400 de
1467 372 1597 401 exercitu
1610 373 1702 410 ipsius
1717 382 1786 404 cen·

1009 418 1073 445 tum
1087 418 1236 453 octoginta
1249 418 1382 455 quinque
1395 419 1490 448 millia
1500 420 1635 457 tempore
1645 421 1787 459 Ezechiae,

1009 463 1043 491 lv
1057 465 1176 499 Regum,
1191 473 1252 493 xrx.

1045 511 1222 547 congregati
1236 512 1305 540 sunt
1318 514 1422 541 contra
1436 513 1577 550 iosaphat
1589 513 1644 542 filii
1657 517 1787 545 Ammon

1009 559 1038 586 et
1052 557 1136 586 Moab
1147 578 1156 591 ,
1171 559 1201 586 et
1214 558 1251 587 de
1264 560 1366 587 monte
1381 559 1463 592 Seir:
1485 568 1554 588 eum
1575 562 1714 590 canerent
1736 570 1787 591 au-

1009 605 1068 632 tem
1088 603 1193 633 laudes
1218 606 1277 633 Deo
1301 606 1407 634 Levitae
1431 606 1463 635 in
1491 607 1621 636 exercitu
1646 608 1788 646 iosaphat

1008 651 1163 680 existentes
1173 672 1183 686 ,
1198 651 1360 680 adversarii
1384 653 1414 680 in
1429 654 1603 690 semetipsos
1624 655 1700 683 versi
1715 664 1784 684 mu-

1008 697 1066 726 tuis
1079 706 1110 726 se
1124 696 1259 726 occidere
1272 699 1464 735 vulneribuS‚
1479 701 1501 729 11
1515 702 1650 737 paralip„
1663 710 1710 730 xx.

1042 745 1148 772 Tobias
1163 746 1291 780 quatuor
1308 746 1394 773 annis
1414 746 1470 774 fuit
1492 755 1604 783 caecus,
1627 750 1655 777 ct
1673 749 1783 777 deinde

1004 791 1087 826 juxta
1101 791 1259 819 consilium
1273 791 1377 826 Angeli
1391 792 1431 820 ad
1445 793 1610 822 linitionem
1621 794 1657 831 (b)
1669 795 1706 824 de
1715 795 1784 824 felle

1006 837 1093 873 piscis
1105 837 1207 865 lumen
1218 838 1342 874 recepit,
1359 839 1434 874 Tob„
1450 847 1490 867 xi.

1042 884 1267 913 memorandum
1281 885 1334 912 fuit
1347 885 1525 914 miraculum
1538 886 1576 915 de
1588 887 1682 915 tribus
1696 888 1784 917 sociis

1006 931 1132 960 Danielis
1147 939 1164 959 a
1179 930 1298 960 fornace
1312 932 1388 967 ignis
1403 933 1533 961 ardentis
1555 936 1613 962 tam
1627 935 1784 970 magnifiee

1004 977 1136 1006 liberatis
1146 999 1155 1012 ‚
1178 980 1300 1006 Danielis
1323 987 1355 1008 ιιι
1364 989 1372 1015 ;
1398 982 1425 1008 et
1457 981 1546 1008 etiam
1579 981 1616 1009 de
1647 982 1764 1010 Daniele
1774 1005 1783 1018 ‚

1005 1025 1056 1061 qui
1073 1033 1141 1053 cum
1155 1025 1292 1053 leonibus
1311 1028 1423 1062 septem
1441 1027 1547 1055 diebus
1561 1029 1701 1057 remansit
1712 1029 1783 1058 itlae-

1005 1080 1071 1106 sus,
1093 1074 1175 1106 Dan„
1199 1081 1259 1100 xiv.
1277 1072 1339 1101 Alia
1365 1081 1437 1102 vero
1453 1074 1516 1102 vice
1531 1074 1627 1104 fuerat
1641 1076 1688 1103 die
1702 1084 1781 1112 uno,

1004 1122 1087 1153 Dan„
1106 1129 1143 1149 vr.

1039 1168 1198 1197 Occasione
1220 1170 1299 1197 Jonae
1320 1177 1403 1198 mare
1424 1169 1478 1198 fuit
1500 1173 1700 1206 commotum;
1721 1180 1782 1208 quo

1002 1215 1153 1250 projecto,
1167 1215 1255 1251 piscis
1270 1224 1339 1244 eum
1354 1216 1525 1252 deglutivit,
1539 1220 1567 1245 et
1584 1225 1635 1253 per
1648 1218 1782 1246 triduum

1002 1261 1044 1289 ibi
1059 1261 1147 1296 vixit,
1164 1265 1191 1290 et
1205 1265 1309 1298 postea
1324 1271 1413 1290 sanus
1427 1263 1535 1299 exivit,
1549 1265 1625 1299 Jon.,
1641 1273 1651 1292 1
1667 1266 1696 1293 et
1710 1273 1740 1293 u.

1037 1311 1179 1345 Expertus
1203 1312 1245 1337 est
1268 1310 1444 1338 Heliodorus
1465 1311 1598 1339 divinam
1622 1311 1760 1340 virtutem
1772 1334 1780 1347 ‚

1002 1356 1125 1391 quando
1140 1355 1235 1384 voluit
1249 1356 1377 1392 spoliare
1392 1357 1547 1394 templum,
1564 1360 1591 1386 et
1605 1357 1658 1387 fuit
1673 1367 1690 1387 a
1705 1359 1781 1387 duo-

1002 1402 1058 1430 bus
1079 1402 1241 1437 juvenibus
1266 1403 1439 1438 gravissime
1463 1404 1649 1440 vulneratus,
1678 1407 1699 1434 11
1718 1407 1780 1434 Ma-

1002 1449 1088 1483 chab.‚
1105 1457 1145 1477 ιιι.

1037 1495 1183 1523 Adversus
1197 1495 1311 1524 Galatas
1324 1496 1353 1524 in
1367 1496 1530 1533 Babylonia
1542 1498 1576 1534 (c)
1589 1519 1596 1532 ,
1613 1506 1663 1526 sex
1685 1498 1781 1527 millia

1001 1542 1159 1570 hominum
1191 1546 1379 1579 peremerunt
1412 1546 1531 1572 centum
1556 1545 1660 1580 viginti
1685 1545 1780 1574 millia

1001 1589 1157 1617 hominum
1171 1592 1292 1626 propter
1307 1590 1452 1618 auxilium
1467 1591 1508 1618 eis
1523 1591 1626 1620 datum
1639 1592 1676 1621 de
1691 1592 1780 1628 eoelo,

1002 1637 1023 1664 11
1040 1638 1173 1669 Macnah„
1187 1645 1248 1670 vm,
1260 1639 1306 1664 ⁶20.

1036 1683 1164 1719 Angelus
1179 1684 1293 1711 Domini
1310 1685 1447 1720 apparuit
1460 1685 1619 1719 Zacliarize,
1637 1687 1779 1714 nuntians

1003 1730 1028 1758 ei
1044 1739 1079 1758 ex
1095 1732 1176 1766 parte
1193 1731 1251 1765 Dei,
1266 1731 1350 1766 quod
1366 1731 1512 1759 Elisabeth
1528 1740 1603 1759 uxor
1618 1732 1690 1767 ejus,
1706 1733 1776 1761 licet

1003 1777 1107 1804 sterilis
1122 1779 1150 1803 et
1164 1785 1254 1811 anu5‚
1269 1779 1386 1812 pareret
1401 1777 1427 1804 ei
1445 1777 1556 1813 tilium3
1578 1779 1629 1814 qui
1645 1779 1780 1808 incredu-

1002 1823 1047 1850 lus
1060 1823 1099 1850 ad
1113 1823 1238 1851 verbum
1252 1823 1356 1858 Angeli
1366 1826 1464 1851 mutus
1477 1824 1596 1852 effectus
1610 1827 1668 1859 cst,
1686 1834 1780 1862 usque

1002 1871 1041 1898 ad
1056 1870 1310 1899 circumcisionem
1325 1871 1420 1908 pueri,
1437 1874 1466 1900 et
1481 1875 1549 1900 tunc
1563 1873 1686 1909 loquela
1700 1874 1780 1901 resti-

1003 1919 1064 1945 tuta
1078 1919 1120 1945 est
1135 1917 1176 1951 ei,
1193 1919 1269 1952 Luc„
1283 1926 1302 1946 ι.

1040 1964 1211 1992 Miraculum
1236 1965 1277 2001 (rt)
1299 1965 1385 1993 dulce
1411 1969 1437 1994 et
1461 1966 1544 2002 pium
1563 1967 1651 1995 valde
1672 1966 1781 1996 sactum

1003 2010 1066 2045 suit,
1082 2011 1203 2047 quando
1215 2011 1253 2039 ad
1268 2012 1475 2040 salutationem
1490 2013 1583 2041 heatoe
1595 2014 1700 2049 Mariae,
1714 2023 1780 2050 quae

1004 2057 1118 2085 noviter
1133 2061 1307 2094 conceperat
1322 2059 1504 2087 Salvatorem
1515 2081 1523 2094 ‚
1537 2060 1640 2088 beatus
1653 2062 1782 2089 loannes

1004 2104 1034 2132 in
1058 2108 1141 2132 utero
1165 2105 1267 2132 matris
1292 2105 1417 2134 existens
1444 2106 1603 2141 exultavit,
1630 2110 1658 2135 et
1681 2111 1780 2136 sancta

1004 2151 1151 2179 Elisabeth
1164 2152 1225 2179 haec
1241 2153 1396 2187 cognovit,
1412 2154 1439 2180 et
1452 2153 1647 2189 exclamavit,
1662 2155 1779 2183 dicens:

1008 2208 1020 2223 (ι
1034 2198 1188 2226 Benedicta
1204 2201 1232 2225 tu
1248 2199 1322 2226 inter
1335 2199 1482 2234 mulieres,
1495 2211 1508 2226 »
1526 2203 1592 2235 etc„
1611 2203 1683 2236 Luc„
1701 2209 1719 2229 1.

1040 2247 1113 2282 Magi
1128 2249 1273 2275 venerunt
1289 2247 1327 2274 ab
1343 2247 1458 2275 Oriente
1475 2249 1723 2285 Hierosolymam,
1740 2248 1782 2276 di-

1006 2296 1102 2321 eentes
1118 2303 1124 2321 :
1140 2294 1215 2321 «Ubi
1229 2296 1280 2327 est,
1298 2294 1348 2329 qui
1363 2297 1447 2321 uatus
1461 2298 1502 2321 est
1518 2296 1578 2322 Rex
1592 2296 1781 2323 iudaeorum?

1005 2340 1137 2367 Yidimus
1155 2341 1233 2368 enim
1248 2340 1362 2368 stellam
1384 2341 1446 2376 ejus
1469 2342 1498 2368 in
1518 2343 1643 2375 Oriente,
1665 2352 1678 2368 »
1702 2344 1755 2369 etc.
1770 2362 1779 2376 ‚

1006 2387 1117 2421 Mattlz.,
1130 2395 1161 2414 11.

1041 2433 1164 2461 Vocatus
1180 2433 1217 2461 ad
1232 2434 1349 2469 nuptias
1364 2435 1506 2463 Dominus
1517 2436 1598 2463 Jcsus
1612 2443 1679 2462 cum
1695 2434 1778 2463 disei-

1004 2479 1082 2515 pulis
1096 2480 1165 2513 suis,
1180 2488 1290 2515 aquam
1303 2481 1332 2508 in
1344 2481 1448 2509 vinum
1463 2481 1612 2516 convertit,
1624 2483 1735 2515 Joanu„
1748 2490 1777 2509 u.

1041 2527 1104 2554 Non
1118 2526 1171 2554 suit
1185 2534 1311 2562 parvum
1328 2528 1442 2555 Domini
1456 2527 1642 2563 miraculum,
1657 2529 1779 2564 quando

1006 2572 1047 2600 illi
1061 2572 1098 2600 de
1113 2573 1253 2601 Nazareth
1265 2574 1368 2610 repleti
1383 2575 1427 2602 ira
1439 2574 1586 2602 duxerunt
1599 2583 1668 2603 eum
1686 2575 1716 2603 in
1731 2584 1779 2603 su-

1005 2619 1160 2655 percilium
1174 2620 1299 2655 montis,
1321 2621 1353 2648 ut
1368 2621 1582 2658 praecipitarent
1607 2629 1693 2658 eum;
1718 2622 1779 2659 ipse
