2004 3037
259 182 320 212 208

261 245 465 279 laudandum,
490 244 518 271 et
545 248 632 270 aures
654 239 695 268 ad
718 236 904 268 audiendum
927 234 1041 272 aperit3

261 293 342 322 unde
356 290 478 328 ponitur
488 288 582 317 saliva
595 287 627 315 in
637 294 708 315 aure
719 284 816 322 pueri.
829 285 876 312 15.
886 281 1043 318 Templum

261 339 365 368 Christi
388 336 496 372 efficit3
521 334 603 364 unde
630 333 737 362 dicitur
761 330 911 368 baptizato
934 338 942 357 :
966 328 1023 355 Emi
1032 347 1042 362 ,

260 384 397 414 immunde
421 385 553 420 spiritus,
578 383 604 410 et
625 381 662 409 da
684 381 770 408 locum
795 377 916 414 Spiritui
938 376 1041 403 sancto.

261 434 306 461 16.
322 430 516 460 Laudabilem
531 436 633 458 coram
647 429 705 456 Deo
720 425 819 454 reddit
825 434 834 460 ;
849 423 930 452 unde
943 421 1043 450 balsa-

261 487 345 507 mum
360 479 403 506 est
419 477 450 505 in
469 475 636 505 chrismate.
652 473 753 502 Solent
770 471 856 508 pueri
871 467 1043 506 baptizandi

261 533 357 562 usque
373 524 412 553 ad
425 523 535 552 Pascha
550 524 578 550 et
591 521 793 552 Pentecosten,
808 517 864 545 nisi
877 517 983 551 urgeat
995 522 1046 542 ne·

263 572 395 607 cessitas,
410 570 459 598 vel
478 570 615 598 timeatur
635 565 819 604 periculum,
833 561 992 596 reservari,
1004 560 1044 589 ad

262 617 494 655 significandum
510 614 593 652 quod
612 614 643 642 in
658 612 808 649 baptismo
823 610 857 638 fit
869 607 1044 638 resurreetio

263 665 439 702 spiritualis,
452 665 480 692 et
494 662 578 699 quod
593 660 689 697 gratia
707 658 829 695 Spiritus
841 656 933 685 sancti
946 655 1043 683 datur.

264 713 428 750 Baptismus
452 709 571 744 Christi,
599 711 627 736 et
648 705 785 738 Joannis,
811 703 992 732 conveniunt
1015 701 1046 729 in

264 758 397 794 materia,
414 760 442 786 et
455 757 486 785 in
499 755 593 785 modo
609 753 777 790 mergendi;
792 751 845 780 sed
861 748 1000 778 differunt
1014 749 1046 776 in

264 806 375 840 forma,
402 804 474 841 quia
496 802 660 839 baptismus
683 799 804 828 Joannis
824 797 998 826 tradebatur
1015 796 1046 823 in

264 852 386 881 nomine
400 849 527 879 venturi.
539 848 681 877 Differunt
696 846 783 875 etiam
798 845 829 873 in
844 843 959 877 effectu,
976 842 1047 878 quia

265 899 430 936 baptismus
444 896 547 926 Christi
564 888 707 928 vivificat,
723 891 843 921 Joannis
862 892 961 918 autem
973 896 1045 916 non.

266 947 337 975 ltem
351 945 382 973 in
394 945 464 979 fine,
479 943 551 980 quia
565 941 730 978 baptismus
743 937 865 967 Joannis
880 936 919 964 ad
934 934 1047 971 baptis-

266 1000 352 1021 mum
365 990 468 1019 Christi
483 988 637 1018 invitabat.

552 1079 695 1116 CAPUT
719 1079 762 1112 X.

428 1154 466 1180 De
484 1152 663 1182 Catechismo,
684 1152 707 1176 ct
727 1148 895 1176 Emorcismo.

309 1223 517 1256 catechismuS,
531 1223 559 1249 et
573 1219 765 1252 exorcismus,
781 1219 925 1252 tanquam
939 1222 1051 1251 praepa-

273 1271 390 1305 ratorii,
411 1269 625 1306 praemittuntur
640 1267 676 1302 (a)
700 1264 864 1300 baptismo,
885 1264 917 1289 ut
935 1261 966 1289 in
986 1262 1050 1297 ipso

274 1319 368 1355 gratia
385 1316 533 1345 efficacius
547 1316 695 1351 operetur.
710 1311 814 1339 Tribus
830 1309 867 1337 de
888 1308 984 1336 causis
1005 1316 1051 1336 ca-

274 1365 432 1394 techismus
447 1362 593 1391 institutus
608 1362 667 1388 est:
682 1358 780 1395 primo
793 1358 913 1393 propter
927 1355 1051 1383 instruc-

273 1412 383 1440 tionem
407 1410 444 1438 de
461 1408 590 1437 articulis
609 1404 820 1434 communibus
840 1403 879 1430 ad
897 1402 966 1430 fidei
988 1410 1051 1429 sus-

272 1458 455 1495 ceptionem;
471 1454 619 1489 seeundo,
634 1454 756 1489 propter
772 1449 996 1486 responsionem
1011 1447 1050 1476 ad

271 1505 343 1533 fidei
365 1503 594 1541 professionem
614 1499 715 1534 tertio,
737 1500 858 1534 propter
881 1495 1050 1531 responsio-

271 1560 340 1580 nem
355 1551 394 1579 ad
410 1550 479 1578 tidci
495 1547 746 1577 observationem.
759 1545 832 1578 Quia
847 1551 916 1571 vero
933 1542 1051 1570 adultus

270 1601 424 1635 peccatum
437 1596 592 1633 proprium
604 1594 704 1627 hahet,
717 1594 744 1620 ct
759 1599 811 1628 per
825 1599 855 1618 sc
869 1588 1049 1625 respondere

269 1647 376 1682 potest,
387 1643 578 1679 requiruntur
590 1641 651 1668 hmc
667 1640 705 1667 ab
721 1647 766 1666 eo.
783 1636 925 1666 parvulus
938 1637 1048 1669 autem,

270 1692 341 1727 quia
366 1699 426 1718 non
446 1690 535 1717 habet
552 1689 705 1724 peccatum
725 1684 854 1716 actuale,
870 1691 924 1710 nce
946 1690 998 1718 per
1019 1689 1049 1708 se

269 1737 449 1773 respondere
467 1737 578 1771 potest,
600 1733 791 1768 requiruntur
810 1731 872 1756 lia²c
893 1729 931 1755 ab
947 1736 982 1755 eo
998 1735 1049 1763 per

269 1784 429 1817 vicarium,
445 1782 495 1818 qui
515 1788 569 1816 pro
590 1780 654 1815 ipso
674 1777 832 1813 respondet
853 1776 889 1803 de
910 1775 980 1801 tidei
996 1774 1049 1801 ob-

269 1829 424 1858 servantia.
442 1828 626 1856 Exorcismus
646 1825 714 1852 idco
737 1823 882 1850 institutus
903 1823 962 1854 est,
981 1822 1011 1847 ut
1031 1828 1049 1847 a

269 1876 448 1913 baptizando
479 1873 593 1902 diaboli
620 1873 749 1907 potestas
776 1869 947 1905 repellatur.
976 1868 1048 1894 Nam

269 1926 390 1960 propter
411 1923 565 1959 peccatum
584 1917 712 1947 hominis
737 1915 876 1943 diabolus
899 1914 929 1941 in
955 1913 1049 1941 homi-

269 1979 337 1999 nem
361 1972 535 2006 potestatem
559 1967 679 2003 accipit,
703 1968 731 1993 et
752 1965 839 1992 etiam
863 1963 893 1990 in
915 1961 967 1989 illa
983 1969 1048 1996 quae

269 2018 392 2046 veniunt
414 2017 444 2044 in
470 2024 557 2043 usum
580 2013 720 2042 hominis,
743 2011 822 2038 Unde
849 2012 909 2036 tam
938 2007 1048 2041 adulti,

270 2073 361 2101 quam
375 2063 508 2101 parvuli,
526 2059 684 2090 exorcizari
700 2058 823 2091 debent,
840 2056 878 2084 ad
898 2053 1048 2090 expulsio-

271 2120 339 2139 nem
354 2110 509 2140 diabolicae
524 2107 684 2145 potestatis.

542 2200 684 2235 CAPUT
716 2199 774 2231 Xl.

519 2273 556 2300 De
585 2271 799 2305 (ἶοηῙίγϊηαὶίοηε.

308 2342 499 2374 Confirmatio
524 2340 740 2367 sacramentum
766 2338 808 2363 est
833 2335 1047 2371 pugnantium;

274 2394 311 2421 de
326 2392 409 2426 cujus
426 2386 590 2416 substantia
608 2393 659 2412 sex
677 2385 762 2411 sunt:
779 2382 840 2409 duo
855 2390 891 2409 ex
909 2385 992 2417 parte
1006 2390 1049 2409 sa-

275 2437 415 2467 cramenti
438 2436 468 2463 in
489 2443 534 2468 se,
553 2432 663 2460 seilicet
683 2429 806 2457 materia
824 2429 1002 2462 chrismatis,
1022 2429 1050 2455 et

275 2487 371 2514 forma
384 2483 554 2514 verborum,
570 2487 636 2515 quae
652 2477 716 2504 talis
732 2478 791 2510 est,
807 2475 972 2504 seeundum
987 2482 1049 2502 mo-

275 2540 338 2560 rem
360 2530 455 2565 magis
474 2533 663 2557 communem
680 2533 686 2551 :
703 2524 785 2558 Siyno
804 2526 829 2550 tc
849 2525 927 2556 sigizo
947 2523 1047 2552 crucis,

310 2632 341 2662 (a)
361 2632 421 2654 Coet.
436 2629 498 2652 edat.
510 2626 570 2651 add.
585 2625 619 2650 in.
634 2625 668 2656 (b)
685 2626 747 2648 Cal.
763 2624 825 2648 edet.
840 2624 898 2647 add.
916 2623 950 2647 in.

589 169 852 206 GOMPENDIUM
871 165 1132 201 THEOLOGIGAE
1154 165 1377 199 VERITATIS.
1401 165 1476 202 Lm,
1499 165 1554 198 Vt.

1097 235 1224 270 confirmo
1239 237 1266 262 te
1279 234 1424 262 chrismate
1437 233 1552 267 satutis5
1567 233 1598 260 in
1611 233 1718 261 nomine
1731 232 1835 264 Patris,
1851 235 1878 261 et

1096 282 1180 316 Filii,
1195 283 1222 309 et
1235 281 1358 317 Spiritus
1369 280 1459 308 sancti
1466 289 1475 313 ς
1495 279 1557 307 duo
1577 287 1612 308 ex
1632 280 1717 315 parte
1737 278 1878 314 ministri,

1097 327 1208 357 scilicet
1225 327 1354 363 dignitas
1368 325 1564 363 pontificalis,
1582 327 1611 354 et
1625 324 1748 354 intentio
1763 325 1877 360 debita;

1098 374 1160 402 duo
1175 382 1213 403 ex
1226 376 1310 410 parte
1324 373 1523 410 suscipientis,
1546 372 1657 400 scilicet
1673 371 1756 400 frons
1773 371 1806 400 in
1820 379 1880 408 qua

1098 421 1188 450 debet
1207 421 1273 450 fieri
1294 421 1480 456 chrismatio,
1501 422 1530 448 et
1554 419 1639 456 quod
1658 418 1881 447 confirmandus

1098 470 1135 499 sit
1157 470 1332 508 baptizatus.
1353 470 1454 498 Unctio
1478 468 1644 497 chrismatis
1663 467 1771 504 triplex
1794 466 1828 495 fit
1849 467 1881 496 in

1098 517 1193 545 tribus
1217 517 1423 551 sacramentis,
1443 524 1574 552 quorum
1593 514 1748 543 diversitas
1767 522 1803 542 ex
1822 513 1882 542 fine

1099 564 1259 601 accipitur:
1276 564 1307 592 in
1316 563 1464 600 Baptismo
1477 563 1511 590 fit
1533 562 1563 590 in
1578 562 1698 596 vertice,
1713 561 1753 589 ad
1763 561 1882 596 signan-

1100 610 1172 640 dum
1191 611 1262 639 fidei
1280 610 1515 646 susceptionem,
1532 609 1604 645 quia
1620 611 1719 636 vertex
1739 609 1783 636 est
1799 608 1882 635 locus

1100 657 1214 686 cellulae
1222 657 1390 690 rationalis;
1402 656 1434 684 in
1446 656 1675 684 confirmatione
1686 654 1718 682 fit
1730 654 1761 682 in
1774 653 1882 688 fronte,

1100 704 1140 732 ad
1152 703 1385 740 significandum
1400 702 1558 731 audaciam
1574 701 1783 735 confessionis,
1799 701 1883 735 qu'us

1100 751 1348 788 impedimentum
1372 752 1415 778 est
1436 750 1526 777 timor
1546 751 1574 777 et
1597 747 1792 781 verecundia,
1816 755 1883 783 quae

1101 797 1267 834 specialiter
1288 795 1493 825 manifestatur
1516 795 1549 823 in
1571 794 1686 831 pallore
1706 794 1754 822 vel
1772 793 1883 822 rubore

1100 843 1220 879 frontis,
1239 851 1276 872 ex
1295 842 1516 879 propinquitate
1531 840 1645 869 cellulae
1657 839 1836 875 imaginalis.
1851 840 1883 868 ln

1102 890 1212 919 Ordine
1226 890 1259 918 fit
1273 889 1303 917 in
1317 889 1473 922 manibus,
1488 887 1527 916 ad
1542 886 1770 923 significandum
1784 888 1882 923 potes-

1102 939 1192 965 tatem
1221 935 1414 964 conseerandi
1452 934 1593 963 dominici
1623 933 1757 970 corporis
1787 939 1884 961 sacra-

1102 986 1245 1012 mentum.
1374 1005 1378 1008 .

1140 1031 1230 1066 Hujus
1248 1029 1423 1058 sacramenti
1445 1027 1600 1064 multiplex
1616 1029 1658 1055 est
1677 1026 1801 1062 utilitas,
1815 1027 1886 1062 quia

1105 1080 1131 1106 ¹.
1142 1077 1267 1114 gratiam
1282 1077 1313 1104 in
1329 1075 1477 1112 baptismo
1493 1074 1594 1102 datam
1607 1074 1763 1102 confirmat
1776 1075 1802 1100 ¹:
1818 1073 1884 1100 00⁷1-

1104 1127 1183 1160 firma
1197 1125 1254 1158 hoc,
1267 1125 1350 1156 Deus,
1362 1123 1434 1158 quod
1449 1125 1574 1158 operatus
1589 1129 1615 1149 es
1630 1122 1660 1148 in
1675 1121 1760 1151 nobis,
1773 1119 1886 1148 scilicet

1105 1172 1135 1199 in
1158 1170 1318 1207 baptismo.
1337 1171 1365 1197 9..
1385 1169 1429 1197 Ad
1453 1168 1590 1196 militiam
1611 1166 1795 1203 spiritualem
1814 1173 1886 1202 prae-

1105 1220 1206 1254 parat3
1233 1217 1313 1245 unde
1343 1214 1540 1243 confirmandi
1554 1235 1562 1248 ,
1591 1215 1734 1249 tanquam
1767 1212 1886 1248 pugiles

1106 1264 1281 1300 pugnaturi,
1296 1263 1490 1297 inunguntur,
1507 1269 1544 1288 ne
1558 1260 1596 1288 ab
1613 1259 1740 1288 inimicis
1755 1259 1793 1286 de
1807 1257 1885 1286 sacili

1106 1313 1278 1338 terreantur.
1306 1311 1338 1337 Et
1365 1308 1436 1344 quia
1462 1315 1565 1335 omnes
1593 1305 1747 1334 Christiani
1777 1305 1887 1333 debent

1107 1365 1169 1385 esse
1184 1357 1215 1385 in
1229 1356 1309 1384 bello
1324 1355 1439 1389 Christi,
1453 1353 1643 1396 propter‘hoc
1657 1360 1762 1381 omnes
1776 1352 1887 1380 debent

1106 1405 1324 1432 sacramentum
1344 1403 1402 1430 hoc
1425 1401 1572 1437 accipere,
1595 1402 1627 1427 ut
1645 1399 1760 1427 facilius
1773 1398 1887 1435 possint

1107 1453 1209 1479 contra
1223 1450 1380 1484 mundum,
1394 1456 1513 1477 carnem
1529 1450 1556 1475 et
1571 1446 1727 1475 diabolum
1741 1453 1884 1482 pugnare.

1107 1500 1132 1526 3.
1149 1497 1193 1526 Ad
1208 1496 1423 1525 confessionem
1439 1496 1622 1523 constantem
1641 1493 1772 1521 nominis
1784 1492 1885 1521 Christi

1107 1544 1228 1578 animat,
1241 1543 1385 1579 quoniam
1397 1543 1514 1579 oportet
1527 1549 1631 1569 verum
1642 1542 1732 1568 Deum
1743 1542 1771 1567 ct
1782 1547 1886 1567 verum

1106 1591 1258 1619 hominem
1273 1589 1405 1618 confiteri
1418 1598 1424 1616 z
1441 1589 1550 1625 primo,
1566 1590 1597 1615 ut
1611 1587 1804 1615 confiteamur
1817 1593 1886 1614 eum

1106 1638 1271 1666 seeundum
1295 1637 1429 1665 divinam
1453 1638 1588 1663 naturam
1614 1634 1688 1662 Patri
1716 1635 1744 1661 et
1767 1632 1884 1669 Spiritui

1106 1687 1206 1712 sancto
1217 1684 1363 1720 oequalem
1375 1693 1381 1717 3
1393 1682 1536 1715 secundo,
1549 1684 1581 1709 ut
1595 1681 1790 1709 confiteamur
1804 1687 1884 1714 euni,

1105 1731 1270 1758 secundum
1286 1731 1446 1757 humanam
1462 1732 1609 1762 naturam,
1623 1727 1717 1755 crucis
1732 1726 1884 1762 pertulisse

1106 1777 1296 1813 supplicium.
1313 1776 1442 1803 Primum
1465 1776 1589 1810 apparet
1608 1774 1637 1801 in
1659 1773 1755 1801 forma
1777 1773 1886 1800 verbo-

1105 1833 1171 1852 rum
1183 1825 1228 1859 (lt),
1239 1823 1383 1851 Trinitatis
1399 1822 1604 1858 expres-<ioum
1620 1821 1785 1849 secundum
1796 1820 1886 1848 claret

1105 1871 1136 1898 in
1157 1870 1267 1905 fronte,
1292 1870 1386 1897 crucis
1406 1869 1581 1904 signatione.
1605 1870 1630 1895 zi.
1654 1870 1732 1896 intus
1755 1870 1784 1895 et
1805 1868 1886 1895 extra

1105 1917 1249 1953 spirituali
1274 1916 1381 1944 decore
1404 1923 1459 1943 nos
1477 1917 1580 1942 ornat:
1602 1915 1680 1942 intus
1698 1913 1818 1950 quidem
1833 1921 1887 1949 per

1106 1963 1291 1991 conscientias
1317 1963 1491 1999 puritatem3
1513 1961 1564 1989 sed
1586 1964 1667 1989 extra
1689 1968 1742 1996 per
1761 1960 1885 1988 odorem

1106 2011 1192 2039 bonae
1208 2010 1303 2038 samm.
1321 2011 1352 2037 Et
1374 2009 1435 2037 haec
1451 2008 1511 2036 duo
1531 2008 1733 2042 significantur
1748 2007 1777 2034 in
1795 2006 1884 2034 chris-

1105 2059 1195 2090 mate,
1207 2056 1289 2093 quod
1305 2056 1460 2084 coniicitur
1475 2064 1510 2083 ex
1526 2055 1594 2083 olco
1608 2057 1730 2090 propter
1744 2053 1882 2089 primum,

1106 2106 1134 2131 et
1156 2111 1192 2131 ex
1213 2103 1348 2131 balsamo
1371 2104 1493 2138 propter
1511 2101 1686 2129 secundum.
1704 2102 1729 2127 5.
1745 2101 1775 2127 in
1797 2099 1884 2126 bonis

1106 2151 1231 2186 agendis
1255 2153 1284 2178 et
1306 2150 1392 2178 malis
1416 2149 1595 2178 sustinendis
1619 2148 1741 2175 roborat
1762 2156 1768 2174 ;
1796 2147 1885 2174 datur

1106 2198 1184 2225 enim
1200 2197 1241 2224 ibi
1257 2197 1382 2232 Spiritus
1397 2197 1534 2223 sanctus²
1551 2195 1586 2222 ad
1600 2195 1689 2222 robur.
1706 2196 1733 2221 6.
1749 2193 1884 2222 Animam

1106 2246 1134 2272 et
1148 2251 1256 2279 corpus
1271 2244 1381 2270 armat:
1406 2242 1536 2270 animam
1556 2241 1678 2277 quidem
1693 2248 1746 2276 per
1761 2240 1884 2275 impres—

1106 2291 1220 2318 sionem
1244 2289 1420 2317 characteris
1444 2291 1546 2316 contra
1569 2286 1817 2323 pusillanimitatis
1843 2286 1884 2312 vi-

1106 2337 1195 2371 tium;
1218 2344 1326 2371 corpus
1340 2344 1423 2369 vcro,
1445 2343 1498 2370 por
1513 2334 1652 2370 clypeum
1671 2333 1764 2361 crucis
1782 2334 1884 2359 contra

1105 2383 1229 2410 insultus
1251 2382 1431 2410 daemonum.
1454 2385 1479 2408 ἵ.
1496 2383 1602 2409 Contra
1623 2379 1833 2408 verecundiam
1856 2379 1884 2405 ct

1105 2430 1241 2457 timorem
1263 2429 1292 2456 in
1312 2428 1495 2458 consessione
1519 2427 1647 2455 nominis
1668 2425 1770 2453 Christi
1791 2424 1884 2452 auda-

1106 2476 1182 2503 ciam
1197 2477 1314 2511 praestat
1328 2484 1333 2501 :
1351 2475 1481 2511 primum
1495 2476 1613 2501 notatur
1629 2473 1659 2500 in
1673 2471 1882 2499 chrismationo

1105 2522 1223 2556 frontis,
1239 2530 1305 2558 quae
1322 2524 1364 2549 est
1385 2522 1469 2549 locus
1483 2519 1685 2553 verecundiae;
1700 2517 1880 2550 seeundum,

1142 2622 1149 2638 ¹
1163 2620 1233 2646 Psal.
1249 2626 1331 2651 van,
1347 2622 1385 2644 215.
1398 2633 1428 2638 —
1441 2620 1449 2634 ²
1462 2618 1545 2644 Verba
1560 2619 1619 2642 sunt
1634 2616 1795 2643 Pontificalis.
