2004 3037
883 226 1013 260 CAPUT
1035 225 1110 259 cxl.

185 298 229 326 est
243 297 325 325 exire
338 295 529 332 Hierusalem,
544 295 612 326 licet
625 295 683 325 cito
697 294 785 324 fuerit
798 296 964 325 revocatus.

185 345 208 373 11
221 345 300 380 Req„
316 352 357 372 xv
372 345 401 372 et
414 351 462 372 xx.

222 390 398 427 impiissima
407 390 525 420 Jezabel
537 389 650 419 minata
660 390 713 425 est,
724 389 808 426 quod
818 389 967 419 occideret

186 437 280 466 Eliam
297 446 304 466 :
319 437 360 466 ita
374 437 459 474 quod
477 437 528 466 ille
541 437 650 466 timens
664 436 758 473 abiit,
774 444 966 474 quocumque

186 492 256 513 eum
268 483 383 513 ferebat
395 484 545 514 voluntas
560 485 594 514 111
606 486 672 520 Req.
683 505 692 520 ,
706 492 767 512 mx.

221 532 281 560 Rex
304 531 394 560 lsrael
414 533 515 561 loram
535 531 702 568 pessimus,
727 530 853 560 audiens
882 530 966 568 quod

183 578 317 607 maxima
330 578 424 607 fames
439 580 502 607 erat
519 579 551 606 in
571 578 704 611 civitate,
720 577 799 606 misit
814 577 912 606 virum
927 577 967 607 ad

184 625 404 663 amputandum
416 626 504 662 caput
515 624 611 654 Elisei.
626 626 660 654 lv
673 626 753 660 Rea„
767 633 807 654 vi.

219 673 264 702 Ad
278 672 438 710 imperium
458 672 537 708 regis
559 672 635 701 ,luda
655 673 733 707 JoaS,
751 672 902 709 lapidatus
924 675 967 702 est

182 721 338 750 Zacharias
351 719 431 748 filius
445 719 576 755 soiadae,
591 727 647 756 pro
664 728 699 748 eo
721 719 806 757 quod
822 719 967 756 arguebat

182 775 286 804 regem
306 769 334 795 et
361 767 513 804 populum
534 767 720 804 sculptilibus
749 767 919 796 servientes.
943 768 965 796 11

183 816 292 848 Paret„
310 822 389 843 xxw.

218 861 497 892 Nabuchodonosor
503 862 644 898 praecepit
653 862 846 899 Holopherni,
857 864 890 891 ut
900 870 965 891 om-

182 917 236 938 nes
255 909 329 938 deos
347 910 432 937 terrae
453 908 681 944 exterminaret,
697 909 838 938 videlicet
855 912 888 938 ut
902 909 965 946 ipse

182 957 264 985 solus
285 958 362 985 Deus
390 955 557 991 diceretur,
587 957 615 983 et
637 957 760 993 propter
786 956 845 984 hoc
870 956 966 985 multa

181 1011 276 1040 regna
296 1003 457 1038 destruxit,
482 1004 510 1031 et
530 1002 679 1039 populum
703 1003 772 1038 Dei,
791 1003 844 1039 qui
869 1011 965 1040 nuper

181 1051 310 1080 redierat
331 1050 369 1078 de
392 1049 561 1086 captivitate
583 1049 761 1087 Babylonis,
778 1049 893 1079 afflixit.
915 1052 964 1079 Ju-

183 1098 253 1133 dim,
264 1105 285 1126 ιι
297 1099 324 1126 et
339 1097 490 1133 deinceps.

217 1147 312 1173 Aman
333 1144 481 1181 superbus
492 1164 502 1179 ,
517 1143 647 1172 crudelis
662 1145 690 1172 et
704 1143 831 1181 impius,
851 1145 892 1173 ita
909 1153 964 1181 po-

181 1194 245 1221 tens
265 1192 339 1227 fuit,
363 1191 448 1227 quod
468 1199 525 1227 pro
549 1191 644 1220 nihilo
671 1191 777 1220 habuit
803 1200 965 1228 procurare

181 1247 287 1268 necem
301 1239 443 1267 ‘omnium
461 1238 648 1275 Judaeorum3
665 1239 719 1267 sed
738 1239 842 1268 divina
861 1240 964 1276 provi-

182 1286 282 1315 dentia
297 1286 360 1322 ejus
374 1286 530 1314 conatibus
545 1286 688 1314 obviavit.
705 1287 795 1322 Esth„
806 1295 838 1315 ιιι
851 1289 928 1316 etiv.

220 1343 234 1360 ιι
245 1333 389 1362 Percussit
411 1334 538 1362 Phassur
551 1333 710 1362 Jeremiam
728 1334 924 1370 prophetam,
937 1336 965 1363 et

181 1381 261 1409 misit
273 1389 342 1409 eum
357 1381 388 1409 in
395 1389 534 1415 nervum,
543 1390 556 1406 n
572 1382 680 1416 Jerem„
689 1389 737 1416 xx,
750 1382 777 1410 2.
789 1383 821 1410 Et
829 1384 964 1419 sequenti

182 1429 311 1465 capitulo
333 1429 465 1465 (xxvin),
492 1428 638 1457 Hananias
663 1429 854 1466 prophetavit
874 1431 964 1467 plane

181 1477 324 1506 contraid
334 1477 418 1513 quod
425 1477 543 1506 dicebat
553 1478 704 1513 Jeremias,
714 1480 741 1506 et
753 1479 818 1507 tulit
828 1481 962 1508 catenam

181 1525 312 1561 ligneam
331 1525 368 1553 de
384 1525 463 1554 collo
475 1526 622 1561 Jeremiae,
641 1527 668 1553 et
686 1525 831 1562 confregit
843 1535 920 1562 eam,
937 1530 964 1556 et

182 1572 254 1601 abiit
266 1572 407 1601 Ieremias
422 1573 452 1600 in
467 1573 593 1600 domum
608 1581 705 1608 suam,
722 1574 808 1609 quasi
823 1573 965 1602 confusus

182 1619 220 1648 ab
234 1619 287 1648 illo
302 1620 434 1648 Hanania
448 1620 593 1648 mendace
607 1620 764 1656 propheta.

216 1666 496 1696 Nabuchodonosor
513 1675 567 1695 rex
589 1667 751 1703 Babylonis
773 1667 917 1696 Ananiam
937 1670 965 1697 et

180 1714 278 1743 socios
300 1714 364 1749 eJ'us
384 1714 416 1742 in
433 1714 587 1742 fornacem
605 1714 680 1742 mitti
699 1714 796 1750 jussit,
821 1723 858 1743 eo
880 1715 964 1751 quod

180 1761 237 1797 ipsi
255 1760 416 1789 noluerunt
437 1761 564 1790 adorare
588 1763 731 1796 statuam,
752 1770 845 1798 quam
863 1761 963 1790 idolo-

180 1808 255 1836 latra
275 1808 396 1844 iniquus
417 1808 527 1843 erexit,
544 1810 633 1844 Dan„
657 1816 699 1837 111.
729 1810 762 1836 Et
788 1809 889 1837 Daniel
916 1809 964 1837 bis

181 1854 287 1883 missus
310 1855 364 1883 fuit
391 1855 422 1883 in
446 1855 546 1884 lacum
569 1855 703 1891 leonum,
731 1856 963 1892 procurantibus

180 1901 315 1937 pessimis
330 1902 514 1930 hominibus.
530 1904 613 1934 Dan„
630 1911 660 1930 Vl
675 1905 702 1930 et
716 1911 774 1931 inv·

217 1950 378 1979 Antiochus
401 1949 534 1978 ascendit
554 1949 791 1986 Hierosolymam
812 1950 844 1978 in
862 1951 963 1979 multi-

181 1998 284 2026 tudine
305 1997 389 2034 gravi
409 2005 478 2025 cum
499 1997 656 2033 superbia,
680 1999 708 2025 et
728 1997 795 2025 fecit
818 1997 861 2025 ibi
883 1998 964 2026 terri-

181 2045 274 2073 bilem
288 2044 447 2073 hominum
463 2044 585 2072 caedem.
603 2045 613 2072 I
627 2045 730 2077 Maeli„
747 2052 768 2079 1,
783 2053 809 2073 1v
825 2046 893 2073 etv.

217 2091 376 2120 Bacchides
395 2094 422 2120 et
440 2091 569 2120 Alcimus
586 2091 738 2128 proditor,
753 2092 835 2120 missi
855 2100 873 2119 a
892 2099 963 2127 rege

182 2140 344 2174 Demetrio,
360 2141 473 2167 tantum
492 2139 653 2167 exercitum
672 2139 880 2174 produxerunt
894 2147 964 2167 con-

181 2188 226 2214 tra
240 2186 348 2214 ludam
362 2186 582 2221 Machabaeum,
599 2186 683 2222 quod
702 2186 764 2223 ipse
783 2187 874 2215 Judas
889 2187 964 2215 ceci-

182 2233 226 2262 dit
247 2233 277 2261 in
294 2233 395 2268 bello,
416 2235 444 2262 et
462 2233 557 2262 caeteri
576 2233 792 2262 commilitones
811 2235 857 2262 sui
879 2234 963 2270 fuge-

182 2282 260 2309 runt.
276 2281 285 2308 l
302 2281 405 2314 Mach„
421 2288 461 2308 ix.

218 2327 353 2356 Proditor
372 2328 400 2355 et
414 2326 537 2355 dolosus
551 2327 709 2364 Tryphon,
731 2328 783 2364 qui
805 2328 963 2357 dominum

182 2382 270 2402 suum
299 2382 402 2410 regem
433 2374 612 2402 Antiochum
641 2374 862 2404 adolescentem
890 2376 962 2404 dolo

183 2422 301 2457 occidit,
322 2422 470 2450 Jonathan
489 2423 517 2450 et
536 2422 613 2450 duos
635 2422 714 2451 filios
740 2423 803 2458 ejus
826 2423 963 2460 nequiter

182 2468 334 2497 interfecit.
351 2470 361 2497 l
375 2469 478 2503 Maeli„
492 2477 553 2497 xm.

218 2517 362 2544 Joannem
384 2515 560 2552 Baptistam,
575 2515 663 2544 totius
685 2516 837 2552 exemplar
860 2517 964 2545 sancti-

183 2562 263 2598 tatis,
292 2563 332 2591 ad
359 2563 534 2599 petitionem
563 2562 652 2591 unius
690 2563 871 2598 meretrici&
905 2565 960 2592 etc.

183 2610 295 2643 Matth„
307 2618 375 2644 xrv3
396 2611 496 2644 Marc„
510 2617 549 2638 v1.

220 2656 347 2690 Quidam
365 2657 458 2686 Judaei
473 2659 699 2686 commoverunt
717 2658 857 2694 plebem,
877 2660 906 2686 et
919 2666 964 2686 se-

185 2704 300 2739 niores,
323 2707 351 2732 et
372 2705 503 2740 Scribas,-
530 2707 691 2741 rapuerunt
712 2705 909 2741 Stephanum,
934 2708 962 2734 et

1745 229 1806 259 619

1021 296 1187 325 statuerunt
1206 295 1284 325 duos
1306 295 1400 325 falsos
1419 297 1509 325 testes
1529 296 1633 325 contra
1646 295 1763 332 ipsum,
1778 297 1807 323 et

1022 341 1235 380 lapidaverunt
1249 351 1330 372 eum.
1345 344 1421 380 Aet„
1436 351 1468 372 vi
1482 344 1510 372 et
1523 351 1573 372 vu.

1062 398 1076 416 α
1091 389 1166 419 Misit
1178 390 1310 419 Herodes
1320 390 1463 428 Agrippa,
1479 401 1492 418 »
1511 391 1567 419 etc.
1582 389 1659 424 Aet„
1673 397 1725 424 xii,
1742 392 1767 418 1.

1059 446 1072 463 «
1086 436 1180 465 Judaei
1199 437 1422 466 concitaverunt
1442 437 1596 474 religiosas
1618 437 1758 466 mulieres
1777 439 1806 466 et

1021 484 1136 521 primos
1150 484 1290 520 civitatis,
1309 486 1338 513 et
1352 485 1556 514 excitaverunt
1568 485 1805 521 persecutionem

1025 531 1055 560 in
1070 531 1195 560 Paulum
1219 534 1247 560 et
1268 532 1436 561 Barnabam
1447 553 1456 568 ‚
1472 533 1501 561 et
1521 532 1671 568 eJecerunt
1692 540 1744 560 eos
1766 531 1804 560 de

1021 578 1134 607 finibus
1149 579 1245 608 suis.»
1259 579 1336 615 Act„
1350 587 1417 614 xm,
1432 581 1476 608 50.

1057 626 1186 660 Quidam
1201 627 1371 663 quaestuarii
1386 627 1527 656 ducentes
1542 634 1634 655 unam
1647 626 1805 656 mulierem

1021 673 1244 710 pythonissam,
1259 683 1277 704 a
1291 683 1352 711 qua
1367 675 1493 711 Paulus,
1509 676 1564 704 ete.
1580 675 1658 709 Act„
1671 683 1731 703 xvi.

1285 771 1429 806 CAPUT
1457 772 1542 806 CXI.

1021 845 1059 872 De
1078 846 1249 881 oppressione
1269 845 1395 872 bonorum
1411 853 1462 880 per
1480 845 1578 878 malos,
1595 846 1621 872 et
1640 845 1672 872 de
1693 844 1806 872 tribula-

1141 890 1275 923 tionibus,
1296 892 1321 917 et
1340 898 1432 918 earum
1451 888 1488 925 (a)
1508 889 1687 918 utilitatibus.

1057 959 1124 987 Plus
1139 959 1231 988 crevit
1244 959 1354 996 Joseph
1375 959 1407 988 in
1426 959 1515 987 exilio
1537 959 1568 987 in
1583 960 1663 987 terra
1677 966 1806 996 pauper-

1020 1006 1087 1034 tatis
1110 1014 1180 1041 suae,
1204 1014 1297 1043 quam
1311 1006 1450 1034 crevisset
1463 1005 1538 1034 inter
1558 1005 1662 1035 fratres
1680 1014 1751 1035 suos
1773 1006 1805 1035 in

1020 1054 1098 1081 terra
1112 1053 1272 1082 nativitatis
1287 1061 1356 1081 suae.
1375 1053 1455 1088 Gen„
1469 1061 1526 1082 xm.

1056 1101 1171 1128 Fratres
1184 1101 1295 1137 Joseph
1308 1100 1400 1129 locuti
1415 1102 1484 1128 sunt
1500 1100 1539 1129 ad
1556 1100 1702 1129 invicem:
1720 1110 1734 1128 α
1748 1102 1805 1130 Me-

1019 1146 1077 1176 rito
1095 1148 1158 1176 haec
1178 1148 1326 1184 patimur,
1343 1148 1415 1184 quia
1428 1148 1617 1184 peccavimus
1632 1148 1663 1176 in
1684 1148 1806 1177 fratrem

1020 1196 1175 1231 nostrum,
1195 1206 1210 1223 ν)
1234 1198 1289 1225 etc.
1301 1217 1310 1231 ,
1336 1205 1350 1223 «
1373 1196 1486 1225 idcirco
1505 1196 1587 1225 venit
1609 1196 1773 1226 tribulatio.
1788 1206 1803 1224 n

1022 1243 1087 1272 Gen.
1098 1264 1108 1278 ,
1123 1252 1193 1272 xm.

1056 1290 1121 1319 Filii
1143 1290 1232 1320 lsrael
1254 1292 1429 1326 creverunt,
1452 1292 1481 1320 et
1499 1291 1762 1328 oppressionibus,
1779 1294 1807 1320 et

1021 1337 1233 1367 afflictionibus
1248 1338 1422 1373 Pharaonis,
1436 1339 1539 1373 Eaeod„
1554 1347 1574 1374 1,
1588 1340 1622 1367 12
1635 1347 1642 1367 ε
1661 1348 1675 1365 ι(
1690 1340 1805 1373 Quanto

1020 1385 1233 1422 opprimebant
1252 1393 1304 1414 eos
1324 1385 1469 1422 AEgyptii,
1490 1387 1572 1415 tanto
1593 1386 1690 1422 magis
1704 1386 1806 1415 multi—

1019 1432 1221 1468 plicabantur,
1237 1435 1266 1460 et
1280 1433 1462 1461 crescebant.
1478 1443 1492 1459 n

1057 1479 1161 1507 Afflicti
1174 1479 1229 1506 filii
1244 1479 1333 1508 lsrael
1348 1489 1364 1507 a
1379 1480 1567 1516 serpentibus
1588 1480 1686 1515 ignitis
1696 1501 1705 1514 ,
1719 1480 1804 1509 dixe-

1020 1528 1089 1555 runt
1103 1526 1142 1554 ad
1157 1527 1296 1562 Moysen:
1313 1536 1326 1553 «
1338 1527 1539 1562 Peccavimus
1553 1528 1698 1563 quoniam
1713 1527 1805 1556 locuti

1020 1581 1124 1601 sumus
1142 1576 1244 1602 contra
1265 1576 1371 1609 Deum,
1393 1576 1421 1602 et
1437 1576 1540 1602 contra
1563 1576 1605 1608 te,
1620 1575 1721 1610 Num„
1741 1583 1804 1610 xxr,

1021 1623 1048 1648 7.
1067 1630 1081 1647 n
1110 1623 1278 1657 Antequam
1296 1629 1367 1649 vero
1394 1621 1537 1650 Dominus
1558 1621 1627 1649 illos
1655 1625 1805 1658 serpentes

1020 1667 1200 1703 immitteret,
1217 1676 1272 1696 nec
1288 1670 1445 1705 peccatum
1463 1677 1552 1697 suum
1571 1670 1805 1705 cognoscebant,

1020 1723 1075 1744 nec
1089 1715 1226 1743 divinum
1241 1715 1386 1744 auxilium
1400 1716 1605 1752 postulabant.

1056 1764 1127 1791 Toto
1143 1764 1278 1799 tempore
1293 1762 1477 1799 principatus
1491 1763 1595 1798 Josue,
1612 1763 1736 1800 quando
1750 1763 1805 1792 filii

1019 1809 1110 1838 lsrael
1125 1809 1300 1845 gravissima
1315 1809 1418 1846 praelia
1428 1809 1608 1845 habuerunt,
1626 1818 1688 1838 non
1698 1810 1804 1846 legun-

1019 1857 1066 1884 tur
1082 1865 1100 1885 a
1115 1857 1241 1885 Domino
1256 1856 1408 1885 recessisse
1420 1866 1428 1892 ;
1445 1856 1499 1884 sed
1516 1856 1572 1884 cito
1586 1858 1665 1893 post,
1680 1858 1804 1894 quando

1019 1903 1051 1932 in
1067 1904 1253 1933 abundantia
1267 1905 1295 1931 et
1309 1904 1408 1940 quiete
1419 1903 1548 1931 fuerunt.
1563 1904 1668 1939 Μαῖα,
1682 1913 1702 1933 1.

1055 1951 1220 1979 Audierunt
1238 1951 1293 1978 filii
1314 1951 1415 1985 lsrael,
1431 1951 1514 1986 quod
1529 1951 1693 1979 Philisthini
1708 1955 1805 1981 essent

1019 1998 1210 2033 congregati,
1226 1999 1254 2025 et
1269 1997 1403 2025 venirent
1417 2000 1520 2025 contra
1535 2006 1604 2033 eos;
1626 2000 1654 2026 et
1667 1998 1804 2028 timentes

1020 2044 1160 2072 dixerunt
1179 2044 1327 2072 samueli:
1354 2054 1367 2071 α
1388 2045 1428 2072 Ne
1451 2052 1544 2072 cesses
1560 2052 1616 2080 pro
1638 2045 1727 2074 nobis
1742 2046 1803 2074 cla-

1018 2099 1101 2120 mare
1118 2091 1157 2119 ad
1173 2091 1333 2119 Dominum
1343 2111 1352 2125 ‚
1367 2101 1381 2118 »
1399 2093 1453 2119 etc.
1468 2093 1478 2119 l
1493 2093 1571 2126 Rea„
1586 2100 1637 2127 vn,
1649 2094 1675 2120 8.

1055 2139 1182 2175 Fugiens
1205 2139 1299 2168 David
1325 2146 1344 2167 a
1362 2138 1436 2167 facie
1455 2138 1616 2174 Absalom,
1640 2148 1727 2169 servo
1747 2149 1802 2169 suo

1019 2186 1114 2215 Semei
1134 2186 1348 2220 maledicente,
1365 2186 1479 2221 patiens
1500 2186 1571 2221 fuit,
1596 2188 1617 2216 11
1639 2189 1722 2223 Rea,
1740 2196 1800 2216 xvi.

1020 2233 1078 2262 Sed
1094 2233 1216 2262 obtenta
1230 2233 1365 2269 victoria,
1382 2233 1562 2269 superbivit,
1579 2234 1703 2270 quando
1717 2235 1803 2270 jussit

1019 2281 1169 2317 populum
1179 2280 1341 2309 numerari.
1357 2282 1377 2309 ll
1389 2281 1466 2315 Req„
1479 2288 1559 2309 xxlv.

1055 2328 1165 2356 Videns
1191 2328 1285 2356 David
1309 2327 1469 2356 Dominum
1496 2329 1619 2364 propter
1645 2330 1801 2364 peccatum

1020 2375 1155 2404 elationis
1170 2375 1233 2410 ejus
1247 2383 1308 2403 esse
1324 2375 1444 2410 iratum,
1461 2375 1613 2403 humiliter
1627 2376 1802 2411 recognovit

1019 2423 1139 2459 culpam
1155 2420 1250 2456 suam,
1267 2423 1295 2449 et
1308 2422 1390 2458 petiit
1407 2423 1440 2450 ut
1454 2422 1578 2458 ipsemet
1594 2422 1759 2458 puniretur,
1775 2425 1803 2452 et

1018 2470 1134 2506 populo
1152 2470 1332 2505 parceretur.
1345 2471 1366 2497 11
1379 2470 1458 2504 Req„
1470 2477 1549 2498 xxiv.

1055 2516 1148 2545 Eliam
1158 2516 1321 2552 fugientem
1336 2516 1472 2552 reginam
1486 2515 1603 2544 Jezahel
1618 2515 1717 2551 ipsum
1732 2519 1800 2552 per-

1018 2566 1192 2600 sequentem
1202 2584 1211 2598 ,
1242 2563 1371 2599 Angelus
1400 2563 1518 2591 Domini
1548 2563 1744 2599 confortavit,
1773 2565 1801 2592 et

1018 2618 1129 2647 panem
1139 2612 1168 2639 et
1181 2618 1293 2646 aquam
1305 2610 1332 2639 ei
1346 2610 1483 2639 ostendit.
1498 2611 1530 2640 111
1546 2612 1625 2646 Rea„
1640 2618 1720 2639 xvm.

1052 2713 1083 2741 (α)
1100 2711 1163 2736 Caet.
1180 2711 1241 2736 edit.
1256 2718 1351 2735 eorum.
