2004 3037
279 263 435 291 Ostensum
457 259 514 288 fuit
537 259 606 288 Elioe
627 258 788 288 Dominum
814 267 878 289 non
900 267 965 288 esse
990 259 1023 288 in

242 308 350 346 grandi
363 309 453 337 vento
461 327 471 342 ‚
486 314 585 344 neque
598 306 631 335 in
644 305 862 342 commotione,
877 314 977 344 neque
991 306 1023 335 in

241 356 321 393 igne,
336 355 389 384 sed
401 355 432 383 in
446 353 536 383 sibilo
553 361 633 383 aurae
645 353 754 390 tenuis,
767 353 827 384 hoc
841 354 885 383 est
899 353 932 383 in
947 361 1023 391 pace

242 406 270 432 et
283 403 393 439 quiete.
409 403 444 432 111
457 403 538 438 Rea„
552 409 612 431 xix.

275 449 430 479 Benedixit
461 448 594 486 populus
621 447 762 478 omnibus
791 448 880 484 viris,
909 448 962 485 qui
990 455 1022 476 se

240 499 345 534 sponte
365 496 539 525 obtulerunt
551 498 584 525 ut
595 495 765 525 habitarent
777 495 810 524 in
827 495 1019 525 Hierusalem.

239 545 362 580 Nehem„
383 552 416 573 11.

274 590 494 621 MisitJonathas
499 591 620 620 nuntios
627 590 667 620 ad
673 590 847 620 Bacchidem
855 589 893 627 (a)
899 598 1022 626 compo·

238 648 309 668 nere
320 647 426 676 pacem
435 647 504 668 cum
518 647 567 674 eo,
581 641 610 668 et
624 641 723 668 tamen
736 639 800 676 ipse
813 639 972 668 Bacchides
981 638 1021 675 (a)

236 687 333 716 fuerat
356 687 418 715 dux
446 686 602 722 exercitus,
626 686 658 715 in
681 695 742 724 quo
766 687 908 716 occubuit
929 686 1021 716 Judas

237 734 421 764 Machabaeus
431 733 522 762 frater
533 734 676 763 Jonathoe.
691 735 701 763 1
717 735 822 770 Maeli„
835 742 875 763 lx.

272 784 335 811 Rex
349 781 511 810 Demetrius
530 781 610 810 misit
628 773 669 810 ad
683 781 842 810 Jonatham
862 781 1020 818 epistolam

236 830 336 859 verbis
363 829 509 866 pacificis,
540 831 572 857 ut
596 828 805 865 magnificaret
828 836 913 864 eum;
944 827 1023 856 dixit

237 877 316 906 enim
336 885 343 905 :
362 886 377 903 «
397 876 598 913 Antieipemus
621 884 728 912 pacem
750 876 846 904 facere
867 883 937 904 eum
960 882 997 903 eo
1014 895 1022 908 ‚

235 924 412 961 priusquam
430 924 482 952 fiat
497 931 566 951 cum
581 923 749 952 Alexandro
766 923 926 952 adversum
940 929 996 950 nos
1011 930 1018 949 ι

234 971 442 1000 recordabitur
456 970 536 999 enim
551 970 687 998 omnium
701 970 853 999 malorum
867 978 934 1006 quae
948 968 1019 997 feci-

236 1028 303 1048 mus
317 1019 347 1047 in
363 1028 442 1048 eum.
457 1030 471 1046 »
489 1020 498 1047 Ι
514 1020 617 1053 Maeli„
634 1027 665 1053 x,
678 1020 707 1047 4.

271 1068 365 1095 Causa
386 1067 468 1103 pacis
479 1087 488 1102 ,
510 1075 577 1102 quae
594 1066 650 1094 fuit
670 1069 803 1103 tempore
818 1066 897 1094 Oniae
911 1064 1021 1094 summi

235 1116 413 1150 sacerdotis,
437 1116 561 1152 pulchre
589 1116 779 1149 describitur,
799 1116 808 1143 l
832 1116 937 1147 Maeli„
965 1122 1018 1149 xn,

234 1163 371 1192 videlieet
392 1163 538 1192 idoneitas
561 1162 673 1199 proelati
688 1162 844 1199 prudentis
864 1164 892 1191 et
913 1161 974 1198 pii,
990 1163 1022 1189 et

235 1211 353 1240 bonitas
368 1211 568 1239 subditorum.

269 1260 429 1294 Postquam
451 1257 617 1286 debellatus
636 1258 690 1286 suit
710 1257 812 1294 Lysias
825 1265 843 1286 a
861 1256 939 1285 Juda
957 1258 1019 1285 Ma-

233 1306 364 1340 chaboeo,
385 1307 512 1334 libenter
530 1306 598 1334 lecit
618 1314 725 1342 pacem
747 1313 816 1333 cum
841 1312 888 1333 eo.
913 1303 1022 1332 lntelli-

233 1362 305 1389 gens
323 1354 403 1382 enim
428 1354 552 1382 invictos
572 1361 634 1382 esse
653 1354 790 1382 liebroeos
808 1352 857 1381 Dei
876 1351 1020 1387 omnipo-

231 1402 316 1430 tentis
334 1401 446 1430 auxilio
463 1401 588 1429 nitentes
600 1422 608 1435 ‚
625 1401 704 1428 misit
723 1400 765 1428 ad
779 1408 848 1434 εοε,
863 1399 1018 1436 promisit-

232 1458 290 1486 que
318 1450 361 1478 eis
384 1456 599 1477 consensurum
621 1456 651 1476 se
677 1448 820 1476 omnibus
844 1455 911 1484 quae
936 1448 1018 1483 justa

233 1499 312 1532 sunt,
327 1499 355 1525 et
375 1504 477 1533 regem
498 1496 724 1532 compulsurum
746 1495 878 1524 amicum
900 1495 975 1524 fieri.
997 1496 1020 1524 ll

235 1545 338 1577 Maeli„
354 1552 383 1573 11.

271 1594 393 1620 Tantam
414 1599 520 1627 pacem
539 1592 567 1619 et
582 1590 776 1619 concordiam
799 1590 862 1618 vult
877 1589 1021 1618 Dominus

237 1648 307 1675 erga
331 1639 485 1675 proximos
509 1646 563 1666 nos
592 1638 725 1673 habere,
748 1640 779 1665 ut
804 1637 912 1665 dixerit
934 1638 1018 1665 Petro

238 1686 371 1722 peccanti
397 1685 477 1713 fratri
505 1693 565 1713 non
590 1693 652 1713 esse
673 1684 882 1712 remittendum
902 1684 1021 1720 septies,

239 1734 290 1761 sed
307 1741 401 1769 usque
420 1733 588 1769 septuagies
606 1732 722 1767 septies.
739 1733 851 1764 Mutela,
868 1740 953 1765 xvm,
970 1732 1016 1759 22.

276 1782 380 1808 l'acem
403 1780 653 1807 annuntiaverunt
681 1778 783 1813 Angeli
812 1779 842 1805 in
870 1778 1022 1805 nativitate

241 1827 372 1859 Domini,
389 1828 466 1861 Luna,
483 1834 521 1860 ιι,
543 1826 582 1852 14.
602 1828 672 1853 ltem
694 1826 755 1860 ipse
778 1824 918 1852 Dominus
934 1824 1023 1852 disei-

241 1874 329 1909 pulos
345 1874 419 1900 inter
438 1882 468 1900 se
490 1880 595 1908 pacem
612 1872 723 1899 habere
746 1871 900 1907 paecepit,
919 1872 1022 1907 Μαι-6.,

243 1929 281 1956 ix,
298 1915 342 1949 40.
360 1922 430 1948 ltem
446 1927 549 1955 pacem
563 1919 649 1954 jussit
664 1927 716 1954 per
731 1918 895 1954 discipulos
909 1918 1025 1947 nuntia·

242 1968 278 2002 ri,
290 1968 368 2001 Luc„
379 1975 407 2000 x,
419 1969 443 1994 5.
462 1967 531 1994 item
543 1973 647 2002 pacem
659 1965 699 1992 eis
715 1965 846 2001 reliquit,
857 1966 948 1998 Joan„
963 1973 1024 2000 xw,

243 2017 288 2043 27.
305 2016 374 2043 ltem
389 2017 456 2050 post
471 2013 718 2041 resurrectionem
734 2021 839 2048 pacem
850 2013 892 2041 eis
905 2013 1023 2048 obtulit,

245 2064 320 2097 Luc„
334 2070 413 2095 xxw,
427 2063 477 2096 30¹5
494 2062 584 2092 Joan„
599 2069 650 2095 xx,
665 2062 712 2093 ⁶21,
727 2061 772 2088 ⁰26.

281 2111 335 2143 Qui
365 2109 514 2137 desiderat
546 2115 662 2135 servare
697 2115 804 2142 pacem
833 2110 859 2134 ct
895 2107 1026 2143 quietem

246 2157 362 2191 mentis,
379 2156 526 2184 absiinere
542 2155 631 2183 debet
647 2163 664 2182 a
679 2155 861 2182 disenrsibus
877 2155 966 2182 etiam
979 2155 1026 2182 in-

246 2205 364 2233 terdum
379 2204 466 2232 valde
486 2203 570 2230 licitis
586 2205 614 2230 et
627 2203 757 2230 honestis
773 2212 779 2229 ε
794 2203 872 2230 unde
883 2204 974 2234 Joan„
987 2210 1026 2236 xi,

247 2253 282 2279 20
299 2254 402 2286 etseq.
419 2260 424 2277 :
442 2261 455 2275 «
470 2250 578 2278 lilartlia
601 2253 630 2276 ut
650 2249 778 2283 addixit,
801 2249 871 2285 quia
895 2250 1024 2277 christus

246 2299 341 2330 venit,
357 2298 484 2325 occurrit
506 2297 547 2324 illi
573 2306 581 2323 .·
603 2297 691 2324 Maria
712 2299 810 2324 autem
833 2296 915 2323 domi
940 2297 1027 2324 sede-

248 2347 314 2382 bat,
330 2355 344 2371 ι)
359 2353 414 2373 nec
430 2345 498 2372 inde
519 2353 549 2371 se
565 2344 670 2378 movit,
688 2343 784 2371 donec
799 2346 904 2371 vocata
918 2343 973 2370 fnit
987 2344 1026 2371 ab

248 2394 313 2429 ipso
335 2393 459 2420 Domino
481 2400 534 2427 per
555 2398 703 2423 sororem,
727 2390 794 2417 licet
812 2390 942 2418 fortassis
966 2398 1027 2419 non

249 2439 431 2476 ignoraverit
440 2439 504 2475 ipsa
517 2438 606 2466 Maria
619 2437 778 2465 adventum
794 2438 919 2471 Domini,
931 2445 1027 2473 quan-

250 2487 290 2515 do
305 2486 415 2515 Martha
429 2485 526 2522 primo
542 2485 635 2512 seivit.

284 2535 433 2568 Quantum
441 2533 476 2560 sit
484 2532 565 2568 pacis
575 2532 700 2566 bonum,
713 2532 859 2568 perpendi
868 2534 964 2568 potest
974 2540 1028 2568 per

250 2581 408 2609 discretum
423 2580 632 2609 :estimatorom
644 2587 743 2607 rernm
756 2579 877 2607 beatum
892 2579 1026 2615 Paulum,

282 2677 315 2708 (ιι)
331 2677 393 2701 Caet.
408 2676 468 2700 edin
485 2676 637 2705 Daeliidem,
650 2675 787 2706 Bacliides,
802 2676 827 2699 et
841 2675 877 2699 sie
892 2676 1029 2708 deinceps.

854 185 990 224 BIBLIA
1011 184 1242 226 PAUPERUM.

1079 259 1165 296 quod
1187 259 1265 289 illud
1279 262 1342 290 tam
1361 260 1488 291 sollicite
1509 262 1543 292 in
1565 263 1707 293 omnibus
1726 264 1860 302 epistolis

1079 306 1150 343 suis,
1164 307 1224 336 illis
1237 307 1350 345 quibus
1359 307 1520 345 scribebat,
1527 309 1662 346 optabat,
1671 312 1796 348 excepta
1806 311 1859 342 illa

1079 354 1116 382 ad
1142 355 1269 384 flebroeos
1283 374 1294 390 ‚
1322 355 1354 383 in
1377 363 1439 392 qua
1470 364 1526 385 nec
1556 364 1670 386 nomen
1700 366 1789 388 suum
1820 367 1860 389 ex

1078 402 1158 430 certa
1169 409 1275 437 causa,
1289 409 1346 430 nec
1360 401 1495 440 aliquam
1509 403 1719 433 salutationem
1730 405 1860 442 praemit-

1077 448 1121 477 tit.
1137 450 1213 478 Nota
1229 450 1346 485 tamen,
1362 449 1447 486 quod
1466 458 1536 479 cum
1553 451 1662 481 dicitur
1676 461 1685 481 ε
1703 462 1719 480 ι
1731 453 1790 482 Pax
1803 461 1858 483 vo-

1077 495 1136 532 bis,
1151 507 1165 525 ι)
1181 497 1330 534 proeponit
1343 498 1482 533 gratiam,
1494 498 1599 527 dicens
1612 508 1621 528 ε
1633 509 1648 527 ι
1660 500 1758 530 Gratia
1770 501 1860 531 vobis

1078 544 1108 572 et
1123 551 1184 580 pax
1203 552 1211 572 :
1227 554 1242 571 »
1259 552 1314 581 per
1335 545 1419 581 quod
1436 545 1591 575 manifeste
1612 546 1700 576 datur
1721 547 1858 586 intelligi,

1078 590 1163 626 quod
1176 590 1239 619 sine
1254 591 1351 627 gratia
1364 591 1415 620 Dei
1428 600 1489 628 pax
1502 601 1575 622 vera
1588 601 1746 631 nunquam
1762 597 1860 632 potest

1077 636 1193 666 haberi.
1213 639 1285 671 Isa„
1303 646 1410 675 xum,
1424 640 1461 668 22
1475 648 1484 668 :
1502 649 1517 668 α
1529 641 1595 670 Non
1610 643 1654 670 est
1669 649 1732 677 pax
1745 641 1857 679 impiis,

1078 683 1150 713 dicit
1164 684 1307 714 Dominus
1321 686 1407 715 Deus.
1423 696 1438 714 a»

1322 778 1467 814 CAPUT
1489 780 1611 816 XLIX.

1215 854 1253 882 De
1270 854 1376 882 unitate
1394 856 1418 882 et
1436 855 1571 883 commum·
1587 863 1722 885 consensu.

1112 924 1155 952 Ex
1167 930 1230 952 uno
1244 923 1366 952 homine
1386 925 1462 953 Deus
1481 923 1649 954 humanum
1668 933 1762 962 genus
1776 926 1859 956 insti-

1077 971 1146 1006 tuit,
1167 970 1208 999 ad
1227 971 1506 1000 commendandum
1518 971 1708 1009 hominibus,
1724 981 1817 1010 quam
1830 973 1858 1003 ei

1076 1020 1159 1054 grata
1174 1017 1211 1046 sit
1224 1018 1313 1046 etiam
1328 1018 1359 1046 in
1374 1018 1512 1054 pluribus
1525 1019 1640 1056 unitas,
1659 1022 1692 1048 ut
1712 1020 1783 1049 dicit
1800 1023 1858 1050 Au-

1077 1065 1223 1100 gustinus,
1235 1065 1279 1093 xli
1289 1066 1328 1093 De
1341 1066 1460 1094 civitate
1469 1068 1520 1094 Dei
1530 1067 1551 1094 ¹.
1562 1068 1595 1095 Et
1606 1066 1708 1095 subdit
1718 1066 1856 1104 postea’:

1079 1123 1093 1137 ιι
1109 1113 1212 1140 Faetus
1232 1114 1275 1140 est
1296 1111 1390 1141 homo
1409 1120 1505 1148 unuS,
1524 1113 1579 1142 sed
1596 1121 1658 1143 non
1677 1114 1796 1143 relictus
1815 1117 1859 1144 est

1076 1158 1168 1187 solus.
1181 1158 1258 1188 Nihil
1273 1159 1354 1188 enim
1369 1161 1421 1194 est,
1434 1167 1526 1196 quam
1537 1160 1595 1189 hoe
1605 1168 1708 1196 genus,
1725 1164 1787 1190 tam
1799 1161 1859 1190 dIs-

1077 1206 1250 1235 cordiosum
1272 1206 1361 1241 vitio,
1388 1209 1449 1234 tam
1477 1206 1585 1235 sociale
1611 1209 1730 1237 natura.
1757 1209 1858 1246 Neque

1077 1253 1266 1282 commodius
1281 1255 1384 1282 contra
1397 1253 1503 1282 vitium
1517 1253 1674 1284 discordiae
1688 1255 1737 1284 vel
1749 1263 1859 1285 caven-

1077 1300 1165 1336 dum,
1185 1308 1254 1329 eum
1273 1309 1337 1329 non
1351 1300 1500 1336 existeret,
1518 1301 1567 1330 vel
1585 1301 1772 1338 sanandum,
1789 1310 1859 1332 cum

1076 1348 1226 1380 extitisset,
1242 1350 1348 1376 natura
1362 1347 1535 1384 loqueretur
1549 1348 1693 1384 humana,
1706 1357 1799 1386 quam
1815 1357 1859 1378 re-

1077 1395 1282 1423 cordationem
1305 1394 1385 1422 illius
1413 1395 1559 1431 parentis,
1585 1403 1677 1432 quem
1700 1398 1859 1433 propterea

1077 1444 1153 1470 Deus
1177 1449 1277 1470 creare
1301 1442 1396 1470 voluit
1417 1450 1525 1478 unum,
1549 1442 1587 1471 de
1610 1450 1672 1480 quo
1698 1442 1858 1473 multitudo

1077 1491 1312 1526 propagaretur,
1339 1491 1370 1518 ut
1392 1489 1448 1518 hac
1475 1489 1682 1519 admonitione
1712 1490 1802 1520 etiam
1827 1490 1858 1518 in

1076 1536 1176 1565 multis
1191 1544 1315 1564 concors
1329 1537 1427 1564 unitas
1441 1540 1617 1565 servaretur.
1630 1547 1645 1565 »

1114 1584 1243 1620 Populus
1267 1584 1400 1612 liliorum
1422 1584 1511 1612 lsrael
1534 1584 1565 1613 in
1591 1584 1708 1613 deserto
1729 1583 1859 1614 multum

1077 1631 1131 1659 suit
1154 1631 1304 1659 unanimis
1331 1633 1359 1660 et
1383 1631 1570 1660 voluntarius
1593 1631 1632 1660 ad
1657 1631 1858 1668 recipiendam

1077 1677 1189 1714 legem,
1213 1678 1316 1713 Ezod„
1341 1686 1406 1714 xix;
1427 1682 1454 1707 et
1477 1679 1566 1707 etiam
1587 1678 1697 1707 auditis
1718 1687 1736 1707 a
1758 1679 1858 1714 Moyse

1078 1726 1178 1754 verbis
1191 1725 1283 1761 legis,
1302 1726 1404 1760 Est-om,
1420 1734 1502 1761 xxiv,
1515 1728 1542 1761 3,
1559 1725 1714 1762 respondit
1726 1725 1858 1762 populus

1078 1775 1200 1800 cunctus
1222 1781 1283 1800 una
1306 1780 1380 1801 voce
1406 1781 1413 1801 :
1441 1782 1456 1799 ιι
1479 1772 1585 1801 Omnia
1610 1772 1704 1801 verba
1728 1771 1857 1807 Domini,

1078 1829 1145 1856 quae
1160 1820 1276 1848 locutus
1291 1822 1344 1854 est,
1359 1819 1513 1848 faciemus.
1527 1830 1542 1847 ι)

1114 1867 1159 1897 Ad
1171 1867 1343 1895 faciendum
1355 1875 1432 1903 opus
1446 1866 1632 1895 tabernaculi
1647 1869 1675 1895 et
1688 1874 1787 1896 sacras
1801 1867 1858 1896 mi-

1079 1915 1240 1943 nistrorum
1253 1917 1359 1949 vestes,
1372 1914 1482 1943 obtulit
1494 1914 1593 1943 omnis
1605 1913 1766 1943 multitudo
1780 1914 1860 1944 filio-

1079 1969 1147 1989 rum
1168 1961 1258 1989 lsrael
1287 1961 1390 1989 onmia
1412 1961 1594 1996 necessaria,
1613 1963 1713 1991 mente
1734 1970 1859 1999 promp-

1081 2008 1192 2036 tissima
1206 2011 1295 2044 atque
1309 2007 1428 2043 devota,
1443 2009 1546 2041 Exod„
1559 2016 1648 2037 xxxv.

1116 2055 1292 2091 congregati
1316 2057 1385 2084 sunt
1410 2055 1520 2091 pariter
1545 2064 1650 2084 omnes
1676 2055 1730 2084 filii
1755 2055 1859 2092 lsrael,

1082 2102 1167 2138 quasi
1188 2102 1233 2130 vir
1250 2110 1343 2137 unuS‚
1359 2102 1390 2130 in
1406 2103 1528 2139 Maspha
1542 2102 1581 2131 ad
1593 2102 1790 2139 judicandum
1804 2103 1860 2132 fla-

1081 2150 1184 2186 gitium
1201 2150 1230 2178 in
1245 2151 1344 2178 Gabaa
1359 2151 1511 2186 Benjamin
1531 2159 1602 2187 erga
1616 2159 1743 2180 uxorem
1756 2151 1861 2180 Levitae

1082 2197 1284 2226 commissum.
1299 2197 1404 2232 Judic„
1419 2205 1468 2233 n,
1487 2200 1530 2226 ii.

1119 2245 1227 2273 lnvasit
1240 2245 1328 2272 timor
1338 2245 1455 2272 Domini
1468 2244 1627 2281 populum,
1639 2247 1667 2274 et
1677 2245 1785 2281 egressi
1794 2247 1861 2274 sunt

1083 2292 1168 2328 quasi
1185 2292 1229 2320 vir
1241 2299 1328 2326 naue,
1341 2291 1379 2319 ad
1396 2293 1631 2321 succurrendum
1646 2293 1756 2322 scilieet
1767 2292 1859 2320 fratri·

1082 2339 1139 2367 bus
1155 2340 1216 2368 suis
1232 2339 1262 2367 in
1281 2339 1368 2367 labes
1382 2339 1494 2368 Galaad
1510 2340 1646 2368 obsessis.
1664 2342 1674 2369 l
1688 2342 1763 2375 neq„
1785 2347 1816 2374 ιι,
1831 2342 1858 2368 ’7.

1119 2389 1265 2415 Venerunt
1279 2387 1424 2415 universae
1441 2387 1534 2416 tribus
1555 2387 1640 2416 lsrael
1660 2388 1699 2416 ad
1717 2387 1812 2415 David
1827 2387 1859 2415 in

1083 2434 1211 2469 Hebron,
1223 2436 1251 2462 et
1260 2437 1409 2463 unxerunt
1423 2442 1494 2463 eum
1507 2435 1538 2463 in
1549 2443 1650 2471 regem
1660 2442 1749 2470 super
1759 2433 1857 2464 lsrael.

1083 2484 1104 2511 ιι
1118 2483 1196 2517 neq„
1210 2489 1239 2517 v,
1254 2483 1282 2509 3.

1118 2529 1262 2558 Convenit
1289 2529 1328 2558 ad
1354 2537 1455 2566 regem
1483 2530 1674 2559 Salomonem
1702 2530 1860 2559 universus

1084 2577 1180 2609 lsrael,
1196 2579 1224 2605 et
1238 2578 1307 2605 tunc
1321 2577 1403 2606 suere
1418 2585 1488 2606 arca
1501 2577 1628 2612 Domini,
1642 2579 1671 2606 ct
1684 2585 1756 2606 vasa
1773 2585 1859 2606 sanc·

1117 2642 1125 2657 ¹
1139 2641 1214 2671 Ang.‚
1228 2640 1257 2664 [Ie
1278 2640 1353 2666 Civit.
1370 2641 1429 2670 Dei,
1444 2641 1488 2665 lib.
1506 2641 1565 2671 xu,
1583 2648 1605 2665 c.
1626 2647 1690 2666 xxii.
1709 2654 1740 2660 —
1755 2642 1764 2656 ²
1782 2641 1856 2673 ibid„

1084 2684 1106 2703 c.
1122 2683 1204 2702 xxvii.
