2004 3037
174 255 234 287 162

173 319 335 356 telligentia
347 317 426 347 trahi
445 324 509 346 non
527 318 642 354 potest,
661 317 716 346 sed
729 317 829 346 solum
840 317 952 354 princi-

173 367 250 405 pans
273 366 396 395 affectus
418 367 478 394 Deo
500 364 641 401 unibilis,
651 366 687 394 Et
708 365 768 393 hoc
785 364 869 393 idem
885 366 955 400 post

174 414 245 443 dicit
261 424 270 442 :
288 414 400 447 &manta
413 414 456 440 est
468 411 562 440 virtus
575 400 762 440 verf'moris
775 413 806 439 et
820 411 953 448 pulchri,

173 460 258 498 quod
270 467 334 489 non
347 459 447 488 solum
459 458 530 487 facit
541 459 679 487 homines
691 460 720 487 et
733 458 857 494 angelos
871 465 955 486 exce-

173 508 245 536 dere
258 506 414 544 propriam
424 507 574 540 naturam,
585 507 618 534 ut
631 506 662 534 in
677 507 770 534 Deum
779 505 952 540 ascendant,

173 554 227 584 sed
235 554 325 582 etiam
335 555 428 581 Deum
438 552 523 590 quasi
530 554 668 581 naturam
677 552 831 589 propriam
839 551 953 587 egredi,

173 603 207 630 ut
220 601 261 630 ad
274 602 422 629 creaturas
436 599 523 636 quasi
537 599 615 628 infra
628 602 766 628 naturam
780 607 867 627 suam
880 606 953 635 pro-

175 647 310 676 cedendo
325 646 553 675 condescendat.
570 657 584 672 n
599 648 632 675 Et
644 656 658 673 ι(
671 646 740 680 hoc,
756 648 787 674 ut
802 645 873 674 dicit
887 645 954 674 Dio-

173 694 292 731 nysius,
307 693 481 723 audendum
496 695 540 722 est
553 693 652 722 dicere
663 701 720 729 pro
733 693 869 728 veritate,
886 699 955 720 cum

174 743 275 770 tamen
285 741 324 769 sit
335 740 530 776 ingressibilis
543 748 561 768 a
575 748 606 768 se
619 749 626 768 :
641 740 710 768 licet
721 740 784 776 ipse
799 747 886 768 suam
899 739 955 767 im-

174 788 360 817 mensitatem
383 789 491 815 nostrae
505 786 661 823 capacitati
683 787 901 822 contemperet,
917 793 954 814 eo

174 835 340 863 immutato.
362 844 377 860 ι»
393 835 458 862 llaec
485 833 630 862 revelatio
657 831 956 869 superintellectualis

173 884 351 910 aeternorum
367 880 422 908 fuit
441 879 518 908 facta
537 879 629 916 Moysi
648 879 680 907 in
694 878 884 907 interioribus
903 877 955 906 de-

173 929 243 957 serti
261 928 435 963 constituto,
455 927 598 964 quaerenti
612 934 630 954 a
644 926 786 960 Domino,
800 925 883 962 quod
897 924 955 953 sibi

172 983 285 1004 nomen
307 977 391 1003 esset.
416 973 578 1010 Respondit
603 973 744 1001 Dominus
768 973 799 1000 in
822 971 956 1007 subjecta

174 1025 309 1051 creatura
321 1022 422 1050 dicens
433 1024 457 1049 ¹:
473 1023 529 1056 Εςιο
543 1029 602 1048 sum
617 1022 665 1056 qui
679 1028 749 1053 sum,
760 1022 791 1047 ut
807 1019 956 1048 dieitver-

175 1069 321 1098 cellensis,
343 1070 399 1104 1390
416 1076 475 1096 sum
495 1075 558 1095 esse
573 1068 604 1095 in
618 1075 648 1095 se
663 1066 823 1101 reflexum,
838 1066 887 1094 vel
901 1073 954 1093 en-

175 1116 250 1151 titas,
264 1115 354 1152 quale
363 1123 475 1143 nomen
489 1122 552 1142 non
567 1113 733 1150 concipitur
748 1113 804 1141 nisi
818 1112 857 1141 ab
871 1112 955 1149 apice

175 1162 348 1200 principalis
375 1161 539 1190 affectionis
568 1169 634 1197 qua?
663 1159 815 1188 aeternitati
843 1159 954 1200 unitur,

177 1209 262 1247 quasi
283 1209 362 1237 dicat
378 1219 384 1236 :
402 1211 444 1237 Me
460 1216 549 1236 nemo
569 1210 666 1244 potest
684 1214 878 1242 cognoscere,
899 1205 956 1233 nisi

175 1265 228 1293 per
243 1257 399 1293 meipsum.
417 1255 496 1283 Unde
506 1255 517 1270 ¹
531 1263 624 1283 nomen
638 1255 711 1290 quod
726 1255 836 1289 quaeris,
853 1256 892 1280 cst
906 1254 956 1279 mi-

176 1305 278 1338 rabile,
295 1306 305 1321 ³
326 1303 398 1338 quod
416 1311 490 1329 nemo
510 1303 575 1335 scit,
595 1303 652 1328 nisi
673 1302 722 1336 qui
742 1302 842 1335 act-ipit
860 1310 868 1326 .-
884 1299 955 1334 nisi,

176 1350 295 1385 scilicet,
312 1350 363 1386 qui
380 1349 525 1385 acceperit
543 1356 596 1384 per
610 1347 823 1376 revelationem
839 1346 888 1374 vel
905 1354 956 1373 ex·

175 1397 363 1434 perientiam,
384 1398 417 1424 ut
436 1396 616 1431 Augustinus
635 1395 690 1428 ait,
710 1394 769 1428 vel,
793 1394 867 1421 sicut
887 1392 958 1420 dicit

177 1446 289 1481 Haymo
300 1465 308 1479 ,
326 1454 340 1469 u
355 1444 407 1479 qui
421 1443 461 1471 ad
474 1443 532 1470 hoc
550 1441 774 1478 praedestinatus
789 1442 845 1474 est,
860 1442 893 1467 ut
907 1447 957 1467 ex-

175 1491 340 1527 perimento
355 1491 523 1526 cognoscat.
539 1500 552 1515 »
571 1492 610 1517 Ex
626 1496 687 1524 quo
701 1489 792 1524 patet,
815 1486 900 1522 quod
914 1494 958 1513 re-

176 1538 283 1567 velatio
296 1538 357 1566 haec
371 1545 432 1565 non
450 1536 483 1564 fit
497 1536 553 1564 nisi
568 1535 719 1563 mentibus
733 1533 910 1569 seraphicis,
926 1533 957 1560 in

177 1586 366 1613 interioribus
385 1584 492 1612 deserti
508 1582 716 1616 existentibus,
731 1581 763 1609 id
784 1583 827 1608 est
841 1580 871 1608 in
886 1580 957 1608 cali-

178 1633 246 1667 gine
261 1631 368 1660 occulti
383 1631 501 1665 silentii,
518 1631 548 1657 in
564 1637 624 1666 qua
638 1628 765 1656 revelate
780 1630 808 1655 et
820 1635 889 1655 vere
905 1635 958 1663 ap-

176 1682 259 1715 paret
275 1680 347 1707 Deus
361 1676 697 1714 superintellectualiter,
715 1677 748 1703 ut
767 1674 838 1703 dicit
852 1674 959 1702 Linco-

178 1734 298 1753 niensis.

405 1800 645 1835 DISTINCTIO
675 1800 731 1833 VI.

206 1886 328 1919 Qualiter
342 1883 615 1920 superintellectualis
634 1881 761 1908 ret-elatio
776 1882 933 1907 ceter-norum

420 1937 437 1955 α
452 1928 526 1955 nubis
540 1928 710 1961 acquiratur.

212 2011 314 2042 Sexto,
338 2016 406 2035 cuin
427 2006 569 2034 revelatio
585 2007 762 2032 aelernorum
781 2003 835 2030 ista
855 2002 891 2029 sit
909 2009 958 2028 su—

176 2055 446 2092 perintellectualis,
464 2057 491 2081 et
513 2053 582 2080 ideo
604 2060 658 2079 nec
681 2050 802 2086 cogitari
823 2057 878 2076 nec
900 2048 958 2076 dici

176 2103 277 2138 possit,
290 2105 321 2129 ut
333 2109 422 2136 supra
436 2100 529 2136 patuit
539 2109 546 2134 ;
557 2099 624 2126 ideo
636 2100 752 2134 oportet
761 2096 874 2130 videre,
888 2103 961 2131 qua-

176 2150 241 2178 liter
258 2149 293 2177 sit
309 2147 479 2183 attingenda
495 2150 523 2174 et
537 2145 712 2173 obtinenda.

213 2198 294 2225 Circa
316 2196 398 2232 quod
417 2194 582 2223 notandum
602 2196 662 2227 est,
682 2191 766 2228 quod
788 2190 958 2226 Dionysius,

180 2247 217 2272 De
238 2246 355 2278 Mystico
375 2244 533 2276 Theoloqiu,
554 2240 658 2268 volens
681 2238 833 2266 Timotheo
859 2239 958 2266 osten·

180 2293 251 2320 dere
265 2298 414 2318 accessum
430 2289 469 2316 ad
489 2290 575 2316 istam
592 2286 803 2315 revelationem
823 2284 958 2320 superin-

181 2337 377 2367 tellectualem
400 2339 594 2368 aeternorum,
619 2334 705 2360 docet
733 2340 802 2359 eum
831 2331 959 2359 derelin-

181 2394 271 2422 quere
291 2392 395 2412 omnes
413 2382 608 2410 revelationes
628 2379 782 2408 sensibiles
805 2381 832 2406 et
855 2386 960 2405 omnes

180 2431 376 2460 revelationes
388 2428 609 2462 intellectuales,
625 2431 685 2455 tam
694 2425 854 2457 naturales,
866 2432 958 2460 quam

181 2478 432 2516 supernaturales,
455 2478 483 2504 et
497 2476 597 2503 omnia
619 2474 759 2501 sensibila
775 2476 802 2501 et
823 2472 960 2507 intelligi-

182 2527 268 2559 bilia,
289 2526 384 2553 donec
408 2523 591 2559 ingrediatur
611 2521 767 2556 caliginem
792 2519 899 2547 occulti
921 2518 959 2545 si-

182 2573 277 2607 lentii,
293 2574 323 2600 in
339 2579 398 2608 qua
412 2570 539 2598 revelate
554 2571 582 2596 et
596 2576 664 2595 vere
681 2569 802 2603 apparet
818 2566 959 2593 Dominus

182 2617 513 2657 superintellectualiter.
531 2616 584 2644 Ubi
604 2614 775 2649 Dionysius,
789 2613 884 2649 capite
898 2612 959 2648 pri-

213 2687 217 2697 ¹
236 2683 326 2710 Esou„
344 2688 382 2708 211.
400 2683 435 2705 ι’».
451 2694 481 2698 -
495 2680 502 2693 ²
518 2678 610 2706 Judic„
626 2683 682 2708 xci,
704 2678 739 2701 18.
755 2689 780 2693 —-
799 2677 807 2689 ³
828 2676 912 2706 Apoc„
929 2681 958 2705 11,

187 2721 266 2745 17.-·
279 2720 290 2734 ⁸
305 2717 395 2745 Exod„
411 2722 465 2745 xix,
479 2717 502 2738 9.
517 2727 547 2732 —-
559 2715 567 2729 ⁵
583 2713 675 2743 Ezorl„
689 2717 760 2742 xxiv,
779 2714 815 2735 li.

591 235 644 282 nit
664 249 823 282 SEPTEM
844 249 1072 282 ITINERIBUS
1091 250 1386 284 AETERNITATIS.

1007 325 1074 354 mo,
1103 318 1176 347 dicit
1201 318 1369 348 secundum
1393 319 1619 348 translationem
1641 315 1785 350 Abbatis:

1012 374 1026 391 α
1038 366 1081 393 Tu
1094 367 1205 402 autem,
1218 365 1381 401 Timothee,
1396 365 1438 394 ad
1448 365 1508 395 hoc
1520 366 1606 403 quod
1619 374 1717 403 capax
1729 367 1787 396 fias

1008 412 1202 449 mysticarum
1223 412 1511 449 contemplationum
1536 413 1598 441 sive
1627 413 1788 442 revelatio-

1008 466 1098 493 num,
1111 459 1305 496 incorporare
1319 459 1361 488 sic
1374 459 1461 488 radio
1476 459 1580 488 divino
1589 481 1599 496 ‚
1615 459 1789 497 derelinque

1009 514 1128 540 sensus,
1147 508 1175 534 et
1198 505 1351 535 sensibilia
1371 507 1511 535 exercitia
1531 509 1561 536 et
1575 506 1790 536 intellectuales

1009 553 1198 590 operationes
1212 555 1240 582 et
1259 553 1362 582 omnia
1381 553 1596 589 intelligibilia,
1613 555 1642 582 et
1655 553 1723 582 forti
1739 561 1789 583 co-

1009 602 1082 628 natu
1098 599 1148 628 hic
1166 600 1331 637 comprime
1352 601 1396 636 te,
1410 602 1439 628 et
1457 600 1482 628 si
1504 602 1548 628 est
1568 600 1621 628 tibi
1634 600 1789 638 possibile,

1010 654 1156 682 consurge
1184 647 1285 682 ignote
1295 667 1305 682 ,
1339 649 1368 675 et
1398 647 1722 684 superintellectualiter
1749 647 1790 676 ad

1009 687 1153 722 unionen'i
1174 693 1242 729 Dei,
1263 701 1331 730 quoe
1349 695 1497 730 estsuper
1510 702 1630 722 omnem
1645 693 1790 729 cognitio-

1009 748 1090 768 nem.
1103 749 1117 767 ›2
1131 739 1211 768 istud
1220 739 1359 774 verbum,
1375 740 1508 775 Consurge
1521 741 1624 775 ignote,
1635 748 1790 777 exponens

1010 785 1211 814 Linconiensis
1225 787 1456 821 commentator,
1482 786 1554 814 dicit
1575 786 1640 816 sic:
1664 796 1679 813 u
1697 788 1790 822 Surge

1011 835 1039 861 et
1052 833 1172 861 restitue
1185 834 1213 861 te
1223 832 1384 867 incognite,
1395 834 1427 860 ut
1435 832 1579 869 possibile
1589 835 1642 868 est,
1654 832 1695 861 ad
1705 832 1790 862 unio-

1009 887 1080 908 nem
1094 880 1160 918 Dei‚
1175 879 1207 907 id
1221 881 1279 914 est,
1294 879 1358 915 ejus
1374 879 1426 916 qui
1446 887 1535 915 super
1549 887 1670 907 omnem
1685 879 1790 915 cogni-

1010 927 1123 954 tionem
1146 928 1204 960 est;
1227 934 1295 962 quae
1314 925 1438 962 quidem
1459 926 1604 954 restitutio
1625 926 1676 954 vel
1694 933 1791 954 resur-

1010 973 1102 1001 rectio
1119 973 1153 1001 fit
1171 980 1225 1009 per
1238 972 1331 1009 ipsius
1345 972 1438 1001 solius
1458 972 1532 1002 forte
1547 972 1747 1008 desiderium,
1763 974 1792 1001 et

1011 1027 1145 1048 amorem
1168 1019 1421 1056 superfervidum,
1445 1028 1511 1056 quae
1531 1019 1614 1048 nulla
1634 1019 1791 1048 ratiocina-

1011 1067 1071 1094 tiva
1085 1066 1311 1102 investigatione
1327 1069 1423 1103 potest
1436 1074 1498 1094 esse
1508 1066 1636 1102 cognita.
1646 1076 1659 1092 ι
1668 1068 1701 1095 Et
1714 1066 1791 1095 infra

1012 1114 1083 1142 dicit
1096 1124 1103 1142 :
1119 1124 1133 1140 α
1148 1115 1270 1143 cessans
1283 1114 1363 1142 enim
1377 1114 1408 1141 in
1422 1113 1477 1141 ista
1492 1113 1618 1149 caligine
1634 1114 1672 1142 ab
1688 1121 1791 1150 opera-

1011 1161 1091 1190 tione
1109 1161 1301 1198 cognitionis,
1319 1160 1372 1189 sed
1386 1162 1513 1188 aestuans
1527 1159 1676 1189 desiderio
1691 1161 1729 1197 (a)
1745 1168 1792 1188 so-

1012 1208 1069 1236 lius
1085 1209 1134 1236 Dei
1145 1207 1272 1245 perfecte
1288 1208 1326 1236 ab
1339 1208 1404 1244 ipso
1417 1207 1569 1243 incogniti,
1584 1207 1642 1244 ipsi
1657 1206 1714 1235 soli
1727 1206 1793 1235 uni-

1012 1257 1073 1290 tur,
1090 1258 1117 1283 et
1132 1263 1314 1291 cognoscens
1332 1254 1415 1282 videt
1434 1254 1465 1282 in
1486 1255 1541 1282 ista
1556 1253 1683 1290 caligine
1704 1261 1794 1289 super

1012 1302 1216 1330 intellectum:
1240 1302 1312 1338 quia
1331 1301 1370 1330 ad
1391 1301 1450 1329 hoc
1466 1300 1710 1337 cognoscendum
1730 1307 1792 1328 non

1011 1351 1111 1385 posset
1128 1348 1293 1377 intellectus
1311 1349 1460 1376 humanus
1481 1351 1508 1375 et
1526 1347 1693 1375 inoculatus
1707 1347 1793 1375 attin-

1013 1404 1082 1432 gere
1092 1418 1101 1431 ,
1117 1404 1178 1424 non
1193 1395 1277 1432 quod
1298 1395 1464 1423 intellectus
1478 1394 1593 1422 dicatur
1607 1395 1760 1422 inoculatus
1775 1401 1794 1422 a

1013 1442 1180 1479 privatione
1205 1442 1344 1479 potentiae
1367 1442 1482 1477 visivae,
1506 1441 1560 1469 sed
1585 1449 1602 1469 a
1627 1441 1793 1478 privatione

1014 1490 1111 1518 omnis
1135 1492 1216 1518 actus
1240 1489 1342 1524 visivi,
1366 1489 1439 1517 dum
1466 1489 1574 1517 otiatur
1593 1488 1623 1516 in
1648 1487 1699 1516 illa
1723 1487 1794 1516 cali-

1014 1536 1092 1572 gine.
1106 1547 1119 1563 »
1133 1536 1303 1572 Sequitur:«
1318 1537 1351 1564 Et
1365 1536 1395 1563 hi
1409 1538 1477 1563 sunt
1491 1535 1602 1570 gradus
1613 1533 1794 1563 ascensionis

1014 1584 1044 1612 in
1063 1583 1246 1620 spiritualem
1270 1583 1444 1618 caliginem,
1468 1582 1574 1617 signati
1596 1589 1649 1618 per
1668 1589 1704 1609 ea
1727 1589 1794 1617 quie

1014 1632 1082 1658 sunt
1095 1630 1231 1658 historice
1254 1630 1330 1658 facta
1349 1629 1451 1666 Moysi.
1468 1630 1501 1657 Et
1516 1629 1540 1656 is
1561 1631 1603 1656 est
1621 1628 1730 1656 modus
1743 1627 1795 1655 ha-

1013 1677 1106 1706 bendi
1123 1685 1154 1704 se
1174 1677 1204 1704 in
1221 1676 1347 1712 caligine
1367 1676 1434 1710 illa,
1449 1675 1546 1704 donec
1561 1675 1680 1703 divinus
1693 1674 1794 1703 radius

1014 1732 1082 1752 vere
1098 1723 1338 1751 incircumvelate
1350 1725 1501 1758 appareat,
1512 1724 1579 1750 etse
1595 1721 1704 1749 revelet
1715 1721 1793 1748 dicto

1014 1770 1118 1798 modo.
1132 1781 1145 1795 υ
1163 1771 1226 1797 Haec
1241 1769 1449 1797 Linconiensis.

1050 1815 1164 1844 Gradus
1181 1815 1270 1851 igitur
1285 1815 1464 1844 ascensionis
1481 1814 1564 1842 istius
1582 1816 1667 1842 sunt:
1682 1813 1792 1849 primo,

1014 1863 1221 1899 derelinquere
1233 1862 1335 1890 omnia
1347 1861 1516 1896 sensibilia,
1533 1860 1676 1895 secundo,
1693 1859 1794 1888 omnia

1014 1909 1214 1944 intelligibilia
1222 1918 1230 1944 ;
1256 1909 1358 1943 tertio,
1383 1908 1499 1943 ingredi
1519 1907 1694 1943 caliginem,
1715 1906 1770 1934 ubi
1783 1905 1794 1921 ⁴

1015 1958 1139 1992 apparet
1163 1957 1247 1983 Deus.
1275 1957 1347 1983 Cum
1372 1955 1418 1982 his
1441 1954 1604 1982 concordat
1628 1953 1713 1990 quasi
1741 1960 1795 1989 per

1015 2003 1116 2031 omnia
1132 2002 1322 2030 vercellensis
1337 2002 1571 2034 Commentator‚
1587 2008 1641 2036 per
1656 1999 1794 2028 eamdem

1014 2049 1168 2077 historiam
1186 2049 1278 2084 Moysi
1301 2048 1460 2076 ostendens
1479 2047 1590 2083 gradus
1613 2045 1793 2074 ascendendi

1016 2096 1174 2131 caliginem
1188 2095 1362 2131 mysticam,
1377 2096 1407 2122 in
1425 2103 1485 2131 qua
1499 2102 1530 2122 se
1547 2096 1620 2122 Deus
1639 2093 1795 2121 incircum-

1015 2143 1110 2170 velate
1125 2142 1245 2170 revelat.
1262 2142 1343 2169 Unde
1361 2141 1445 2175 ‹licit,
1466 2141 1550 2177 quod
1569 2143 1682 2176 Moyses
1695 2139 1794 2176 primo

1015 2190 1095 2216 visus
1109 2191 1151 2217 est
1166 2197 1195 2217 se
1210 2196 1336 2224 purgare
1352 2196 1370 2216 a
1384 2187 1572 2216 multitudine
1589 2186 1791 2221 sensibilium,

1015 2239 1041 2264 et
1061 2236 1169 2263 deinde
1185 2244 1202 2263 a
1217 2244 1277 2263 non
1293 2235 1374 2272 puris
1388 2235 1536 2271 separari,
1551 2236 1578 2262 et
1591 2236 1657 2270 post
1672 2240 1791 2261 omnem

1015 2283 1241 2311 mundationem
1266 2283 1348 2310 audit
1369 2290 1477 2309 sonum
1499 2281 1648 2316 buccinae,
1669 2283 1697 2322 et
1716 2280 1792 2308 toni-

1015 2334 1080 2358 trua
1090 2330 1181 2364 videt,
1195 2332 1222 2357 et
1234 2329 1354 2365 fulgura
1364 2329 1513 2364 micantia,
1526 2331 1554 2357 et
1568 2328 1669 2357 radios
1683 2327 1792 2355 multos

1015 2377 1192 2411 emittentia,
1208 2379 1236 2404 et
1254 2378 1321 2412 post
1335 2379 1487 2412 separatus
1501 2384 1519 2404 a
1538 2375 1723 2403 multitudine
1737 2382 1792 2410 po-

1014 2425 1111 2462 pulari
1131 2433 1198 2453 cum
1217 2427 1331 2458 Aaron,
1350 2426 1377 2452 et
1391 2423 1511 2458 Nadab,
1528 2425 1556 2450 et
1573 2422 1664 2457 Abiu,
1684 2424 1712 2449 et
1725 2429 1791 2457 sep-

1014 2472 1148 2507 tuaginta
1167 2471 1332 2498 senioribus
1352 2471 1382 2497 in
1405 2469 1492 2498 lsrael
1509 2470 1519 2487 ⁵
1539 2472 1680 2505 tanquam
1700 2468 1791 2496 ratio-

1014 2518 1180 2552 nabilibus,
1203 2517 1348 2552 ascendit,
1368 2519 1396 2545 et
1410 2520 1478 2544 tunc
1497 2516 1615 2543 fuerunt
1635 2515 1692 2543 sibi
1706 2523 1791 2543 reve·

1014 2565 1074 2594 lata
1096 2564 1309 2600 intelligibilia,
1333 2564 1444 2592 seilicet
1469 2566 1583 2591 aeternae
1603 2562 1791 2598 architypiae,

1014 2613 1076 2640 sive
1088 2611 1217 2639 rationes
1232 2611 1415 2647 exemplares
1430 2610 1564 2639 omnium
1578 2612 1791 2643 creaturarum,

1048 2709 1079 2739 (a)
1099 2709 1162 2733 Caet.
1179 2709 1242 2734 edit.
1259 2709 1422 2734 desiderium.
