2004 3037
867 255 996 289 CAPUT
1015 255 1131 288 cxxii.

190 329 284 358 tatum
302 329 345 357 est
358 336 486 365 regnum
500 326 780 357 Nabuchodonosor
795 325 873 362 regis
886 327 973 362 Assy-

190 376 316 411 riorum,
332 377 360 404 et
375 384 427 405 cor
440 375 504 411 ejus
520 374 668 404 elevatum
683 375 734 402 est.
747 373 826 409 Jud„
842 381 861 401 ι.

226 423 368 458 Quamvis
382 425 475 453 ‘Aman
491 426 566 452 esset
580 421 730 451 secundus
745 429 763 450 a
778 429 848 457 rege
862 422 971 458 poten-

191 470 305 499 tissimo
322 471 460 506 Assuero,
476 472 504 500 et
518 469 643 498 haberet
659 468 770 498 multas
788 467 921 503 divitias,
937 467 971 496 fi-

191 517 248 545 lios
270 519 299 546 et
315 517 443 554 amieos3
465 519 565 554 tamen
588 517 629 546 ita
649 515 845 553 torquebatur
866 523 903 543 ex
923 523 971 550 eo,

192 564 275 600 quod
289 565 489 593 Mardochaeus
503 565 529 593 ei
543 571 641 600 genua
653 571 715 592 non
727 561 875 597 flectebat,
889 561 973 598 quod

191 611 266 640 nihil
290 619 321 640 se
345 612 456 640 habere
478 611 613 649 putabat.
638 611 726 643 Esth„
749 618 779 638 v.
806 610 878 637 Item
901 610 973 637 nota

191 658 364 688 brevitatem
377 659 457 687 illius
470 657 683 696 prosperitatis.

227 706 375 740 Quamdiu
401 705 519 735 duravit
541 705 632 743 plaga
655 704 772 734 Domini
794 712 884 741 super
904 703 971 738 Job,

191 753 259 781 licet
280 755 426 781 venerunt
449 752 488 781 ad
512 761 582 781 eum
608 752 700 789 aliqui
725 752 831 787 amici,
854 751 973 779 fuerunt

191 801 290 828 tamen
305 800 332 828 ei
347 800 550 828 consolatores
564 799 700 834 onerosi,
715 807 771 827 nec
791 799 930 834 leguntur
946 798 973 826 ei

192 847 309 876 dedisse
327 848 451 885 aliquid.
475 849 636 885 Postquam
659 850 759 876 autem
781 847 898 878 addidit
919 847 972 875 Do-

191 895 290 923 minus
305 896 405 924 omnia
421 904 618 933 quaecumque
632 895 748 924 ruerant
759 895 814 923 Job
828 893 971 930 duplicia,

190 945 336 972 venerunt
354 943 392 971 ad
409 951 478 971 eum
497 951 602 971 omnes
620 943 724 971 fratres
744 942 807 977 sui,
827 943 855 970 et
875 941 973 969 cuncti

191 990 243 1026 qui
255 992 401 1018 noverant
415 999 495 1025 eum,
510 1002 521 1016 u
534 993 561 1018 et
569 990 716 1018 dederunt
728 989 754 1018 ei
765 988 972 1025 unusquisque

191 1045 279 1065 ovem
294 1045 401 1072 unam,
418 1039 445 1065 et
459 1037 594 1066 inaurem
617 1044 738 1065 auream
760 1044 888 1070 unam,»
912 1035 970 1070 Job,

190 1092 258 1117 an,
278 1086 320 1112 11.

226 1133 357 1160 Statuam
379 1140 470 1168 quam
493 1132 568 1160 vidit
589 1131 886 1166 Nabuchodonosor,
905 1138 972 1167 quae

189 1187 329 1215 percussa
359 1179 460 1216 lapide
493 1179 625 1208 abscisso
658 1180 695 1207 de
728 1179 830 1207 monte
852 1178 973 1207 redacta

192 1227 234 1254 est
254 1226 285 1254 in
304 1226 439 1254 favillam
454 1226 560 1254 {estivae
574 1235 664 1261 arere,
679 1226 747 1254 satis
761 1226 874 1254 indicat
887 1233 972 1262 pros-

190 1273 345 1309 peritatem
360 1273 547 1302 mundanam
561 1274 635 1302 nihil
650 1282 722 1302 esse.
741 1275 822 1309 Dan„
840 1281 871 1301 11.

229 1320 290 1349 Filii
304 1321 417 1349 Jambri
430 1320 579 1350 faciebant
593 1321 711 1358 nuptias
725 1329 866 1357 magnas;
881 1321 909 1348 et
923 1329 973 1348 ve-

191 1369 299 1397 nerunt
311 1368 414 1404 Judaei,
430 1369 557 1398 Jonatha
572 1369 659 1404 duce,
672 1371 699 1397 et
711 1369 884 1397 occiderunt
897 1367 972 1396 mul-

192 1418 252 1451 tos,
269 1418 297 1444 et
311 1424 461 1445 conversae
475 1419 542 1444 sunt
556 1417 666 1453 nuptiae
680 1417 711 1445 in
724 1417 853 1451 luctum,
870 1417 897 1444 et
911 1423 971 1444 vox

191 1464 374 1492 musicorum
389 1464 420 1492 in
434 1465 608 1493 lamentum.
624 1467 634 1493 1
650 1465 786 1499 Maestae„
801 1472 841 1497 lx,
858 1465 902 1493 41.

227 1511 400 1540 Ptolemaeus
414 1519 466 1539 rex
481 1512 610 1548 AEgypti,
622 1511 789 1540 Alexandro
802 1519 872 1546 rege
883 1511 972 1546 Syriae

193 1559 360 1594 debellato,
376 1561 405 1586 et
419 1559 449 1586 in
463 1558 604 1587 Arabiam
618 1558 736 1594 fugato,
752 1558 896 1586 exaltatus
911 1559 955 1586 est
961 1567 969 1592 ;

193 1607 220 1633 et
236 1605 356 1634 abstulit
379 1606 501 1634 Zabdiel
524 1605 617 1634 Arabs
638 1607 728 1641 caput
747 1605 925 1639 Alexandri,
945 1608 972 1634 et

194 1653 271 1681 misit
286 1652 457 1688 Ptolemaeo,
474 1654 502 1681 et
520 1661 572 1680 rex
591 1652 766 1680 Ptolemaeus
780 1655 915 1680 mortuus
930 1653 973 1680 est

193 1700 241 1727 die
255 1700 349 1728 tertia.
366 1701 375 1728 I
391 1701 528 1733 Maclznb„
545 1708 584 1728 xi.

229 1747 407 1776 Adolescens
422 1747 473 1783 qui
490 1747 623 1783 quresivit
638 1755 656 1775 a
671 1747 799 1782 Christo,
816 1747 972 1783 quomodo

192 1795 292 1830 posset
310 1794 421 1822 habere
444 1794 534 1822 vitam
554 1797 705 1829 aeternam,
727 1794 835 1822 multas
854 1802 972 1830 posses-

193 1842 291 1869 siones
306 1841 452 1876 liabehat3
470 1843 498 1869 et
513 1841 623 1870 idcireo
645 1841 717 1869 abiit
732 1841 834 1876 tristis,
849 1841 972 1878 quando

194 1888 334 1916 Dominus
346 1887 428 1915 dedit
441 1888 467 1915 ei
480 1888 637 1916 consilium
649 1887 846 1924 perfectionis,
861 1890 973 1925 Mutila,

193 1943 250 1963 xrx.

231 1985 330 2011 Petrus
351 1983 471 2019 negavit
494 1982 651 2011 Dominum
675 1983 704 2010 in
732 1983 807 2012 atrio
831 1983 974 2021 principis

194 2030 392 2058 sacerdotum.
409 2030 522 2064 Mam„
539 2037 616 2058 xxvx.

230 2079 367 2113 Magnum
384 2077 490 2105 festum
505 2077 636 2105 fecerunt
653 2077 745 2105 Judaei
766 2077 890 2106 Domino
906 2078 973 2107 Ilie-

194 2125 323 2153 rusalem
348 2124 474 2152 venienti
488 2145 496 2158 ,
522 2127 550 2153 et
575 2124 793 2160 circumspectis
817 2125 972 2158 omnihus,

195 2181 262 2200 cum
275 2172 338 2208 jam
352 2172 519 2207 vespertina
539 2173 614 2199 esset
632 2171 723 2206 hora,
739 2171 808 2199 exiit
821 2172 852 2199 in
867 2172 974 2201 Betha-

194 2220 285 2254 niam,
303 2219 387 2255 quasi
402 2226 463 2246 non
478 2218 633 2253 inveniret,
650 2218 702 2254 qui
717 2227 785 2246 eum
799 2218 829 2247 in
844 2219 973 2256 hospitio

194 2267 345 2303 reciperet.
362 2267 461 2300 Marc„
477 2273 516 2300 xi,
533 2267 576 2293 11.

231 2314 274 2341 Ad
298 2313 548 2340 contemnendam
577 2313 789 2348 temporalium
813 2314 973 2342 abundan-

194 2362 266 2389 tiam
281 2360 408 2388 multum
424 2359 502 2388 valet
516 2359 688 2395 exemplum
710 2359 746 2387 de
767 2360 873 2395 divite,
890 2362 973 2397 cujus

196 2417 266 2444 ager
281 2408 387 2435 uberes
398 2408 506 2434 fructus
518 2407 626 2442 attulit;
640 2415 707 2434 cuin
719 2408 818 2435 autem
831 2408 974 2436 sollicitus

195 2455 336 2491 cogitaret
351 2455 502 2482 destruere
516 2454 632 2489 horrea,
650 2455 690 2482 ait
702 2455 744 2482 illi
762 2456 836 2483 Deus
850 2463 857 2483 :
873 2465 887 2481 «
898 2455 974 2483 Stul—

195 2506 233 2537 te,
249 2503 305 2530 hac
321 2504 406 2529 nocte
422 2503 553 2537 repetent
565 2501 696 2529 animam
712 2504 793 2530 tuam
805 2510 822 2530 a
837 2504 875 2537 te,
889 2514 902 2530 >2
919 2505 974 2531 etc.

196 2552 274 2584 Luc„
290 2558 341 2584 xii,
356 2551 401 2576 ΞΟ.

235 2599 386 2633 Emptores
405 2596 483 2623 villa?
503 2597 531 2624 et
550 2595 658 2629 houm,
676 2599 703 2624 et
718 2597 766 2625 ille
783 2598 834 2633 qui
850 2606 976 2626 uxorem

198 2645 336 2678 duxerat,
351 2644 447 2671 vocati
463 2643 502 2671 ad
517 2651 633 2670 coenam
648 2652 788 2679 magnam
804 2645 930 2680 domini,
946 2654 976 2673 se

199 2692 341 2719 excusant
355 2693 497 2726 tanquam
514 2690 577 2717 aliis
593 2692 747 2727 occupati3
763 2700 909 2727 pauperes
925 2701 978 2720 au-

201 2741 256 2766 tem
274 2740 301 2766 et
318 2737 442 2771 debiles,
457 2737 573 2765 suerunt
587 2737 756 2765 introducti.
775 2740 849 2774 Luc.5
867 2747 926 2767 xiv.

1750 255 1805 285 631

1068 323 1176 352 Videns
1200 323 1341 352 Dominus
1362 322 1510 351 civitatem
1534 321 1716 350 Hierusalem
1736 329 1810 358 pace

1027 371 1186 408 temporali
1201 371 1362 404 fruentem,
1378 371 1406 398 et
1425 371 1655 406 superventuras
1675 368 1811 396 miserias

1029 419 1232 454 ignorantem,
1257 418 1338 446 ssevit
1362 425 1451 454 super
1474 416 1557 446 illam
1581 416 1683 444 dicens
1707 425 1715 444 ε
1743 425 1757 442 α
1781 415 1811 444 Si

1030 466 1221 502 cognovisses
1241 467 1269 494 et
1290 466 1355 493 tu...
1373 475 1387 492 »
1407 464 1611 501 supplendum
1633 465 1730 492 esset:
1746 463 1811 492 Fle-

1029 521 1086 541 res.
1102 514 1180 548 Luc„
1193 519 1255 548 xrx,
1271 514 1315 541 42.

1066 562 1139 589 Cum
1163 559 1294 597 populus
1321 559 1428 588 tlerodi
1455 567 1566 595 magno
1594 558 1676 594 regi,
1704 557 1810 586 vestito

1029 609 1108 635 veste
1131 607 1239 643 regali,
1262 608 1290 635 ct
1315 606 1429 634 sedenti
1453 614 1509 643 pro
1533 605 1693 640 tribunali,
1715 605 1813 633 accla-

1029 656 1124 683 maret
1147 663 1153 682 :
1177 664 1190 680 ι(
1210 656 1302 683 Voces
1323 654 1387 690 Dei,
1412 656 1440 682 et
1459 661 1520 682 non
1541 652 1688 688 hominis;
1709 662 1724 678 i>
1740 660 1812 680 con—

1027 700 1125 729 festim
1138 702 1283 738 percussit
1302 710 1372 729 eum
1392 701 1517 737 angelus
1533 700 1666 735 Domini,
1689 700 1716 727 et
1737 707 1810 727 eon-

1029 750 1164 785 sumptus
1179 757 1197 777 a
1212 748 1364 776 vermibus
1380 747 1536 784 expiravit.
1552 747 1629 782 Act„
1643 755 1695 782 xn,
1712 747 1809 776 22-23.

1270 844 1413 878 CAPUT
1437 844 1570 878 CXXII.

1241 919 1279 946 De
1298 919 1453 946 curiositate
1472 919 1601 946 humana.

1065 989 1213 1017 Primariae
1234 989 1475 1025 transgressionis
1498 989 1615 1018 occasio
1640 990 1739 1017 ortum
1757 988 1812 1016 ha-

1028 1036 1128 1065 buisse
1156 1036 1273 1064 videtur
1298 1045 1335 1064 ex
1363 1045 1398 1064 eo
1410 1059 1419 1072 ,
1448 1036 1533 1072 quod
1557 1038 1617 1064 Eva
1642 1037 1810 1071 serpentem

1029 1084 1144 1112 curiose
1160 1084 1285 1119 audivit,
1302 1086 1329 1112 et
1343 1084 1460 1120 lignum
1476 1084 1600 1112 vetitum
1619 1083 1735 1111 curiose
1749 1091 1810 1111 res-

1028 1132 1118 1167 pexit.
1132 1132 1216 1168 Gen„
1230 1140 1273 1160 111.

1068 1189 1081 1205 «
1092 1180 1215 1214 Egressa
1230 1180 1272 1206 est
1287 1179 1359 1206 Dina
1373 1179 1435 1207 filia
1450 1179 1518 1214 Lite,
1532 1179 1565 1206 ut
1579 1178 1693 1206 videret
1707 1176 1812 1205 mulie-

1028 1234 1075 1254 res
1089 1227 1220 1262 regionis
1234 1226 1329 1262 illius3
1341 1237 1355 1253 »
1368 1227 1513 1263 sequitur,
1528 1226 1612 1262 quod
1625 1225 1699 1259 visa,
1714 1227 1810 1261 rapta,

1030 1276 1057 1302 et
1071 1282 1213 1310 oppressa
1228 1274 1291 1301 fuit.
1309 1274 1387 1309 Gen„
1405 1282 1505 1309 xxx1v,
1523 1274 1536 1301 1
1555 1275 1582 1301 et
1597 1281 1660 1309 seq.

1065 1321 1205 1357 Praecepit
1219 1321 1360 1349 Dominus
1379 1322 1482 1357 Moysi,
1499 1322 1532 1348 ut
1547 1321 1657 1348 diecret
1671 1319 1786 1356 populo
1803 1328 1809 1346 :

1032 1378 1045 1394 «
1061 1369 1165 1396 Cavete
1182 1376 1218 1396 nc
1234 1368 1399 1396 ascendatis
1420 1369 1452 1396 in
1471 1369 1622 1402 montem,
1638 1375 1693 1395 nec
1708 1368 1811 1401 tanga-

1028 1415 1063 1443 tis
1091 1415 1166 1443 fines
1187 1415 1275 1443 illius.
1301 1416 1419 1450 Omnis,
1440 1415 1492 1451 qui
1515 1414 1643 1450 tetigerit
1666 1415 1809 1448 montem,

1028 1462 1184 1491 morietur.
1202 1472 1216 1489 »
1235 1465 1266 1490 Et
1280 1465 1347 1498 post
1361 1470 1457 1498 pauca
1474 1471 1480 1490 ;
1500 1472 1513 1488 ‹<
1528 1463 1697 1490 Contestare
1712 1469 1811 1497 popu-

1028 1509 1110 1544 lum,
1126 1518 1164 1537 ne
1182 1510 1256 1538 forte
1275 1509 1367 1537 velint.
1385 1509 1595 1538 transcendere
1615 1509 1757 1536 terminos
1772 1508 1811 1536 ad

1028 1557 1194 1585 videndum
1209 1556 1382 1592 Dominum,
1407 1559 1434 1584 et
1454 1558 1556 1593 pereat
1571 1564 1606 1584 ex
1622 1556 1664 1583 eis
1681 1555 1812 1592 plurima

1028 1604 1200 1631 multitudo.
1218 1614 1230 1628 n
1251 1604 1352 1638 Erocl„
1368 1612 1428 1637 xix,
1445 1605 1489 1638 12,
1505 1605 1550 1630 ⁶21.

1065 1651 1141 1678 Dixit
1161 1651 1303 1678 Dominus
1323 1651 1363 1678 ad
1383 1652 1519 1686 Moysen,
1535 1652 1566 1678 ut
1590 1652 1688 1677 Aaron
1709 1652 1737 1677 et
1757 1648 1811 1676 filii

1029 1699 1092 1735 eJ'us
1107 1701 1222 1727 tantum
1237 1699 1380 1727 intrarent
1403 1701 1504 1727 saneta
1527 1700 1717 1731 sauctorum5
1738 1697 1811 1725 «alii

1028 1754 1100 1774 vero
1122 1746 1206 1775 nulla
1230 1747 1396 1775 curiositate
1417 1746 1564 1782 viderent,
1585 1753 1652 1782 quae
1674 1747 1758 1772 crant
1781 1745 1811 1772 in

1030 1794 1214 1829 sanctuario,
1230 1795 1406 1830 priusquam
1423 1796 1518 1821 essent
1533 1793 1635 1821 onmia
1652 1791 1788 1820 involuta
1803 1801 1810 1819 2

1029 1841 1165 1877 alioquin
1181 1842 1376 1869 morerentur.
1394 1851 1407 1866 n
1425 1842 1521 1875 Nam„
1537 1848 1575 1874 lv,
1591 1841 1636 1868 ⁰20.

1065 1888 1149 1916 ozias
1170 1896 1221 1916 rex
1240 1888 1315 1916 Juda
1340 1888 1488 1922 ingressus
1508 1887 1654 1922 templum
1675 1886 1810 1920 Domini,

1030 1936 1143 1971 accepit
1158 1936 1355 1969 thuribulum,
1368 1937 1395 1962 et
1409 1935 1505 1962 voluit
1519 1934 1641 1962 adolere
1656 1933 1811 1961 incensum

1030 1991 1119 2018 super
1135 1982 1225 2010 altare
1241 1982 1457 2018 thymiamatis,
1473 1981 1556 2017 quod
1576 1988 1637 2008 non
1657 1980 1696 2008 ad
1711 1989 1810 2015 suum,

1029 2029 1083 2056 sed
1098 2029 1137 2056 ad
1153 2029 1338 2056 sacerdotum
1350 2028 1515 2064 pertinebat
1530 2027 1661 2055 officium
1674 2037 1681 2062 3
1699 2027 1809 2055 statim-

1030 2084 1088 2112 que
1104 2078 1167 2103 orta
1183 2077 1225 2103 est
1238 2076 1322 2112 lepra
1337 2076 1365 2103 in
1381 2075 1477 2103 fronte
1493 2075 1566 2111 ejus.
1581 2076 1601 2102 tl
1612 2076 1717 2107 Parui.²
1731 2082 1808 2103 xxvi.

1066 2124 1139 2151 Cum
1155 2123 1290 2151 viderent
1305 2122 1396 2150 Judaei
1411 2122 1556 2150 miracula
1571 2130 1589 2149 a
1606 2122 1731 2150 Domino
1746 2121 1810 2149 fieri

1029 2170 1184 2200 manifesta
1202 2173 1229 2198 et
1242 2170 1336 2205 utilia,
1353 2170 1412 2198 alia
1426 2170 1527 2198 videre
1543 2169 1696 2204 volebant,
1713 2171 1740 2197 et
1754 2169 1811 2204 sig-

1029 2227 1103 2246 num
1118 2218 1155 2246 de
1172 2218 1248 2246 coflo
1265 2218 1447 2254 quaerebant.
1463 2218 1539 2251 Luc„
1553 2224 1593 2244 xx.

1067 2266 1196 2294 Herodes
1224 2266 1389 2301 tetrarcha,
1418 2265 1482 2292 viso
1507 2267 1592 2298 Jesu,
1622 2263 1742 2299 gavisus
1770 2266 1812 2291 est

1030 2314 1136 2350 valde3
1152 2322 1212 2342 non
1228 2322 1317 2342 causa
1332 2313 1464 2350 pietatiS,
1486 2312 1538 2340 sed
1554 2319 1643 2340 causa
1658 2311 1811 2338 euriosita-

1030 2363 1075 2396 tis,
1088 2362 1159 2398 quia
1174 2361 1313 2397 sperabat
1325 2361 1444 2395 signum
1458 2359 1584 2396 aliquod
1596 2359 1659 2386 fieri
1672 2358 1710 2386 ab
1725 2358 1790 2394 ipso
1804 2367 1809 2384 :

1031 2411 1058 2437 et
1078 2411 1200 2445 propter
1220 2409 1276 2436 hoc
1296 2409 1371 2436 visio
1393 2408 1443 2435 illa
1466 2406 1581 2434 Domini
1603 2408 1669 2434 ,lesa
1691 2405 1766 2432 nihil
1785 2406 1812 2433 ei

1030 2457 1150 2493 profuit,
1169 2456 1221 2483 sed
1238 2456 1333 2491 magis
1349 2456 1454 2483 obfuit.
1472 2457 1550 2487 Ειιικ,
1566 2462 1648 2481 xxm.

1067 2503 1272 2532 curiositatem
1293 2502 1526 2538 discipulorum,
1550 2501 1624 2528 scire
1646 2499 1817 2527 volentium>

1031 2553 1148 2586 tempus
1173 2550 1295 2578 secundi
1321 2550 1483 2582 adventus,
1509 2547 1692 2583 compescuit
1714 2546 1812 2573 Domi-

1032 2606 1100 2632 nus,
1117 2597 1218 2624 dicens
1235 2606 1241 2624 z
1257 2607 1270 2621 a
1285 2598 1348 2624 Non
1365 2599 1406 2623 est
1420 2598 1549 2622 vestrum
1564 2602 1651 2622 nosse
1667 2596 1812 2629 tempora,

1032 2645 1080 2672 vel
1100 2646 1266 2678 momenta,
1288 2652 1353 2680 quie
1376 2645 1458 2671 l’ater
1476 2643 1575 2678 posuit
1593 2641 1624 2669 iu
1643 2649 1697 2669 sua
1716 2642 1813 2676 potcs-

1033 2693 1100 2720 tate.
1117 2702 1130 2716 »
1150 2691 1226 2725 Asc„
1243 2700 1261 2725 1,
1279 2692 1304 2717 7.

1072 2739 1229 2767 curiositas
1245 2739 1362 2766 videtur
1377 2739 1480 2772 fuisse,
1496 2737 1618 2774 quando
1635 2737 1735 2766 Simon
1752 2744 1813 2763 ma—
