2004 3037
182 159 242 190 492

181 224 319 262 fuer-unm
343 226 397 255 sed
418 225 486 256 illos
507 227 613 264 postea
634 227 754 264 penitus
774 227 959 258 deleverunt.

181 272 285 308 tudio„
300 280 348 302 xx.

216 319 348 348 Permisit
370 319 513 349 Dominus
534 328 636 350 arcam
655 322 724 360 capi
744 321 784 351 ab
803 321 962 352 incircum·

181 365 259 401 cisis,
273 365 326 395 ubi
340 366 435 396 multa
451 366 596 397 miracula
610 368 695 406 feeit3
712 371 740 398 et
754 377 824 398 eum
836 370 961 399 reduce-

180 414 270 448 retur,
279 413 462 442 Betbsamitae
472 422 541 443 cum
553 415 665 451 gaudio
679 418 855 454 receperunt
865 417 959 446 illam.

180 459 254 494 Quia
267 468 340 489 vero
354 460 495 490 viderunt
508 469 574 490 eam
585 483 594 497 ‚
607 463 753 499 percussit
767 463 908 493 Dominus
925 472 962 493 ex

180 506 221 534 eis
235 507 421 544 septuaginta
440 516 567 544 magnos
587 509 666 538 viros
676 531 685 545 ,
701 511 729 539 et
744 509 962 547 quinquaginta

179 552 274 582 millia
287 553 431 590 plebeios.
445 556 456 584 1
469 556 547 591 Rea„
563 563 593 584 iv
608 558 636 584 et
649 565 679 585 v.

215 601 303 630 Saule
316 601 423 631 melior
435 610 498 631 non
510 605 572 632 erat
585 603 618 632 in
630 603 758 641 populo,
768 604 892 641 quando
906 604 962 634 fuit

181 655 200 676 a
215 648 340 677 Domino
360 648 510 685 signanter
524 649 633 679 electus
641 660 650 687 3
667 652 695 679 et
707 652 808 680 tamen
822 651 880 680 cito
893 653 962 689 post

180 695 323 731 peccavit,
338 696 430 724 etfuit
442 705 460 725 a
475 698 533 725 Deo
546 697 707 734 projeetus.
724 699 733 726 1
748 700 826 734 Req„
839 706 885 728 xv.

218 742 310 771 David
332 745 394 771 erat
415 743 557 772 minimus
575 744 651 773 inter
677 744 796 780 fratres,
824 747 853 774 et
876 746 961 783 quasi

181 788 292 817 nullius
312 790 506 826 reputationis
529 791 604 820 inter
627 799 679 820 eos
697 800 704 820 :
733 792 814 821 unde
836 792 960 829 quando

182 836 278 865 vocati
293 836 410 865 fuerunt
424 836 478 865 filii
497 837 567 873 lsai,
582 838 635 867 iste
649 838 812 875 neglectus,
828 839 874 868 vel
889 847 961 868 con-

182 884 310 920 temptus
324 883 379 912 fuit
395 892 403 912 :
418 885 518 913 tamen
537 892 592 922 per
606 884 691 914 illum
711 885 851 914 Dominus
864 887 962 915 totum

182 930 329 967 populum
344 930 530 967 gubernavit,
546 933 574 960 et
588 933 680 960 totam
694 931 773 960 illius
786 933 961 970 progeniem

182 977 364 1006 sublimavit.
378 980 387 1006 l
402 980 480 1014 Rea„
494 986 561 1013 xvi,
576 979 605 1007 et
619 978 770 1016 deinceps,

182 1029 185 1043 ³
217 1024 290 1053 Satis
305 1025 347 1053 est
369 1024 506 1054 mirabile
528 1025 684 1062 quomodo
703 1026 822 1055 Samuel
843 1028 961 1055 sanetus

181 1070 327 1108 propheta
348 1079 367 1101 a
389 1072 515 1101 muliere
535 1073 711 1109 pythonissa
737 1073 846 1110 legitur
870 1073 962 1102 susci-

181 1119 275 1154 tatus,
297 1119 308 1146 1
330 1120 412 1154 neq„
437 1127 541 1148 xxvut.
565 1119 764 1156 Augustinus,
789 1120 820 1149 in
848 1120 902 1149 lib.
929 1121 962 1148 de

182 1165 311 1193 Doctrina
327 1166 504 1202 Christiana,
520 1166 590 1195 dicit
610 1167 694 1203 quod
717 1167 771 1196 suit
790 1167 892 1204 imago
911 1167 961 1196 Sa·

182 1212 288 1240 muelis
298 1234 307 1247 ,
322 1220 384 1241 non
399 1213 462 1250 ipse
476 1214 621 1251 propheta
631 1236 640 1250 ‚
657 1214 706 1242 vel
720 1215 784 1251 ejus
801 1215 918 1249 anima,
933 1216 962 1244 et

181 1260 319 1296 apparuit
336 1260 400 1296 eJ‘us
414 1261 514 1296 imago
529 1263 590 1290 arte
613 1261 785 1290 daemonum
805 1261 960 1298 sacrilega.

216 1307 289 1335 Nota
307 1315 398 1343 quam
414 1315 550 1344 expresse
567 1308 683 1336 locutus
699 1311 742 1337 est
760 1309 901 1338 Dominus
922 1309 961 1338 ad

180 1353 293 1382 Nathan
309 1354 346 1382 de
362 1354 492 1383 bonitate
508 1355 611 1391 David,
626 1357 654 1383 et
667 1355 720 1383 filii
735 1356 798 1391 ejus
809 1378 818 1391 ,
831 1356 883 1393 qui
893 1356 962 1385 oedi-

180 1399 320 1429 ficaturus
338 1402 401 1429 erat
411 1401 573 1438 templum,
591 1403 611 1431 ll
631 1403 696 1438 Rea.
708 1423 717 1438 ,
732 1411 789 1439 vn;
811 1405 838 1432 et
861 1405 961 1432 tamen

180 1447 271 1476 ambo
295 1447 326 1476 in
348 1450 470 1485 peccata
491 1450 594 1485 postea
615 1451 676 1477 tam
694 1450 816 1487 turpiter
839 1459 960 1480 corrue-

179 1495 257 1522 runt.

215 1541 346 1570 Mirabile
360 1542 478 1572 videtur
490 1543 584 1580 quod,
597 1551 653 1580 pro
665 1544 812 1573 adulterio
824 1547 852 1573 et
865 1545 961 1573 homi-

181 1588 258 1617 cidio
285 1589 394 1624 David,
416 1598 493 1619 unus
514 1593 629 1619 tantum
657 1592 797 1628 parvulus
825 1595 960 1621 mortuus

181 1639 236 1672 est,
253 1638 274 1666 ll
290 1639 367 1673 Req„
382 1647 433 1667 xn.

216 1685 370 1713 Moriturus
386 1686 477 1714 David
500 1687 720 1716 ordinationem
735 1687 802 1716 fecit
820 1688 889 1716 satis
906 1689 961 1716 mi-

180 1731 328 1767 rabilem;
353 1733 406 1761 sed
431 1734 501 1769 quia
532 1735 680 1771 Scriptura
703 1735 743 1763 ita
770 1736 961 1763 commendat

181 1786 266 1813 eum,
283 1780 515 1815 supponendum
534 1784 590 1815 est,
607 1781 674 1809 lieet
696 1782 829 1816 occulta,
844 1790 905 1810 non
920 1785 962 1810 ta-

181 1833 250 1852 men
265 1825 373 1861 injusta
390 1827 503 1855 ratione
519 1827 606 1855 tuisse
629 1828 754 1863 tactum,
777 1830 809 1857 111
830 1831 907 1864 neq„
928 1837 957 1857 n.

215 1871 367 1901 Salomoni
394 1873 477 1901 dedit
506 1874 646 1902 Dominus
675 1878 784 1903 tantam
812 1876 961 1912 prosperi-

179 1919 267 1946 tatem
293 1922 320 1947 et
344 1928 464 1956 pacem,
487 1921 569 1957 quod
589 1929 649 1950 non
672 1925 734 1950 erat
756 1924 839 1950 satan
861 1931 960 1959 neque

180 1974 320 1995 occursus
340 1967 455 2003 malus;
477 1968 547 1997 item
572 1969 761 2005 sapientiam,
782 1972 810 1998 et
833 1970 959 2005 gloriam

179 2021 240 2048 proe
259 2014 370 2042 cunctis
393 2015 515 2050 regibus
536 2026 543 2043 .·
568 2018 595 2044 et
614 2018 713 2045 tamen
736 2017 868 2053 permisit
891 2025 960 2046 eum

180 2060 320 2088 Dominus
337 2061 433 2090 taliter
450 2062 603 2098 infatuari,
624 2063 799 2100 depravari,
821 2066 848 2092 et
862 2064 960 2093 multi-

179 2107 268 2142 plices
283 2108 469 2137 adversarios
483 2110 631 2145 suscitari,
647 2111 679 2139 111
696 2112 776 2145 Κεφ,
795 2119 835 2139 xt.

215 2155 364 2191 Praecepto
380 2156 495 2183 Domini
510 2165 563 2193 per
579 2158 682 2185 Ahiam
697 2158 873 2194 prophetam
888 2166 960 2195 prte-

180 2200 272 2229 fectus
290 2204 332 2230 est
348 2203 526 2231 Hieroboam
545 2212 634 2240 super
653 2204 757 2233 decem
780 2205 891 2239 tribus,
907 2206 959 2242 qui

180 2249 327 2284 populum
355 2249 394 2278 ad
422 2251 621 2280 idololatriam
645 2253 790 2281 malitiose
819 2253 957 2288 induxit,

181 2298 213 2324 111
228 2298 306 2331 Ιῖες]Ἷ
320 2305 358 2326 xi.

216 2344 327 2373 Occidit
341 2345 389 2374 leo
403 2347 499 2374 virum
510 2347 569 2381 Dei,
585 2347 633 2383 qui
651 2347 785 2383 praedixit
799 2346 958 2375 Jeroboam

181 2390 412 2420 destructionem
428 2393 527 2421 altaris
541 2394 585 2421 sui
598 2403 605 2428 ;
622 2396 649 2422 et
664 2394 700 2422 de
717 2394 855 2422 carnibus
867 2394 959 2430 ipsius

181 2438 289 2465 mortui
302 2447 363 2467 non
376 2440 521 2475 comedit,
537 2442 567 2468 111
585 2443 660 2476 Req„
677 2449 739 2469 xm.

216 2485 288 2513 Cum
309 2488 383 2514 esset
400 2487 500 2515 Achab
521 2487 775 2523 sceleratissimus,
794 2490 822 2516 et
843 2488 959 2516 audiret

181 2539 301 2566 psrnam
316 2533 371 2562 sibi
394 2542 448 2570 pro
473 2535 646 2563 criminibus
669 2536 878 2572 infligendam;
903 2543 958 2563 coe-

181 2578 223 2613 pit
237 2581 362 2608 exterius
377 2581 536 2614 humiliari,
554 2585 581 2610 ct
596 2584 736 2611 Dominus
750 2591 870 2620 poenam
884 2582 959 2610 infli-

182 2633 249 2660 gere
264 2629 448 2664 prorogavit,
465 2631 497 2658 111
512 2631 589 2666 Κεφ,
603 2638 659 2659 xxi.

794 160 930 194 BIBLIA
949 160 1183 194 PAUPERUM.

1049 228 1191 258 Terribile
1207 229 1279 265 fuit,
1293 229 1379 266 quod
1392 229 1470 259 duos
1481 230 1634 268 principes
1647 231 1796 269 quinqua-

1015 276 1154 313 genarios
1167 284 1237 305 cum
1252 276 1471 314 quinquaginta
1483 276 1544 306 suis
1556 276 1625 307 feeit
1637 277 1715 307 Elias
1725 278 1796 315 igne

1015 323 1213 352 descendente
1223 323 1352 360 desuper
1364 323 1463 353 subito
1477 323 1616 353 devorari
1625 345 1634 360 ,
1643 325 1679 353 1v
1687 325 1765 361 Rea„
1773 332 1795 355 1.

1050 370 1125 400 'ehu
1141 379 1196 399 rex
1217 370 1306 399 lsrael
1324 370 1457 399 maximo
1477 371 1542 401 zelo
1562 373 1735 409 persecutus
1753 373 1797 402 est

1016 417 1145 446 cultores
1166 417 1247 453 Baal,
1266 417 1306 446 ita
1325 417 1410 454 quod
1433 418 1575 447 Dominus
1594 418 1686 455 ipsius
1705 426 1798 456 opera

1017 464 1234 494 commendavit
1240 474 1249 501 ς
1274 467 1303 494 et
1318 466 1419 494 tamen
1437 465 1476 494 ab
1494 465 1666 495 idololatria
1687 465 1798 496 vitulo-

1015 519 1083 540 rum
1096 505 1256 541 Jeroboam
1268 520 1331 541 non
1345 512 1480 548 recessit,
1491 513 1524 541 lv
1538 514 1616 548 Rea„
1630 520 1659 542 x.

1051 559 1197 588 Manasses
1209 567 1263 588 rex
1281 558 1314 587 in
1327 559 1508 588 Hierusalem
1526 559 1672 589 terribilia
1687 559 1798 590 seelera

1015 606 1196 643 perpetravit
1204 615 1212 642 ;
1229 607 1334 643 postea
1348 606 1459 635 catenis
1471 606 1598 643 vinetus,
1614 609 1642 636 et
1655 607 1687 636 in
1701 607 1799 646 Baby·

1015 652 1117 682 Ionem
1131 653 1248 688 ductus,
1263 653 1468 690 poenitentiam
1481 661 1573 689 agens
1583 654 1680 683 oravit
1694 656 1797 690 Deum,

1017 703 1045 729 et
1059 696 1215 730 exauditus
1228 701 1294 736 fuit,
1310 702 1333 730 11
1347 702 1453 737 Ραναῑ.,
1467 709 1574 730 xxxin.

1053 748 1147 776 sosias
1173 755 1226 776 rex
1252 746 1330 776 Juda
1360 755 1430 776 cum
1462 748 1678 777 sanctissimam
1705 748 1799 778 vitam

1017 794 1162 829 duxisset,
1179 793 1300 822 tandem
1314 793 1461 830 perrexit,
1479 796 1512 822 ut
1520 794 1678 824 *dimicaret
1691 798 1797 825 contra

1017 841 1133 870 Nechao
1156 849 1260 878 regem
1281 841 1399 878 AEgypti
1418 841 1566 870 dicentem
1584 841 1611 870 ei
1634 850 1642 870 ε
1659 851 1674 868 α
1695 843 1799 872 Desine

1017 888 1178 916 adversum
1194 890 1285 916 Deum
1295 887 1392 916 facere
1407 888 1460 925 qui
1470 896 1589 917 meeum
1598 891 1650 923 est,
1662 897 1699 918 ne
1714 889 1800 918 inter-

1017 935 1096 963 ficiat
1107 937 1143 963 te.
1159 945 1173 961 ι»
1191 936 1255 964 Non
1271 934 1421 972 acquievit
1437 935 1530 964 Josias
1544 936 1733 965 sermonibus
1746 938 1800 966 Ne-

1017 983 1093 1012 chao
1107 990 1144 1011 ex
1158 990 1210 1012 ore
1225 983 1290 1018 Dei,
1308 984 1337 1011 et
1350 982 1430 1011 male
1444 983 1584 1012 suecessit
1596 983 1641 1020 ei,
1653 984 1675 1013 11
1694 985 1798 1018 parat„

1017 1038 1105 1059 xxxv.

1054 1076 1206 1105 Civitatem
1218 1078 1351 1105 sanctam
1365 1076 1488 1105 electam
1498 1076 1663 1113 specialiter
1673 1079 1702 1106 et
1711 1077 1800 1107 dilee-

1017 1127 1095 1160 tam,
1115 1123 1300 1161 peculiarem
1320 1124 1485 1161 populum,
1505 1131 1596 1160 quem
1614 1124 1651 1152 de
1672 1126 1798 1162 AEgypto

1018 1171 1194 1199 mirabiliter
1214 1171 1374 1205 eduxerat,
1389 1178 1443 1207 per
1457 1170 1608 1199 desertum
1622 1170 1797 1207 deduxerat,

1018 1218 1047 1246 in
1071 1220 1179 1246 terram
1199 1217 1406 1254 promissionis
1428 1217 1650 1252 introduxerat,
1667 1218 1800 1254 permisit

1018 1267 1093 1294 Deus
1113 1273 1167 1302 per
1191 1265 1361 1300 ChaldoeOS,
1383 1266 1412 1293 et
1430 1264 1565 1301 Assyrios
1583 1264 1749 1300 devastari,
1771 1267 1800 1294 et

1017 1312 1224 1341 miserabiliter
1242 1312 1401 1349 captivari,
1421 1314 1449 1341 et
1466 1312 1624 1341 videbatur
1644 1312 1728 1349 quod
1745 1314 1799 1341 Do-

1017 1361 1116 1388 minus
1131 1360 1199 1389 illos
1213 1360 1331 1397 penitus
1341 1367 1404 1388 non
1419 1362 1533 1388 curaret
1545 1369 1551 1387 :
1569 1360 1674 1388 dicitur
1688 1361 1798 1394 autem,

1019 1409 1095 1442 Tob.,
1108 1415 1160 1435 xm
1173 1417 1178 1435 :
1190 1407 1397 1435 «confitemini
1408 1406 1544 1441 Domino,
1555 1406 1607 1434 filii
1618 1407 1716 1441 lsrael,
1725 1415 1799 1443 quo-

1018 1454 1098 1482 niam
1109 1454 1176 1482 ideo
1187 1454 1323 1490 dispersit
1331 1462 1384 1481 vos
1394 1454 1466 1481 inter
1475 1455 1585 1489 gentem
1596 1462 1660 1490 quae
1672 1453 1709 1490 (α)
1718 1453 1799 1488 igno-

1017 1503 1083 1529 rant
1091 1509 1170 1536 eum,
1181 1502 1213 1536 (b)
1222 1503 1253 1529 ut
1262 1501 1402 1529 enarretis
1413 1500 1557 1529 miracula
1567 1501 1639 1536 ejus,
1649 1502 1675 1528 et
1685 1500 1797 1528 faciatis

1017 1549 1101 1583 scire,
1127 1548 1197 1585 quia
1216 1556 1277 1576 non
1300 1549 1341 1576 est
1363 1548 1438 1575 alius
1462 1548 1536 1575 Deus
1557 1547 1744 1583 omnipotens
1764 1547 1796 1583 (c)

1017 1599 1121 1632 praeter
1137 1604 1215 1623 eum.
1233 1606 1246 1621 n

1052 1643 1158 1671 Tobias
1169 1644 1235 1679 post
1249 1644 1308 1670 tam
1323 1641 1374 1678 pia
1388 1640 1600 1670 misericordiae
1614 1648 1717 1677 opera,
1730 1641 1796 1677 qui·

1017 1690 1073 1718 bus
1094 1689 1236 1718 sollicitus
1250 1688 1437 1723 intendebat,
1454 1690 1615 1716 excaecatus
1636 1689 1696 1722 est;
1713 1687 1797 1722 cujus

1017 1745 1137 1764 causam
1155 1744 1216 1763 non
1231 1735 1426 1770 intelligentes
1447 1734 1534 1762 amici
1550 1734 1630 1769 ejus,
1647 1733 1795 1762 scandali-

1017 1784 1070 1811 zati
1086 1782 1268 1811 insultabant
1282 1782 1318 1815 ei,
1337 1782 1426 1809 Tobiae
1436 1802 1446 1816 ‚
1461 1789 1491 1809 11.

1053 1830 1126 1859 Satis
1136 1829 1273 1857 mirabile
1286 1828 1382 1865 potuit
1393 1827 1533 1864 reputari,
1545 1835 1637 1864 quare
1647 1829 1691 1856 tot
1704 1835 1796 1863 regnu

1015 1876 1148 1914 permisit
1164 1878 1237 1904 Deus
1252 1875 1290 1903 ab
1306 1874 1462 1903 Holoferno
1477 1874 1660 1911 nequissimo
1672 1874 1793 1903 homine

1015 1923 1179 1960 subjugari,
1195 1923 1300 1955 Judit„
1317 1930 1338 1950 ιι
1352 1923 1381 1950 et
1395 1929 1436 1950 111.

1052 1973 1122 1999 item
1138 1970 1174 1998 de
1188 1972 1293 2003 Aman,
1310 1969 1361 2005 qui
1374 1968 1427 1996 suit
1442 1967 1672 2005 superbissimus
1689 1969 1717 1997 et
1731 1976 1796 1997 cru-

1017 2019 1181 2047 delissimus
1193 2040 1201 2051 ,
1228 2019 1257 2046 et
1284 2019 1384 2045 tamen
1409 2016 1463 2044 suit
1488 2018 1557 2053 post
1579 2024 1682 2052 regem
1706 2024 1795 2053 super

1017 2068 1138 2095 cunctos
1153 2065 1301 2102 principes
1316 2063 1476 2097 exaltatus,
1492 2063 1587 2091 Esther
1597 2084 1605 2098 ‚
1620 2071 1660 2092 ιιι.

1051 2113 1230 2142 Mirabantur
1244 2114 1271 2140 et
1285 2109 1561 2138 scandalizabantur
1575 2110 1662 2138 amici
1679 2110 1734 2139 Job
1749 2118 1794 2138 su-

1015 2169 1067 2197 per
1076 2168 1154 2195 eum,
1167 2158 1289 2195 quando
1298 2156 1440 2185 videbant
1449 2159 1507 2185 tam
1515 2157 1657 2192 gravibus
1667 2157 1794 2193 flagellis

1016 2208 1166 2236 afflictum.
1183 2206 1240 2238 Job,
1257 2213 1286 2239 n,
1301 2207 1328 2232 et
1339 2204 1488 2240 deinceps.

1051 2253 1273 2289 Divinajustitia
1287 2251 1371 2288 punit
1385 2250 1534 2278 interdum
1548 2250 1644 2279 malos
1657 2250 1792 2279 homines

1015 2308 1067 2336 per
1082 2299 1209 2336 pejores,
1223 2297 1296 2325 sicut
1312 2296 1390 2323 filios
1406 2295 1493 2323 lsrael
1505 2296 1618 2324 etJuda
1629 2304 1682 2333 per
1696 2295 1792 2324 Nabu-

1015 2347 1207 2374 chodonosor
1229 2346 1256 2371 et
1270 2342 1438 2370 Chaldaeos:
1454 2342 1552 2376 unde,
1566 2344 1641 2377 Iso„
1653 2350 1691 2370 x:
1710 2351 1724 2368 ει
1743 2343 1791 2370 Vae

1015 2396 1113 2427 Assur,
1121 2393 1203 2427 virga
1214 2390 1320 2417 furoris
1330 2389 1400 2423 mei,
1413 2391 1439 2416 et
1448 2389 1572 2416 baculus
1583 2390 1644 2425 ipse
1654 2390 1725 2423 est‚»
1735 2391 1788 2417 etc.

1019 2452 1030 2465 (ι
1047 2443 1110 2477 lpse
1125 2442 1223 2466 autem
1236 2445 1295 2464 non
1308 2437 1348 2463 sic
1364 2436 1572 2469 arbitrabatur,
1583 2444 1597 2461 »
1614 2437 1669 2463 etc.

1050 2489 1114 2516 Non
1124 2485 1221 2514 solum
1236 2491 1325 2520 super
1339 2482 1485 2519 populum
1497 2481 1618 2509 fidelem
1633 2483 1661 2510 et
1675 2482 1789 2511 bonum

1015 2533 1136 2562 instituit
1150 2531 1290 2560 Dominus
1304 2529 1481 2566 principem,
1493 2528 1541 2556 vel
1554 2528 1724 2564 praelatum;
1740 2537 1790 2558 ve-

1048 2623 1212 2655 (memnedit.
1222 2623 1305 2655 qui'.-
1319 2622 1351 2652 (b)
1361 2621 1547 2645 ItemDeum.--
1560 2622 1586 2651 (1‘)
1600 2622 1657 2645 [lem
1666 2622 1787 2652 optimus.
