<?xml version="1.0" encoding="UTF-8"?>
<!DOCTYPE html PUBLIC "-//W3C//DTD XHTML 1.0 Transitional//EN"
    "http://www.w3.org/TR/xhtml1/DTD/xhtml1-transitional.dtd">
<html xmlns="http://www.w3.org/1999/xhtml" xml:lang="en" lang="en">
 <head>
  <title>
</title>
<meta http-equiv="Content-Type" content="text/html;charset=utf-8" />
  <meta name='ocr-system' content='tesseract 3.04.00' />
  <meta name='ocr-capabilities' content='ocr_page ocr_carea ocr_par ocr_line ocrx_word'/>
</head>
<body>
  <div class='ocr_page' id='page_1' title='image "./operaomniasixtiv08bonauoft/operaomniasixtiv08bonauoft_0580.png"; bbox 0 0 2004 3037; ppageno 0'>
   <div class='ocr_carea' id='block_1_1' title="bbox 255 256 1045 2607">
    <p class='ocr_par' dir='ltr' id='par_1_1' title="bbox 259 256 1045 389">
     <span class='ocr_line' id='line_1_1' title="bbox 259 256 1044 296; baseline 0.004 -10"><span class='ocrx_word' id='word_1_1' title='bbox 259 281 263 284; x_wconf 92' lang='lat'><strong>.</strong></span> <span class='ocrx_word' id='word_1_2' title='bbox 299 257 381 287; x_wconf 82' lang='lat' dir='ltr'><strong>Unde</strong></span> <span class='ocrx_word' id='word_1_3' title='bbox 401 256 556 294; x_wconf 84' lang='lat' dir='ltr'><strong>Dominus,</strong></span> <span class='ocrx_word' id='word_1_4' title='bbox 572 265 665 295; x_wconf 83' lang='lat' dir='ltr'><strong>quem</strong></span> <span class='ocrx_word' id='word_1_5' title='bbox 677 257 754 287; x_wconf 87' lang='lat' dir='ltr'>nihil</span> <span class='ocrx_word' id='word_1_6' title='bbox 769 257 863 288; x_wconf 83' lang='lat' dir='ltr'><strong>latere</strong></span> <span class='ocrx_word' id='word_1_7' title='bbox 875 261 983 296; x_wconf 85' lang='lat' dir='ltr'><strong>potest,</strong></span> <span class='ocrx_word' id='word_1_8' title='bbox 998 258 1044 288; x_wconf 90' lang='lat' dir='ltr'><strong>di-</strong></span> 
     </span>
     <span class='ocr_line' id='line_1_2' title="bbox 264 303 1045 344; baseline 0.003 -11"><span class='ocrx_word' id='word_1_9' title='bbox 264 305 339 334; x_wconf 90' lang='lat' dir='ltr'><strong>citur</strong></span> <span class='ocrx_word' id='word_1_10' title='bbox 361 303 561 341; x_wconf 85' lang='lat' dir='ltr'><strong>descendisse,</strong></span> <span class='ocrx_word' id='word_1_11' title='bbox 581 305 615 333; x_wconf 90' lang='lat' dir='ltr'><strong>ut</strong></span> <span class='ocrx_word' id='word_1_12' title='bbox 636 304 753 334; x_wconf 80' lang='lat' dir='ltr'><strong>videret</strong></span> <span class='ocrx_word' id='word_1_13' title='bbox 767 304 932 343; x_wconf 83' lang='lat' dir='ltr'><strong>civitatem,</strong></span> <span class='ocrx_word' id='word_1_14' title='bbox 950 313 1045 344; x_wconf 84' lang='lat' dir='ltr'><strong>quam</strong></span> 
     </span>
     <span class='ocr_line' id='line_1_3' title="bbox 263 351 850 389; baseline 0.002 -8"><span class='ocrx_word' id='word_1_15' title='bbox 263 351 454 382; x_wconf 81' lang='lat' dir='ltr'><strong>aedificabant</strong></span> <span class='ocrx_word' id='word_1_16' title='bbox 466 351 520 380; x_wconf 89' lang='lat' dir='ltr'><strong>filii</strong></span> <span class='ocrx_word' id='word_1_17' title='bbox 534 351 642 387; x_wconf 81' lang='lat' dir='ltr'><strong>Adam,</strong></span> <span class='ocrx_word' id='word_1_18' title='bbox 655 351 734 389; x_wconf 68' lang='lat' dir='ltr'><strong>Gen„</strong></span> <span class='ocrx_word' id='word_1_19' title='bbox 750 360 792 389; x_wconf 80' lang='lat' dir='ltr'><strong>xl,</strong></span> <span class='ocrx_word' id='word_1_20' title='bbox 804 353 850 382; x_wconf 75' lang='lat'><strong>15.</strong></span> 
     </span>
    </p>

    <p class='ocr_par' dir='ltr' id='par_1_2' title="bbox 262 398 1043 482">
     <span class='ocr_line' id='line_1_4' title="bbox 297 398 1043 437; baseline 0.004 -10"><span class='ocrx_word' id='word_1_21' title='bbox 297 399 386 435; x_wconf 81' lang='lat' dir='ltr'><strong>infra,</strong></span> <span class='ocrx_word' id='word_1_22' title='bbox 399 399 478 434; x_wconf 69' lang='lat' dir='ltr'><strong>Gen„</strong></span> <span class='ocrx_word' id='word_1_23' title='bbox 489 407 573 434; x_wconf 84' lang='lat' dir='ltr'><strong>xvm,</strong></span> <span class='ocrx_word' id='word_1_24' title='bbox 586 399 634 434; x_wconf 75' lang='lat'><strong>2¹,</strong></span> <span class='ocrx_word' id='word_1_25' title='bbox 649 398 720 428; x_wconf 88' lang='lat' dir='ltr'><strong>dicit</strong></span> <span class='ocrx_word' id='word_1_26' title='bbox 729 399 810 436; x_wconf 85' lang='lat' dir='ltr'><strong>ipse:</strong></span> <span class='ocrx_word' id='word_1_27' title='bbox 826 400 1043 437; x_wconf 70' lang='lat' dir='ltr'><strong>«uescendum,</strong></span> 
     </span>
     <span class='ocr_line' id='line_1_5' title="bbox 262 446 813 482; baseline 0 -7"><span class='ocrx_word' id='word_1_28' title='bbox 262 447 290 475; x_wconf 88' lang='lat' dir='ltr'><strong>et</strong></span> <span class='ocrx_word' id='word_1_29' title='bbox 303 446 416 476; x_wconf 83' lang='lat' dir='ltr'><strong>videbo</strong></span> <span class='ocrx_word' id='word_1_30' title='bbox 428 448 529 475; x_wconf 84' lang='lat' dir='ltr'><strong>utrum</strong></span> <span class='ocrx_word' id='word_1_31' title='bbox 541 446 716 482; x_wconf 85' lang='lat' dir='ltr'><strong>clamorem,</strong></span> <span class='ocrx_word' id='word_1_32' title='bbox 726 456 740 472; x_wconf 69' lang='grc' dir='ltr'><strong>ι)</strong></span> <span class='ocrx_word' id='word_1_33' title='bbox 758 448 813 475; x_wconf 83' lang='lat' dir='ltr'><strong>etc.</strong></span> 
     </span>
    </p>

    <p class='ocr_par' dir='ltr' id='par_1_3' title="bbox 256 494 1044 577">
     <span class='ocr_line' id='line_1_6' title="bbox 256 494 1044 532; baseline 0.003 -9"><span class='ocrx_word' id='word_1_34' title='bbox 256 508 267 515; x_wconf 87' lang='lat'><strong>·-</strong></span> <span class='ocrx_word' id='word_1_35' title='bbox 297 494 406 531; x_wconf 81' lang='lat' dir='ltr'><strong>injuste</strong></span> <span class='ocrx_word' id='word_1_36' title='bbox 419 494 560 532; x_wconf 83' lang='lat' dir='ltr'><strong>praecepit</strong></span> <span class='ocrx_word' id='word_1_37' title='bbox 582 495 674 523; x_wconf 72' lang='lat' dir='ltr'><strong>ludas</strong></span> <span class='ocrx_word' id='word_1_38' title='bbox 691 495 819 524; x_wconf 77' lang='lat' dir='ltr'>Thamar</span> <span class='ocrx_word' id='word_1_39' title='bbox 832 503 943 525; x_wconf 91' lang='lat' dir='ltr'><strong>nurum</strong></span> <span class='ocrx_word' id='word_1_40' title='bbox 957 503 1044 525; x_wconf 83' lang='lat' dir='ltr'><strong>suam</strong></span> 
     </span>
     <span class='ocr_line' id='line_1_7' title="bbox 261 541 982 577; baseline -0.001 -7"><span class='ocrx_word' id='word_1_41' title='bbox 261 541 410 577; x_wconf 89' lang='lat' dir='ltr'><strong>comburi,</strong></span> <span class='ocrx_word' id='word_1_42' title='bbox 425 541 504 577; x_wconf 71' lang='lat' dir='ltr'><strong>Gen„</strong></span> <span class='ocrx_word' id='word_1_43' title='bbox 519 549 646 571; x_wconf 82' lang='lat' dir='ltr'><strong>xxxvm.</strong></span> <span class='ocrx_word' id='word_1_44' title='bbox 976 565 982 569; x_wconf 93' lang='lat'><strong>.</strong></span> 
     </span>
    </p>

    <p class='ocr_par' dir='ltr' id='par_1_4' title="bbox 258 588 1044 675">
     <span class='ocr_line' id='line_1_8' title="bbox 298 588 1044 626; baseline 0.003 -9"><span class='ocrx_word' id='word_1_45' title='bbox 298 588 439 618; x_wconf 87' lang='lat' dir='ltr'><strong>Dominus</strong></span> <span class='ocrx_word' id='word_1_46' title='bbox 448 589 568 626; x_wconf 86' lang='lat' dir='ltr'><strong>Joseph,</strong></span> <span class='ocrx_word' id='word_1_47' title='bbox 577 588 706 618; x_wconf 90' lang='lat' dir='ltr'><strong>nimium</strong></span> <span class='ocrx_word' id='word_1_48' title='bbox 715 589 855 618; x_wconf 86' lang='lat' dir='ltr'><strong>credulus</strong></span> <span class='ocrx_word' id='word_1_49' title='bbox 864 589 965 619; x_wconf 82' lang='lat' dir='ltr'><strong>verbis</strong></span> <span class='ocrx_word' id='word_1_50' title='bbox 973 597 1044 619; x_wconf 90' lang='lat' dir='ltr'><strong>con-</strong></span> 
     </span>
     <span class='ocr_line' id='line_1_9' title="bbox 258 638 956 675; baseline 0.001 -8"><span class='ocrx_word' id='word_1_51' title='bbox 258 638 349 675; x_wconf 83' lang='lat' dir='ltr'><strong>jugis,</strong></span> <span class='ocrx_word' id='word_1_52' title='bbox 363 638 445 667; x_wconf 82' lang='lat' dir='ltr'><strong>misit</strong></span> <span class='ocrx_word' id='word_1_53' title='bbox 459 646 528 667; x_wconf 90' lang='lat' dir='ltr'><strong>eum</strong></span> <span class='ocrx_word' id='word_1_54' title='bbox 540 638 571 666; x_wconf 91' lang='lat' dir='ltr'><strong>in</strong></span> <span class='ocrx_word' id='word_1_55' title='bbox 585 646 745 667; x_wconf 82' lang='lat' dir='ltr'>carcerem.</span> <span class='ocrx_word' id='word_1_56' title='bbox 761 639 839 675; x_wconf 63' lang='lat' dir='ltr'><strong>Gen„</strong></span> <span class='ocrx_word' id='word_1_57' title='bbox 855 647 956 668; x_wconf 71' lang='lat' dir='ltr'><strong>xxxrx.</strong></span> 
     </span>
    </p>

    <p class='ocr_par' dir='ltr' id='par_1_5' title="bbox 260 685 1044 817">
     <span class='ocr_line' id='line_1_10' title="bbox 299 685 1044 724; baseline 0.001 -9"><span class='ocrx_word' id='word_1_58' title='bbox 299 686 413 716; x_wconf 79' lang='lat' dir='ltr'><strong>Minora</strong></span> <span class='ocrx_word' id='word_1_59' title='bbox 429 693 484 722; x_wconf 89' lang='lat' dir='ltr'><strong>per</strong></span> <span class='ocrx_word' id='word_1_60' title='bbox 502 685 634 714; x_wconf 89' lang='lat' dir='ltr'><strong>minores</strong></span> <span class='ocrx_word' id='word_1_61' title='bbox 658 685 788 722; x_wconf 77' lang='lat' dir='ltr'><strong>judices,</strong></span> <span class='ocrx_word' id='word_1_62' title='bbox 805 687 835 714; x_wconf 88' lang='lat' dir='ltr'><strong>et</strong></span> <span class='ocrx_word' id='word_1_63' title='bbox 853 687 969 723; x_wconf 82' lang='lat' dir='ltr'><strong>majora</strong></span> <span class='ocrx_word' id='word_1_64' title='bbox 989 694 1044 724; x_wconf 86' lang='lat' dir='ltr'><strong>per</strong></span> 
     </span>
     <span class='ocr_line' id='line_1_11' title="bbox 260 732 1042 771; baseline 0 -8"><span class='ocrx_word' id='word_1_65' title='bbox 260 733 390 770; x_wconf 87' lang='lat' dir='ltr'><strong>majores</strong></span> <span class='ocrx_word' id='word_1_66' title='bbox 405 733 516 762; x_wconf 87' lang='lat' dir='ltr'><strong>debent</strong></span> <span class='ocrx_word' id='word_1_67' title='bbox 529 732 668 768; x_wconf 88' lang='lat' dir='ltr'><strong>diffiniri,</strong></span> <span class='ocrx_word' id='word_1_68' title='bbox 680 733 766 769; x_wconf 83' lang='lat' dir='ltr'><strong>juxta</strong></span> <span class='ocrx_word' id='word_1_69' title='bbox 779 733 812 762; x_wconf 92' lang='lat' dir='ltr'><strong>id</strong></span> <span class='ocrx_word' id='word_1_70' title='bbox 826 734 911 771; x_wconf 86' lang='lat' dir='ltr'><strong>quod</strong></span> <span class='ocrx_word' id='word_1_71' title='bbox 933 742 1042 763; x_wconf 90' lang='lat' dir='ltr'><strong>consu-</strong></span> 
     </span>
     <span class='ocr_line' id='line_1_12' title="bbox 260 779 938 817; baseline -0.001 -8"><span class='ocrx_word' id='word_1_72' title='bbox 260 780 316 810; x_wconf 83' lang='lat' dir='ltr'><strong>luit</strong></span> <span class='ocrx_word' id='word_1_73' title='bbox 329 780 536 817; x_wconf 25' lang='lat' dir='ltr'><strong>Jethrossmoysi</strong></span> <span class='ocrx_word' id='word_1_74' title='bbox 548 780 580 808; x_wconf 91' lang='lat' dir='ltr'><strong>in</strong></span> <span class='ocrx_word' id='word_1_75' title='bbox 594 779 840 816; x_wconf 61' lang='lat' dir='ltr'><strong>deserto,&#39;E.⁴rod.‚</strong></span> <span class='ocrx_word' id='word_1_76' title='bbox 854 789 938 810; x_wconf 82' lang='lat' dir='ltr'><strong>xvm.</strong></span> 
     </span>
    </p>

    <p class='ocr_par' dir='ltr' id='par_1_6' title="bbox 259 826 1043 1052">
     <span class='ocr_line' id='line_1_13' title="bbox 296 826 1043 864; baseline 0.001 -8"><span class='ocrx_word' id='word_1_77' title='bbox 296 829 335 857; x_wconf 92' lang='lat' dir='ltr'><strong>De</strong></span> <span class='ocrx_word' id='word_1_78' title='bbox 351 827 512 856; x_wconf 85' lang='lat' dir='ltr'><strong>duodecim</strong></span> <span class='ocrx_word' id='word_1_79' title='bbox 526 827 638 862; x_wconf 89' lang='lat' dir='ltr'><strong>bobus,</strong></span> <span class='ocrx_word' id='word_1_80' title='bbox 653 829 681 856; x_wconf 88' lang='lat' dir='ltr'><strong>et</strong></span> <span class='ocrx_word' id='word_1_81' title='bbox 692 835 745 856; x_wconf 89' lang='lat' dir='ltr'><strong>sex</strong></span> <span class='ocrx_word' id='word_1_82' title='bbox 757 826 910 864; x_wconf 86' lang='lat' dir='ltr'><strong>plaustris,</strong></span> <span class='ocrx_word' id='word_1_83' title='bbox 923 827 1043 857; x_wconf 80' lang='lat' dir='ltr'><strong>nulium</strong></span> 
     </span>
     <span class='ocr_line' id='line_1_14' title="bbox 260 874 1042 912; baseline 0 -8"><span class='ocrx_word' id='word_1_84' title='bbox 260 875 343 904; x_wconf 89' lang='lat' dir='ltr'><strong>dedit</strong></span> <span class='ocrx_word' id='word_1_85' title='bbox 356 876 469 912; x_wconf 86' lang='lat' dir='ltr'><strong>Moyses</strong></span> <span class='ocrx_word' id='word_1_86' title='bbox 483 874 553 903; x_wconf 87' lang='lat' dir='ltr'><strong>filiis</strong></span> <span class='ocrx_word' id='word_1_87' title='bbox 574 874 681 910; x_wconf 73' lang='lat' dir='ltr'><strong>naath,</strong></span> <span class='ocrx_word' id='word_1_88' title='bbox 697 874 766 903; x_wconf 91' lang='lat' dir='ltr'><strong>licet</strong></span> <span class='ocrx_word' id='word_1_89' title='bbox 779 877 877 903; x_wconf 87' lang='lat' dir='ltr'><strong>essent</strong></span> <span class='ocrx_word' id='word_1_90' title='bbox 897 874 953 903; x_wconf 89' lang='lat' dir='ltr'><strong>sibi</strong></span> <span class='ocrx_word' id='word_1_91' title='bbox 971 882 1042 912; x_wconf 86' lang='lat' dir='ltr'><strong>pro·</strong></span> 
     </span>
     <span class='ocr_line' id='line_1_15' title="bbox 259 921 1041 960; baseline 0.001 -10"><span class='ocrx_word' id='word_1_92' title='bbox 259 922 450 960; x_wconf 77' lang='lat' dir='ltr'><strong>pinquiore53</strong></span> <span class='ocrx_word' id='word_1_93' title='bbox 473 922 527 951; x_wconf 92' lang='lat' dir='ltr'><strong>sed</strong></span> <span class='ocrx_word' id='word_1_94' title='bbox 548 923 643 950; x_wconf 84' lang='lat' dir='ltr'><strong>totum</strong></span> <span class='ocrx_word' id='word_1_95' title='bbox 667 921 750 950; x_wconf 84' lang='lat' dir='ltr'><strong>dedit</strong></span> <span class='ocrx_word' id='word_1_96' title='bbox 774 921 840 950; x_wconf 88' lang='lat' dir='ltr'><strong>aliis</strong></span> <span class='ocrx_word' id='word_1_97' title='bbox 864 921 979 955; x_wconf 80' lang='lat' dir='ltr'><strong>Levitis,</strong></span> <span class='ocrx_word' id='word_1_98' title='bbox 1005 929 1041 952; x_wconf 90' lang='lat' dir='ltr'><strong>eo</strong></span> 
     </span>
     <span class='ocr_line' id='line_1_16' title="bbox 259 968 1042 1006; baseline 0.001 -8"><span class='ocrx_word' id='word_1_99' title='bbox 259 969 343 1006; x_wconf 90' lang='lat' dir='ltr'><strong>quod</strong></span> <span class='ocrx_word' id='word_1_100' title='bbox 358 969 404 998; x_wconf 88' lang='lat' dir='ltr'><strong>isti</strong></span> <span class='ocrx_word' id='word_1_101' title='bbox 418 969 547 1006; x_wconf 88' lang='lat' dir='ltr'><strong>amplius</strong></span> <span class='ocrx_word' id='word_1_102' title='bbox 561 968 751 1005; x_wconf 85' lang='lat' dir='ltr'><strong>indigebant,</strong></span> <span class='ocrx_word' id='word_1_103' title='bbox 759 968 812 1005; x_wconf 86' lang='lat' dir='ltr'><strong>qui</strong></span> <span class='ocrx_word' id='word_1_104' title='bbox 823 969 962 1005; x_wconf 82' lang='lat' dir='ltr'><strong>graviora</strong></span> <span class='ocrx_word' id='word_1_105' title='bbox 972 976 1042 1006; x_wconf 91' lang='lat' dir='ltr'><strong>por-</strong></span> 
     </span>
     <span class='ocr_line' id='line_1_17' title="bbox 259 1017 636 1052; baseline -0.003 -7"><span class='ocrx_word' id='word_1_106' title='bbox 259 1017 371 1045; x_wconf 78' lang='lat' dir='ltr'><strong>tabant.</strong></span> <span class='ocrx_word' id='word_1_107' title='bbox 386 1017 483 1052; x_wconf 67' lang='lat' dir='ltr'><strong>Num„</strong></span> <span class='ocrx_word' id='word_1_108' title='bbox 497 1024 550 1052; x_wconf 86' lang='lat' dir='ltr'><strong>vn,</strong></span> <span class='ocrx_word' id='word_1_109' title='bbox 565 1017 594 1051; x_wconf 87' lang='lat'><strong>3,</strong></span> <span class='ocrx_word' id='word_1_110' title='bbox 608 1017 636 1045; x_wconf 84' lang='lat'><strong>9.</strong></span> 
     </span>
    </p>

    <p class='ocr_par' dir='ltr' id='par_1_7' title="bbox 257 1063 1040 1241">
     <span class='ocr_line' id='line_1_18' title="bbox 294 1063 1040 1100; baseline 0 -8"><span class='ocrx_word' id='word_1_111' title='bbox 294 1063 449 1092; x_wconf 85' lang='lat' dir='ltr'><strong>Consuluit</strong></span> <span class='ocrx_word' id='word_1_112' title='bbox 468 1065 583 1100; x_wconf 85' lang='lat' dir='ltr'><strong>Moyses</strong></span> <span class='ocrx_word' id='word_1_113' title='bbox 607 1063 768 1092; x_wconf 90' lang='lat' dir='ltr'><strong>Dominum</strong></span> <span class='ocrx_word' id='word_1_114' title='bbox 793 1063 951 1093; x_wconf 84' lang='lat' dir='ltr'><strong>occasione</strong></span> <span class='ocrx_word' id='word_1_115' title='bbox 964 1063 1040 1092; x_wconf 89' lang='lat' dir='ltr'><strong>filia-</strong></span> 
     </span>
     <span class='ocr_line' id='line_1_19' title="bbox 257 1110 1040 1148; baseline 0.001 -9"><span class='ocrx_word' id='word_1_116' title='bbox 257 1117 325 1139; x_wconf 90' lang='lat' dir='ltr'><strong>rum</strong></span> <span class='ocrx_word' id='word_1_117' title='bbox 339 1110 499 1148; x_wconf 86' lang='lat' dir='ltr'><strong>Salphaad.</strong></span> <span class='ocrx_word' id='word_1_118' title='bbox 516 1113 548 1139; x_wconf 86' lang='lat' dir='ltr'><strong>Et</strong></span> <span class='ocrx_word' id='word_1_119' title='bbox 561 1110 716 1147; x_wconf 87' lang='lat' dir='ltr'><strong>respondit</strong></span> <span class='ocrx_word' id='word_1_120' title='bbox 730 1111 873 1140; x_wconf 85' lang='lat' dir='ltr'><strong>Dominus</strong></span> <span class='ocrx_word' id='word_1_121' title='bbox 889 1119 896 1139; x_wconf 87' lang='lat'>:</span> <span class='ocrx_word' id='word_1_122' title='bbox 916 1120 929 1138; x_wconf 74' lang='grc' dir='ltr'><strong>«ι</strong></span> <span class='ocrx_word' id='word_1_123' title='bbox 944 1112 1040 1140; x_wconf 79' lang='lat' dir='ltr'><strong>Homo</strong></span> 
     </span>
     <span class='ocr_line' id='line_1_20' title="bbox 258 1157 1040 1195; baseline 0 -9"><span class='ocrx_word' id='word_1_124' title='bbox 258 1166 327 1186; x_wconf 89' lang='lat' dir='ltr'><strong>cum</strong></span> <span class='ocrx_word' id='word_1_125' title='bbox 342 1160 478 1186; x_wconf 88' lang='lat' dir='ltr'><strong>mortuus</strong></span> <span class='ocrx_word' id='word_1_126' title='bbox 494 1157 581 1186; x_wconf 75' lang='lat' dir='ltr'><strong>fuerit</strong></span> <span class='ocrx_word' id='word_1_127' title='bbox 593 1158 709 1195; x_wconf 80' lang='lat' dir='ltr'><strong>absque</strong></span> <span class='ocrx_word' id='word_1_128' title='bbox 722 1157 799 1193; x_wconf 86' lang='lat' dir='ltr'><strong>filio,</strong></span> <span class='ocrx_word' id='word_1_129' title='bbox 813 1158 853 1186; x_wconf 90' lang='lat' dir='ltr'><strong>ad</strong></span> <span class='ocrx_word' id='word_1_130' title='bbox 867 1157 962 1187; x_wconf 88' lang='lat' dir='ltr'><strong>filiam</strong></span> <span class='ocrx_word' id='word_1_131' title='bbox 976 1158 1040 1194; x_wconf 88' lang='lat' dir='ltr'><strong>ejus</strong></span> 
     </span>
     <span class='ocr_line' id='line_1_21' title="bbox 258 1205 930 1241; baseline -0.001 -8"><span class='ocrx_word' id='word_1_132' title='bbox 258 1206 393 1234; x_wconf 80' lang='lat' dir='ltr'><strong>transibit</strong></span> <span class='ocrx_word' id='word_1_133' title='bbox 407 1205 565 1241; x_wconf 76' lang='lat' dir='ltr'><strong>hereditas,</strong></span> <span class='ocrx_word' id='word_1_134' title='bbox 581 1215 595 1231; x_wconf 67' lang='lat' dir='ltr'><strong>n</strong></span> <span class='ocrx_word' id='word_1_135' title='bbox 613 1207 668 1233; x_wconf 91' lang='lat' dir='ltr'><strong>etc.</strong></span> <span class='ocrx_word' id='word_1_136' title='bbox 684 1206 780 1241; x_wconf 88' lang='lat' dir='ltr'><strong>Num.‚</strong></span> <span class='ocrx_word' id='word_1_137' title='bbox 795 1213 888 1241; x_wconf 81' lang='lat' dir='ltr'><strong>xxvn,</strong></span> <span class='ocrx_word' id='word_1_138' title='bbox 904 1206 930 1234; x_wconf 89' lang='lat'><strong>8.</strong></span> 
     </span>
    </p>

    <p class='ocr_par' dir='ltr' id='par_1_8' title="bbox 257 1251 1041 1430">
     <span class='ocr_line' id='line_1_22' title="bbox 294 1251 1040 1290; baseline 0 -10"><span class='ocrx_word' id='word_1_139' title='bbox 294 1253 393 1281; x_wconf 86' lang='lat' dir='ltr'><strong>Voluit</strong></span> <span class='ocrx_word' id='word_1_140' title='bbox 413 1254 541 1290; x_wconf 81' lang='lat' dir='ltr'><strong>Moyses,</strong></span> <span class='ocrx_word' id='word_1_141' title='bbox 559 1254 592 1280; x_wconf 93' lang='lat' dir='ltr'><strong>ut</strong></span> <span class='ocrx_word' id='word_1_142' title='bbox 610 1252 664 1281; x_wconf 83' lang='lat' dir='ltr'><strong>filii</strong></span> <span class='ocrx_word' id='word_1_143' title='bbox 686 1252 803 1287; x_wconf 87' lang='lat' dir='ltr'><strong>Ruben,</strong></span> <span class='ocrx_word' id='word_1_144' title='bbox 825 1255 853 1281; x_wconf 90' lang='lat' dir='ltr'><strong>et</strong></span> <span class='ocrx_word' id='word_1_145' title='bbox 876 1251 970 1280; x_wconf 86' lang='lat' dir='ltr'><strong>coeteri</strong></span> <span class='ocrx_word' id='word_1_146' title='bbox 988 1253 1040 1289; x_wconf 90' lang='lat' dir='ltr'><strong>qui</strong></span> 
     </span>
     <span class='ocr_line' id='line_1_23' title="bbox 258 1299 1040 1336; baseline -0.001 -8"><span class='ocrx_word' id='word_1_147' title='bbox 258 1300 397 1336; x_wconf 87' lang='lat' dir='ltr'><strong>petebant</strong></span> <span class='ocrx_word' id='word_1_148' title='bbox 412 1302 520 1328; x_wconf 85' lang='lat' dir='ltr'><strong>terram</strong></span> <span class='ocrx_word' id='word_1_149' title='bbox 529 1299 592 1335; x_wconf 83' lang='lat' dir='ltr'><strong>jam</strong></span> <span class='ocrx_word' id='word_1_150' title='bbox 607 1299 795 1336; x_wconf 75' lang='lat' dir='ltr'><strong>acquisitam,</strong></span> <span class='ocrx_word' id='word_1_151' title='bbox 808 1300 913 1328; x_wconf 88' lang='lat' dir='ltr'><strong>armati</strong></span> <span class='ocrx_word' id='word_1_152' title='bbox 930 1306 1040 1336; x_wconf 87' lang='lat' dir='ltr'><strong>praece-</strong></span> 
     </span>
     <span class='ocr_line' id='line_1_24' title="bbox 259 1346 1041 1382; baseline 0 -7"><span class='ocrx_word' id='word_1_153' title='bbox 259 1346 363 1375; x_wconf 79' lang='lat' dir='ltr'><strong>derexit</strong></span> <span class='ocrx_word' id='word_1_154' title='bbox 377 1346 452 1375; x_wconf 89' lang='lat' dir='ltr'><strong>alios</strong></span> <span class='ocrx_word' id='word_1_155' title='bbox 467 1347 507 1375; x_wconf 90' lang='lat' dir='ltr'><strong>ad</strong></span> <span class='ocrx_word' id='word_1_156' title='bbox 520 1346 654 1382; x_wconf 86' lang='lat' dir='ltr'><strong>bellum,</strong></span> <span class='ocrx_word' id='word_1_157' title='bbox 676 1346 772 1376; x_wconf 91' lang='lat' dir='ltr'><strong>donec</strong></span> <span class='ocrx_word' id='word_1_158' title='bbox 787 1349 866 1376; x_wconf 87' lang='lat' dir='ltr'><strong>terra</strong></span> <span class='ocrx_word' id='word_1_159' title='bbox 884 1346 944 1376; x_wconf 88' lang='lat' dir='ltr'><strong>alia</strong></span> <span class='ocrx_word' id='word_1_160' title='bbox 965 1348 1041 1375; x_wconf 87' lang='lat' dir='ltr'><strong>esset</strong></span> 
     </span>
     <span class='ocr_line' id='line_1_25' title="bbox 257 1393 750 1430; baseline 0 -8"><span class='ocrx_word' id='word_1_161' title='bbox 257 1394 375 1430; x_wconf 84' lang='lat' dir='ltr'><strong>penitus</strong></span> <span class='ocrx_word' id='word_1_162' title='bbox 388 1393 542 1430; x_wconf 86' lang='lat' dir='ltr'><strong>acquisita.</strong></span> <span class='ocrx_word' id='word_1_163' title='bbox 557 1395 655 1429; x_wconf 64' lang='lat' dir='ltr'><strong>Num„</strong></span> <span class='ocrx_word' id='word_1_164' title='bbox 668 1401 750 1422; x_wconf 77' lang='lat' dir='ltr'><strong>xxxi.</strong></span> 
     </span>
    </p>

    <p class='ocr_par' dir='ltr' id='par_1_9' title="bbox 257 1440 1039 1572">
     <span class='ocr_line' id='line_1_26' title="bbox 296 1440 1039 1477; baseline 0 -8"><span class='ocrx_word' id='word_1_165' title='bbox 296 1442 334 1469; x_wconf 92' lang='lat' dir='ltr'><strong>De</strong></span> <span class='ocrx_word' id='word_1_166' title='bbox 350 1441 418 1469; x_wconf 86' lang='lat' dir='ltr'><strong>filiis</strong></span> <span class='ocrx_word' id='word_1_167' title='bbox 432 1440 577 1469; x_wconf 86' lang='lat' dir='ltr'><strong>Samuelis</strong></span> <span class='ocrx_word' id='word_1_168' title='bbox 587 1440 706 1476; x_wconf 89' lang='lat' dir='ltr'><strong>dicitur,</strong></span> <span class='ocrx_word' id='word_1_169' title='bbox 721 1442 730 1469; x_wconf 89' lang='lat' dir='ltr'><strong>l</strong></span> <span class='ocrx_word' id='word_1_170' title='bbox 745 1442 821 1477; x_wconf 66' lang='grc' dir='ltr'><strong><em>Περ..</em></strong></span> <span class='ocrx_word' id='word_1_171' title='bbox 837 1448 901 1475; x_wconf 70' lang='lat' dir='ltr'><strong>vm,</strong></span> <span class='ocrx_word' id='word_1_172' title='bbox 912 1442 928 1469; x_wconf 90' lang='grc'>3</span> <span class='ocrx_word' id='word_1_173' title='bbox 942 1449 949 1468; x_wconf 91' lang='lat'>:</span> <span class='ocrx_word' id='word_1_174' title='bbox 966 1442 1039 1469; x_wconf 67' lang='lat' dir='ltr'><strong>«De-</strong></span> 
     </span>
     <span class='ocr_line' id='line_1_27' title="bbox 258 1487 1037 1525; baseline 0 -9"><span class='ocrx_word' id='word_1_175' title='bbox 258 1487 442 1517; x_wconf 87' lang='lat' dir='ltr'><strong>clinaverunt</strong></span> <span class='ocrx_word' id='word_1_176' title='bbox 455 1490 523 1525; x_wconf 86' lang='lat' dir='ltr'><strong>post</strong></span> <span class='ocrx_word' id='word_1_177' title='bbox 537 1488 703 1523; x_wconf 84' lang='lat' dir='ltr'><strong>avaritiam,</strong></span> <span class='ocrx_word' id='word_1_178' title='bbox 719 1491 955 1525; x_wconf 81' lang='lat' dir='ltr'><strong>acceperuntque</strong></span> <span class='ocrx_word' id='word_1_179' title='bbox 969 1495 1037 1516; x_wconf 86' lang='lat' dir='ltr'><strong>mu-</strong></span> 
     </span>
     <span class='ocr_line' id='line_1_28' title="bbox 257 1535 803 1572; baseline -0.004 -8"><span class='ocrx_word' id='word_1_180' title='bbox 257 1543 341 1569; x_wconf 88' lang='lat' dir='ltr'><strong>nera,</strong></span> <span class='ocrx_word' id='word_1_181' title='bbox 357 1538 384 1564; x_wconf 86' lang='lat' dir='ltr'><strong>et</strong></span> <span class='ocrx_word' id='word_1_182' title='bbox 399 1538 604 1572; x_wconf 85' lang='lat' dir='ltr'><strong>perverterunt</strong></span> <span class='ocrx_word' id='word_1_183' title='bbox 614 1535 772 1571; x_wconf 86' lang='lat' dir='ltr'><strong>judicium.</strong></span> <span class='ocrx_word' id='word_1_184' title='bbox 789 1546 803 1562; x_wconf 89' lang='lat'>»</span> 
     </span>
    </p>

    <p class='ocr_par' dir='ltr' id='par_1_10' title="bbox 256 1582 1039 1808">
     <span class='ocr_line' id='line_1_29' title="bbox 294 1582 1039 1619; baseline 0 -9"><span class='ocrx_word' id='word_1_185' title='bbox 294 1583 400 1618; x_wconf 84' lang='lat' dir='ltr'><strong>injuste</strong></span> <span class='ocrx_word' id='word_1_186' title='bbox 420 1582 543 1619; x_wconf 85' lang='lat' dir='ltr'><strong>protulit</strong></span> <span class='ocrx_word' id='word_1_187' title='bbox 559 1582 651 1611; x_wconf 86' lang='lat' dir='ltr'><strong>David</strong></span> <span class='ocrx_word' id='word_1_188' title='bbox 673 1583 848 1611; x_wconf 86' lang='lat' dir='ltr'><strong>sententiam</strong></span> <span class='ocrx_word' id='word_1_189' title='bbox 865 1585 969 1611; x_wconf 85' lang='lat' dir='ltr'><strong>contra</strong></span> <span class='ocrx_word' id='word_1_190' title='bbox 991 1583 1039 1611; x_wconf 76' lang='lat' dir='ltr'><strong>Mi-</strong></span> 
     </span>
     <span class='ocr_line' id='line_1_30' title="bbox 256 1629 1038 1666; baseline 0 -8"><span class='ocrx_word' id='word_1_191' title='bbox 256 1629 415 1666; x_wconf 86' lang='lat' dir='ltr'><strong>phiboseth</strong></span> <span class='ocrx_word' id='word_1_192' title='bbox 426 1630 591 1665; x_wconf 79' lang='lat' dir='ltr'><strong>absentem,</strong></span> <span class='ocrx_word' id='word_1_193' title='bbox 601 1630 640 1657; x_wconf 86' lang='lat' dir='ltr'><strong>ad</strong></span> <span class='ocrx_word' id='word_1_194' title='bbox 651 1630 777 1658; x_wconf 77' lang='lat' dir='ltr'><strong>verbum</strong></span> <span class='ocrx_word' id='word_1_195' title='bbox 788 1629 863 1658; x_wconf 65' lang='lat' dir='ltr'><strong>sibae</strong></span> <span class='ocrx_word' id='word_1_196' title='bbox 875 1630 929 1666; x_wconf 91' lang='lat' dir='ltr'><strong>ipsi</strong></span> <span class='ocrx_word' id='word_1_197' title='bbox 945 1629 1038 1658; x_wconf 82' lang='lat' dir='ltr'><strong>David</strong></span> 
     </span>
     <span class='ocr_line' id='line_1_31' title="bbox 256 1677 1038 1714; baseline 0 -9"><span class='ocrx_word' id='word_1_198' title='bbox 256 1677 343 1706; x_wconf 82' lang='lat' dir='ltr'><strong>xenia</strong></span> <span class='ocrx_word' id='word_1_199' title='bbox 361 1677 521 1712; x_wconf 79' lang='lat' dir='ltr'><strong>offerentis,</strong></span> <span class='ocrx_word' id='word_1_200' title='bbox 539 1678 558 1705; x_wconf 86' lang='lat' dir='ltr'><strong>ii</strong></span> <span class='ocrx_word' id='word_1_201' title='bbox 582 1678 659 1712; x_wconf 64' lang='lat' dir='ltr'><strong>ch„</strong></span> <span class='ocrx_word' id='word_1_202' title='bbox 674 1685 714 1705; x_wconf 80' lang='lat' dir='ltr'><strong>vr.</strong></span> <span class='ocrx_word' id='word_1_203' title='bbox 732 1678 763 1705; x_wconf 84' lang='lat' dir='ltr'><strong>Et</strong></span> <span class='ocrx_word' id='word_1_204' title='bbox 784 1679 871 1712; x_wconf 85' lang='lat' dir='ltr'><strong>nota,</strong></span> <span class='ocrx_word' id='word_1_205' title='bbox 887 1677 969 1713; x_wconf 88' lang='lat' dir='ltr'><strong>quod</strong></span> <span class='ocrx_word' id='word_1_206' title='bbox 985 1685 1038 1714; x_wconf 90' lang='lat' dir='ltr'><strong>po-</strong></span> 
     </span>
     <span class='ocr_line' id='line_1_32' title="bbox 256 1722 1038 1759; baseline 0.001 -9"><span class='ocrx_word' id='word_1_207' title='bbox 256 1724 318 1751; x_wconf 89' lang='lat' dir='ltr'><strong>stea</strong></span> <span class='ocrx_word' id='word_1_208' title='bbox 333 1723 451 1758; x_wconf 80' lang='lat' dir='ltr'><strong>cognita</strong></span> <span class='ocrx_word' id='word_1_209' title='bbox 459 1722 593 1757; x_wconf 84' lang='lat' dir='ltr'><strong>veritate,</strong></span> <span class='ocrx_word' id='word_1_210' title='bbox 606 1722 701 1750; x_wconf 88' lang='lat' dir='ltr'><strong>noluit</strong></span> <span class='ocrx_word' id='word_1_211' title='bbox 712 1731 847 1759; x_wconf 89' lang='lat' dir='ltr'><strong>unquam</strong></span> <span class='ocrx_word' id='word_1_212' title='bbox 862 1723 1038 1751; x_wconf 86' lang='lat' dir='ltr'><strong>sententiam</strong></span> 
     </span>
     <span class='ocr_line' id='line_1_33' title="bbox 257 1772 767 1808; baseline -0.002 -8"><span class='ocrx_word' id='word_1_213' title='bbox 257 1772 374 1808; x_wconf 84' lang='lat' dir='ltr'><strong>penitus</strong></span> <span class='ocrx_word' id='word_1_214' title='bbox 387 1774 560 1806; x_wconf 86' lang='lat' dir='ltr'><strong>retractare,</strong></span> <span class='ocrx_word' id='word_1_215' title='bbox 579 1773 599 1800; x_wconf 93' lang='lat' dir='ltr'><strong>ll</strong></span> <span class='ocrx_word' id='word_1_216' title='bbox 615 1773 691 1806; x_wconf 68' lang='lat'><strong><em>1189„</em></strong></span> <span class='ocrx_word' id='word_1_217' title='bbox 707 1780 767 1800; x_wconf 83' lang='lat' dir='ltr'><strong>xix.</strong></span> 
     </span>
    </p>

    <p class='ocr_par' dir='ltr' id='par_1_11' title="bbox 256 1818 1038 1947">
     <span class='ocr_line' id='line_1_34' title="bbox 292 1818 1038 1853; baseline 0 -7"><span class='ocrx_word' id='word_1_218' title='bbox 292 1818 433 1847; x_wconf 87' lang='lat' dir='ltr'><strong>Salomon</strong></span> <span class='ocrx_word' id='word_1_219' title='bbox 455 1820 532 1846; x_wconf 83' lang='lat' dir='ltr'><strong>recte</strong></span> <span class='ocrx_word' id='word_1_220' title='bbox 552 1818 698 1853; x_wconf 86' lang='lat' dir='ltr'><strong>judicavit</strong></span> <span class='ocrx_word' id='word_1_221' title='bbox 718 1818 755 1846; x_wconf 91' lang='lat' dir='ltr'><strong>de</strong></span> <span class='ocrx_word' id='word_1_222' title='bbox 776 1818 895 1847; x_wconf 86' lang='lat' dir='ltr'><strong>duabus</strong></span> <span class='ocrx_word' id='word_1_223' title='bbox 909 1818 1038 1846; x_wconf 86' lang='lat' dir='ltr'><strong>mulieri-</strong></span> 
     </span>
     <span class='ocr_line' id='line_1_35' title="bbox 256 1865 1037 1902; baseline 0 -8"><span class='ocrx_word' id='word_1_224' title='bbox 256 1865 324 1901; x_wconf 86' lang='lat' dir='ltr'><strong>hus,</strong></span> <span class='ocrx_word' id='word_1_225' title='bbox 340 1873 469 1902; x_wconf 88' lang='lat' dir='ltr'><strong>quarum</strong></span> <span class='ocrx_word' id='word_1_226' title='bbox 481 1865 623 1901; x_wconf 67' lang='lat' dir='ltr'><strong>quaelibet</strong></span> <span class='ocrx_word' id='word_1_227' title='bbox 635 1865 835 1894; x_wconf 84' lang='lat' dir='ltr'><strong>contendebat</strong></span> <span class='ocrx_word' id='word_1_228' title='bbox 848 1866 936 1894; x_wconf 90' lang='lat' dir='ltr'><strong>unius</strong></span> <span class='ocrx_word' id='word_1_229' title='bbox 951 1866 1037 1902; x_wconf 89' lang='lat' dir='ltr'><strong>pueri</strong></span> 
     </span>
     <span class='ocr_line' id='line_1_36' title="bbox 257 1913 631 1947; baseline 0 -7"><span class='ocrx_word' id='word_1_230' title='bbox 257 1920 320 1941; x_wconf 87' lang='lat' dir='ltr'><strong>esse</strong></span> <span class='ocrx_word' id='word_1_231' title='bbox 330 1915 436 1940; x_wconf 85' lang='lat' dir='ltr'><strong>mater.</strong></span> <span class='ocrx_word' id='word_1_232' title='bbox 450 1913 483 1941; x_wconf 86' lang='lat' dir='ltr'><strong>ill</strong></span> <span class='ocrx_word' id='word_1_233' title='bbox 497 1913 573 1947; x_wconf 66' lang='lat' dir='ltr'><strong>Rea„</strong></span> <span class='ocrx_word' id='word_1_234' title='bbox 589 1920 631 1940; x_wconf 83' lang='lat'><strong>111.</strong></span> 
     </span>
    </p>

    <p class='ocr_par' dir='ltr' id='par_1_12' title="bbox 256 1959 1037 2182">
     <span class='ocr_line' id='line_1_37' title="bbox 292 1959 1037 1996; baseline 0 -8"><span class='ocrx_word' id='word_1_235' title='bbox 292 1959 446 1988; x_wconf 86' lang='lat' dir='ltr'><strong>Constituit</strong></span> <span class='ocrx_word' id='word_1_236' title='bbox 459 1959 601 1995; x_wconf 72' lang='lat' dir='ltr'><strong>iosaphat</strong></span> <span class='ocrx_word' id='word_1_237' title='bbox 614 1966 667 1987; x_wconf 87' lang='lat' dir='ltr'><strong>rex</strong></span> <span class='ocrx_word' id='word_1_238' title='bbox 683 1959 759 1988; x_wconf 85' lang='lat' dir='ltr'><strong>Juda</strong></span> <span class='ocrx_word' id='word_1_239' title='bbox 772 1959 922 1996; x_wconf 83' lang='lat' dir='ltr'><strong>principes</strong></span> <span class='ocrx_word' id='word_1_240' title='bbox 937 1960 1037 1995; x_wconf 83' lang='lat' dir='ltr'><strong>terrae,</strong></span> 
     </span>
     <span class='ocr_line' id='line_1_38' title="bbox 256 2006 1037 2043; baseline -0.001 -8"><span class='ocrx_word' id='word_1_241' title='bbox 256 2007 430 2043; x_wconf 69' lang='lat' dir='ltr'><strong>praecipiens</strong></span> <span class='ocrx_word' id='word_1_242' title='bbox 440 2007 482 2034; x_wconf 83' lang='lat' dir='ltr'><strong>eis</strong></span> <span class='ocrx_word' id='word_1_243' title='bbox 497 2015 504 2034; x_wconf 74' lang='lat' dir='ltr'>z</span> <span class='ocrx_word' id='word_1_244' title='bbox 520 2006 641 2034; x_wconf 78' lang='lat' dir='ltr'><strong>«Videte</strong></span> <span class='ocrx_word' id='word_1_245' title='bbox 653 2006 727 2042; x_wconf 89' lang='lat' dir='ltr'><strong>quid</strong></span> <span class='ocrx_word' id='word_1_246' title='bbox 743 2006 863 2035; x_wconf 81' lang='lat' dir='ltr'><strong>faciatis.</strong></span> <span class='ocrx_word' id='word_1_247' title='bbox 881 2008 944 2035; x_wconf 78' lang='lat' dir='ltr'><strong>Non</strong></span> <span class='ocrx_word' id='word_1_248' title='bbox 957 2007 1037 2035; x_wconf 88' lang='lat' dir='ltr'><strong>enim</strong></span> 
     </span>
     <span class='ocr_line' id='line_1_39' title="bbox 256 2053 1037 2090; baseline 0 -8"><span class='ocrx_word' id='word_1_249' title='bbox 256 2053 386 2082; x_wconf 88' lang='lat' dir='ltr'><strong>hominis</strong></span> <span class='ocrx_word' id='word_1_250' title='bbox 393 2053 697 2089; x_wconf 80' lang='lat' dir='ltr'><strong>exercetisjudicium,</strong></span> <span class='ocrx_word' id='word_1_251' title='bbox 705 2053 757 2081; x_wconf 87' lang='lat' dir='ltr'><strong>sed</strong></span> <span class='ocrx_word' id='word_1_252' title='bbox 767 2053 881 2081; x_wconf 85' lang='lat' dir='ltr'><strong>Domini</strong></span> <span class='ocrx_word' id='word_1_253' title='bbox 890 2063 897 2088; x_wconf 80' lang='lat'><em>3</em></span> <span class='ocrx_word' id='word_1_254' title='bbox 907 2055 935 2081; x_wconf 85' lang='lat' dir='ltr'><strong>et</strong></span> <span class='ocrx_word' id='word_1_255' title='bbox 943 2054 1037 2090; x_wconf 89' lang='lat' dir='ltr'><strong>quod-</strong></span> 
     </span>
     <span class='ocr_line' id='line_1_40' title="bbox 257 2100 1037 2137; baseline 0 -9"><span class='ocrx_word' id='word_1_256' title='bbox 257 2100 612 2137; x_wconf 75' lang='lat' dir='ltr'><strong>cumquejudicaveritis‚</strong></span> <span class='ocrx_word' id='word_1_257' title='bbox 625 2100 655 2127; x_wconf 92' lang='lat' dir='ltr'><strong>in</strong></span> <span class='ocrx_word' id='word_1_258' title='bbox 669 2108 722 2128; x_wconf 84' lang='lat' dir='ltr'><strong>vos</strong></span> <span class='ocrx_word' id='word_1_259' title='bbox 733 2100 915 2128; x_wconf 79' lang='lat' dir='ltr'><strong>redundabit</strong></span> <span class='ocrx_word' id='word_1_260' title='bbox 932 2110 938 2127; x_wconf 75' lang='grc' dir='ltr'>ε</span> <span class='ocrx_word' id='word_1_261' title='bbox 956 2101 991 2128; x_wconf 86' lang='lat' dir='ltr'><strong>sit</strong></span> <span class='ocrx_word' id='word_1_262' title='bbox 1004 2101 1037 2129; x_wconf 88' lang='lat' dir='ltr'><strong>ti-</strong></span> 
     </span>
     <span class='ocr_line' id='line_1_41' title="bbox 257 2147 1036 2182; baseline 0 -8"><span class='ocrx_word' id='word_1_263' title='bbox 257 2156 324 2175; x_wconf 88' lang='lat' dir='ltr'><strong>mor</strong></span> <span class='ocrx_word' id='word_1_264' title='bbox 335 2147 450 2176; x_wconf 84' lang='lat' dir='ltr'><strong>Domini</strong></span> <span class='ocrx_word' id='word_1_265' title='bbox 464 2147 632 2182; x_wconf 84' lang='lat' dir='ltr'><strong>vobiscum,</strong></span> <span class='ocrx_word' id='word_1_266' title='bbox 644 2156 658 2173; x_wconf 61' lang='lat'><strong>³&gt;</strong></span> <span class='ocrx_word' id='word_1_267' title='bbox 672 2150 725 2175; x_wconf 86' lang='lat' dir='ltr'><strong>etc.</strong></span> <span class='ocrx_word' id='word_1_268' title='bbox 738 2149 758 2176; x_wconf 92' lang='lat' dir='ltr'><strong>ll</strong></span> <span class='ocrx_word' id='word_1_269' title='bbox 775 2149 881 2180; x_wconf 56' lang='grc' dir='ltr'><strong>Γᾶν-αλ,</strong></span> <span class='ocrx_word' id='word_1_270' title='bbox 894 2156 954 2182; x_wconf 78' lang='lat' dir='ltr'><strong>xix,</strong></span> <span class='ocrx_word' id='word_1_271' title='bbox 969 2149 999 2182; x_wconf 87' lang='grc'><strong>6,</strong></span> <span class='ocrx_word' id='word_1_272' title='bbox 1009 2150 1036 2176; x_wconf 87' lang='grc'><strong>7.</strong></span> 
     </span>
    </p>

    <p class='ocr_par' dir='ltr' id='par_1_13' title="bbox 257 2195 1037 2323">
     <span class='ocr_line' id='line_1_42' title="bbox 293 2195 1037 2233; baseline 0.001 -11"><span class='ocrx_word' id='word_1_273' title='bbox 293 2195 337 2222; x_wconf 80' lang='lat' dir='ltr'><strong>Ad</strong></span> <span class='ocrx_word' id='word_1_274' title='bbox 351 2195 572 2231; x_wconf 78' lang='lat' dir='ltr'><strong>suggestionem</strong></span> <span class='ocrx_word' id='word_1_275' title='bbox 582 2196 688 2229; x_wconf 79' lang='lat' dir='ltr'><strong>Aman,</strong></span> <span class='ocrx_word' id='word_1_276' title='bbox 703 2203 755 2222; x_wconf 82' lang='lat' dir='ltr'><strong>rex</strong></span> <span class='ocrx_word' id='word_1_277' title='bbox 773 2197 915 2233; x_wconf 76' lang='lat' dir='ltr'><strong>Assuerus</strong></span> <span class='ocrx_word' id='word_1_278' title='bbox 930 2195 1037 2230; x_wconf 87' lang='lat' dir='ltr'><strong>injuste</strong></span> 
     </span>
     <span class='ocr_line' id='line_1_43' title="bbox 257 2241 1034 2278; baseline 0.001 -9"><span class='ocrx_word' id='word_1_279' title='bbox 257 2241 332 2270; x_wconf 85' lang='lat' dir='ltr'><strong>dixit</strong></span> <span class='ocrx_word' id='word_1_280' title='bbox 355 2242 392 2270; x_wconf 90' lang='lat' dir='ltr'><strong>de</strong></span> <span class='ocrx_word' id='word_1_281' title='bbox 414 2242 529 2278; x_wconf 88' lang='lat' dir='ltr'><strong>populo</strong></span> <span class='ocrx_word' id='word_1_282' title='bbox 546 2251 553 2269; x_wconf 76' lang='grc' dir='ltr'>ι</span> <span class='ocrx_word' id='word_1_283' title='bbox 580 2251 593 2267; x_wconf 75' lang='grc' dir='ltr'>α</span> <span class='ocrx_word' id='word_1_284' title='bbox 615 2243 675 2277; x_wconf 81' lang='lat' dir='ltr'><strong>Age</strong></span> <span class='ocrx_word' id='word_1_285' title='bbox 699 2241 784 2278; x_wconf 89' lang='lat' dir='ltr'><strong>quod</strong></span> <span class='ocrx_word' id='word_1_286' title='bbox 811 2241 908 2278; x_wconf 88' lang='lat' dir='ltr'><strong>placet</strong></span> <span class='ocrx_word' id='word_1_287' title='bbox 932 2242 994 2270; x_wconf 81' lang='lat' dir='ltr'><strong>tibi.</strong></span> <span class='ocrx_word' id='word_1_288' title='bbox 1020 2252 1034 2269; x_wconf 73' lang='lat' dir='ltr'><strong>n</strong></span> 
     </span>
     <span class='ocr_line' id='line_1_44' title="bbox 257 2289 464 2323; baseline 0 -7"><span class='ocrx_word' id='word_1_289' title='bbox 257 2289 344 2321; x_wconf 69' lang='lat' dir='ltr'><strong>Esth„</strong></span> <span class='ocrx_word' id='word_1_290' title='bbox 361 2296 404 2323; x_wconf 86' lang='lat' dir='ltr'><strong>m,</strong></span> <span class='ocrx_word' id='word_1_291' title='bbox 420 2291 464 2316; x_wconf 84' lang='lat'><strong>1¹.</strong></span> 
     </span>
    </p>

    <p class='ocr_par' dir='ltr' id='par_1_14' title="bbox 255 2334 1038 2511">
     <span class='ocr_line' id='line_1_45' title="bbox 292 2334 1037 2371; baseline 0.001 -7"><span class='ocrx_word' id='word_1_292' title='bbox 292 2337 331 2364; x_wconf 87' lang='lat' dir='ltr'><strong>De</strong></span> <span class='ocrx_word' id='word_1_293' title='bbox 349 2335 502 2371; x_wconf 86' lang='lat' dir='ltr'><strong>judicibus</strong></span> <span class='ocrx_word' id='word_1_294' title='bbox 523 2335 610 2364; x_wconf 89' lang='lat' dir='ltr'><strong>Israel</strong></span> <span class='ocrx_word' id='word_1_295' title='bbox 629 2334 749 2363; x_wconf 86' lang='lat' dir='ltr'><strong>dicebat</strong></span> <span class='ocrx_word' id='word_1_296' title='bbox 767 2335 856 2364; x_wconf 89' lang='lat' dir='ltr'><strong>lsaias</strong></span> <span class='ocrx_word' id='word_1_297' title='bbox 872 2345 879 2364; x_wconf 89' lang='lat'>:</span> <span class='ocrx_word' id='word_1_298' title='bbox 898 2346 913 2362; x_wconf 87' lang='lat'>«</span> <span class='ocrx_word' id='word_1_299' title='bbox 928 2336 1037 2365; x_wconf 83' lang='lat' dir='ltr'><strong>Princi-</strong></span> 
     </span>
     <span class='ocr_line' id='line_1_46' title="bbox 257 2381 1038 2419; baseline 0.001 -8"><span class='ocrx_word' id='word_1_300' title='bbox 257 2391 309 2419; x_wconf 87' lang='lat' dir='ltr'><strong>pes</strong></span> <span class='ocrx_word' id='word_1_301' title='bbox 329 2383 371 2411; x_wconf 88' lang='lat' dir='ltr'><strong>tui</strong></span> <span class='ocrx_word' id='word_1_302' title='bbox 391 2382 539 2418; x_wconf 84' lang='lat' dir='ltr'><strong>infideles,</strong></span> <span class='ocrx_word' id='word_1_303' title='bbox 555 2382 627 2410; x_wconf 86' lang='lat' dir='ltr'><strong>socii</strong></span> <span class='ocrx_word' id='word_1_304' title='bbox 642 2381 759 2418; x_wconf 77' lang='lat' dir='ltr'><strong>surum,</strong></span> <span class='ocrx_word' id='word_1_305' title='bbox 785 2390 890 2411; x_wconf 89' lang='lat' dir='ltr'><strong>omnes</strong></span> <span class='ocrx_word' id='word_1_306' title='bbox 910 2383 1038 2419; x_wconf 84' lang='lat' dir='ltr'><strong>diligunt</strong></span> 
     </span>
     <span class='ocr_line' id='line_1_47' title="bbox 257 2429 1036 2466; baseline 0.003 -9"><span class='ocrx_word' id='word_1_307' title='bbox 257 2437 391 2462; x_wconf 83' lang='lat' dir='ltr'><strong>munera,</strong></span> <span class='ocrx_word' id='word_1_308' title='bbox 403 2430 568 2465; x_wconf 80' lang='lat' dir='ltr'><strong>sequuntur</strong></span> <span class='ocrx_word' id='word_1_309' title='bbox 577 2429 795 2465; x_wconf 79' lang='lat' dir='ltr'><strong>retributiones,</strong></span> <span class='ocrx_word' id='word_1_310' title='bbox 808 2430 924 2466; x_wconf 91' lang='lat' dir='ltr'><strong>pupillo</strong></span> <span class='ocrx_word' id='word_1_311' title='bbox 932 2430 967 2466; x_wconf 78' lang='lat' dir='ltr'><strong>(a)</strong></span> <span class='ocrx_word' id='word_1_312' title='bbox 976 2438 1036 2459; x_wconf 89' lang='lat' dir='ltr'><strong>non</strong></span> 
     </span>
     <span class='ocr_line' id='line_1_48' title="bbox 255 2477 612 2511; baseline 0 -7"><span class='ocrx_word' id='word_1_313' title='bbox 255 2477 398 2511; x_wconf 82' lang='lat' dir='ltr'><strong>judicant.</strong></span> <span class='ocrx_word' id='word_1_314' title='bbox 413 2486 427 2503; x_wconf 76' lang='lat' dir='ltr'><strong>n</strong></span> <span class='ocrx_word' id='word_1_315' title='bbox 446 2478 516 2511; x_wconf 87' lang='lat' dir='ltr'><strong>Isa.‚</strong></span> <span class='ocrx_word' id='word_1_316' title='bbox 530 2484 553 2511; x_wconf 85' lang='lat'><strong>1,</strong></span> <span class='ocrx_word' id='word_1_317' title='bbox 567 2478 612 2505; x_wconf 77' lang='lat'><strong>23.</strong></span> 
     </span>
    </p>

    <p class='ocr_par' dir='ltr' id='par_1_15' title="bbox 258 2522 1038 2607">
     <span class='ocr_line' id='line_1_49' title="bbox 293 2522 1038 2560; baseline 0.004 -9"><span class='ocrx_word' id='word_1_318' title='bbox 293 2524 367 2557; x_wconf 84' lang='lat' dir='ltr'><strong>Quia</strong></span> <span class='ocrx_word' id='word_1_319' title='bbox 380 2523 540 2552; x_wconf 79' lang='lat' dir='ltr'><strong>Hieremias</strong></span> <span class='ocrx_word' id='word_1_320' title='bbox 552 2531 569 2551; x_wconf 85' lang='lat' dir='ltr'><strong>a</strong></span> <span class='ocrx_word' id='word_1_321' title='bbox 580 2522 705 2551; x_wconf 81' lang='lat' dir='ltr'><strong>Domino</strong></span> <span class='ocrx_word' id='word_1_322' title='bbox 719 2523 826 2551; x_wconf 82' lang='lat' dir='ltr'><strong>missus</strong></span> <span class='ocrx_word' id='word_1_323' title='bbox 840 2523 1038 2560; x_wconf 83' lang='lat' dir='ltr'><strong>prophetabat</strong></span> 
     </span>
     <span class='ocr_line' id='line_1_50' title="bbox 258 2569 1036 2607; baseline 0.001 -8"><span class='ocrx_word' id='word_1_324' title='bbox 258 2570 437 2600; x_wconf 77' lang='lat' dir='ltr'><strong>Hierusalem</strong></span> <span class='ocrx_word' id='word_1_325' title='bbox 457 2578 519 2600; x_wconf 88' lang='lat' dir='ltr'><strong>esse</strong></span> <span class='ocrx_word' id='word_1_326' title='bbox 543 2569 721 2607; x_wconf 83' lang='lat' dir='ltr'><strong>capiendam</strong></span> <span class='ocrx_word' id='word_1_327' title='bbox 736 2578 754 2599; x_wconf 93' lang='lat' dir='ltr'><strong>a</strong></span> <span class='ocrx_word' id='word_1_328' title='bbox 768 2570 911 2600; x_wconf 76' lang='lat' dir='ltr'><strong>Chaldaeis</strong></span> <span class='ocrx_word' id='word_1_329' title='bbox 923 2592 932 2606; x_wconf 95' lang='lat'><strong>,</strong></span> <span class='ocrx_word' id='word_1_330' title='bbox 953 2571 1036 2600; x_wconf 83' lang='lat' dir='ltr'><strong>dixe-</strong></span> 
     </span>
    </p>
   </div>
   <div class='ocr_carea' id='block_1_2' title="bbox 290 2670 627 2701">
    <p class='ocr_par' dir='ltr' id='par_1_16' title="bbox 290 2670 627 2701">
     <span class='ocr_line' id='line_1_51' title="bbox 290 2670 627 2701; baseline 0.006 -7"><span class='ocrx_word' id='word_1_331' title='bbox 290 2670 326 2701; x_wconf 72' lang='grc' dir='ltr'><strong>(ιι)</strong></span> <span class='ocrx_word' id='word_1_332' title='bbox 340 2671 403 2695; x_wconf 74' lang='lat' dir='ltr'><strong>Coet.</strong></span> <span class='ocrx_word' id='word_1_333' title='bbox 418 2670 476 2695; x_wconf 63' lang='lat' dir='ltr'><strong>alit.</strong></span> <span class='ocrx_word' id='word_1_334' title='bbox 491 2670 627 2701; x_wconf 80' lang='lat' dir='ltr'><strong>pupillum.</strong></span> 
     </span>
    </p>
   </div>
   <div class='ocr_carea' id='block_1_3' title="bbox 875 189 1263 225">
    <p class='ocr_par' dir='ltr' id='par_1_17' title="bbox 875 189 1263 225">
     <span class='ocr_line' id='line_1_52' title="bbox 875 189 1263 225; baseline 0 -1"><span class='ocrx_word' id='word_1_335' title='bbox 875 189 1012 224; x_wconf 83' lang='lat' dir='ltr'>BIBLIA</span> <span class='ocrx_word' id='word_1_336' title='bbox 1031 189 1263 225; x_wconf 80' lang='lat' dir='ltr'><strong>PAUPERUM.</strong></span> 
     </span>
    </p>
   </div>
   <div class='ocr_carea' id='block_1_4' title="bbox 1094 259 1883 2701">
    <p class='ocr_par' dir='ltr' id='par_1_18' title="bbox 1097 259 1882 440">
     <span class='ocr_line' id='line_1_53' title="bbox 1097 259 1882 302; baseline 0.005 -13"><span class='ocrx_word' id='word_1_337' title='bbox 1097 261 1169 289; x_wconf 83' lang='lat' dir='ltr'><strong>runt</strong></span> <span class='ocrx_word' id='word_1_338' title='bbox 1180 259 1333 298; x_wconf 83' lang='lat' dir='ltr'><strong>principes</strong></span> <span class='ocrx_word' id='word_1_339' title='bbox 1345 259 1453 298; x_wconf 80' lang='lat' dir='ltr'><strong>populi</strong></span> <span class='ocrx_word' id='word_1_340' title='bbox 1465 260 1593 290; x_wconf 68' lang='lat' dir='ltr'><strong>Sedecim</strong></span> <span class='ocrx_word' id='word_1_341' title='bbox 1604 260 1689 298; x_wconf 74' lang='lat' dir='ltr'><strong>regi:</strong></span> <span class='ocrx_word' id='word_1_342' title='bbox 1702 270 1718 288; x_wconf 75' lang='grc' dir='ltr'>ι</span> <span class='ocrx_word' id='word_1_343' title='bbox 1729 261 1882 302; x_wconf 66' lang='lat' dir='ltr'><strong>Rogamus</strong></span> 
     </span>
     <span class='ocr_line' id='line_1_54' title="bbox 1098 306 1881 345; baseline 0.005 -10"><span class='ocrx_word' id='word_1_344' title='bbox 1098 307 1132 335; x_wconf 88' lang='lat' dir='ltr'><strong>ut</strong></span> <span class='ocrx_word' id='word_1_345' title='bbox 1145 306 1298 336; x_wconf 87' lang='lat' dir='ltr'><strong>occidatur</strong></span> <span class='ocrx_word' id='word_1_346' title='bbox 1309 306 1404 336; x_wconf 88' lang='lat' dir='ltr'><strong>homo</strong></span> <span class='ocrx_word' id='word_1_347' title='bbox 1417 307 1477 336; x_wconf 82' lang='lat' dir='ltr'><strong>hic.</strong></span> <span class='ocrx_word' id='word_1_348' title='bbox 1489 307 1550 342; x_wconf 73' lang='lat' dir='ltr'><strong>Qui</strong></span> <span class='ocrx_word' id='word_1_349' title='bbox 1561 308 1718 345; x_wconf 85' lang='lat' dir='ltr'><strong>respondit</strong></span> <span class='ocrx_word' id='word_1_350' title='bbox 1729 308 1772 338; x_wconf 85' lang='lat' dir='ltr'><strong>eis</strong></span> <span class='ocrx_word' id='word_1_351' title='bbox 1784 318 1793 338; x_wconf 69' lang='grc' dir='ltr'><strong>ε</strong></span> <span class='ocrx_word' id='word_1_352' title='bbox 1807 311 1881 340; x_wconf 78' lang='lat' dir='ltr'><strong>Ecce</strong></span> 
     </span>
     <span class='ocr_line' id='line_1_55' title="bbox 1098 353 1882 391; baseline 0.005 -9"><span class='ocrx_word' id='word_1_353' title='bbox 1098 353 1163 390; x_wconf 90' lang='lat' dir='ltr'><strong>ipse</strong></span> <span class='ocrx_word' id='word_1_354' title='bbox 1171 356 1214 383; x_wconf 87' lang='lat' dir='ltr'><strong>est</strong></span> <span class='ocrx_word' id='word_1_355' title='bbox 1223 353 1254 383; x_wconf 91' lang='lat' dir='ltr'><strong>in</strong></span> <span class='ocrx_word' id='word_1_356' title='bbox 1262 354 1402 391; x_wconf 73' lang='lat' dir='ltr'><strong>manibus</strong></span> <span class='ocrx_word' id='word_1_357' title='bbox 1408 354 1524 391; x_wconf 84' lang='lat' dir='ltr'><strong>vestris,</strong></span> <span class='ocrx_word' id='word_1_358' title='bbox 1531 363 1594 384; x_wconf 90' lang='lat' dir='ltr'><strong>non</strong></span> <span class='ocrx_word' id='word_1_359' title='bbox 1603 355 1684 384; x_wconf 88' lang='lat' dir='ltr'><strong>enim</strong></span> <span class='ocrx_word' id='word_1_360' title='bbox 1692 355 1738 384; x_wconf 78' lang='lat' dir='ltr'><strong>fas</strong></span> <span class='ocrx_word' id='word_1_361' title='bbox 1745 355 1882 386; x_wconf 78' lang='lat' dir='ltr'><strong>estvobis</strong></span> 
     </span>
     <span class='ocr_line' id='line_1_56' title="bbox 1098 402 1880 440; baseline 0.003 -10"><span class='ocrx_word' id='word_1_362' title='bbox 1098 409 1200 440; x_wconf 85' lang='lat' dir='ltr'><strong>regem</strong></span> <span class='ocrx_word' id='word_1_363' title='bbox 1212 402 1382 440; x_wconf 76' lang='lat' dir='ltr'><strong>quidquam</strong></span> <span class='ocrx_word' id='word_1_364' title='bbox 1393 409 1513 439; x_wconf 84' lang='lat' dir='ltr'><strong>negare.</strong></span> <span class='ocrx_word' id='word_1_365' title='bbox 1524 412 1539 430; x_wconf 71' lang='grc' dir='ltr'><strong>ι»</strong></span> <span class='ocrx_word' id='word_1_366' title='bbox 1558 403 1649 438; x_wconf 68' lang='lat' dir='ltr'><strong>Hier„</strong></span> <span class='ocrx_word' id='word_1_367' title='bbox 1663 410 1787 439; x_wconf 83' lang='lat' dir='ltr'><strong>xxxvm,</strong></span> <span class='ocrx_word' id='word_1_368' title='bbox 1801 405 1819 432; x_wconf 77' lang='lat'>4</span> <span class='ocrx_word' id='word_1_369' title='bbox 1828 423 1838 438; x_wconf 95' lang='lat'><strong>,</strong></span> <span class='ocrx_word' id='word_1_370' title='bbox 1852 405 1880 432; x_wconf 75' lang='lat'><strong>5.</strong></span> 
     </span>
    </p>

    <p class='ocr_par' dir='ltr' id='par_1_19' title="bbox 1097 449 1883 627">
     <span class='ocr_line' id='line_1_57' title="bbox 1133 449 1883 488; baseline 0.001 -10"><span class='ocrx_word' id='word_1_371' title='bbox 1133 449 1424 485; x_wconf 77' lang='lat' dir='ltr'><strong>Nabuchodonosor,</strong></span> <span class='ocrx_word' id='word_1_372' title='bbox 1430 457 1482 478; x_wconf 86' lang='lat' dir='ltr'><strong>rex</strong></span> <span class='ocrx_word' id='word_1_373' title='bbox 1489 449 1661 487; x_wconf 79' lang='lat' dir='ltr'><strong>Babylonis,</strong></span> <span class='ocrx_word' id='word_1_374' title='bbox 1668 450 1756 486; x_wconf 74' lang='lat' dir='ltr'><strong>Jussit</strong></span> <span class='ocrx_word' id='word_1_375' title='bbox 1764 450 1883 488; x_wconf 83' lang='lat' dir='ltr'><strong>sapien-</strong></span> 
     </span>
     <span class='ocr_line' id='line_1_58' title="bbox 1097 496 1882 535; baseline 0.001 -10"><span class='ocrx_word' id='word_1_376' title='bbox 1097 497 1140 525; x_wconf 85' lang='lat' dir='ltr'><strong>tes</strong></span> <span class='ocrx_word' id='word_1_377' title='bbox 1153 496 1315 534; x_wconf 87' lang='lat' dir='ltr'><strong>Babylonis</strong></span> <span class='ocrx_word' id='word_1_378' title='bbox 1334 496 1474 533; x_wconf 86' lang='lat' dir='ltr'><strong>interfici,</strong></span> <span class='ocrx_word' id='word_1_379' title='bbox 1489 505 1545 535; x_wconf 88' lang='lat' dir='ltr'><strong>pro</strong></span> <span class='ocrx_word' id='word_1_380' title='bbox 1561 504 1597 526; x_wconf 86' lang='lat' dir='ltr'><strong>eo</strong></span> <span class='ocrx_word' id='word_1_381' title='bbox 1613 496 1724 526; x_wconf 86' lang='lat' dir='ltr'><strong>scilicet</strong></span> <span class='ocrx_word' id='word_1_382' title='bbox 1739 497 1823 534; x_wconf 89' lang='lat' dir='ltr'><strong>quod</strong></span> <span class='ocrx_word' id='word_1_383' title='bbox 1837 497 1882 526; x_wconf 89' lang='lat' dir='ltr'><strong>illi</strong></span> 
     </span>
     <span class='ocr_line' id='line_1_59' title="bbox 1097 543 1881 582; baseline 0.001 -10"><span class='ocrx_word' id='word_1_384' title='bbox 1097 544 1260 580; x_wconf 87' lang='lat' dir='ltr'><strong>somnium,</strong></span> <span class='ocrx_word' id='word_1_385' title='bbox 1275 543 1359 581; x_wconf 88' lang='lat' dir='ltr'><strong>quod</strong></span> <span class='ocrx_word' id='word_1_386' title='bbox 1375 543 1507 580; x_wconf 88' lang='lat' dir='ltr'><strong>viderat,</strong></span> <span class='ocrx_word' id='word_1_387' title='bbox 1521 551 1584 573; x_wconf 90' lang='lat' dir='ltr'><strong>non</strong></span> <span class='ocrx_word' id='word_1_388' title='bbox 1597 545 1736 582; x_wconf 85' lang='lat' dir='ltr'><strong>poterant</strong></span> <span class='ocrx_word' id='word_1_389' title='bbox 1748 543 1881 574; x_wconf 82' lang='lat' dir='ltr'><strong>indicare</strong></span> 
     </span>
     <span class='ocr_line' id='line_1_60' title="bbox 1098 590 1282 627; baseline 0 -9"><span class='ocrx_word' id='word_1_390' title='bbox 1098 590 1136 619; x_wconf 90' lang='lat' dir='ltr'><strong>ei.</strong></span> <span class='ocrx_word' id='word_1_391' title='bbox 1151 591 1236 627; x_wconf 66' lang='lat' dir='ltr'><strong>Dan„</strong></span> <span class='ocrx_word' id='word_1_392' title='bbox 1251 599 1282 620; x_wconf 84' lang='lat'><strong>11.</strong></span> 
     </span>
    </p>

    <p class='ocr_par' dir='ltr' id='par_1_20' title="bbox 1096 638 1881 815">
     <span class='ocr_line' id='line_1_61' title="bbox 1131 638 1881 673; baseline 0.003 -7"><span class='ocrx_word' id='word_1_393' title='bbox 1131 638 1274 673; x_wconf 82' lang='lat' dir='ltr'><strong>Quamvis</strong></span> <span class='ocrx_word' id='word_1_394' title='bbox 1283 638 1386 667; x_wconf 86' lang='lat' dir='ltr'><strong>Darius</strong></span> <span class='ocrx_word' id='word_1_395' title='bbox 1393 645 1447 667; x_wconf 83' lang='lat' dir='ltr'><strong>rex</strong></span> <span class='ocrx_word' id='word_1_396' title='bbox 1458 639 1614 668; x_wconf 84' lang='lat' dir='ltr'><strong>Persarum</strong></span> <span class='ocrx_word' id='word_1_397' title='bbox 1622 638 1813 667; x_wconf 86' lang='lat' dir='ltr'><strong>innocentem</strong></span> <span class='ocrx_word' id='word_1_398' title='bbox 1827 638 1881 668; x_wconf 86' lang='lat' dir='ltr'><strong>sci-</strong></span> 
     </span>
     <span class='ocr_line' id='line_1_62' title="bbox 1096 684 1881 723; baseline 0.001 -10"><span class='ocrx_word' id='word_1_399' title='bbox 1096 686 1141 714; x_wconf 87' lang='lat' dir='ltr'><strong>ret</strong></span> <span class='ocrx_word' id='word_1_400' title='bbox 1150 693 1214 713; x_wconf 82' lang='lat' dir='ltr'><strong>esse</strong></span> <span class='ocrx_word' id='word_1_401' title='bbox 1232 684 1394 720; x_wconf 87' lang='lat' dir='ltr'><strong>Danielem,</strong></span> <span class='ocrx_word' id='word_1_402' title='bbox 1406 687 1507 714; x_wconf 83' lang='lat' dir='ltr'><strong>tamen</strong></span> <span class='ocrx_word' id='word_1_403' title='bbox 1517 685 1559 714; x_wconf 87' lang='lat' dir='ltr'><strong>ad</strong></span> <span class='ocrx_word' id='word_1_404' title='bbox 1568 685 1738 715; x_wconf 72' lang='lat' dir='ltr'><strong>instantiam</strong></span> <span class='ocrx_word' id='word_1_405' title='bbox 1751 687 1881 723; x_wconf 85' lang='lat' dir='ltr'><strong>satrapa-</strong></span> 
     </span>
     <span class='ocr_line' id='line_1_63' title="bbox 1096 731 1880 770; baseline 0.003 -10"><span class='ocrx_word' id='word_1_406' title='bbox 1096 739 1165 760; x_wconf 84' lang='lat' dir='ltr'><strong>rum</strong></span> <span class='ocrx_word' id='word_1_407' title='bbox 1189 731 1258 760; x_wconf 77' lang='lat' dir='ltr'><strong>fecit</strong></span> <span class='ocrx_word' id='word_1_408' title='bbox 1283 739 1353 760; x_wconf 88' lang='lat' dir='ltr'><strong>eum</strong></span> <span class='ocrx_word' id='word_1_409' title='bbox 1373 731 1449 760; x_wconf 87' lang='lat' dir='ltr'><strong>mitti</strong></span> <span class='ocrx_word' id='word_1_410' title='bbox 1471 731 1503 760; x_wconf 86' lang='lat' dir='ltr'><strong>in</strong></span> <span class='ocrx_word' id='word_1_411' title='bbox 1520 732 1622 762; x_wconf 83' lang='lat' dir='ltr'><strong>lacum</strong></span> <span class='ocrx_word' id='word_1_412' title='bbox 1639 732 1774 770; x_wconf 88' lang='lat' dir='ltr'><strong>leonum,</strong></span> <span class='ocrx_word' id='word_1_413' title='bbox 1793 734 1880 769; x_wconf 67' lang='lat' dir='ltr'><strong>Dan„</strong></span> 
     </span>
     <span class='ocr_line' id='line_1_64' title="bbox 1096 778 1688 815; baseline 0.005 -9"><span class='ocrx_word' id='word_1_414' title='bbox 1096 786 1139 814; x_wconf 78' lang='lat' dir='ltr'><strong>vr,</strong></span> <span class='ocrx_word' id='word_1_415' title='bbox 1153 779 1200 808; x_wconf 80' lang='lat'><strong>16.</strong></span> <span class='ocrx_word' id='word_1_416' title='bbox 1215 778 1316 807; x_wconf 88' lang='lat' dir='ltr'><strong>Simile</strong></span> <span class='ocrx_word' id='word_1_417' title='bbox 1331 778 1450 814; x_wconf 84' lang='lat' dir='ltr'><strong>accidit,</strong></span> <span class='ocrx_word' id='word_1_418' title='bbox 1466 779 1552 815; x_wconf 69' lang='lat' dir='ltr'><strong>Dan„</strong></span> <span class='ocrx_word' id='word_1_419' title='bbox 1565 787 1628 815; x_wconf 75' lang='lat' dir='ltr'><strong>nv,</strong></span> <span class='ocrx_word' id='word_1_420' title='bbox 1642 781 1688 809; x_wconf 84' lang='lat'><strong>30.</strong></span> 
     </span>
    </p>

    <p class='ocr_par' dir='ltr' id='par_1_21' title="bbox 1097 825 1880 961">
     <span class='ocr_line' id='line_1_65' title="bbox 1133 825 1880 864; baseline 0.003 -11"><span class='ocrx_word' id='word_1_421' title='bbox 1133 825 1258 854; x_wconf 88' lang='lat' dir='ltr'><strong>Discrete</strong></span> <span class='ocrx_word' id='word_1_422' title='bbox 1280 825 1463 855; x_wconf 83' lang='lat' dir='ltr'><strong>examinavit</strong></span> <span class='ocrx_word' id='word_1_423' title='bbox 1483 825 1586 855; x_wconf 87' lang='lat' dir='ltr'><strong>Daniel</strong></span> <span class='ocrx_word' id='word_1_424' title='bbox 1605 826 1683 855; x_wconf 92' lang='lat' dir='ltr'><strong>duos</strong></span> <span class='ocrx_word' id='word_1_425' title='bbox 1705 833 1810 862; x_wconf 85' lang='lat' dir='ltr'><strong>senes,</strong></span> <span class='ocrx_word' id='word_1_426' title='bbox 1827 827 1880 864; x_wconf 83' lang='lat' dir='ltr'><strong>qui</strong></span> 
     </span>
     <span class='ocr_line' id='line_1_66' title="bbox 1097 873 1878 910; baseline 0.001 -9"><span class='ocrx_word' id='word_1_427' title='bbox 1097 874 1202 901; x_wconf 87' lang='lat' dir='ltr'><strong>contra</strong></span> <span class='ocrx_word' id='word_1_428' title='bbox 1209 873 1376 902; x_wconf 86' lang='lat' dir='ltr'><strong>Susannam</strong></span> <span class='ocrx_word' id='word_1_429' title='bbox 1384 873 1522 910; x_wconf 90' lang='lat' dir='ltr'><strong>iniquum</strong></span> <span class='ocrx_word' id='word_1_430' title='bbox 1531 873 1659 903; x_wconf 84' lang='lat' dir='ltr'><strong>tulerant</strong></span> <span class='ocrx_word' id='word_1_431' title='bbox 1665 873 1878 903; x_wconf 83' lang='lat' dir='ltr'><strong>testimonium.</strong></span> 
     </span>
     <span class='ocr_line' id='line_1_67' title="bbox 1097 920 1695 961; baseline 0 -13"><span class='ocrx_word' id='word_1_432' title='bbox 1097 920 1181 955; x_wconf 73' lang='lat' dir='ltr'><strong>Dan„</strong></span> <span class='ocrx_word' id='word_1_433' title='bbox 1196 928 1259 948; x_wconf 85' lang='lat' dir='ltr'><strong>xm.</strong></span> <span class='ocrx_word' id='word_1_434' title='bbox 1692 959 1695 961; x_wconf 24' lang='grc' dir='ltr'><strong><em>ι</em></strong></span> 
     </span>
    </p>

    <p class='ocr_par' dir='ltr' id='par_1_22' title="bbox 1095 967 1880 1146">
     <span class='ocr_line' id='line_1_68' title="bbox 1132 967 1880 1005; baseline 0.003 -10"><span class='ocrx_word' id='word_1_435' title='bbox 1132 967 1206 995; x_wconf 91' lang='lat' dir='ltr'><strong>Cum</strong></span> <span class='ocrx_word' id='word_1_436' title='bbox 1220 969 1410 1004; x_wconf 85' lang='lat' dir='ltr'><strong>superaretur</strong></span> <span class='ocrx_word' id='word_1_437' title='bbox 1423 967 1574 996; x_wconf 80' lang='lat' dir='ltr'><strong>Menelaus</strong></span> <span class='ocrx_word' id='word_1_438' title='bbox 1595 968 1626 997; x_wconf 90' lang='lat' dir='ltr'><strong>in</strong></span> <span class='ocrx_word' id='word_1_439' title='bbox 1638 967 1753 1005; x_wconf 86' lang='lat' dir='ltr'><strong>judicio</strong></span> <span class='ocrx_word' id='word_1_440' title='bbox 1777 975 1880 997; x_wconf 83' lang='lat' dir='ltr'><strong>coram</strong></span> 
     </span>
     <span class='ocr_line' id='line_1_69' title="bbox 1095 1014 1880 1052; baseline 0.003 -11"><span class='ocrx_word' id='word_1_441' title='bbox 1095 1014 1250 1046; x_wconf 78' lang='lat' dir='ltr'><strong>Antiocho,</strong></span> <span class='ocrx_word' id='word_1_442' title='bbox 1267 1022 1321 1051; x_wconf 88' lang='lat' dir='ltr'><strong>per</strong></span> <span class='ocrx_word' id='word_1_443' title='bbox 1334 1015 1505 1051; x_wconf 86' lang='lat' dir='ltr'><strong>pecuniam,</strong></span> <span class='ocrx_word' id='word_1_444' title='bbox 1520 1023 1612 1052; x_wconf 90' lang='lat' dir='ltr'><strong>quam</strong></span> <span class='ocrx_word' id='word_1_445' title='bbox 1630 1015 1777 1052; x_wconf 83' lang='lat' dir='ltr'><strong>promisit,</strong></span> <span class='ocrx_word' id='word_1_446' title='bbox 1793 1014 1880 1044; x_wconf 85' lang='lat' dir='ltr'><strong>abso·</strong></span> 
     </span>
     <span class='ocr_line' id='line_1_70' title="bbox 1095 1059 1879 1099; baseline 0.003 -11"><span class='ocrx_word' id='word_1_447' title='bbox 1095 1059 1176 1089; x_wconf 90' lang='lat' dir='ltr'><strong>lutus</strong></span> <span class='ocrx_word' id='word_1_448' title='bbox 1199 1060 1267 1097; x_wconf 84' lang='lat' dir='ltr'><strong>suit,</strong></span> <span class='ocrx_word' id='word_1_449' title='bbox 1297 1063 1325 1090; x_wconf 86' lang='lat' dir='ltr'><strong>et</strong></span> <span class='ocrx_word' id='word_1_450' title='bbox 1353 1065 1539 1091; x_wconf 83' lang='lat' dir='ltr'><strong>accusatores</strong></span> <span class='ocrx_word' id='word_1_451' title='bbox 1568 1063 1633 1099; x_wconf 79' lang='lat' dir='ltr'><strong>eJus</strong></span> <span class='ocrx_word' id='word_1_452' title='bbox 1655 1062 1760 1099; x_wconf 86' lang='lat' dir='ltr'><strong>iniqua</strong></span> <span class='ocrx_word' id='word_1_453' title='bbox 1784 1063 1879 1091; x_wconf 85' lang='lat' dir='ltr'><strong>morte</strong></span> 
     </span>
     <span class='ocr_line' id='line_1_71' title="bbox 1097 1108 1474 1146; baseline 0.005 -10"><span class='ocrx_word' id='word_1_454' title='bbox 1097 1108 1261 1144; x_wconf 86' lang='lat' dir='ltr'><strong>damnavit,</strong></span> <span class='ocrx_word' id='word_1_455' title='bbox 1279 1110 1299 1138; x_wconf 94' lang='lat' dir='ltr'><strong>ll</strong></span> <span class='ocrx_word' id='word_1_456' title='bbox 1315 1109 1418 1146; x_wconf 65' lang='lat' dir='ltr'><strong>Maeli„</strong></span> <span class='ocrx_word' id='word_1_457' title='bbox 1434 1117 1474 1138; x_wconf 81' lang='lat' dir='ltr'><strong>iv.</strong></span> 
     </span>
    </p>

    <p class='ocr_par' dir='ltr' id='par_1_23' title="bbox 1094 1156 1879 1381">
     <span class='ocr_line' id='line_1_72' title="bbox 1131 1156 1878 1193; baseline 0.001 -9"><span class='ocrx_word' id='word_1_458' title='bbox 1131 1156 1290 1193; x_wconf 83' lang='lat' dir='ltr'><strong>conquesti</strong></span> <span class='ocrx_word' id='word_1_459' title='bbox 1312 1159 1381 1185; x_wconf 86' lang='lat' dir='ltr'><strong>sunt</strong></span> <span class='ocrx_word' id='word_1_460' title='bbox 1400 1156 1494 1185; x_wconf 82' lang='lat' dir='ltr'><strong>Judaei</strong></span> <span class='ocrx_word' id='word_1_461' title='bbox 1516 1164 1619 1185; x_wconf 87' lang='lat' dir='ltr'><strong>coram</strong></span> <span class='ocrx_word' id='word_1_462' title='bbox 1641 1156 1787 1185; x_wconf 79' lang='lat' dir='ltr'><strong>Antiocho</strong></span> <span class='ocrx_word' id='word_1_463' title='bbox 1809 1163 1878 1192; x_wconf 78' lang='lat' dir='ltr'><strong>rege</strong></span> 
     </span>
     <span class='ocr_line' id='line_1_73' title="bbox 1097 1203 1879 1240; baseline 0.001 -9"><span class='ocrx_word' id='word_1_464' title='bbox 1097 1203 1134 1231; x_wconf 91' lang='lat' dir='ltr'><strong>de</strong></span> <span class='ocrx_word' id='word_1_465' title='bbox 1149 1203 1252 1240; x_wconf 90' lang='lat' dir='ltr'><strong>iniqua</strong></span> <span class='ocrx_word' id='word_1_466' title='bbox 1267 1205 1362 1232; x_wconf 83' lang='lat' dir='ltr'><strong>morte</strong></span> <span class='ocrx_word' id='word_1_467' title='bbox 1386 1203 1477 1234; x_wconf 78' lang='lat' dir='ltr'><strong>Onioe.</strong></span> <span class='ocrx_word' id='word_1_468' title='bbox 1499 1203 1690 1233; x_wconf 81' lang='lat' dir='ltr'><strong>contristatus</strong></span> <span class='ocrx_word' id='word_1_469' title='bbox 1711 1205 1810 1231; x_wconf 84' lang='lat' dir='ltr'><strong>autem</strong></span> <span class='ocrx_word' id='word_1_470' title='bbox 1825 1205 1879 1232; x_wconf 75' lang='lat' dir='ltr'><strong>An-</strong></span> 
     </span>
     <span class='ocr_line' id='line_1_74' title="bbox 1095 1249 1879 1286; baseline -0.001 -7"><span class='ocrx_word' id='word_1_471' title='bbox 1095 1251 1226 1286; x_wconf 78' lang='lat' dir='ltr'><strong>tIochus,</strong></span> <span class='ocrx_word' id='word_1_472' title='bbox 1251 1250 1320 1279; x_wconf 87' lang='lat' dir='ltr'><strong>licet</strong></span> <span class='ocrx_word' id='word_1_473' title='bbox 1341 1250 1416 1280; x_wconf 86' lang='lat' dir='ltr'><strong>alias</strong></span> <span class='ocrx_word' id='word_1_474' title='bbox 1437 1253 1512 1280; x_wconf 88' lang='lat' dir='ltr'><strong>esset</strong></span> <span class='ocrx_word' id='word_1_475' title='bbox 1532 1250 1649 1285; x_wconf 89' lang='lat' dir='ltr'><strong>malus,</strong></span> <span class='ocrx_word' id='word_1_476' title='bbox 1674 1249 1879 1279; x_wconf 77' lang='lat' dir='ltr'><strong>Andronicum</strong></span> 
     </span>
     <span class='ocr_line' id='line_1_75' title="bbox 1094 1297 1878 1334; baseline 0 -8"><span class='ocrx_word' id='word_1_477' title='bbox 1094 1305 1229 1334; x_wconf 85' lang='lat' dir='ltr'><strong>purpura</strong></span> <span class='ocrx_word' id='word_1_478' title='bbox 1249 1300 1371 1326; x_wconf 82' lang='lat' dir='ltr'><strong>exutum</strong></span> <span class='ocrx_word' id='word_1_479' title='bbox 1389 1297 1419 1326; x_wconf 91' lang='lat' dir='ltr'><strong>in</strong></span> <span class='ocrx_word' id='word_1_480' title='bbox 1433 1298 1542 1326; x_wconf 90' lang='lat' dir='ltr'><strong>eodem</strong></span> <span class='ocrx_word' id='word_1_481' title='bbox 1556 1297 1624 1326; x_wconf 89' lang='lat' dir='ltr'><strong>loco</strong></span> <span class='ocrx_word' id='word_1_482' title='bbox 1634 1318 1644 1333; x_wconf 94' lang='lat'><strong>,</strong></span> <span class='ocrx_word' id='word_1_483' title='bbox 1659 1298 1689 1325; x_wconf 91' lang='lat' dir='ltr'><strong>in</strong></span> <span class='ocrx_word' id='word_1_484' title='bbox 1705 1305 1766 1333; x_wconf 88' lang='lat' dir='ltr'><strong>quo</strong></span> <span class='ocrx_word' id='word_1_485' title='bbox 1781 1297 1878 1333; x_wconf 89' lang='lat' dir='ltr'><strong>ipsum</strong></span> 
     </span>
     <span class='ocr_line' id='line_1_76' title="bbox 1095 1344 1877 1381; baseline -0.001 -8"><span class='ocrx_word' id='word_1_486' title='bbox 1095 1344 1199 1374; x_wconf 85' lang='lat' dir='ltr'><strong>oniam</strong></span> <span class='ocrx_word' id='word_1_487' title='bbox 1215 1344 1376 1379; x_wconf 88' lang='lat' dir='ltr'><strong>occiderat,</strong></span> <span class='ocrx_word' id='word_1_488' title='bbox 1385 1345 1472 1380; x_wconf 85' lang='lat' dir='ltr'><strong>jussit</strong></span> <span class='ocrx_word' id='word_1_489' title='bbox 1483 1344 1543 1373; x_wconf 82' lang='lat' dir='ltr'><strong>vita</strong></span> <span class='ocrx_word' id='word_1_490' title='bbox 1554 1344 1674 1381; x_wconf 85' lang='lat' dir='ltr'><strong>privari.</strong></span> <span class='ocrx_word' id='word_1_491' title='bbox 1685 1346 1707 1373; x_wconf 89' lang='lat' dir='ltr'><strong>ll</strong></span> <span class='ocrx_word' id='word_1_492' title='bbox 1722 1344 1877 1379; x_wconf 76' lang='lat' dir='ltr'><strong>Mach.,1v.</strong></span> 
     </span>
    </p>

    <p class='ocr_par' dir='ltr' id='par_1_24' title="bbox 1095 1390 1879 1522">
     <span class='ocr_line' id='line_1_77' title="bbox 1131 1390 1878 1428; baseline 0 -9"><span class='ocrx_word' id='word_1_493' title='bbox 1131 1392 1222 1420; x_wconf 85' lang='lat' dir='ltr'><strong>Nimis</strong></span> <span class='ocrx_word' id='word_1_494' title='bbox 1244 1392 1381 1428; x_wconf 83' lang='lat' dir='ltr'><strong>iniquum</strong></span> <span class='ocrx_word' id='word_1_495' title='bbox 1412 1391 1535 1428; x_wconf 88' lang='lat' dir='ltr'><strong>protulit</strong></span> <span class='ocrx_word' id='word_1_496' title='bbox 1557 1391 1688 1420; x_wconf 77' lang='lat' dir='ltr'><strong>Herodes</strong></span> <span class='ocrx_word' id='word_1_497' title='bbox 1713 1390 1878 1427; x_wconf 87' lang='lat' dir='ltr'><strong>judicium,</strong></span> 
     </span>
     <span class='ocr_line' id='line_1_78' title="bbox 1095 1437 1879 1475; baseline -0.001 -8"><span class='ocrx_word' id='word_1_498' title='bbox 1095 1438 1219 1475; x_wconf 87' lang='lat' dir='ltr'><strong>quando</strong></span> <span class='ocrx_word' id='word_1_499' title='bbox 1234 1439 1352 1467; x_wconf 83' lang='lat' dir='ltr'><strong>mittens</strong></span> <span class='ocrx_word' id='word_1_500' title='bbox 1363 1438 1472 1467; x_wconf 89' lang='lat' dir='ltr'><strong>occidit</strong></span> <span class='ocrx_word' id='word_1_501' title='bbox 1482 1447 1587 1468; x_wconf 86' lang='lat' dir='ltr'><strong>omnes</strong></span> <span class='ocrx_word' id='word_1_502' title='bbox 1596 1446 1718 1475; x_wconf 62' lang='grc' dir='ltr'><strong>ρωπος,</strong></span> <span class='ocrx_word' id='word_1_503' title='bbox 1731 1437 1782 1474; x_wconf 90' lang='lat' dir='ltr'><strong>qui</strong></span> <span class='ocrx_word' id='word_1_504' title='bbox 1796 1439 1879 1466; x_wconf 82' lang='lat' dir='ltr'><strong>erant</strong></span> 
     </span>
     <span class='ocr_line' id='line_1_79' title="bbox 1095 1486 1634 1522; baseline 0 -8"><span class='ocrx_word' id='word_1_505' title='bbox 1095 1486 1126 1514; x_wconf 91' lang='lat' dir='ltr'><strong>in</strong></span> <span class='ocrx_word' id='word_1_506' title='bbox 1141 1486 1324 1522; x_wconf 86' lang='lat' dir='ltr'><strong>Bethlehem,</strong></span> <span class='ocrx_word' id='word_1_507' title='bbox 1339 1488 1394 1514; x_wconf 84' lang='lat' dir='ltr'><strong>etc.</strong></span> <span class='ocrx_word' id='word_1_508' title='bbox 1409 1486 1524 1519; x_wconf 68' lang='lat' dir='ltr'><strong>Mami„</strong></span> <span class='ocrx_word' id='word_1_509' title='bbox 1540 1494 1573 1521; x_wconf 82' lang='lat' dir='ltr'><strong>n,</strong></span> <span class='ocrx_word' id='word_1_510' title='bbox 1588 1487 1634 1514; x_wconf 79' lang='lat'><strong>16.</strong></span> 
     </span>
    </p>

    <p class='ocr_par' dir='ltr' id='par_1_25' title="bbox 1094 1531 1879 1710">
     <span class='ocr_line' id='line_1_80' title="bbox 1132 1531 1879 1570; baseline -0.001 -9"><span class='ocrx_word' id='word_1_511' title='bbox 1132 1533 1175 1561; x_wconf 71' lang='lat' dir='ltr'><strong>Ad</strong></span> <span class='ocrx_word' id='word_1_512' title='bbox 1188 1533 1361 1570; x_wconf 77' lang='lat' dir='ltr'><strong>petitionem</strong></span> <span class='ocrx_word' id='word_1_513' title='bbox 1376 1533 1464 1562; x_wconf 89' lang='lat' dir='ltr'><strong>unius</strong></span> <span class='ocrx_word' id='word_1_514' title='bbox 1483 1533 1649 1567; x_wconf 80' lang='lat' dir='ltr'><strong>saltatricis,</strong></span> <span class='ocrx_word' id='word_1_515' title='bbox 1666 1532 1735 1561; x_wconf 76' lang='lat' dir='ltr'><strong>fecit</strong></span> <span class='ocrx_word' id='word_1_516' title='bbox 1748 1531 1879 1561; x_wconf 73' lang='lat' dir='ltr'><strong>Herodes</strong></span> 
     </span>
     <span class='ocr_line' id='line_1_81' title="bbox 1095 1578 1878 1617; baseline -0.001 -9"><span class='ocrx_word' id='word_1_517' title='bbox 1095 1580 1241 1609; x_wconf 88' lang='lat' dir='ltr'><strong>tetrarcha</strong></span> <span class='ocrx_word' id='word_1_518' title='bbox 1255 1582 1400 1609; x_wconf 75' lang='lat' dir='ltr'><strong>loannem</strong></span> <span class='ocrx_word' id='word_1_519' title='bbox 1423 1580 1581 1617; x_wconf 80' lang='lat' dir='ltr'><strong>Baptistam</strong></span> <span class='ocrx_word' id='word_1_520' title='bbox 1601 1581 1631 1609; x_wconf 92' lang='lat' dir='ltr'><strong>in</strong></span> <span class='ocrx_word' id='word_1_521' title='bbox 1645 1587 1762 1609; x_wconf 86' lang='lat' dir='ltr'><strong>carcere</strong></span> <span class='ocrx_word' id='word_1_522' title='bbox 1777 1578 1878 1607; x_wconf 86' lang='lat' dir='ltr'><strong>decol-</strong></span> 
     </span>
     <span class='ocr_line' id='line_1_82' title="bbox 1094 1627 1878 1663; baseline -0.004 -7"><span class='ocrx_word' id='word_1_523' title='bbox 1094 1627 1165 1662; x_wconf 87' lang='lat' dir='ltr'><strong>lari,</strong></span> <span class='ocrx_word' id='word_1_524' title='bbox 1185 1636 1254 1656; x_wconf 90' lang='lat' dir='ltr'><strong>cum</strong></span> <span class='ocrx_word' id='word_1_525' title='bbox 1281 1631 1377 1657; x_wconf 83' lang='lat' dir='ltr'><strong>tamen</strong></span> <span class='ocrx_word' id='word_1_526' title='bbox 1395 1628 1482 1657; x_wconf 83' lang='lat' dir='ltr'><strong>sciret</strong></span> <span class='ocrx_word' id='word_1_527' title='bbox 1507 1635 1577 1656; x_wconf 88' lang='lat' dir='ltr'><strong>eum</strong></span> <span class='ocrx_word' id='word_1_528' title='bbox 1600 1627 1699 1656; x_wconf 86' lang='lat' dir='ltr'><strong>virum</strong></span> <span class='ocrx_word' id='word_1_529' title='bbox 1716 1627 1830 1663; x_wconf 85' lang='lat' dir='ltr'><strong>justum</strong></span> <span class='ocrx_word' id='word_1_530' title='bbox 1851 1627 1878 1654; x_wconf 91' lang='lat' dir='ltr'><strong>et</strong></span> 
     </span>
     <span class='ocr_line' id='line_1_83' title="bbox 1094 1676 1409 1710; baseline -0.003 -7"><span class='ocrx_word' id='word_1_531' title='bbox 1094 1677 1239 1704; x_wconf 86' lang='lat' dir='ltr'><strong>sanctum.</strong></span> <span class='ocrx_word' id='word_1_532' title='bbox 1256 1676 1354 1710; x_wconf 62' lang='lat' dir='ltr'><strong>Mar-12,</strong></span> <span class='ocrx_word' id='word_1_533' title='bbox 1370 1684 1409 1703; x_wconf 69' lang='lat' dir='ltr'><strong>vi.</strong></span> 
     </span>
    </p>

    <p class='ocr_par' dir='ltr' id='par_1_26' title="bbox 1094 1718 1877 1852">
     <span class='ocr_line' id='line_1_84' title="bbox 1129 1718 1877 1756; baseline -0.003 -6"><span class='ocrx_word' id='word_1_534' title='bbox 1129 1722 1307 1751; x_wconf 70' lang='lat' dir='ltr'><strong>Nicodemus</strong></span> <span class='ocrx_word' id='word_1_535' title='bbox 1328 1722 1402 1749; x_wconf 86' lang='lat' dir='ltr'><strong>dixit</strong></span> <span class='ocrx_word' id='word_1_536' title='bbox 1423 1720 1574 1749; x_wconf 79' lang='lat' dir='ltr'><strong>Pharisoeis</strong></span> <span class='ocrx_word' id='word_1_537' title='bbox 1595 1730 1601 1748; x_wconf 95' lang='lat'><strong>:</strong></span> <span class='ocrx_word' id='word_1_538' title='bbox 1630 1718 1807 1756; x_wconf 82' lang='lat' dir='ltr'><strong>«Numquid</strong></span> <span class='ocrx_word' id='word_1_539' title='bbox 1828 1719 1877 1748; x_wconf 80' lang='lat' dir='ltr'><strong>lex</strong></span> 
     </span>
     <span class='ocr_line' id='line_1_85' title="bbox 1095 1766 1875 1804; baseline -0.004 -7"><span class='ocrx_word' id='word_1_540' title='bbox 1095 1771 1196 1797; x_wconf 83' lang='lat' dir='ltr'><strong>nostra</strong></span> <span class='ocrx_word' id='word_1_541' title='bbox 1208 1768 1322 1804; x_wconf 80' lang='lat' dir='ltr'><strong>judicat</strong></span> <span class='ocrx_word' id='word_1_542' title='bbox 1343 1768 1514 1802; x_wconf 86' lang='lat' dir='ltr'><strong>hominem,</strong></span> <span class='ocrx_word' id='word_1_543' title='bbox 1529 1767 1585 1795; x_wconf 88' lang='lat' dir='ltr'><strong>nisi</strong></span> <span class='ocrx_word' id='word_1_544' title='bbox 1609 1767 1736 1795; x_wconf 86' lang='lat' dir='ltr'><strong>audierit</strong></span> <span class='ocrx_word' id='word_1_545' title='bbox 1755 1766 1794 1795; x_wconf 87' lang='lat' dir='ltr'><strong>ab</strong></span> <span class='ocrx_word' id='word_1_546' title='bbox 1809 1766 1875 1803; x_wconf 87' lang='lat' dir='ltr'><strong>ipso</strong></span> 
     </span>
     <span class='ocr_line' id='line_1_86' title="bbox 1094 1814 1875 1852; baseline -0.003 -9"><span class='ocrx_word' id='word_1_547' title='bbox 1094 1816 1187 1852; x_wconf 79' lang='lat' dir='ltr'><strong>prius,</strong></span> <span class='ocrx_word' id='word_1_548' title='bbox 1204 1818 1231 1843; x_wconf 83' lang='lat' dir='ltr'><strong>et</strong></span> <span class='ocrx_word' id='word_1_549' title='bbox 1241 1815 1414 1851; x_wconf 81' lang='lat' dir='ltr'><strong>cognoverit</strong></span> <span class='ocrx_word' id='word_1_550' title='bbox 1428 1815 1502 1851; x_wconf 86' lang='lat' dir='ltr'><strong>quid</strong></span> <span class='ocrx_word' id='word_1_551' title='bbox 1515 1814 1622 1843; x_wconf 76' lang='lat' dir='ltr'><strong>saciat?</strong></span> <span class='ocrx_word' id='word_1_552' title='bbox 1632 1825 1645 1840; x_wconf 76' lang='grc' dir='ltr'><strong>ι)</strong></span> <span class='ocrx_word' id='word_1_553' title='bbox 1659 1816 1749 1849; x_wconf 70' lang='grc' dir='ltr'><strong>Ιοαιι.,</strong></span> <span class='ocrx_word' id='word_1_554' title='bbox 1763 1822 1815 1848; x_wconf 80' lang='lat' dir='ltr'><strong>vn,</strong></span> <span class='ocrx_word' id='word_1_555' title='bbox 1830 1815 1875 1842; x_wconf 83' lang='lat'><strong>5¹.</strong></span> 
     </span>
    </p>

    <p class='ocr_par' dir='ltr' id='par_1_27' title="bbox 1094 1860 1876 2086">
     <span class='ocr_line' id='line_1_87' title="bbox 1130 1860 1876 1899; baseline -0.004 -8"><span class='ocrx_word' id='word_1_556' title='bbox 1130 1862 1350 1899; x_wconf 83' lang='lat' dir='ltr'><strong>Nequissimum</strong></span> <span class='ocrx_word' id='word_1_557' title='bbox 1368 1862 1422 1889; x_wconf 83' lang='lat' dir='ltr'><strong>suit</strong></span> <span class='ocrx_word' id='word_1_558' title='bbox 1441 1861 1602 1897; x_wconf 89' lang='lat' dir='ltr'><strong>judicium,</strong></span> <span class='ocrx_word' id='word_1_559' title='bbox 1618 1869 1680 1898; x_wconf 87' lang='lat' dir='ltr'><strong>quo</strong></span> <span class='ocrx_word' id='word_1_560' title='bbox 1702 1861 1810 1890; x_wconf 84' lang='lat' dir='ltr'><strong>Pilatus</strong></span> <span class='ocrx_word' id='word_1_561' title='bbox 1829 1860 1876 1888; x_wconf 90' lang='lat' dir='ltr'><strong>di-</strong></span> 
     </span>
     <span class='ocr_line' id='line_1_88' title="bbox 1094 1907 1875 1944; baseline -0.001 -7"><span class='ocrx_word' id='word_1_562' title='bbox 1094 1909 1174 1937; x_wconf 89' lang='lat' dir='ltr'><strong>misit</strong></span> <span class='ocrx_word' id='word_1_563' title='bbox 1187 1909 1356 1937; x_wconf 87' lang='lat' dir='ltr'><strong>Barabbam</strong></span> <span class='ocrx_word' id='word_1_564' title='bbox 1370 1908 1566 1944; x_wconf 86' lang='lat' dir='ltr'><strong>homicidam,</strong></span> <span class='ocrx_word' id='word_1_565' title='bbox 1582 1908 1738 1943; x_wconf 83' lang='lat' dir='ltr'><strong>latronem,</strong></span> <span class='ocrx_word' id='word_1_566' title='bbox 1755 1907 1875 1936; x_wconf 88' lang='lat' dir='ltr'><strong>seditio-</strong></span> 
     </span>
     <span class='ocr_line' id='line_1_89' title="bbox 1094 1955 1876 1992; baseline -0.001 -8"><span class='ocrx_word' id='word_1_567' title='bbox 1094 1964 1171 1992; x_wconf 85' lang='lat' dir='ltr'><strong>sum,</strong></span> <span class='ocrx_word' id='word_1_568' title='bbox 1188 1958 1216 1984; x_wconf 87' lang='lat' dir='ltr'><strong>et</strong></span> <span class='ocrx_word' id='word_1_569' title='bbox 1231 1956 1389 1984; x_wconf 88' lang='lat' dir='ltr'><strong>Dominum</strong></span> <span class='ocrx_word' id='word_1_570' title='bbox 1402 1957 1501 1984; x_wconf 79' lang='lat' dir='ltr'><strong>iesum</strong></span> <span class='ocrx_word' id='word_1_571' title='bbox 1517 1955 1662 1984; x_wconf 83' lang='lat' dir='ltr'><strong>voluntati</strong></span> <span class='ocrx_word' id='word_1_572' title='bbox 1684 1955 1807 1984; x_wconf 85' lang='lat' dir='ltr'><strong>tradidit</strong></span> <span class='ocrx_word' id='word_1_573' title='bbox 1826 1956 1876 1983; x_wconf 82' lang='lat' dir='ltr'><strong>Ju-</strong></span> 
     </span>
     <span class='ocr_line' id='line_1_90' title="bbox 1095 2003 1874 2040; baseline 0.001 -9"><span class='ocrx_word' id='word_1_574' title='bbox 1095 2003 1238 2032; x_wconf 59' lang='lat' dir='ltr'><strong>dirorum.</strong></span> <span class='ocrx_word' id='word_1_575' title='bbox 1255 2004 1370 2038; x_wconf 51' lang='lat' dir='ltr'><strong>Macrin,</strong></span> <span class='ocrx_word' id='word_1_576' title='bbox 1381 2011 1473 2038; x_wconf 70' lang='lat' dir='ltr'><strong>nvn,</strong></span> <span class='ocrx_word' id='word_1_577' title='bbox 1487 2003 1537 2038; x_wconf 70' lang='lat'><strong>265</strong></span> <span class='ocrx_word' id='word_1_578' title='bbox 1553 2003 1653 2039; x_wconf 67' lang='lat' dir='ltr'><strong>Marc„</strong></span> <span class='ocrx_word' id='word_1_579' title='bbox 1667 2011 1719 2039; x_wconf 84' lang='lat' dir='ltr'><strong>xv,</strong></span> <span class='ocrx_word' id='word_1_580' title='bbox 1734 2004 1784 2040; x_wconf 73' lang='lat'><strong>155</strong></span> <span class='ocrx_word' id='word_1_581' title='bbox 1797 2003 1874 2038; x_wconf 66' lang='lat' dir='ltr'><strong>Luc„</strong></span> 
     </span>
     <span class='ocr_line' id='line_1_91' title="bbox 1094 2051 1491 2086; baseline -0.005 -7"><span class='ocrx_word' id='word_1_582' title='bbox 1094 2059 1180 2085; x_wconf 81' lang='lat' dir='ltr'><strong>xxm,</strong></span> <span class='ocrx_word' id='word_1_583' title='bbox 1194 2052 1245 2086; x_wconf 71' lang='lat'><strong>243</strong></span> <span class='ocrx_word' id='word_1_584' title='bbox 1260 2052 1354 2086; x_wconf 65' lang='lat' dir='ltr'><strong>Joan„</strong></span> <span class='ocrx_word' id='word_1_585' title='bbox 1368 2058 1430 2085; x_wconf 80' lang='lat' dir='ltr'><strong>xxx,</strong></span> <span class='ocrx_word' id='word_1_586' title='bbox 1448 2051 1491 2078; x_wconf 77' lang='grc'><strong>16.</strong></span> 
     </span>
    </p>

    <p class='ocr_par' dir='ltr' id='par_1_28' title="bbox 1095 2096 1876 2322">
     <span class='ocr_line' id='line_1_92' title="bbox 1130 2096 1876 2133; baseline -0.001 -7"><span class='ocrx_word' id='word_1_587' title='bbox 1130 2097 1339 2126; x_wconf 82' lang='lat' dir='ltr'><strong>Sacerdotibus</strong></span> <span class='ocrx_word' id='word_1_588' title='bbox 1365 2099 1394 2125; x_wconf 89' lang='lat' dir='ltr'><strong>et</strong></span> <span class='ocrx_word' id='word_1_589' title='bbox 1406 2096 1629 2132; x_wconf 81' lang='lat' dir='ltr'><strong>magistratibus</strong></span> <span class='ocrx_word' id='word_1_590' title='bbox 1643 2096 1746 2133; x_wconf 88' lang='lat' dir='ltr'><strong>templi</strong></span> <span class='ocrx_word' id='word_1_591' title='bbox 1762 2097 1876 2126; x_wconf 90' lang='lat' dir='ltr'><strong>denun-</strong></span> 
     </span>
     <span class='ocr_line' id='line_1_93' title="bbox 1095 2143 1874 2180; baseline -0.001 -7"><span class='ocrx_word' id='word_1_592' title='bbox 1095 2145 1236 2173; x_wconf 84' lang='lat' dir='ltr'><strong>tiantibus</strong></span> <span class='ocrx_word' id='word_1_593' title='bbox 1262 2146 1345 2173; x_wconf 82' lang='lat' dir='ltr'><strong>Petro</strong></span> <span class='ocrx_word' id='word_1_594' title='bbox 1368 2144 1526 2179; x_wconf 83' lang='lat' dir='ltr'><strong>etJoanni,</strong></span> <span class='ocrx_word' id='word_1_595' title='bbox 1542 2151 1580 2172; x_wconf 90' lang='lat' dir='ltr'><strong>ne</strong></span> <span class='ocrx_word' id='word_1_596' title='bbox 1595 2143 1737 2172; x_wconf 88' lang='lat' dir='ltr'><strong>docerent</strong></span> <span class='ocrx_word' id='word_1_597' title='bbox 1759 2143 1874 2180; x_wconf 90' lang='lat' dir='ltr'><strong>aliquid</strong></span> 
     </span>
     <span class='ocr_line' id='line_1_94' title="bbox 1095 2191 1874 2228; baseline -0.003 -8"><span class='ocrx_word' id='word_1_598' title='bbox 1095 2192 1125 2220; x_wconf 92' lang='lat' dir='ltr'><strong>in</strong></span> <span class='ocrx_word' id='word_1_599' title='bbox 1136 2192 1257 2220; x_wconf 88' lang='lat' dir='ltr'><strong>nomine</strong></span> <span class='ocrx_word' id='word_1_600' title='bbox 1267 2193 1334 2220; x_wconf 86' lang='lat' dir='ltr'><strong>Jesu</strong></span> <span class='ocrx_word' id='word_1_601' title='bbox 1345 2191 1459 2225; x_wconf 86' lang='lat' dir='ltr'><strong>Christi,</strong></span> <span class='ocrx_word' id='word_1_602' title='bbox 1467 2191 1820 2228; x_wconf 86' lang='lat' dir='ltr'><strong>responderuntapostoli</strong></span> <span class='ocrx_word' id='word_1_603' title='bbox 1830 2191 1874 2218; x_wconf 85' lang='lat' dir='ltr'><strong>di-</strong></span> 
     </span>
     <span class='ocr_line' id='line_1_95' title="bbox 1095 2239 1873 2275; baseline -0.001 -8"><span class='ocrx_word' id='word_1_604' title='bbox 1095 2242 1192 2267; x_wconf 89' lang='lat' dir='ltr'><strong>centes</strong></span> <span class='ocrx_word' id='word_1_605' title='bbox 1205 2247 1212 2267; x_wconf 78' lang='lat' dir='ltr'>z</span> <span class='ocrx_word' id='word_1_606' title='bbox 1226 2249 1240 2265; x_wconf 82' lang='grc' dir='ltr'><strong>(ι</strong></span> <span class='ocrx_word' id='word_1_607' title='bbox 1254 2239 1281 2267; x_wconf 88' lang='lat' dir='ltr'><strong>Si</strong></span> <span class='ocrx_word' id='word_1_608' title='bbox 1294 2239 1409 2274; x_wconf 85' lang='lat' dir='ltr'><strong>justum</strong></span> <span class='ocrx_word' id='word_1_609' title='bbox 1419 2240 1461 2266; x_wconf 87' lang='lat' dir='ltr'><strong>est</strong></span> <span class='ocrx_word' id='word_1_610' title='bbox 1473 2239 1503 2266; x_wconf 92' lang='lat' dir='ltr'><strong>in</strong></span> <span class='ocrx_word' id='word_1_611' title='bbox 1517 2241 1679 2275; x_wconf 87' lang='lat' dir='ltr'><strong>conspectu</strong></span> <span class='ocrx_word' id='word_1_612' title='bbox 1689 2239 1749 2273; x_wconf 88' lang='lat' dir='ltr'><strong>Dei,</strong></span> <span class='ocrx_word' id='word_1_613' title='bbox 1761 2245 1873 2274; x_wconf 83' lang='lat' dir='ltr'><strong>vospo-</strong></span> 
     </span>
     <span class='ocr_line' id='line_1_96' title="bbox 1095 2285 1871 2322; baseline 0 -8"><span class='ocrx_word' id='word_1_614' title='bbox 1095 2287 1150 2314; x_wconf 86' lang='lat' dir='ltr'><strong>tius</strong></span> <span class='ocrx_word' id='word_1_615' title='bbox 1163 2286 1266 2314; x_wconf 87' lang='lat' dir='ltr'><strong>audire</strong></span> <span class='ocrx_word' id='word_1_616' title='bbox 1279 2293 1370 2322; x_wconf 87' lang='lat' dir='ltr'><strong>quam</strong></span> <span class='ocrx_word' id='word_1_617' title='bbox 1385 2286 1488 2319; x_wconf 87' lang='lat' dir='ltr'><strong>Deum,</strong></span> <span class='ocrx_word' id='word_1_618' title='bbox 1501 2285 1664 2320; x_wconf 77' lang='lat' dir='ltr'><strong>judicate.»</strong></span> <span class='ocrx_word' id='word_1_619' title='bbox 1682 2286 1756 2320; x_wconf 68' lang='lat' dir='ltr'><strong>Act„</strong></span> <span class='ocrx_word' id='word_1_620' title='bbox 1771 2293 1812 2320; x_wconf 87' lang='lat' dir='ltr'><strong>1v,</strong></span> <span class='ocrx_word' id='word_1_621' title='bbox 1828 2286 1871 2314; x_wconf 83' lang='lat'><strong>¹9.</strong></span> 
     </span>
    </p>

    <p class='ocr_par' dir='ltr' id='par_1_29' title="bbox 1094 2331 1872 2558">
     <span class='ocr_line' id='line_1_97' title="bbox 1130 2331 1872 2369; baseline -0.003 -7"><span class='ocrx_word' id='word_1_622' title='bbox 1130 2334 1204 2362; x_wconf 89' lang='lat' dir='ltr'><strong>Cum</strong></span> <span class='ocrx_word' id='word_1_623' title='bbox 1219 2332 1327 2361; x_wconf 88' lang='lat' dir='ltr'><strong>Paulus</strong></span> <span class='ocrx_word' id='word_1_624' title='bbox 1339 2332 1471 2367; x_wconf 83' lang='lat' dir='ltr'><strong>ejecisset</strong></span> <span class='ocrx_word' id='word_1_625' title='bbox 1484 2331 1667 2360; x_wconf 83' lang='lat' dir='ltr'><strong>daemonium</strong></span> <span class='ocrx_word' id='word_1_626' title='bbox 1678 2341 1695 2360; x_wconf 88' lang='lat' dir='ltr'><strong>a</strong></span> <span class='ocrx_word' id='word_1_627' title='bbox 1706 2332 1806 2369; x_wconf 82' lang='lat' dir='ltr'><strong>puella</strong></span> <span class='ocrx_word' id='word_1_628' title='bbox 1820 2340 1872 2368; x_wconf 83' lang='lat' dir='ltr'><strong>py-</strong></span> 
     </span>
     <span class='ocr_line' id='line_1_98' title="bbox 1095 2379 1872 2416; baseline 0 -8"><span class='ocrx_word' id='word_1_629' title='bbox 1095 2380 1239 2414; x_wconf 83' lang='lat' dir='ltr'><strong>thonissa,</strong></span> <span class='ocrx_word' id='word_1_630' title='bbox 1255 2381 1409 2408; x_wconf 83' lang='lat' dir='ltr'><strong>accusatus</strong></span> <span class='ocrx_word' id='word_1_631' title='bbox 1424 2379 1479 2407; x_wconf 83' lang='lat' dir='ltr'><strong>fuit</strong></span> <span class='ocrx_word' id='word_1_632' title='bbox 1497 2388 1515 2408; x_wconf 90' lang='lat' dir='ltr'><strong>a</strong></span> <span class='ocrx_word' id='word_1_633' title='bbox 1529 2379 1660 2408; x_wconf 89' lang='lat' dir='ltr'><strong>dominis</strong></span> <span class='ocrx_word' id='word_1_634' title='bbox 1673 2380 1746 2415; x_wconf 88' lang='lat' dir='ltr'><strong>ejus,</strong></span> <span class='ocrx_word' id='word_1_635' title='bbox 1762 2379 1872 2416; x_wconf 86' lang='lat' dir='ltr'><strong>quibus</strong></span> 
     </span>
     <span class='ocr_line' id='line_1_99' title="bbox 1094 2425 1872 2464; baseline -0.001 -9"><span class='ocrx_word' id='word_1_636' title='bbox 1094 2428 1145 2456; x_wconf 91' lang='lat' dir='ltr'><strong>illa</strong></span> <span class='ocrx_word' id='word_1_637' title='bbox 1160 2429 1306 2464; x_wconf 59' lang='lat' dir='ltr'><strong>quaestum</strong></span> <span class='ocrx_word' id='word_1_638' title='bbox 1327 2425 1494 2455; x_wconf 87' lang='lat' dir='ltr'><strong>divinando</strong></span> <span class='ocrx_word' id='word_1_639' title='bbox 1518 2427 1665 2463; x_wconf 88' lang='lat' dir='ltr'><strong>parabat:</strong></span> <span class='ocrx_word' id='word_1_640' title='bbox 1686 2426 1872 2462; x_wconf 82' lang='lat' dir='ltr'><strong>magistratus</strong></span> 
     </span>
     <span class='ocr_line' id='line_1_100' title="bbox 1094 2473 1872 2510; baseline -0.003 -6"><span class='ocrx_word' id='word_1_641' title='bbox 1094 2477 1195 2504; x_wconf 89' lang='lat' dir='ltr'><strong>autem</strong></span> <span class='ocrx_word' id='word_1_642' title='bbox 1209 2474 1306 2502; x_wconf 87' lang='lat' dir='ltr'><strong>statim</strong></span> <span class='ocrx_word' id='word_1_643' title='bbox 1322 2473 1454 2502; x_wconf 85' lang='lat' dir='ltr'><strong>fecerunt</strong></span> <span class='ocrx_word' id='word_1_644' title='bbox 1474 2473 1599 2502; x_wconf 86' lang='lat' dir='ltr'><strong>Paulum</strong></span> <span class='ocrx_word' id='word_1_645' title='bbox 1621 2475 1647 2502; x_wconf 86' lang='lat' dir='ltr'><strong>et</strong></span> <span class='ocrx_word' id='word_1_646' title='bbox 1669 2474 1758 2502; x_wconf 90' lang='lat' dir='ltr'><strong>Silam</strong></span> <span class='ocrx_word' id='word_1_647' title='bbox 1782 2473 1872 2510; x_wconf 81' lang='lat' dir='ltr'><strong>virgis</strong></span> 
     </span>
     <span class='ocr_line' id='line_1_101' title="bbox 1095 2520 1693 2558; baseline -0.002 -8"><span class='ocrx_word' id='word_1_648' title='bbox 1095 2522 1180 2558; x_wconf 77' lang='lat' dir='ltr'><strong>caedi,</strong></span> <span class='ocrx_word' id='word_1_649' title='bbox 1196 2523 1224 2550; x_wconf 90' lang='lat' dir='ltr'><strong>et</strong></span> <span class='ocrx_word' id='word_1_650' title='bbox 1234 2522 1265 2549; x_wconf 93' lang='lat' dir='ltr'><strong>in</strong></span> <span class='ocrx_word' id='word_1_651' title='bbox 1280 2528 1429 2549; x_wconf 86' lang='lat' dir='ltr'><strong>carcerem</strong></span> <span class='ocrx_word' id='word_1_652' title='bbox 1443 2520 1528 2549; x_wconf 91' lang='lat' dir='ltr'><strong>mitti.</strong></span> <span class='ocrx_word' id='word_1_653' title='bbox 1543 2522 1619 2556; x_wconf 67' lang='lat' dir='ltr'><strong>Act„</strong></span> <span class='ocrx_word' id='word_1_654' title='bbox 1632 2529 1693 2549; x_wconf 77' lang='lat' dir='ltr'><strong>xvr.</strong></span> 
     </span>
    </p>

    <p class='ocr_par' dir='ltr' id='par_1_30' title="bbox 1094 2567 1871 2701">
     <span class='ocr_line' id='line_1_102' title="bbox 1129 2567 1871 2603; baseline -0.001 -5"><span class='ocrx_word' id='word_1_655' title='bbox 1129 2569 1236 2598; x_wconf 83' lang='lat' dir='ltr'><strong>Judaeis</strong></span> <span class='ocrx_word' id='word_1_656' title='bbox 1251 2568 1459 2597; x_wconf 86' lang='lat' dir='ltr'><strong>accusantibus</strong></span> <span class='ocrx_word' id='word_1_657' title='bbox 1478 2567 1612 2603; x_wconf 88' lang='lat' dir='ltr'><strong>Paulum,</strong></span> <span class='ocrx_word' id='word_1_658' title='bbox 1627 2568 1720 2597; x_wconf 88' lang='lat' dir='ltr'><strong>Gallio</strong></span> <span class='ocrx_word' id='word_1_659' title='bbox 1742 2570 1871 2597; x_wconf 84' lang='lat' dir='ltr'><strong>Procon-</strong></span> 
     </span>
     <span class='ocr_line' id='line_1_103' title="bbox 1094 2614 1870 2651; baseline -0.003 -5"><span class='ocrx_word' id='word_1_660' title='bbox 1094 2617 1139 2646; x_wconf 89' lang='lat' dir='ltr'><strong>sul</strong></span> <span class='ocrx_word' id='word_1_661' title='bbox 1154 2617 1227 2645; x_wconf 83' lang='lat' dir='ltr'><strong>dixit</strong></span> <span class='ocrx_word' id='word_1_662' title='bbox 1243 2625 1249 2644; x_wconf 93' lang='lat'>:</span> <span class='ocrx_word' id='word_1_663' title='bbox 1269 2626 1284 2642; x_wconf 73' lang='lat' dir='ltr'>n</span> <span class='ocrx_word' id='word_1_664' title='bbox 1298 2615 1326 2644; x_wconf 93' lang='lat' dir='ltr'><strong>Si</strong></span> <span class='ocrx_word' id='word_1_665' title='bbox 1339 2617 1414 2644; x_wconf 86' lang='lat' dir='ltr'><strong>esset</strong></span> <span class='ocrx_word' id='word_1_666' title='bbox 1427 2614 1565 2651; x_wconf 88' lang='lat' dir='ltr'><strong>iniquum</strong></span> <span class='ocrx_word' id='word_1_667' title='bbox 1578 2614 1718 2651; x_wconf 84' lang='lat' dir='ltr'><strong>aliquod,</strong></span> <span class='ocrx_word' id='word_1_668' title='bbox 1733 2617 1784 2644; x_wconf 86' lang='lat' dir='ltr'><strong>aut</strong></span> <span class='ocrx_word' id='word_1_669' title='bbox 1799 2615 1870 2644; x_wconf 79' lang='lat' dir='ltr'><strong>faci-</strong></span> 
     </span>
     <span class='ocr_line' id='line_1_104' title="bbox 1094 2661 1866 2701; baseline -0.001 -8"><span class='ocrx_word' id='word_1_670' title='bbox 1094 2673 1150 2693; x_wconf 87' lang='lat' dir='ltr'><strong>nus</strong></span> <span class='ocrx_word' id='word_1_671' title='bbox 1163 2664 1343 2701; x_wconf 89' lang='lat' dir='ltr'><strong>pessimum,</strong></span> <span class='ocrx_word' id='word_1_672' title='bbox 1359 2670 1378 2692; x_wconf 94' lang='lat' dir='ltr'><strong>o</strong></span> <span class='ocrx_word' id='word_1_673' title='bbox 1391 2661 1497 2697; x_wconf 76' lang='lat' dir='ltr'><strong>sudaei,</strong></span> <span class='ocrx_word' id='word_1_674' title='bbox 1521 2664 1598 2691; x_wconf 82' lang='lat' dir='ltr'><strong>recte</strong></span> <span class='ocrx_word' id='word_1_675' title='bbox 1613 2670 1666 2692; x_wconf 88' lang='lat' dir='ltr'><strong>vos</strong></span> <span class='ocrx_word' id='word_1_676' title='bbox 1680 2663 1866 2695; x_wconf 87' lang='lat' dir='ltr'><strong>sustinerem.</strong></span> 
     </span>
    </p>
   </div>
  </div>
 </body>
</html>
