2004 3037
603 185 653 218 DE
674 183 828 216 CHRISTI
849 182 1122 215 HUMANITATE.
1146 183 1231 214 CAP.
1257 183 1361 215 xxiv.

216 254 299 282 Circa
312 253 517 282 ascensionem
533 252 637 282 christi
649 252 718 281 octo
730 253 798 280 sunt
816 250 952 293 conside-

179 300 291 335 randa,
306 309 372 338 quae
393 300 581 331 circumstant
598 298 816 333 ascensionem,
834 299 862 326 et
873 297 954 326 colli-

179 348 287 382 guntur
306 355 343 376 ex
365 347 464 376 officio
485 347 522 375 de
541 345 726 376 Ascensione.
752 344 882 374 Primum
895 345 953 379 est,

179 395 263 431 quod
289 396 399 424 scilicet
419 397 536 424 elevatus
558 396 598 422 est
621 393 774 421 videntibus
790 394 799 410 ¹
814 391 954 420 omnibus

179 442 347 479 discipulis,
370 444 403 470 ut
428 440 608 470 desiderium
630 439 770 468 veniendi
790 439 829 467 ad
854 438 952 474 ipsum

179 488 352 517 excitaretur
367 488 398 516 in
416 488 467 516 eis.
488 487 657 516 Secundum
678 488 735 521 est,
751 486 835 523 quod
848 486 858 502 ²
873 486 954 513 nubes

177 537 295 571 suscepit
310 543 368 564 eum
381 535 413 563 ab
427 535 511 563 oculis
523 542 613 562 eorum
625 544 633 561 ε
645 541 699 570 per
712 533 851 562 umbram
865 532 954 560 nubis

178 582 332 617 figuratur,
342 580 426 617 quod
439 580 471 608 in
482 580 539 609 hoc
552 580 671 608 mortali
686 587 810 616 corpore
826 580 911 608 Jrsum
923 579 954 607 in

177 627 238 656 alto
253 627 353 656 videre
368 635 430 656 non
441 635 610 664 possumus.
623 627 750 656 Tertium
765 629 827 661 est,
843 626 928 662 quod
943 627 954 643 ³

179 676 288 704 elevatis
312 674 438 702 manibus
466 675 604 708 ferebatur
630 675 661 701 in
687 675 778 701 coelum
793 682 800 700 :
831 673 955 701 elevavit

179 723 278 750 autem
300 729 406 749 manus
433 721 554 757 propter
580 720 641 748 duo
652 741 662 755 ,
690 720 800 748 scilicet
827 722 859 748 ut
885 727 955 747 suos

179 768 255 796 Patri
271 767 399 802 offerret,
415 769 443 795 et
456 769 489 795 ut
501 767 637 795 inimicos
652 767 709 795 alte
723 768 847 795 retracta
862 775 954 795 manu

179 815 352 851 percuteret.
369 815 510 848 Quartum
529 815 588 847 est,
603 813 688 850 quod
701 814 839 841 benedi-vit
853 815 908 845 eis,
923 816 956 841 ut

180 868 231 889 eos
246 862 348 889 contra
361 861 477 888 hostem
490 860 629 894 muniret,
644 861 672 887 et
686 859 773 887 bonis
788 860 955 887 coelestibus

180 909 310 943 augeret.
326 907 465 940 Quintum
475 908 532 940 est,
544 906 628 943 quod
643 906 774 934 ascendit
788 906 797 922 ⁵
811 907 840 933 in
850 906 955 940 jubila-

181 956 265 989 tione,
288 953 371 990 quod
390 953 512 981 refertur
527 953 567 981 ad
585 961 691 981 vocem
706 953 898 987 jucunditatis
913 961 956 980 re-

181 1001 370 1036 demptorum
385 999 608 1028 ascendentium
622 1007 692 1026 cum
708 999 791 1034 ipso,
808 999 858 1034 qui
873 999 956 1034 prius

179 1054 253 1074 voce
264 1046 452 1082 lacrymabili
465 1046 496 1073 in
509 1045 602 1082 portis
615 1045 722 1073 inferni
737 1045 954 1073 clamaverunt:

179 1093 339 1127 Advenisti,
352 1092 568 1125 desiderabilis,
582 1100 672 1128 quem
686 1092 915 1128 expectabamus
925 1092 957 1119 in

179 1139 317 1168 tenebris.
341 1140 461 1167 Sextum
482 1140 542 1174 est,
565 1138 648 1174 quod
672 1139 803 1166 ascendit
824 1139 833 1156 θ
853 1141 882 1166 in
897 1147 957 1166 voce

180 1187 266 1221 tubae,
294 1186 377 1222 quod
397 1185 520 1213 refertur
545 1185 585 1213 ad
609 1193 717 1213 sonum
740 1185 957 1221 praedicationis

181 1233 396 1269 apostolorum,
421 1233 473 1268 qui
496 1240 586 1260 sonus
609 1232 664 1259 fuit
685 1232 726 1259 eis
741 1232 900 1267 injunctus,
915 1233 957 1261 di-

182 1282 263 1307 cente
278 1280 403 1307 Domino
417 1280 427 1296 ⁷
445 1288 451 1306 :
472 1280 573 1306 Euntes
590 1281 620 1306 in
639 1279 768 1306 mundum
783 1281 955 1315 universum,

177 1327 325 1361 praedicate
334 1326 510 1359 Evangelium
524 1326 597 1353 omni
611 1328 750 1359 creaturoe,
762 1327 815 1353 etc.
832 1328 871 1353 Ex
887 1328 956 1353 tunc

180 1373 259 1400 enim
272 1373 281 1389 ⁸
296 1374 326 1399 in
348 1380 449 1399 omnem
463 1374 562 1399 terram
577 1373 662 1399 eoez'vz‘t
677 1379 756 1399 sonus
774 1381 873 1400 eorum.
889 1373 957 1409 Sep-

179 1420 285 1447 timum
303 1420 359 1452 est,
375 1418 456 1454 quod
477 1417 487 1433 ⁹
511 1419 652 1445 ascendens
672 1420 701 1445 in
716 1419 799 1446 altum
820 1421 956 1454 captivam

181 1466 263 1492 duoeit
280 1466 480 1500 captivitatem,
501 1464 533 1491 id
556 1465 613 1498 est,
638 1465 770 1500 captivos
789 1466 955 1501 captivitate

180 1511 302 1545 inferni,
333 1519 408 1547 quos
436 1518 537 1538 secum
564 1510 659 1538 victor
682 1511 815 1547 captivos
843 1512 956 1540 eduxit.

181 1559 320 1586 Octavum
336 1559 386 1591 est,
398 1556 482 1593 quod
493 1556 514 1574 ¹⁰
523 1557 600 1584 dedit
615 1557 686 1584 dona
701 1558 870 1585 hominibus.-
885 1559 956 1594 quia

180 1605 281 1633 omnia
297 1604 380 1632 bona
394 1605 495 1631 nostra
516 1603 672 1631 desursum
694 1606 778 1638 sunt,
795 1613 855 1640 quo
875 1605 955 1633 Chri-

179 1654 239 1679 stus
257 1650 397 1679 ascendit.
418 1651 530 1678 Horum
549 1649 647 1685 prima
667 1650 727 1677 duo
750 1651 898 1679 habentur
919 1660 955 1680 ex

179 1699 304 1731 Actibus,
325 1697 377 1724 sed
397 1697 515 1724 tertium
536 1697 563 1723 et
584 1697 722 1732 quartum
741 1705 777 1724 ex
791 1697 850 1725 fine
866 1699 956 1725 Evan-

178 1746 244 1780 gelii
262 1744 427 1772 secundum
444 1745 571 1777 Lucam,
586 1743 723 1779 quintum
743 1746 770 1771 et
788 1747 902 1772 sextum
919 1753 955 1773 ex

178 1791 348 1826 Psalmista3
363 1791 434 1818 item
453 1790 612 1825 septimum
632 1792 660 1818 et
676 1792 814 1819 octavum
829 1800 864 1819 ex
879 1793 955 1820 Psal-

177 1840 238 1866 mis.

215 1883 350 1912 Ascendit
363 1883 491 1911 Christus
510 1891 659 1918 regressus
680 1884 719 1911 ad
734 1884 842 1912 coelum
856 1886 954 1913 multi-

178 1931 309 1966 pliciter,
323 1930 454 1957 scilicet:
477 1931 620 1965 tanquam
643 1930 786 1957 obediens
806 1932 954 1967 completa

180 1976 366 2009 obedientia,
395 1976 496 2011 quoad
521 1977 634 2003 Patrem
646 1986 654 2010 3
685 1978 826 2012 tanquam
856 1978 953 2006 bonus

179 2022 326 2050 mediator
345 2021 421 2048 facta
442 2029 515 2056 pace
539 2023 567 2048 et
585 2023 763 2056 concordia,
778 2025 881 2059 quoad
902 2025 953 2052 ho-

179 2069 272 2096 mines
279 2078 288 2103 3
304 2070 447 2103 tanquam
465 2069 599 2095 strenuus
620 2072 835 2104 propugnator,
852 2073 953 2099 contra

181 2116 341 2142 daemones.
357 2113 493 2141 Ascendit
505 2113 632 2141 Christus
646 2114 782 2149 pluribus
797 2116 833 2143 de
847 2118 953 2151 causis,

179 2161 289 2188 scilicet
303 2169 310 2187 :
326 2160 365 2187 ad
384 2160 596 2195 quiescendum
611 2162 678 2195 post
691 2160 809 2188 labores
820 2183 828 2194 ,
845 2163 953 2197 quibus

179 2207 316 2242 fatigatus
338 2206 392 2233 fuit
415 2206 535 2240 triginta
555 2206 648 2233 tribus
674 2207 757 2234 annis
785 2208 872 2235 nobis
895 2218 954 2236 ser-

179 2254 279 2288 viens3
296 2253 335 2280 ad
348 2252 592 2279 intercedendum
607 2260 662 2288 pro
683 2254 801 2288 amicis,
820 2263 874 2290 pro
892 2256 954 2290 qui-

178 2300 235 2327 bus
256 2299 363 2326 utiliter
386 2299 541 2326 laboravit.
565 2299 729 2326 Bernardus
746 2309 752 2327 z
779 2311 792 2325 «
813 2302 954 2329 Securum

179 2355 329 2375 accessum
343 2347 446 2381 habeS,
462 2355 479 2374 ο
494 2347 602 2381 homo,
617 2347 656 2374 ad
671 2350 778 2383 Deum,
794 2349 846 2376 ubi
861 2350 954 2377 habes

179 2395 285 2422 Filium
299 2393 509 2427 mediatorem,
526 2395 553 2420 et
569 2396 692 2421 matrem
706 2395 952 2425 interventricem.

180 2440 268 2468 Filius
289 2439 417 2467 ostendit
439 2439 514 2466 Patri
542 2439 617 2466 latus
642 2442 670 2467 et
693 2441 833 2469 vulnera:
861 2446 956 2470 mater

181 2486 308 2514 ostendit
326 2487 428 2521 pectus
449 2487 476 2512 et
494 2485 595 2513 ubera.
618 2486 661 2514 Ibi
681 2487 763 2515 nulla
781 2491 876 2524 potest
893 2498 953 2517 esse

215 2561 222 2575 ¹
239 2560 303 2589 Act,
322 2565 338 2589 ι,
353 2560 375 2582 9.
387 2572 416 2576 -
428 2559 438 2575 2
455 2559 517 2582 ibid.
534 2572 559 2575 —-
576 2559 586 2575 ³
599 2560 666 2588 Luc„
680 2566 752 2591 ΠΝ,
768 2563 806 2586 50.
821 2575 850 2580 -—
869 2563 953 2587 ⁴1bid.

186 2607 211 2610 -
230 2595 239 2610 ⁵
254 2594 320 2617 Psal.
336 2600 412 2623 xLV1,
429 2595 452 2617 6.
468 2607 498 2611 --
513 2594 523 2609 ⁶
538 2594 599 2617 ibid.
618 2608 644 2611 —-
663 2596 669 2609 ⁷
688 2596 777 2625 Marc,
796 2604 853 2628 xv1,
873 2600 907 2622 14.
924 2611 954 2616 —

188 2628 272 2653 Ῥειιῐ.
289 2634 366 2659 xviii,
383 2630 446 2652 5.—
459 2629 470 2645 ⁹
484 2629 585 2660 Effer„
603 2635 636 2659 ιν,
651 2631 677 2659 83
695 2631 762 2655 Psal.
779 2638 861 2663 mm,
877 2633 912 2656 19.
924 2647 954 2651 —

1730 187 1783 215 167

1009 249 1139 286 repulsa,
1166 250 1219 278 ubi
1239 252 1280 279 tot
1305 252 1486 279 concurrunt
1509 251 1619 279 amoris
1647 250 1784 286 insignia.

1010 296 1138 324 Christus
1153 304 1224 333 ergo
1244 298 1374 334 optimus
1394 297 1557 326 advocatus
1576 299 1635 326 est:
1659 297 1731 334 quia
1745 299 1787 325 tot

1008 343 1100 371 habet
1110 343 1225 379 linguas
1236 352 1291 380 pro
1306 344 1394 372 nobis
1410 345 1576 380 loquentes,
1592 345 1666 380 quot
1680 343 1785 372 vulne-

1008 397 1042 417 ra
1060 397 1115 425 pro
1137 390 1224 418 nobis
1242 391 1390 427 accepit.»
1414 391 1458 419 Ad
1477 390 1724 427 conquerendum
1747 390 1785 420 de

1009 435 1148 471 inimicis,
1162 445 1218 472 pro
1228 437 1338 473 quibus
1352 437 1429 465 vires
1441 445 1508 465 suas
1520 437 1661 465 inutiliter
1676 445 1787 473 expen-

1011 482 1054 510 dit
1077 482 1096 500 ¹¹
1110 492 1116 510 :
1132 484 1165 510 In
1184 491 1298 511 vacuum
1314 484 1445 511 laboravi.
1461 485 1532 512 ltem
1547 484 1678 512 ascendit
1694 483 1786 512 Chris-

1010 530 1070 564 tus,
1086 531 1117 557 ut
1128 529 1217 557 nobis
1234 529 1334 558 locum
1355 531 1536 566 praepararet
1557 531 1577 547 ²²
1597 540 1605 557 ι
1625 531 1700 558 Vado
1714 531 1787 558 vobis

1008 584 1108 610 parare
1127 577 1222 604 locum.
1249 578 1282 604 Ut
1302 576 1445 605 fiduciam
1469 577 1501 604 in
1527 577 1626 612 ipsum
1649 576 1788 613 sperandi

1010 623 1098 650 nobis
1125 623 1275 658 tribueret,
1300 625 1332 651 ut
1354 624 1387 651 in
1412 623 1600 660 corporalem
1627 624 1787 659 possessio-

1010 677 1079 697 nem
1102 672 1216 698 aeternae
1241 670 1418 698 haereditatis
1445 678 1499 698 nos
1527 670 1653 698 mitteret
1679 670 1727 698 ¹³:
1758 671 1788 698 Si

1011 718 1082 744 enim
1096 725 1149 744 non
1169 717 1270 752 abiero,
1290 719 1444 745 Paracletus
1458 725 1511 745 non
1530 719 1617 744 veniet
1633 717 1669 744 ad
1684 724 1740 744 vos.
1757 717 1789 744 Ut

1012 764 1193 792 desiderium
1214 766 1348 793 nostrum
1363 766 1430 801 post
1452 772 1483 792 se
1502 764 1629 792 traheret
1653 765 1683 790 Μ.
1704 765 1788 792 Trahe

1011 818 1052 838 me
1065 813 1127 846 post
1142 813 1175 839 te.
1191 813 1224 839 Ut
1237 811 1318 839 viam
1331 811 1419 839 nobis
1434 811 1473 838 ad
1487 810 1596 838 coelum
1610 811 1787 845 ostenderet,

1012 858 1097 893 quia,
1119 858 1194 886 sicut
1216 858 1322 886 dicitur
1339 858 1370 885 in
1394 859 1471 885 Luca
1492 857 1522 892 ¹⁵,
1543 857 1639 885 eduaez't
1659 859 1789 885 Dominus

1009 905 1088 939 prius
1103 905 1250 939 discipulos
1260 913 1319 932 suos
1333 906 1408 938 foras
1419 905 1557 932 civitatem
1573 906 1603 930 in
1616 904 1788 937 Bethaniam,

1012 952 1045 978 ut
1057 950 1122 986 ipsa
1141 951 1297 978 eductione
1320 952 1532 986 cognoscerent
1551 958 1581 978 se
1596 950 1644 977 hic
1662 958 1724 977 non
1739 950 1790 977 ha-

1011 997 1083 1024 bere
1098 999 1267 1026 manentem
1282 997 1438 1025 civitatem.
1465 997 1551 1031 Quod
1566 998 1665 1025 autem
1693 997 1724 1024 in
1742 998 1790 1024 Bc-

1012 1044 1145 1072 thaniam
1172 1044 1274 1071 eduxit
1301 1052 1352 1072 eos
1370 1044 1469 1080 prius,
1491 1052 1557 1079 quae
1583 1044 1790 1079 interpretatur

1013 1091 1107 1118 domus
1144 1091 1316 1123 obedientiae,
1349 1090 1494 1126 significat
1521 1090 1604 1126 quod
1626 1098 1679 1125 per
1698 1098 1790 1126 opera

1014 1137 1189 1165 obedientiae
1210 1137 1359 1165 transituri
1378 1138 1474 1165 essent
1494 1137 1534 1164 ad
1558 1136 1695 1164 coelestia.
1723 1138 1790 1164 Post

1012 1183 1069 1210 hoc
1088 1183 1155 1211 fecit
1174 1192 1228 1218 eos*
1238 1184 1361 1211 transire
1379 1184 1410 1211 in
1424 1184 1557 1211 montem
1571 1183 1742 1217 Olivarum,
1758 1186 1791 1210 ut

1012 1237 1066 1265 per
1084 1232 1217 1258 montem
1233 1230 1414 1265 intelligatur
1441 1230 1599 1258 eminentia
1617 1230 1735 1266 spiritus
1758 1230 1789 1258 in

1013 1277 1278 1312 contemplatione,
1296 1285 1350 1312 per
1365 1276 1458 1304 olivas
1477 1278 1576 1304 autem
1603 1277 1789 1312 pinguissimi

1012 1323 1139 1359 pectoris
1167 1323 1296 1350 devotio.
1325 1323 1448 1350 Ulterius
1470 1331 1541 1350 vero
1562 1326 1630 1359 post
1652 1323 1706 1351 ista
1727 1331 1789 1351 non

1012 1371 1100 1397 restat
1120 1369 1176 1397 nisi
1197 1369 1287 1397 saltus
1305 1370 1410 1397 animae
1431 1370 1462 1397 in
1483 1370 1600 1397 coelum.

1048 1416 1196 1444 Exaltatus
1211 1418 1310 1443 autem
1325 1416 1379 1444 suit
1394 1417 1523 1444 Christus
1539 1416 1699 1452 tripliciter,
1716 1416 1790 1444 scili-

1013 1464 1072 1490 cet:
1089 1462 1120 1489 in
1138 1464 1225 1497 terra,
1242 1471 1295 1498 per
1312 1463 1379 1491 vitae
1393 1463 1549 1498 meritum3
1567 1471 1655 1499 super
1669 1465 1788 1497 terram,

1012 1517 1065 1544 per
1081 1509 1174 1536 crucis
1190 1509 1386 1544 suspendium
1392 1519 1400 1543 3
1413 1517 1501 1545 super
1511 1510 1611 1544 coelOS,
1623 1518 1676 1545 per
1689 1518 1790 1537 ascen-

1012 1555 1102 1582 sionis
1111 1555 1251 1590 jubilum.
1272 1555 1409 1584 Ascensio
1425 1555 1527 1583 Christi
1542 1556 1595 1583 fuit
1606 1556 1719 1591 angelis
1734 1556 1789 1583 mi-

1011 1601 1114 1629 rabilis
1141 1603 1187 1628 ¹5:
1211 1602 1278 1634 Quis
1302 1604 1340 1629 est
1363 1603 1427 1633 iste,
1452 1604 1500 1636 qui
1524 1604 1597 1629 venit
1625 1602 1658 1629 de
1684 1603 1786 1633 Edam,

1012 1650 1105 1675 tinctis
1111 1648 1228 1675 vestibus
1246 1648 1278 1675 de
1288 1649 1373 1675 Basra
1384 1650 1397 1674 ?
1405 1648 1595 1676 Daemonibus
1605 1648 1742 1676 terribilis
1750 1650 1768 1665 ¹⁷
1780 1659 1786 1676 ε

1010 1695 1070 1723 Non
1087 1696 1145 1728 fuit
1163 1697 1267 1721 tantum
1288 1695 1420 1729 gaudium
1443 1695 1502 1722 heri
1526 1698 1551 1722 et
1567 1695 1766 1722 nudiustertius
1778 1717 1787 1727 ,

1009 1750 1049 1768 voe
1063 1742 1148 1769 nobis.
1164 1743 1227 1768 Haec
1242 1743 1309 1768 sunt
1319 1741 1412 1768 verba
1422 1741 1650 1776 Phssistinorum,
1665 1742 1786 1777 quando

1009 1787 1248 1815 vociferabantur
1261 1787 1316 1814 filii
1332 1787 1431 1821 Israel,
1448 1787 1520 1814 dum
1536 1787 1732 1815 adduceretur
1742 1796 1786 1816 ar<

1010 1842 1045 1861 ca
1063 1834 1183 1862 foederis
1196 1834 1227 1861 in
1248 1834 1306 1861 Silo
1322 1834 1353 1861 in
1368 1835 1472 1868 castra,
1487 1836 1520 1860 ut
1538 1842 1592 1869 per
1613 1842 1679 1861 eam
1698 1834 1787 1862 habc-

1008 1882 1073 1907 rent
1089 1880 1224 1908 divinum
1239 1880 1421 1915 adetorium
1436 1880 1467 1907 in
1482 1880 1593 1916 praelio.
1611 1880 1786 1908 Hominibus

1009 1927 1155 1961 salutaris,
1176 1927 1250 1954 sicut
1266 1935 1355 1962 supra
1372 1928 1451 1962 patet
1467 1927 1504 1954 de
1526 1926 1671 1962 mutiplici
1691 1927 1786 1954 fructu

1009 1973 1189 2001 ascensionis
1201 1973 1314 2000 Christi.

1044 2019 1316 2047 AscenditChristus
1326 2019 1536 2054 multipliciter,
1546 2019 1655 2047 scilicet
1666 2029 1672 2046 :
1684 2021 1785 2055 poten-

1009 2070 1061 2102 ter,
1075 2068 1145 2103 quia
1160 2068 1280 2095 elevatis
1296 2068 1434 2095 manibus
1449 2068 1598 2095 ferebatur
1612 2069 1641 2095 in
1661 2068 1768 2095 coelum
1776 2080 1784 2103 ;

1008 2116 1151 2149 patenter,
1177 2114 1248 2149 quia
1276 2114 1445 2140 videntibus
1477 2114 1534 2141 illis
1565 2114 1693 2142 elevatus
1721 2117 1783 2149 est;

1009 2162 1182 2196 gaudenter,
1199 2162 1269 2196 quia
1281 2162 1412 2188 ascendit
1425 2162 1454 2188 in
1467 2162 1662 2197 jubilatione,
1678 2164 1784 2192 decen-

1008 2209 1062 2241 ter,
1087 2208 1157 2243 quia
1182 2216 1248 2234 cum
1278 2208 1394 2235 duabus
1422 2208 1525 2235 turmis
1550 2209 1783 2245 regrediebatur,

1008 2256 1117 2283 scilicet
1127 2256 1281 2283 hominurn
1291 2258 1318 2283 et
1327 2257 1512 2291 angelorum.
1522 2260 1586 2285 Non
1597 2260 1694 2285 autem
1706 2259 1785 2293 dico,

1009 2302 1092 2338 quod
1107 2302 1148 2330 ibi
1168 2303 1275 2330 fuerint
1292 2303 1392 2338 angeli
1415 2304 1445 2330 in
1465 2304 1647 2338 adjutorium
1662 2305 1785 2333 necessi-

1008 2349 1083 2383 tatis,
1112 2349 1165 2376 sed
1192 2349 1223 2376 in
1250 2349 1428 2384 obsequium
1457 2350 1617 2384 dignitatis.
1647 2352 1784 2379 Homines

1009 2404 1129 2432 quoque
1145 2396 1211 2423 illos
1226 2396 1306 2430 dico,
1326 2404 1402 2431 quos
1418 2396 1455 2423 de
1469 2396 1570 2424 inseris
1592 2397 1739 2432 liberavit,
1757 2401 1784 2425 et

1009 2442 1060 2477 qui
1079 2444 1145 2477 post
1159 2442 1403 2470 resurrectionem
1419 2451 1513 2478 usque
1527 2443 1566 2470 ad
1581 2444 1784 2472 ascensionem

1009 2488 1118 2515 mortui
1134 2490 1200 2515 sunt
1215 2489 1252 2515 de
1267 2496 1391 2516 numero
1406 2489 1635 2523 salvandorum,
1648 2497 1702 2517 nec
1717 2498 1784 2525 pur-

1011 2561 1031 2577 ¹⁰
1051 2562 1112 2586 lbid.
1135 2575 1163 2579 —-
1184 2563 1200 2578 ¹¹
1222 2564 1282 2592 lm„
1309 2568 1380 2591 XLIV,
1402 2565 1424 2586 4.
1445 2576 1474 2580 --
1496 2564 1512 2577 '²
1533 2564 1612 2593 λῆψι,
1636 2570 1689 2593 ΧΝ,
1712 2566 1733 2588 2.
1755 2578 1784 2582 —-

1013 2596 1030 2612 ¹³
1045 2600 1126 2627 donn„
1140 2604 1192 2627 xxi,
1211 2599 1234 2621 ’1.
1249 2610 1277 2615 —
1295 2598 1313 2613 ¹⁵
1332 2599 1413 2625 Cant„
1432 2604 1448 2626 1,
1466 2601 1489 2621 ¹0¹.
1501 2611 1530 2615 —
1546 2599 1563 2614 '⁵
1577 2600 1643 2628 Luc„
1659 2605 1730 2630 xxiv,
1745 2602 1782 2623 50,

1010 2647 1040 2652 -
1057 2635 1074 2651 ¹⁶
1091 2635 1150 2664 Ira„
1167 2639 1242 2663 LXiH,
1255 2635 1277 2657 1.
1291 2646 1320 2650 —-
1339 2633 1378 2656 '71
1397 2634 1463 2664 Κεφ,
1481 2640 1516 2664 iv,
1532 2635 1554 2657 S.
