2004 3037
854 169 983 202 CAPUT
1006 169 1031 201 1.

118 242 218 271 autem
243 240 388 270 transiens
419 246 474 277 per
499 238 635 268 medium
660 238 783 267 illorum
811 237 894 273 ibat,

120 288 195 321 Luc„
209 295 248 316 iv.

158 333 329 362 «circuibat
342 335 455 367 Jesus‚»
477 333 544 368 etc.;
560 331 731 361 obtulerunt
748 330 775 359 ei
793 338 897 359 omnes

119 380 196 409 male
223 381 365 409 habentes
379 379 468 408 variis
487 379 682 415 languoribus
699 379 727 406 et
744 377 897 406 tormentis

121 428 364 465 comprehensos,
375 429 402 456 et
416 427 467 463 qui
479 426 628 455 doemonia
639 425 802 459 habebant,
813 426 841 454 et
850 425 897 453 lu-

120 475 233 504 naticos
241 477 269 503 et
278 473 688 511 paralyticos,etcuraviteos.
699 483 712 498 r»
725 472 842 506 Mami„
855 479 896 500 iv.

120 521 219 550 Simile
233 521 369 557 habetur,
385 522 461 556 Luc„
477 528 505 549 iv
515 529 522 548 ;
533 529 546 546 α
557 521 664 549 Omnes
680 519 730 556 qui
745 518 898 547 habebant

120 568 255 597 infirmos
267 567 357 597 variis
366 567 593 603 languoribus,»
604 569 658 595 etc.
667 567 749 601 Item,
760 566 834 601 Luc„
846 573 876 595 vr
889 575 895 594 :

127 626 140 642 (ι
154 616 249 644 Virtus
262 615 299 643 de
311 615 364 643 illo
380 614 490 648 exibat,
502 615 529 641 et
543 613 668 642 sanabat
683 621 796 641 omncs.
810 623 823 639 »

155 663 303 697 Quantum
317 661 357 690 ad
375 660 533 696 miracula,
553 669 620 697 quse
642 660 777 688 Salvator
799 662 898 689 noster

119 717 188 738 cum
210 708 385 738 hominibus
408 708 600 736 conversatus
622 707 740 744 operari
759 706 898 743 dignatus

119 757 178 791 est,
195 763 232 784 ex
245 755 417 791 evangelica
431 754 581 791 colligitur
595 754 732 790 historia,
750 754 821 791 quia
835 754 898 791 ipse

119 804 177 831 tres
195 804 333 831 mortuos
347 801 512 837 suscitavit,
529 801 669 830 videlicet
690 801 784 829 filiam
798 801 898 830 Archi-

119 849 264 886 synagogi
280 849 310 877 in
327 849 418 878 domo
431 849 523 886 patris
535 870 542 883 ,
558 849 669 883 Matth„
685 857 728 884 ix;
745 850 844 883 Marc„
861 857 897 884 v;

119 897 197 930 Luc„
226 904 286 924 vin.
317 897 388 925 Item
410 896 506 924 filium
533 895 632 924 viduae
656 895 788 924 delatum
818 897 900 925 extra

119 946 220 980 portas
235 943 360 972 civitatis
373 943 474 978 Naim,
488 944 562 978 Luc„
578 951 619 972 111.
645 943 755 972 Tertius
778 942 831 971 suit
850 944 899 971 La-

118 998 204 1019 zarus
218 990 306 1019 trater
323 990 418 1019 Mariae
433 992 460 1018 et
474 989 611 1025 Marthae,
627 990 679 1026 qui
690 991 754 1026 ¹jam
777 990 901 1027 quadri-

119 1037 237 1066 duanus
252 1038 323 1072 erat,
344 1039 372 1066 et
385 1037 418 1066 in
432 1037 569 1073 sepulcro
582 1036 719 1071 soetebat,
731 1038 840 1068 Joamz„
857 1044 897 1064 XI.

154 1085 228 1112 Item
247 1084 382 1120 leprosos
400 1083 541 1112 undecim
555 1083 704 1112 invenitur
726 1083 898 1112 mundasse.

119 1131 157 1159 De
171 1139 249 1165 uno,
265 1131 378 1163 Matth„
393 1138 460 1166 v111;
484 1131 584 1164 Marc„
598 1139 624 1164 13
640 1132 718 1165 Luc„
733 1139 762 1159 v.
779 1132 818 1159 De
834 1131 899 1160 aliis

119 1179 218 1206 autem
235 1177 350 1214 decem,
362 1178 413 1214 qui
426 1178 590 1206 dixerunt«
606 1177 696 1206 simul
708 1187 714 1205 :
727 1187 740 1204 «
750 1179 816 1206 Jesu
827 1186 899 1214 prae-

119 1227 231 1261 ceptor,
241 1225 380 1253 miserere
391 1225 493 1260 nostri,
511 1236 523 1251 ν»
537 1227 614 1259 Luc„
630 1234 699 1254 xvn.

156 1273 317 1307 Praeterea,
341 1280 393 1300 sex
407 1280 500 1300 caecos
523 1273 632 1308 legitur
653 1273 843 1301 illuminasse.
862 1275 900 1302 De

120 1318 239 1346 duobus
266 1318 355 1347 simul
369 1339 379 1354 ‚
407 1319 521 1354 Matth„
535 1327 576 1347 ix.
609 1320 646 1347 De
670 1319 790 1348 duobus
814 1320 879 1349 aliis
890 1341 899 1355 ,

119 1368 232 1401 Malch„
247 1375 303 1395 xx:
315 1376 328 1393 «
343 1368 405 1395 Duo
417 1367 484 1395 caeci
500 1367 634 1395 sedentes
647 1376 729 1395 secus
744 1368 835 1403 viam,
849 1377 900 1396 au-

121 1414 244 1450 dientes,
257 1414 328 1450 quia
337 1415 419 1442 Jesus
427 1415 587 1443 transiret.»
599 1416 636 1442 De
648 1422 708 1442 uno
719 1415 789 1449 allo,
800 1416 899 1451 Marc„

119 1469 171 1490 vni
185 1470 192 1489 :
208 1461 359 1490 «Veniunt
379 1461 564 1489 Bethsaidam
589 1462 639 1498 (α),
656 1464 683 1490 et
698 1461 852 1490 adducunt
874 1463 901 1490 ei

120 1516 240 1543 caecum,
250 1510 277 1536 et
284 1508 432 1544 rogabant
442 1508 538 1543 illum,
549 1510 582 1535 ut
592 1516 660 1536 eum
668 1510 810 1544 tangeret,
828 1511 898 1537 etc.»

119 1557 157 1585 De
173 1555 233 1584 alio
248 1557 346 1584 autem
362 1563 439 1583 caeco
453 1557 541 1590 nato,
557 1556 666 1590 Joann„
682 1563 722 1583 xx.

157 1602 359 1630 Doemoniacos
373 1603 472 1630 autem
487 1603 599 1638 septem
616 1602 783 1638 specialiter
796 1602 901 1632 libera-

119 1649 171 1678 vit.
188 1651 227 1677 De
243 1649 384 1683 duobus,
403 1648 516 1680 Match„
538 1656 607 1684 v111;
629 1648 667 1676 de
687 1657 816 1685 quorum
838 1658 899 1678 uno

120 1698 173 1734 qui
188 1699 250 1726 erat
263 1696 415 1731 famosus,
437 1697 465 1724 et
488 1704 599 1724 nomen
620 1696 677 1724 sibi
694 1704 756 1724 esse
772 1698 901 1732 legionem

121 1744 259 1779 dicebat,
274 1743 424 1779 tangitur,
440 1744 517 1777 Luc„
534 1751 594 1771 vui.
612 1744 650 1771 De
671 1751 732 1771 uno
753 1744 828 1778 alio,
849 1745 900 1781 qui

122 1793 184 1820 erat
197 1792 311 1824 mutus,
326 1791 440 1824 Manli„
458 1797 497 1817 lx.
519 1791 557 1817 De
574 1789 649 1824 alio,
665 1790 717 1826 qui
732 1792 794 1819 erat
807 1799 900 1819 caecus

122 1840 150 1867 et
164 1840 277 1872 mutus,
291 1837 404 1872 Matth„
420 1845 479 1872 xu3
501 1838 528 1864 et
548 1838 625 1870 Luc„
652 1846 697 1872 x1,
718 1838 755 1865 de
781 1838 898 1868 eodem.

122 1888 159 1914 De
176 1885 310 1922 quodam
324 1892 394 1912 vero
419 1883 568 1918 lunatico,
585 1884 636 1919 qui
657 1893 718 1912 non
732 1887 847 1921 poterat
866 1886 900 1914 li-

121 1932 238 1967 berari,
262 1931 319 1959 nisi
345 1930 376 1958 in
395 1929 528 1958 oratione
553 1931 581 1958 et
598 1930 732 1966 jejunio,
753 1932 899 1968 habetur,

121 1980 235 2012 Matth„
247 1987 288 2007 1x.

158 2029 229 2056 Item
244 2026 281 2054 de
294 2025 428 2062 quodam
441 2024 544 2061 spiritu
556 2025 713 2053 immundo
725 2026 763 2054 ab
780 2026 899 2055 homine

121 2074 152 2101 in
167 2080 322 2110 synagoga
335 2072 505 2100 Judaeorum
518 2071 608 2106 ejecto
621 2072 756 2107 tangitur,
769 2074 866 2108 Marc„
879 2083 898 2106 1,

122 2123 201 2156 Luc.,
216 2128 255 2148 iv.
268 2121 338 2148 Item
352 2119 388 2147 de
399 2118 461 2146 filia
475 2118 607 2146 mulieris
622 2120 787 2154 Cananaeae,
804 2121 843 2148 ad
858 2122 900 2149 in-

122 2168 259 2195 stantiam
274 2166 376 2194 matris
400 2167 519 2199 sanata,
536 2166 647 2201 Matth.‚
662 2174 713 2202 xv,·
731 2168 829 2202 Marc„
849 2176 898 2197 vn.

124 2217 193 2243 Item
217 2213 384 2242 secundum
399 2212 526 2240 litteram
547 2215 695 2248 narratur,
723 2215 800 2248 Luc„
825 2223 896 2244 vm:

125 2273 137 2288 «
149 2262 237 2297 chcit
251 2263 363 2296 septem
375 2260 523 2287 daemonia
536 2270 548 2285 »
564 2259 601 2288 de
612 2261 701 2289 Maria
711 2262 897 2298 magdalena5

122 2311 149 2337 et
162 2309 219 2337 hoc
234 2308 333 2344 ipsum
351 2307 469 2342 dicitur,
485 2307 580 2338 Marc„
596 2315 654 2335 xvi.

157 2357 247 2391 Item,
263 2363 332 2383 cum
351 2362 452 2382 socrus
476 2353 601 2381 Simonis
622 2355 768 2383 teneretur
783 2357 899 2392 magnis

121 2402 274 2437 febribus,
298 2400 456 2438 imperavit
477 2402 557 2428 Jesus
585 2401 678 2436 febri,
699 2404 725 2430 et
757 2403 898 2433 continuo

122 2458 245 2485 surgens
264 2448 450 2477 ministrabat
464 2447 506 2483 ei,
524 2448 637 2480 matth„
665 2456 732 2484 vin,
755 2449 853 2482 Marc„
869 2458 894 2485 1,-

122 2498 199 2531 Luc„
212 2504 250 2524 iv.

156 2606 188 2637 (a)
201 2607 262 2630 Caet.
279 2606 340 2630 edit.
354 2605 498 2629 Bethsaida.
509 2618 538 2623 —
552 2605 586 2635 (fs)
600 2606 660 2631 Coet.
676 2607 735 2632 cdft.
753 2607 896 2638 imputavit.

124 2656 150 2660 —
168 2643 193 2672 (ι.)
209 2643 269 2666 caet.
287 2641 346 2667 edit.
362 2641 434 2666 deest
448 2640 550 2672 Mam„
561 2646 633 2666 xxvr.

1670 167 1731 198 489

987 238 1058 266 Item
1071 235 1271 274 paralyticum
1285 237 1352 265 ante
1371 242 1441 264 eum
1459 242 1514 272 per
1527 233 1642 271 tegulas
1663 233 1732 264 teca

951 284 1116 314 demissum
1146 283 1262 314 sanavit
1279 304 1289 319 ,
1318 283 1432 318 Matth„
1464 290 1493 312 u
1503 291 1512 318 3
1550 283 1652 318 Marc„
1681 288 1730 317 1v3

950 333 1029 366 Luc„
1042 339 1075 360 v.

986 380 1058 408 Item
1078 378 1297 415 hydropicum,
1318 377 1392 406 dum
1412 377 1539 406 sabbato
1562 376 1732 406 comederet

951 427 982 456 in
997 426 1089 455 domo
1103 425 1239 454 Pharisaei
1249 445 1258 459 ,
1274 425 1406 459 curavit,
1421 426 1486 453 Luc.
1492 444 1502 459 ‚
1514 432 1576 454 nv.

986 475 1058 502 Item
1078 473 1194 502 homini
1212 480 1336 501 manum
1356 471 1473 500 aridam
1491 472 1614 501 habenti
1632 473 1732 501 exten-

952 520 1023 549 dere
1037 529 1104 549 eam
1118 519 1203 554 feeit,
1219 520 1332 554 Matth„
1348 527 1406 554 xn;
1424 520 1524 554 Marc„
1538 526 1580 547 ιιι.

988 569 1059 596 Item
1077 567 1232 596 hominem
1251 565 1430 602 languidum
1448 573 1503 602 per
1526 565 1645 602 triginta
1665 567 1732 595 octo

953 623 1047 643 annos
1061 615 1092 642 in
1105 615 1257 642 momento
1272 613 1407 648 sanavit,
1429 614 1540 648 Joann„
1556 621 1584 641 v.
1601 614 1673 641 Item
1686 612 1732 641 in-

953 663 1105 690 curvatam
1121 660 1277 689 mulierem
1288 680 1297 695 ,
1313 668 1368 688 nec
1382 668 1500 688 sursum
1521 659 1667 697 respicere
1681 667 1733 688 va-

952 708 1080 743 lentem,
1096 708 1249 742 erexerat,
1265 708 1343 742 Luc„
1356 715 1419 735 xm.

988 756 1059 784 Item
1074 755 1190 783 sanavit
1203 762 1322 783 servum
1338 753 1539 789 centurionis,
1551 753 1604 790 qui
1616 753 1735 790 Jacebat

953 803 1133 840 paralyticus
1143 824 1152 838 ,
1171 804 1199 830 et
1210 801 1289 830 male
1304 801 1510 838 torquebatur,
1526 801 1641 836 Mania,
1655 809 1719 829 vm.

989 851 1060 878 Item
1075 849 1200 878 surdum
1222 849 1291 877 fecit
1314 848 1438 883 audire,
1459 850 1486 877 et
1499 849 1616 877 mutum
1629 848 1733 884 loqui,

954 898 1054 932 Mam,
1070 905 1110 926 lx.

989 946 1060 973 Item
1078 943 1176 972 filium
1193 943 1290 979 reguli
1309 943 1346 971 de
1365 942 1575 980 capharnaum
1591 941 1736 979 incipien-

954 993 1013 1020 tem
1027 991 1105 1020 mori
1119 991 1160 1020 ad
1169 991 1261 1019 vitam
1275 990 1402 1025 reduxit,
1419 991 1530 1025 Joann„
1546 998 1585 1018 iv.

990 1041 1061 1068 Item
1086 1038 1202 1066 fluxum
1225 1037 1377 1073 sanguinis
1399 1036 1431 1065 in
1459 1036 1583 1065 muliere
1606 1036 1734 1065 haemor-

953 1085 1068 1114 rhoissa
1091 1093 1206 1113 cessare
1227 1085 1296 1113 fecit
1318 1086 1396 1113 tactu
1419 1083 1546 1112 fimbriae
1568 1083 1735 1112 vestimenti

955 1132 1037 1169 ejus,
1052 1133 1168 1167 Matth„
1184 1140 1233 1167 ¹¹3
1250 1132 1352 1166 Marc„
1368 1139 1395 1159 v.

990 1181 1079 1215 Item,
1096 1180 1267 1215 tempestate
1287 1178 1389 1206 valida
1407 1178 1438 1206 in
1461 1177 1554 1212 mari,
1577 1177 1643 1214 ipso
1667 1177 1736 1206 dor-

954 1227 1080 1262 miente,
1104 1228 1270 1261 commota,
1293 1225 1451 1262 imperavit
1469 1224 1563 1259 mari,
1587 1226 1616 1253 et
1638 1225 1736 1253 statim

958 1274 1051 1301 «venti
1066 1275 1092 1301 et
1105 1281 1187 1301 mare
1196 1273 1341 1301 obediunt
1351 1272 1389 1307 ei,
1402 1282 1414 1298 n
1431 1272 1545 1307 Manli„
1557 1280 1607 1300 vm
1618 1282 1627 1308 ς
1637 1273 1735 1308 Marc,

955 1329 998 1353 1v;
1015 1321 1089 1356 Luc„
1103 1328 1164 1349 viu.

992 1371 1062 1397 Item
1071 1369 1247 1403 ambulavit,
1255 1367 1409 1404 discipulis
1417 1367 1737 1404 admirantibus‚sup1·a

955 1424 1048 1451 mare,
1065 1419 1092 1444 et
1106 1418 1223 1444 Petrum
1239 1415 1394 1444 ambulare
1409 1414 1487 1449 fecit,
1503 1417 1532 1442 et
1546 1415 1737 1451 incipientem

956 1463 1050 1499 mergi
1073 1472 1167 1492 manu
1196 1465 1313 1491 extenta
1340 1462 1469 1490 salvavit
1484 1482 1493 1496 ,
1524 1462 1636 1498 Matth„
1665 1470 1714 1491 xxv
1727 1472 1736 1498 ;

956 1511 1055 1545 Marc„
1071 1518 1112 1538 vr.

992 1559 1063 1586 Item
1091 1556 1251 1593 pulchrum
1283 1556 1462 1584 miraculum
1489 1556 1617 1584 ostendit
1644 1556 1738 1584 tribus

956 1604 1101 1641 apostolis
1114 1604 1146 1632 in
1161 1613 1216 1632 sua
1229 1603 1492 1640 transfiguratione
1503 1625 1512 1638 ‚
1526 1604 1640 1638 Matth„
1658 1611 1716 1632 xvn
1727 1613 1736 1639 ;

955 1653 1053 1686 Mare„
1070 1659 1118 1686 1x;
1135 1653 1212 1686 Luc„
1228 1660 1268 1679 ix.

991 1700 1063 1727 Item
1079 1698 1116 1726 de
1132 1698 1266 1735 quinque
1285 1697 1415 1734 panibus
1430 1700 1459 1726 et
1474 1697 1593 1726 duobus
1607 1697 1738 1734 piscibus

955 1746 1089 1782 quinque
1115 1746 1209 1774 millia
1233 1745 1391 1774 hominum
1418 1746 1555 1780 satiavit,
1580 1747 1608 1774 et
1630 1746 1739 1774 sublati

956 1793 1074 1821 suerunt
1085 1792 1245 1821 duodecim
1254 1792 1373 1829 cophini
1384 1793 1630 1828 fragmentorum,
1643 1794 1739 1828 Man„

955 1848 1024 1875 x=v;
1040 1841 1140 1874 Marc„
1156 1848 1205 1874 vi;
1222 1841 1299 1874 Luc„
1313 1847 1359 1875 1x3
1376 1841 1487 1874 Joann.,
1503 1848 1541 1868 v1.

993 1890 1062 1916 Item
1079 1889 1207 1924 quatuor
1220 1887 1315 1915 millia
1325 1887 1483 1915 hominum
1496 1886 1596 1915 refecit
1606 1886 1665 1915 alia
1676 1886 1739 1915 vice

957 1935 993 1963 de
1009 1937 1121 1970 septem
1136 1934 1266 1970 panibus
1289 1935 1316 1961 et
1336 1933 1439 1969 paucis
1460 1933 1629 1969 pisciculis,
1648 1936 1676 1961 et
1694 1942 1740 1962 su-

955 1981 1128 2017 perfuerunt
1156 1982 1268 2016 septem
1294 1982 1401 2016 sportae
1422 1979 1594 2015 fragmentis
1619 1980 1738 2016 plenae,

954 2028 1070 2060 Matth„
1086 2035 1142 2062 xv;
1159 2028 1260 2060 Marc„
1275 2034 1335 2054 viu.

993 2076 1063 2102 Item
1078 2074 1168 2101 ficum
1182 2073 1343 2101 habentem
1357 2073 1428 2101 folia
1448 2073 1511 2101 sine
1533 2072 1631 2101 fructu
1649 2073 1739 2101 male-

957 2121 1041 2154 dixit,
1055 2123 1082 2148 et
1092 2121 1233 2148 continuo
1249 2120 1337 2155 aruit,
1353 2120 1466 2155 Mami„
1481 2128 1546 2155 xxr3
1563 2121 1662 2155 Marc„
1676 2128 1736 2149 vm.

993 2169 1063 2195 Item
1084 2167 1248 2195 auriculam
1272 2174 1326 2202 per
1346 2168 1465 2194 Petrum
1487 2175 1573 2194 servo
1595 2166 1737 2203 principis

956 2214 1145 2242 sacerdotum
1172 2215 1356 2250 amputatam
1381 2213 1510 2249 benigne
1541 2213 1664 2241 restituit
1676 2234 1685 2247 ,
1710 2215 1738 2241 et

955 2262 1072 2288 Petrum
1098 2269 1187 2296 super
1216 2260 1280 2288 haec
1302 2260 1465 2296 increpavit
1491 2260 1545 2297 (b),
1561 2261 1635 2293 Luc„
1657 2268 1735 2295 xxu,

955 2309 1069 2343 Manli„
1086 2316 1155 2336 xxvi
1172 2310 1213 2343 (c).

991 2356 1063 2383 Cum
1078 2357 1176 2383 autem
1199 2355 1262 2391 ipse
1283 2354 1416 2383 Salvator
1439 2362 1493 2390 pro
1517 2354 1610 2382 salute
1631 2354 1736 2381 mundi

955 2401 1097 2437 penderet
1112 2402 1142 2429 in
1157 2410 1259 2436 cruce,
1272 2411 1286 2427 ι(
1296 2410 1313 2429 a
1327 2403 1409 2429 sexta
1423 2401 1498 2429 hora
1515 2401 1572 2428 diei
1588 2409 1682 2437 usque
1697 2400 1736 2428 ad
1764 2429 1766 2432 ,

954 2449 1060 2477 horam
1074 2458 1185 2477 nonam
1203 2450 1330 2478 tenebrae
1340 2449 1421 2476 factae
1436 2450 1503 2476 sunt
1517 2457 1604 2485 super
1620 2449 1736 2476 univer-

955 2505 1018 2524 sam
1029 2498 1149 2532 terram,
1158 2508 1170 2522 »
1185 2499 1265 2524 Luna
1275 2497 1412 2524 existente
1423 2496 1539 2524 decima
1547 2496 1659 2531 quinta,
1669 2495 1735 2523 etin

954 2546 1037 2579 parte
1054 2544 1119 2572 eoeli
1134 2544 1272 2580 opposita
1287 2543 1361 2578 Soli,
1379 2543 1419 2571 ita
1435 2543 1519 2579 quod
1541 2542 1591 2570 Sol
1614 2550 1668 2578 per
1690 2541 1735 2577 ip-

955 2598 1018 2618 sam
1032 2592 1140 2618 Lunam
1153 2591 1320 2618 nullatenus
1333 2589 1505 2618 naturaliter
1518 2590 1633 2625 poterat
1645 2588 1734 2623 eclip-

954 2637 1025 2672 sari5
1041 2647 1054 2663 α
1068 2640 1095 2665 et
1110 2638 1208 2665 velum
1221 2637 1320 2673 templi
1332 2637 1454 2664 scissum
1466 2637 1554 2669 est,ct
1564 2638 1640 2662 terra
1653 2636 1733 2662 mota
