2004 3037
846 252 977 287 CAPUT
998 253 1078 286 LlII.

153 354 156 358 .
190 317 300 356 loseph
316 318 421 348 fratres
437 325 509 348 suos
527 319 612 348 caute
630 316 836 355 reprehendit,
851 318 880 346 et
894 317 936 346 eis

156 365 294 395 timorem
307 365 437 395 incussit.
455 366 521 395 Gen.
531 386 540 402 ,
555 373 632 395 xmv.

191 415 307 442 Bonum
326 413 485 442 consilium
506 413 535 441 et
552 412 713 441 discretum
732 411 815 441 dedit
838 411 936 440 Jethro

155 460 264 498 Moysi,
279 468 348 489 cum
363 460 437 489 dixit
452 470 459 489 :
478 468 493 487 «
506 460 633 489 Provide
645 459 727 489 viros
741 459 893 496 potentes,
909 461 937 487 et

159 507 294 537 timentes
307 509 412 544 Deum,
426 517 441 534 n
463 508 518 536 etc.
531 507 635 543 Emod.,
650 515 731 543 xvnx,
746 507 792 535 21.

189 555 357 592 Antequam
375 556 490 592 Moyses
505 554 659 583 invaderet
678 555 789 582 terram
807 554 935 590 promis-

154 601 256 637 sionis,
283 601 364 631 misit
387 602 590 639 exploratores
616 601 703 637 illuc,
732 601 772 630 ad
799 600 936 630 conside-

155 649 286 678 randum
300 648 485 678 conditiones
501 649 575 685 ejus.
591 649 687 682 Num„
701 655 765 677 xm.

189 696 396 733 Exploratores
423 704 500 733 quos
529 695 610 724 misit
637 697 743 731 Josue,
773 695 937 732 prudenter

153 743 320 779 latuerunt,
340 743 437 772 donec
456 744 519 779 illi,
535 744 588 781 qui
609 743 782 781 quaerebant
805 751 856 772 eos
867 764 877 779 ,
897 742 937 772 ad

153 791 277 828 propria
290 791 451 820 redierunt.
466 793 534 828 Jos.,
551 799 581 820 11.

191 840 297 876 Magna
310 839 469 876 sagacitate
487 848 558 868 usus
580 841 622 868 est
639 841 727 868 Josue
742 838 867 868 insidias
881 847 936 876 po-

153 887 256 915 nendo
277 887 363 923 Juxta
386 887 535 916 civitatem
560 887 633 923 Hai,
657 888 686 916 et
706 887 812 923 fugam
833 888 938 923 postea

153 934 336 963 simulando.
349 935 418 970 Jos.,
432 942 492 963 vm.

190 981 302 1010 Callide
319 982 482 1018 cogitantes
496 981 667 1011 Gabaonitae
680 981 841 1011 voluerunt
855 981 936 1010 deci-

152 1037 223 1066 pere
236 1031 341 1066 Josue3
357 1029 411 1058 sed
429 1028 480 1057 ille
495 1036 547 1057 eos
568 1028 692 1058 discrete
713 1029 746 1057 in
764 1029 936 1058 servitutem

152 1076 276 1112 redegit.
292 1077 361 1111 Jos.,
375 1084 414 1105 ix.

189 1123 313 1152 Phinees
322 1145 331 1159 ,
348 1124 377 1152 et
390 1123 441 1152 alii
455 1122 552 1152 nuntii
568 1122 608 1151 ad
621 1123 701 1151 filios
714 1123 821 1152 Ruben
834 1123 934 1156 missi,

153 1170 278 1200 discrete
292 1170 385 1199 locuti
401 1173 486 1205 sunt,
502 1172 529 1199 et
546 1170 592 1199 illi
613 1178 665 1199 eos
682 1171 783 1199 verbis
802 1171 935 1208 pruden-

153 1218 264 1248 tissime
278 1219 483 1256 placaverunt.
498 1221 568 1255 Jos.,
582 1227 651 1247 xxn.

188 1267 254 1295 Aod
264 1288 273 1303 ,
293 1269 417 1304 portans
437 1274 564 1296 munera
583 1266 696 1303 Eglon,
717 1266 818 1303 ipsum
840 1268 935 1296 astute

154 1314 279 1351 decepit.
295 1314 399 1350 Judic„
413 1322 455 1343 111.

189 1362 311 1390 Gedeon
325 1362 470 1398 percussit
487 1363 583 1391 castra
599 1362 746 1397 hostium,
762 1362 815 1399 qui
834 1369 935 1391 secum

155 1412 257 1444 erant,
283 1411 312 1439 et
332 1409 407 1438 nihil
429 1409 547 1439 adversi
571 1409 807 1446 suspicabantur.
831 1410 934 1444 Judz'c„

152 1464 212 1486 vm.

188 1505 290 1542 Jephte
305 1513 360 1542 per
374 1505 494 1534 nuntios
506 1505 669 1542 prudenter
683 1505 862 1541 significavit
872 1505 935 1540 regi

153 1552 286 1582 filiorum
300 1554 443 1587 Ammon,
463 1552 548 1589 quod
567 1552 718 1581 indicebat
733 1552 760 1580 ei
774 1551 855 1580 bella
873 1558 935 1579 non

151 1599 229 1635 justa
244 1609 253 1635 3
281 1600 334 1627 sed
368 1601 471 1635 postea
504 1599 698 1628 indiscretum
726 1599 794 1628 fecit
819 1601 933 1628 votum.

152 1648 256 1682 Judic„
271 1655 310 1676 xi.

189 1697 278 1724 Caute
297 1695 494 1732 deprehendit
514 1695 630 1731 Jephte,
647 1695 700 1731 qui
714 1697 810 1724 essent
823 1695 934 1732 Ephra-

153 1742 210 1778 taei,
224 1745 252 1771 et
271 1743 324 1779 qui
338 1742 514 1777 Galaaditae‚
530 1742 659 1771 dicendo
679 1742 862 1778 Scibboleth,
877 1742 936 1771 illis

153 1790 317 1819 Sibboleth.
336 1790 441 1825 Judz’c.,
454 1798 506 1819 x11.

188 1837 253 1866 Filii
275 1837 366 1866 Israel
389 1839 556 1874 pugnantes
582 1838 685 1866 contra
707 1837 775 1865 illos
800 1837 838 1866 de
862 1838 934 1865 Ben-

150 1885 256 1921 jamin,
281 1884 386 1920 fugam
403 1886 463 1913 arte
487 1884 719 1919 simulaverunt,
735 1886 763 1913 et
780 1885 822 1913 sio
842 1892 894 1913 eos
917 1892 935 1914 a

154 1933 270 1963 civitate
298 1932 466 1968 ejecerunt,
495 1933 523 1960 et
550 1931 668 1967 penitus
696 1931 932 1961 debellaverunt.

151 1980 259 2015 sudio„
275 1987 323 2008 xx.

190 2026 359 2056 Dicentibus
374 2025 556 2062 quibusdam
572 2026 610 2054 de
632 2026 718 2054 Saule
733 2035 740 2054 :
758 2035 772 2053 «
786 2027 863 2055 Num
876 2027 934 2055 sal-

153 2082 224 2103 vare
238 2082 294 2102 nos
308 2073 417 2110 poterit
430 2073 506 2101 iste?
521 2084 533 2099 »
557 2074 586 2101 et
606 2073 838 2109 despicientibus
853 2082 933 2110 eum,

153 2121 204 2150 ille
218 2120 425 2149 dissimulabat
439 2128 470 2149 se
485 2120 598 2149 audire.
615 2121 626 2148 1
640 2122 717 2156 Rea„
732 2129 761 2149 x.

188 2170 299 2204 Magnae
310 2168 475 2204 prudentiae
487 2167 551 2201 fuit,
566 2168 689 2204 quando
701 2167 795 2196 David
804 2170 935 2197 armatus

153 2215 244 2245 armis
266 2215 361 2244 Saulis
378 2215 466 2251 coepit
484 2215 613 2250 tentare,
628 2215 653 2243 si
673 2216 714 2243 sic
734 2216 835 2251 posset
853 2215 934 2244 ince-

154 2263 235 2292 dere.
250 2264 260 2292 1
274 2264 353 2298 Rea,
367 2270 438 2291 xvu.

189 2310 403 2347 Egrediebatur
425 2309 520 2338 David
544 2309 583 2338 ad
609 2310 712 2338 omnia
737 2316 935 2347 quaecumque

153 2358 280 2387 misisset
303 2365 372 2386 eum
397 2356 477 2392 Saul,
501 2358 530 2385 et
550 2356 713 2394 prudenter
737 2365 768 2386 se
792 2358 934 2393 gerebat,

155 2408 164 2435 l
177 2407 253 2441 Rea„
269 2413 348 2434 xvm.

188 2452 281 2481 David
303 2459 405 2480 coram
426 2451 512 2480 Achis
533 2451 684 2480 simulavit
703 2460 734 2481 se
752 2452 887 2488 fatuum,
907 2455 936 2481 et

155 2499 241 2535 quasi
254 2499 415 2534 furentem,
427 2501 460 2527 ut
472 2500 572 2535 posset
582 2498 686 2535 fugere
701 2499 740 2528 ab
756 2508 802 2528 eo.
818 2501 841 2528 11
856 2501 934 2536 Rea,

155 2554 214 2575 xxi.

191 2592 308 2628 Abigail
321 2594 484 2629 prudenter
497 2593 628 2630 placavit
638 2594 733 2623 David
746 2594 854 2623 iratum
867 2602 936 2623 con-

155 2642 200 2668 tra
214 2639 307 2668 Nabal
319 2641 418 2669 virum
432 2649 536 2676 suum,
550 2643 559 2670 l
575 2643 652 2676 Rea.,
667 2649 736 2671 xxv.

192 2690 321 2723 Arguere
336 2688 440 2716 volens
461 2689 574 2717 Nathan
592 2689 738 2725 Propheta
761 2690 855 2718 David
878 2698 934 2726 pro

157 2742 277 2763 excessu
297 2736 456 2764 commisso
477 2735 509 2763 in
529 2736 647 2771 Uriam,
663 2738 691 2766 et
710 2745 837 2766 uxorem
856 2738 935 2774 ejus,

1715 255 1773 286 551

992 319 1093 354 aptam
1108 317 1297 355 parabolam,
1313 317 1350 347 de
1367 318 1458 347 divite
1473 317 1525 356 qui
1544 317 1667 348 abstulit
1686 324 1776 347 ovem

993 365 1130 402 pauperi,
1143 364 1304 401 prudenter
1317 366 1485 403 assumpsit.
1502 366 1524 395 ll
1539 367 1617 401 Rea„
1633 373 1684 394 xu.

1029 413 1168 442 Prudenti
1183 413 1299 443 cautela
1313 421 1385 442 usus
1399 414 1442 442 est
1455 413 1529 442 Joab
1544 414 1584 442 ad
1597 414 1656 442 hoc
1666 434 1676 449 ,
1691 413 1776 451 quod

992 469 1046 498 per
1060 461 1218 490 mulierem
1233 461 1397 498 sapientem
1409 460 1579 490 Thecuitem
1593 460 1702 490 faceret
1716 460 1776 490 Ab·

994 509 1091 538 salom
1104 509 1249 538 revocari.
1261 510 1284 538 ll
1298 509 1376 545 Rea„
1391 517 1450 538 xlv.

1028 555 1191 584 Prudenter
1215 556 1407 584 ratiocinatus
1432 557 1476 584 est
1501 555 1628 590 chusai,
1650 554 1775 592 quando

993 602 1148 640 dissipavit
1162 603 1320 632 consilium
1335 602 1520 640 Achitophel.
1537 603 1650 639 11Rea.,
1665 609 1736 631 xvn.

1027 650 1150 686 Sapiens
1167 650 1277 679 mulier
1293 650 1362 679 fecit
1381 649 1522 679 recedere
1539 649 1613 679 soah
1634 649 1673 678 ab
1694 649 1775 678 obsi-

994 696 1084 726 dione
1100 697 1234 726 civitat1s.
1250 699 1273 726 11
1288 698 1366 732 Rea„
1380 705 1429 726 xx.

1027 743 1159 773 Audiens
1173 743 1317 773 Bersabee
1332 744 1417 781 quod
1435 743 1567 774 Adonias
1585 744 1708 773 volebat
1730 752 1776 773 re-

993 799 1084 828 gnare
1097 799 1154 828 pro
1174 793 1277 828 patre,
1292 792 1440 828 sapienter
1457 791 1557 820 locuta
1571 793 1614 820 est
1628 790 1668 820 ad
1682 790 1776 820 David

992 846 1049 875 pro
1063 847 1104 875 se,
1121 841 1149 867 et
1160 847 1216 875 pro
1231 839 1295 868 filio
1307 847 1362 868 suo
1373 839 1541 868 Salomone.
1558 840 1593 868 lll
1607 840 1685 874 Rea„
1698 847 1719 868 1.

1029 887 1241 915 Discretionem
1262 888 1291 916 et
1313 887 1491 923 sapientiam
1511 886 1675 923 postulavit
1692 885 1776 915 Salo-

993 942 1088 963 mon:
1105 934 1190 971 quod
1210 934 1339 963 multum
1358 934 1472 971 placuit
1491 934 1639 970 Domino,
1654 935 1683 962 et
1706 941 1775 962 cum

992 982 1137 1019 sapientia
1150 981 1246 1010 multa
1258 981 1317 1010 alia
1329 982 1356 1010 ei
1371 981 1524 1010 concessit.
1540 983 1575 1010 111
1589 982 1655 1016 Rea.
1662 1002 1672 1017 ,
1687 988 1730 1009 111.

1027 1029 1169 1058 Salomon
1183 1029 1348 1065 prudenter
1363 1029 1509 1065 judicavit
1528 1028 1605 1057 inter
1620 1029 1695 1057 duas
1709 1035 1776 1056 mu·

991 1076 1078 1106 lieres
1093 1077 1131 1105 de
1146 1076 1235 1105 unico
1250 1077 1313 1105 filio
1329 1077 1550 1105 contendentes.
1565 1077 1599 1105 Ill
1610 1077 1690 1111 Rea„
1705 1083 1737 1104 11.

1027 1126 1090 1153 Rex
1103 1124 1241 1153 Roboam
1251 1124 1406 1161 respondit
1418 1123 1534 1160 populo
1547 1123 1634 1158 dura,
1648 1123 1732 1151 bono
1747 1124 1778 1150 et

992 1172 1120 1202 discreto
1139 1173 1264 1201 consilio
1288 1172 1442 1200 seniorum
1460 1171 1621 1207 derelicto,
1641 1171 1726 1207 quod
1748 1171 1776 1199 ei

992 1219 1154 1256 dederant,
1169 1222 1198 1248 et
1210 1220 1327 1248 locutus
1350 1221 1393 1248 est
1413 1220 1439 1248 ei
1449 1240 1459 1255 ‚
1474 1221 1503 1248 et
1521 1219 1688 1247 seeundum
1703 1225 1775 1247 con-

990 1267 1090 1296 silium
1102 1268 1249 1303 juvenum
1261 1267 1467 1304 imprudenter
1484 1266 1551 1303 egit.
1569 1268 1601 1295 lll
1619 1267 1685 1301 Rea.
1696 1286 1707 1301 ,
1720 1273 1774 1294 xn.

1026 1315 1270 1352 Reprehensurus
1284 1314 1385 1344 Achab
1403 1322 1505 1351 regem
1522 1313 1632 1348 Israel,
1646 1313 1693 1341 vir
1707 1312 1776 1349 qui-

992 1363 1063 1391 dam
1078 1363 1116 1391 de
1138 1362 1208 1391 filiis
1228 1363 1445 1399 prophetarum
1462 1361 1642 1398 parabolam
1657 1360 1694 1388 de
1708 1359 1775 1388 viro

991 1410 1202 1439 commendato
1220 1412 1248 1439 et
1267 1410 1346 1438 male
1362 1409 1509 1438 custodito
1525 1409 1650 1437 discrete
1664 1415 1776 1444 propo-

991 1457 1065 1493 suit,
1079 1466 1134 1494 per
1152 1466 1244 1495 quem
1265 1466 1318 1486 rex
1332 1457 1422 1486 lsrael
1442 1457 1493 1485 ille
1515 1458 1672 1493 peccatum
1685 1462 1774 1483 suum

991 1506 1145 1535 manifeste
1159 1506 1360 1542 cognosceret.
1373 1506 1407 1533 lv
1416 1506 1529 1540 Reaum,
1542 1511 1592 1532 xx.

1026 1553 1162 1582 Studiose
1185 1553 1245 1589 egit
1265 1553 1339 1581 Jehu
1356 1552 1519 1588 prophetas
1536 1550 1607 1579 Baal
1625 1550 1774 1578 honorare

990 1608 1021 1629 se
1036 1600 1163 1636 fingens,
1178 1601 1207 1628 et
1217 1601 1322 1636 postea
1337 1599 1406 1627 illos
1425 1598 1544 1633 occidit,
1561 1598 1590 1626 et
1601 1597 1694 1626 altare
1704 1597 1774 1626 Baal

991 1648 1144 1678 destruxit.
1162 1649 1196 1677 1v
1210 1649 1287 1682 Rea.³
1299 1655 1328 1676 x.

1027 1696 1163 1724 Ezechias
1196 1703 1249 1723 rex
1275 1694 1352 1723 Juda
1381 1694 1505 1722 discrete
1533 1693 1687 1729 prohibuit
1696 1713 1706 1728 ,
1736 1699 1773 1721 ne

991 1743 1123 1780 populus
1146 1743 1257 1771 nuntiis
1287 1742 1367 1778 regis
1388 1741 1578 1778 Assyriorum
1606 1739 1774 1768 dicentibus

990 1790 1192 1826 blasphemias
1219 1790 1423 1826 responderet.
1453 1790 1517 1816 Non
1546 1787 1627 1815 enim
1655 1786 1774 1822 expedit

989 1839 1138 1876 populum
1169 1838 1291 1866 fidelem
1320 1838 1424 1865 contra
1457 1836 1604 1871 litigantes
1636 1834 1774 1862 infideles

990 1886 1206 1923 disputationes
1229 1885 1352 1914 habere.
1376 1885 1410 1912 lV
1433 1885 1510 1918 Rea„
1535 1890 1625 1917 xvm,
1646 1884 1674 1910 et
1696 1883 1772 1916 Isa.,

989 1943 1089 1964 xxxvi.

1025 1981 1124 2010 Nuntii
1152 1988 1229 2016 quos
1254 1979 1334 2008 misit
1358 1978 1495 2007 EzechIas
1522 1977 1562 2006 ad
1590 1977 1772 2008 Rabsacem,

990 2030 1074 2058 caute
1092 2028 1258 2064 petierunt,
1278 2029 1310 2055 ut
1326 2027 1375 2055 ille
1390 2026 1565 2063 loqueretur
1585 2026 1719 2062 syriace,
1734 2033 1772 2053 ne

989 2076 1121 2113 populus
1143 2075 1230 2103 illum
1248 2074 1425 2110 intelligeret
1447 2074 1475 2102 et
1496 2073 1621 2102 timeret.
1645 2074 1678 2101 1v
1693 2074 1772 2108 Rea,

990 2132 1069 2153 xvm.

1025 2170 1130 2199 Joiada
1148 2169 1282 2199 Pontifex
1300 2169 1405 2198 volens
1426 2170 1604 2198 constituere
1624 2176 1728 2205 regem
1742 2169 1774 2197 in

990 2218 1174 2246 Hierusalem
1189 2219 1257 2245 Joas
1277 2217 1375 2245 filium
1396 2218 1511 2252 Joram,
1528 2217 1616 2245 valde
1641 2217 1726 2245 caute
1742 2224 1773 2245 se

990 2265 1095 2294 habuit
1110 2267 1137 2293 et
1150 2265 1322 2301 prudenter.
1338 2265 1361 2293 ll
1375 2265 1513 2300 Paralip„
1529 2272 1609 2292 xxm.

1026 2311 1162 2340 Ezechias
1182 2311 1350 2346 intelligens
1370 2319 1474 2347 regem
1493 2312 1683 2347 Assyriorum
1707 2312 1772 2339 Hie-

990 2359 1120 2388 rusalem
1139 2359 1338 2387 adventurum
1349 2379 1358 2393 ,
1372 2358 1523 2387 obturavit
1537 2359 1635 2395 capita
1649 2359 1773 2386 fontium

991 2408 1074 2434 extra
1087 2406 1212 2440 urbem,
1231 2406 1380 2442 reparavit
1402 2414 1505 2434 muros
1519 2406 1663 2440 civitatis,
1678 2405 1772 2433 bella·
1812 2429 1815 2431 .

990 2455 1068 2482 tores
1090 2462 1160 2482 suos
1184 2453 1303 2490 optimis
1324 2453 1512 2481 sermonibus
1537 2453 1728 2484 confortavit,
1744 2454 1772 2480 et

991 2501 1100 2529 deinde
1133 2501 1173 2529 ad
1204 2501 1428 2536 deprecandum
1452 2501 1611 2528 Dominum
1641 2507 1672 2527 se
1698 2507 1771 2527 con-

989 2548 1085 2576 vertit.
1101 2549 1123 2577 11
1136 2549 1272 2583 Paralz’p.,
1285 2556 1374 2576 xxxn.

1025 2597 1099 2623 Cum
1113 2603 1224 2631 magna
1237 2595 1413 2624 discretione
1423 2616 1432 2630 ,
1447 2594 1604 2629 diligentia
1618 2595 1645 2622 et
1660 2593 1771 2622 sollici-

990 2643 1102 2678 tudine,
1117 2643 1270 2671 Nehemias
1284 2643 1442 2670 aedificavit
1461 2650 1581 2670 murum
1597 2641 1627 2669 in
1649 2641 1770 2669 circuitu

993 2690 1182 2718 Hierusalem.
1199 2691 1325 2725 Nehem.,
1341 2698 1373 2725 11,
1389 2699 1421 2719 111
1437 2692 1464 2718 et
1478 2698 1517 2718 1v.

1026 2740 1135 2773 Magnae
1155 2738 1306 2775 sapientiae
1326 2738 1470 2773 verbum,
1487 2739 1515 2765 et
1533 2737 1638 2766 merito
1662 2744 1772 2774 appro-
