2004 3037
847 210 977 244 CAPUT
999 211 1074 244 CIV.

149 280 282 318 accipere
296 281 507 318 principatum,
517 281 661 310 rhamnus
671 287 755 314 vem,
766 279 857 308 arbor
867 287 932 308 mo-

149 327 217 357 dica
239 329 268 357 et
289 328 380 365 vilis,
399 336 528 365 regnum
553 335 698 365 usurpare
721 327 930 364 praesumpsit,

147 376 244 412 potest
256 375 296 404 ad
310 375 485 404 ambitiosos
500 375 604 413 aptari.
619 375 724 411 mdia„
741 383 780 404 ix.

183 422 304 451 Dicebat
318 423 389 452 Gaal
402 423 482 452 fillus
496 423 592 458 Obed,
607 422 771 458 Judic.,1x:
790 421 928 450 «Utinam

147 469 230 499 daret
249 469 357 507 aliquis
377 470 525 507 populum
548 470 636 498 istum
652 469 708 498 sub
723 476 817 497 manu
835 476 905 497 mea
917 490 927 504 ,

146 518 178 546 ut
191 516 339 546 auferrem
352 517 389 546 de
401 517 503 545 medio
515 516 700 546 Abimelech.
711 526 725 543 n

179 564 322 594 Absalom
336 564 508 593 homiuibus
524 564 563 592 ad
574 563 722 600 judicium
740 562 818 599 regis
829 560 926 592 David

143 611 331 641 venientibus
344 611 530 641 blandiendo
542 632 552 646 ,
569 610 754 639 detrahendo
770 610 881 645 simul,
898 612 925 638 et

143 659 306 688 ambiendo
329 658 469 688 dicebat:
487 658 658 687 «Videntur
681 658 756 686 mihi
773 665 925 686 sermones

143 706 185 734 tui
199 707 272 735 boni
288 707 316 735 et
326 705 411 743 justi3
427 706 480 734 sed
492 714 554 734 non
570 708 613 734 est
627 705 678 742 qui
693 707 720 734 te
736 705 838 734 audiat
853 713 924 732 con-

142 753 256 782 stitutus
267 761 285 781 a
294 761 374 790 rege.
386 753 456 788 Quis
467 761 515 781 me
527 753 684 781 constituat
690 752 823 788 judicem
833 760 924 788 super

141 802 271 829 terram?
280 810 293 827 »
304 802 357 829 etc.
375 800 432 828 Scd
445 802 517 829 nota
525 799 680 836 quomodo
691 799 798 827 accidit
808 799 834 827 ei
843 801 924 835 post-

144 856 190 876 ea.
206 857 220 875 »
237 848 271 876 111
287 849 365 883 Rea„
379 856 430 881 xv,
444 855 495 876 xvr
511 850 539 875 et
553 855 635 876 xvm.

176 895 307 924 Adonias
316 894 396 923 filius
409 894 515 931 Aggith
527 894 700 923 elevabatur
710 893 811 922 dicens
823 902 850 922 :«
860 894 920 930 Ego

139 943 284 979 regnabo.
298 953 311 970 »
330 944 364 972 ΙΙΙ
380 945 459 979 Rea„
473 951 500 976 1,
516 944 541 975 5,

176 990 251 1019 Dixit
265 991 354 1019 Ahias
369 990 409 1019 ad
429 990 589 1019 Jeroboam
606 999 613 1019 :
631 999 646 1018 «
660 990 810 1026 Regnabis
830 997 920 1027 super

139 1038 251 1074 omnia,
267 1046 334 1074 quae
348 1038 497 1066 desiderat
506 1038 608 1066 anima
617 1038 678 1066 tua.
693 1047 707 1064 ›>
724 1037 782 1065 Sed
793 1038 919 1074 adeptus

136 1094 265 1121 regnum
278 1093 368 1121 super
388 1085 493 1113 decem
511 1085 605 1112 tribus
620 1084 720 1120 lsrael,
735 1084 863 1121 pessime
888 1092 918 1112 se

137 1132 250 1161 habuit.
267 1133 302 1161 lii
317 1134 394 1168 Rea„
410 1140 454 1167 111,
470 1133 516 1160 37.

171 1179 289 1209 Zambri
309 1179 415 1208 videns
439 1179 510 1208 Hela
532 1179 690 1208 dominum
706 1187 794 1207 suum
814 1186 917 1215 regem

134 1228 222 1257 lsrael
246 1228 459 1263 temulentum,
483 1227 593 1256 occidit
614 1235 683 1256 eum
693 1248 702 1262 ,
727 1229 755 1255 et
780 1227 917 1263 regnavit

134 1277 202 1312 post
216 1283 286 1303 eum
301 1275 408 1304 diebus
422 1276 545 1311 septem.
562 1275 596 1303 lll
612 1276 690 1310 Rea„
706 1282 770 1308 xvr,
789 1276 830 1302 10.

169 1322 285 1351 Athalia
306 1323 401 1351 mater
424 1322 571 1357 Ochoziae,
594 1322 672 1357 regis
696 1322 789 1356 Juda,
809 1321 915 1350 videns

132 1378 195 1398 esse
213 1371 367 1398 mortuum
381 1369 479 1397 filium
493 1377 599 1403 suum,
619 1369 650 1397 in
672 1370 785 1398 tantam
807 1370 916 1397 exarsit

131 1417 290 1446 libidinem
305 1417 494 1452 dominandi,
511 1417 596 1453 quod
610 1416 754 1445 interfecit
766 1425 855 1445 omne
870 1425 914 1445 se-

132 1473 202 1493 men
215 1464 347 1500 regium,
364 1466 486 1501 excepto
507 1465 594 1499 Joas,
621 1465 674 1500 qui
698 1464 753 1493 fuit
776 1473 794 1493 a
812 1472 914 1493 sorore

132 1512 264 1540 Ochoziae
277 1512 384 1540 furtive
399 1512 543 1540 sublatus.
560 1513 593 1540 lV
608 1513 684 1546 Req„
700 1520 738 1540 111.

167 1559 279 1588 Selium
295 1559 377 1587 filius
397 1559 484 1587 Jabes
499 1559 666 1594 conjuravit
681 1561 784 1588 contra
806 1560 914 1588 Zacha-

130 1607 206 1635 riam
228 1614 331 1642 regem
345 1606 443 1640 lsrael,
464 1606 623 1634 dominum
648 1615 747 1642 suum,
769 1608 796 1634 et
821 1607 911 1635 inter-

130 1654 198 1683 fecit
221 1662 301 1686 eum.
326 1656 354 1682 et
371 1654 508 1689 regnavit
526 1661 581 1690 pro
602 1661 637 1681 eo
659 1662 720 1682 uno
741 1662 853 1682 mense.
878 1656 912 1683 lv

130 1703 206 1736 Rea,
220 1708 266 1729 xv.

164 1748 443 1776 Nabuchodonosor
457 1756 510 1776 rex
525 1748 715 1784 Assyriorum
726 1749 845 1777 vocavit
859 1749 912 1778 du-

130 1803 178 1824 ces
192 1795 352 1824 bellatores
363 1804 443 1830 suos,
455 1795 588 1831 dixitque
603 1796 814 1831 cogitationem
826 1805 912 1825 suam

129 1850 201 1877 esse,
218 1844 250 1870 ut
262 1850 383 1870 omnem
391 1844 500 1870 terram
515 1851 568 1871 suo
582 1843 757 1879 subjugaret
771 1844 909 1880 imperio.

127 1891 235 1926 Judz'th,
251 1899 281 1918 11.

165 1937 319 1966 Ambitiosi
336 1939 364 1965 et
378 1937 500 1972 superbi
514 1937 583 1973 plus
599 1937 771 1973 affliguntur
784 1939 821 1967 de
836 1947 910 1976 pau-

128 1985 183 2020 cis,
201 1985 253 2021 qui
268 1993 319 2013 eos
334 1984 504 2020 praecedunt
517 2005 524 2018 ,
541 1984 589 2012 vel
605 1985 646 2012 cis
661 1993 722 2012 non
739 1985 885 2014 obediunt
899 2008 908 2021 ,

128 2040 220 2069 quam
234 2032 368 2060 laetentur
378 2031 415 2060 de
428 2032 539 2066 multis,
552 2032 603 2068 qui
619 2032 659 2059 eis
671 2033 893 2069 subsequuntur
899 2042 907 2068 3

128 2080 208 2108 unde
223 2079 370 2115 superbus
385 2081 497 2114 Aman,
514 2079 565 2115 qui
585 2081 647 2107 erat
665 2080 815 2108 sccundus
831 2089 848 2109 a
862 2089 908 2109 rc-

127 2134 182 2162 ge,
198 2127 226 2155 et
241 2127 335 2160 filios,
361 2128 389 2154 et
405 2126 523 2154 divitias
538 2126 646 2154 multas
660 2126 812 2163 habebat,
833 2128 908 2156 nihil

126 2182 157 2202 se
179 2174 292 2202 habere
323 2173 501 2209 reputabat,
527 2173 662 2210 quandiu
692 2174 767 2202 vidit
794 2176 908 2204 Mardo-

127 2221 242 2249 chaeum
256 2222 324 2249 ante
338 2220 416 2248 fores
430 2221 537 2256 regias.
554 2222 642 2253 Estlz„
660 2229 687 2257 v,
709 2223 735 2249 9.

161 2267 282 2296 Audivit
299 2268 411 2302 Seron,
431 2267 516 2303 quod
536 2269 728 2304 congregavit
747 2269 837 2297 Judas
857 2277 906 2298 ec-

126 2314 248 2343 clesiam
262 2314 411 2350 fidelium,
426 2317 453 2342 et
467 2315 506 2343 ait
520 2324 527 2343 z
541 2315 682 2343 «Faciam
695 2317 769 2344 mihi
784 2325 906 2352 nomen,

126 2363 155 2390 et
170 2361 362 2397 glorificabor
377 2362 407 2389 in
418 2370 527 2397 regno,
540 2365 568 2390 et
583 2362 744 2392 debellabo
759 2364 877 2392 Judam.
889 2374 904 2391 »

126 2408 184 2437 Sed
198 2409 261 2445 ipse
272 2409 329 2436 cito
344 2408 398 2436 fuit
413 2409 578 2437 debellatus
593 2418 610 2438 a
621 2411 709 2438 Juda.
726 2412 847 2444 lMach„
859 2420 905 2440 111.

162 2457 306 2492 Alcimus,
323 2456 375 2493 qui
390 2456 511 2484 volebat
525 2456 589 2484 fieri
604 2458 743 2486 sacerdos
759 2467 905 2495 summus,

127 2505 155 2532 et
174 2504 298 2540 quidam
323 2503 374 2531 alii
397 2503 492 2540 iniqui
516 2503 553 2532 de
574 2506 689 2540 populo
713 2506 904 2540 Judffiol'um,

126 2552 271 2579 venerunt
289 2551 329 2579 ad
350 2559 451 2586 regem
470 2551 669 2586 Demetrium,
694 2552 824 2582 dicentes
849 2554 874 2581 ei
896 2565 903 2582 :

128 2607 142 2623 α
158 2597 288 2625 Perdidit
303 2598 393 2626 Judas
404 2619 413 2633 ,
430 2600 457 2626 et
470 2597 573 2627 fratres
592 2600 656 2634 ers
666 2620 675 2635 ,
691 2600 803 2629 amicos
817 2602 884 2630 tuos
894 2624 903 2638 ,

127 2646 155 2672 ct
181 2653 236 2671 uos
261 2645 462 2681 disperserunt
493 2645 530 2673 de
562 2647 640 2674 terra
665 2649 782 2683 nostra,
806 2659 819 2673 2>
847 2650 901 2677 etc.

128 2694 135 2719 l
151 2692 286 2727 Maeliab„
302 2700 352 2719 vu.

1713 213 1772 243 613

1027 279 1201 309 Ptolemaeus
1218 288 1272 309 rex
1293 280 1410 317 AEgypti
1426 279 1520 308 voluit
1540 279 1612 309 dolo
1637 279 1771 309 obtinere

986 335 1114 364 regnum
1126 328 1297 364 Alexandri,
1314 330 1342 356 ct
1352 327 1476 356 tandem
1491 326 1630 362 obtinuit,
1645 327 1771 356 Alexan-

986 375 1042 403 dro
1058 375 1193 411 devicto,
1210 378 1238 404 et
1262 375 1293 404 iu
1309 375 1450 405 Arabiam
1464 374 1587 411 fugato;
1604 375 1633 403 et
1647 374 1768 403 abstulit

985 422 1106 451 Zabdicl
1119 423 1213 452 Arabs
1227 424 1316 460 caput
1329 421 1509 458 Alexandri,
1534 423 1562 450 et
1575 421 1656 450 misit
1674 422 1768 451 Ptole-

983 478 1077 504 maeo,
1102 470 1154 506 qui
1175 478 1283 507 parum
1303 471 1422 506 gavisus
1438 470 1496 505 est,
1513 469 1586 506 quia
1610 469 1659 498 die
1682 469 1767 498 tertio

983 519 1118 545 mortuus
1133 519 1185 546 cst.
1200 519 1210 546 1
1225 519 1360 550 Mat-hab„
1377 525 1415 546 xl.

1019 564 1193 593 Ptolemaeus
1210 565 1290 593 filius
1301 564 1399 594 Abobi
1421 564 1553 593 habebat
1567 565 1723 600 argentum
1739 566 1767 592 ct

982 619 1090 640 aurum
1104 612 1250 647 multum3
1274 614 1302 641 et
1324 612 1486 640 exaltatum
1510 613 1552 640 est
1569 619 1621 640 cor
1635 611 1699 647 ejus
1712 632 1720 647 ,
1738 613 1767 639 et

981 659 1103 688 volebat
1119 660 1253 688 obtinere
1272 660 1444 695 regionem,
1460 661 1488 688 et
1507 659 1593 696 quasi
1609 659 1765 688 occasione

980 707 1037 736 hac
1051 707 1217 744 proditorie
1231 707 1340 735 occidit
1354 707 1507 735 Simonem
1521 707 1719 742 sacerdotem,
1736 709 1764 735 et

980 754 1057 783 duos
1071 754 1150 782 filios
1165 754 1238 790 ejus.
1256 756 1265 782 1
1280 754 1420 788 Machala„
1432 761 1480 782 xv.

1014 801 1173 830 Ambiebat
1187 803 1277 830 Jason
1291 801 1379 829 frater
1394 801 1474 829 Ouiae
1494 808 1647 828 summum
1667 808 1763 829 sacer-

979 849 1116 883 dotium,
1132 850 1158 877 et
1171 851 1294 886 propter
1307 848 1365 876 hoc
1380 848 1454 877 adiit
1466 856 1570 884 regem
1585 848 1763 876 Antiochum

978 896 1126 932 Nobilem,
1141 896 1317 933 promittens
1331 897 1460 925 trecenta
1474 895 1632 932 sexaginta
1646 896 1761 930 argenti

977 943 1102 978 talenta,
1115 945 1143 972 et
1154 943 1248 972 multa
1258 943 1333 978 alia,
1347 945 1370 972 ΙΙ
1383 943 1520 978 ΜαεῙιαὸ.,
1535 951 1575 972 1v.
1591 942 1678 977 Quod
1692 950 1761 971 cum

976 998 1029 1019 rex
1044 991 1209 1026 annuisset,
1225 991 1346 1019 modico
1367 991 1503 1026 tempore
1523 989 1682 1018 sacerdotii
1703 990 1758 1017 ho-

976 1046 1048 1067 nore
1063 1038 1180 1067 functus
1199 1039 1258 1074 est,
1284 1037 1356 1075 quia
1379 1037 1545 1073 Menelaus,
1571 1045 1663 1074 quem
1680 1036 1760 1065 misit

975 1087 1014 1115 ad
1028 1087 1216 1121 Antiochum,
1231 1086 1349 1115 retorsit
1364 1085 1403 1114 ad
1414 1094 1445 1114 se
1457 1093 1609 1113 summum
1622 1084 1759 1112 sacerdo—

974 1135 1071 1163 tium:
1089 1134 1141 1170 qui
1164 1134 1253 1162 etiam
1269 1133 1326 1162 cito
1340 1133 1395 1162 fuit
1418 1137 1552 1167 amotus,
1576 1134 1603 1160 ct
1625 1131 1757 1168 Lysima-

974 1181 1061 1217 chus,
1082 1181 1171 1210 frater
1191 1181 1265 1217 ejus,
1286 1181 1354 1209 loco
1373 1180 1436 1216 ejus
1451 1179 1637 1208 substitutus.
1658 1180 1680 1207 11
1695 1179 1757 1206 Μα-

974 1229 1062 1263 οὴαύ.,
1078 1237 1117 1257 xv.

1008 1277 1082 1304 Cum
1097 1275 1219 1304 vidisset
1232 1275 1349 1310 Simon,
1365 1274 1450 1311 quod
1465 1281 1518 1311 per
1532 1273 1755 1310 impositionem

971 1330 1078 1351 manus
1105 1323 1311 1359 apostolorum
1327 1323 1447 1350 daretur
1463 1321 1589 1357 Spiritus
1614 1322 1733 1349 sanctus
1747 1342 1755 1355 ‚

972 1370 1081 1398 obtulit
1095 1370 1137 1398 eis
1147 1370 1317 1406 pecuniam,
1335 1369 1454 1397 dicens:
1476 1377 1489 1394 «
1504 1369 1573 1396 Date
1588 1367 1662 1397 mihi
1676 1367 1754 1396 hanc

970 1419 1167 1454 potestatem,
1182 1418 1214 1445 ut
1240 1417 1418 1453 cuicumque
1433 1416 1606 1452 imposuero
1628 1423 1752 1449 manuS,

970 1465 1095 1501 accipiat
1109 1465 1250 1501 Spiritum
1265 1466 1410 1491 sanctum.
1422 1472 1436 1489 ³>
1452 1464 1552 1491 Petrus
1567 1463 1667 1490 autem
1681 1461 1754 1489 dixit

971 1512 997 1540 ei
1014 1521 1020 1539 ε
1040 1522 1053 1538 α
1074 1511 1201 1540 Pecunia
1227 1514 1276 1539 tua
1290 1513 1390 1539 tecum
1412 1511 1495 1539 sitin
1510 1509 1748 1547 perditionem.»

970 1560 1046 1593 Act„
1062 1567 1121 1587 vni.

1233 1639 1376 1673 CAPUT
1401 1639 1486 1673 CIV.

1187 1721 1224 1748 De
1241 1721 1391 1747 tentatione
1413 1720 1533 1747 Diaboli.

1004 1798 1130 1834 Serpens
1146 1797 1272 1825 callidus
1284 1797 1322 1825 ad
1336 1797 1528 1833 tentandum,
1545 1797 1577 1826 id
1590 1798 1632 1825 est
1647 1798 1751 1827 diabo-

967 1845 1014 1873 lus
1029 1846 1059 1873 in
1074 1847 1226 1881 serpente,
1242 1845 1411 1873 humanum
1426 1853 1520 1880 genus
1534 1853 1571 1873 ex
1591 1847 1675 1880 parte
1699 1845 1752 1874 de-

967 1893 1068 1921 biliori
1084 1895 1111 1920 et
1126 1892 1165 1920 ad
1178 1893 1334 1928 peccatum
1348 1892 1501 1928 proniori,
1517 1900 1674 1928 aggressus
1690 1895 1749 1921 est:

967 1948 1029 1968 non
1041 1940 1120 1967 euim
1132 1939 1227 1967 Adam
1241 1939 1323 1974 prius
1339 1939 1471 1973 tentavit,
1483 1939 1535 1967 sed
1546 1941 1666 1967 nevam.
1681 1941 1750 1967 item

967 1987 1154 2022 explorando
1171 1994 1187 2013 a
1202 1986 1293 2021 longe
1308 1986 1444 2022 incoepit,
1462 1994 1523 2013 nou
1539 1986 1637 2013 statim
1650 1994 1750 2014 comc-

967 2034 1038 2062 dere
1063 2034 1186 2061 vetitum
1205 2034 1333 2061 fructum
1355 2042 1391 2061 ex
1409 2034 1538 2069 abrupto
1558 2034 1658 2062 suasit.
1679 2035 1749 2062 item

966 2080 1086 2116 negavit
1100 2089 1220 2117 poenam
1235 2082 1402 2108 secuturam
1422 2089 1477 2117 pro
1499 2080 1633 2109 mandati
1656 2083 1749 2110 trans-

965 2128 1116 2164 gressione
1126 2149 1134 2161 ,
1150 2129 1177 2155 et
1191 2135 1300 2164 magna
1312 2127 1395 2156 hona
1410 2128 1534 2156 asseruit
1549 2128 1677 2156 affutura
1693 2136 1748 2164 pro

965 2184 1026 2204 una
1041 2175 1091 2203 tali
1110 2175 1300 2203 comestione.
1324 2176 1394 2203 ltem
1415 2183 1478 2203 non
1499 2176 1620 2204 tentavit
1641 2176 1749 2204 mulie-

964 2231 1028 2250 rem
1044 2222 1081 2250 dc
1094 2223 1236 2258 peccatis,
1252 2223 1291 2250 ad
1309 2231 1375 2259 quae
1391 2223 1507 2250 nullam
1522 2223 1747 2251 inclinationem

964 2270 1110 2305 habebat,
1132 2270 1184 2297 sed
1206 2270 1243 2299 de
1259 2270 1439 2298 comestione
1456 2270 1557 2298 suavis
1572 2270 1682 2298 fructus
1694 2292 1702 2305 ,
1721 2273 1748 2298 et

964 2317 1080 2353 sapidi,
1102 2319 1130 2345 et
1154 2317 1320 2346 curiositate
1341 2317 1475 2352 sciendi,
1502 2319 1530 2345 et
1552 2318 1589 2345 de
1605 2317 1746 2354 dignitate

964 2367 1081 2401 majori.
1100 2367 1175 2401 Gen„
1193 2374 1232 2394 111.

1000 2413 1123 2449 Spiritus
1131 2413 1259 2441 mendax
1272 2413 1442 2449 frequenter
1451 2413 1650 2441 intentatione
1664 2421 1746 2441 men-

963 2460 1045 2496 titur3
1062 2461 1141 2489 unde
1165 2461 1238 2489 dixit
1262 2462 1346 2488 Hevae
1363 2469 1369 2488 z
1389 2462 1614 2496 «Nequaquam
1638 2461 1745 2489 morie-

963 2508 1071 2536 mini.»
1090 2510 1167 2542 Geli„
1182 2516 1234 2542 111,
1249 2508 1275 2535 4.

998 2556 1070 2583 Item
1085 2555 1157 2583 (lixit
1171 2555 1295 2583 Domino
1310 2555 1469 2588 Salvatori,
1485 2563 1553 2583 cum
1569 2556 1745 2584 ostendisset

962 2603 989 2632 ei
1019 2603 1121 2631 onmia
1149 2610 1242 2638 regna
1268 2603 1374 2631 muudi
1401 2612 1406 2630 :
1438 2603 1527 2631 «Mihi
1547 2603 1654 2632 tradita
1675 2606 1743 2632 sunt

963 2651 1077 2685 omnia,
1090 2652 1118 2678 ct
1131 2650 1177 2677 cui
1193 2650 1263 2677 volo
1280 2650 1320 2677 do
1336 2650 1396 2678 illa.
1413 2660 1427 2675 n
1445 2651 1520 2686 Luc„
1537 2659 1577 2686 w,
1595 2653 1620 2679 6.

998 2700 1068 2725 item
1089 2697 1269 2733 Scripturan]
1294 2705 1409 2724 sacram
1431 2697 1580 2725 interdum
1605 2706 1742 2734 perverse
