2004 3037
125 239 191 271 31⁶.

123 305 224 342 dianus
237 306 290 339 sit,
305 304 353 333 sed
369 306 461 333 omnia
472 305 504 333 in
516 305 641 340 [uturum
654 304 692 342 (ἃ)
706 307 849 337 munuum
861 309 904 336 in-

123 355 205 382 eerta.
230 352 259 382 Si
278 353 378 380 autem
391 351 464 380 sciat
483 351 592 389 aliquis
605 360 637 381 se
651 359 714 382 esse
733 353 766 382 in
785 354 901 390 gratia,

123 402 222 429 tamen
231 407 262 428 se
276 398 435 431 humiliare
449 399 539 428 dehet
551 401 674 437 propter
683 402 824 438 quatuor,
835 409 903 438 quae

122 446 272 476 interdum
285 445 375 475 etiam
388 445 460 475 viris
470 447 558 483 justis
571 449 600 476 et
617 447 753 484 perfectis
766 451 876 477 nocent
892 458 900 477 ε

122 494 232 522 scilieet
240 493 424 530 negligentia
436 493 626 531 proficiendi,
635 493 794 523 difficultas
804 495 902 524 standi

121 541 171 570 vel
181 540 392 578 perseverandi
410 540 460 578 (b),
471 540 596 570 facilitas
616 541 744 570 cadendi
759 542 849 571 etiam
861 543 902 571 ad

120 587 242 616 sibilum
257 587 345 616 unius
359 588 451 617 modo
466 587 498 624 (c)
507 588 603 623 verbi,
616 588 776 617 difficultas
786 589 835 618 vel
843 589 902 618 im-

120 634 301 670 possibilitas
319 635 505 671 resurgendi.
526 637 621 664 llomo
637 636 717 664 enim
732 638 831 673 potest
847 645 902 674 per

120 690 151 710 se
165 682 208 710 ire
222 682 261 711 ad
276 682 413 719 eulpam;
429 682 482 711 sed
497 690 550 719 per
569 691 600 711 se
615 691 677 712 non
692 685 790 720 potest
803 684 901 713 redire

120 729 160 758 ad
174 729 299 765 gratiam
310 750 319 765 ,
339 729 411 766 quia
426 729 533 758 dicitur
549 729 579 758 in
596 729 711 760 Psalmo
726 731 734 748 ¹
750 741 759 759 ε
780 731 902 767 Spiritus

121 777 221 806 vadens
231 799 239 809 ,
256 780 282 806 et
295 785 349 805 non
362 777 480 805 rediens.

158 823 253 853 Tertia
267 832 357 853 eausa
370 824 543 853 humilitatis
557 827 600 853 est
613 825 803 854 considerare
824 834 901 858 saepe

123 871 161 900 de
174 871 319 908 proximis
332 871 448 900 nostris.
466 871 605 900 Videmus
627 873 708 901 enim
730 873 840 902 multos
862 873 900 902 de

121 919 261 948 fratribus
279 921 307 947 et
320 919 465 956 proximis
478 919 584 948 nostris
608 919 639 947 in
663 919 786 948 seientia
799 922 828 948 et
841 919 901 948 vir-

121 967 232 995 tutibus
253 967 429 1004 profecisse,
454 970 482 996 et
495 976 551 996 nos
565 967 596 996 in
609 970 730 1004 peceato
752 968 801 996 vel
815 968 901 1004 igno-

120 1013 217 1042 rantia
230 1014 422 1047 remansisse,
441 1014 521 1044 unde
543 1015 689 1044 debemus
712 1015 898 1044 erubescere.

120 1062 260 1091 Videmus
275 1062 364 1091 etiam
384 1062 496 1091 multos
510 1062 613 1090 fratres
627 1065 655 1090 et
670 1063 824 1099 proximos
846 1071 900 1092 eae-

120 1118 187 1144 cos,
202 1110 356 1139 mendieos
365 1131 374 1146 ,
389 1112 417 1138 et
432 1110 557 1138 diversis
571 1110 697 1139 miseriis
711 1111 836 1139 afflictos
847 1121 855 1146 ;
873 1114 901 1140 et

119 1157 188 1185 ideo
203 1157 348 1186 debemus
363 1157 491 1193 compati
501 1179 510 1193 ‚
528 1157 646 1192 timere,
662 1161 691 1186 et
705 1159 762 1186 Deo
778 1159 853 1194 grati
869 1161 901 1187 et

119 1204 246 1232 humiles
260 1212 334 1239 esse,
349 1207 378 1232 et
391 1204 514 1232 laudare
529 1213 598 1233 eum
609 1225 617 1239 ,
634 1205 685 1241 qui
701 1205 788 1233 nohis
802 1206 898 1242 potuit

120 1254 148 1279 et
162 1253 257 1288 potest
271 1251 379 1280 similia
389 1260 424 1279 ex
435 1260 489 1280 sua
500 1252 636 1288 aequitate
648 1252 791 1288 infligere,
804 1256 830 1280 et
843 1261 900 1280 nos

121 1307 157 1327 ex
172 1307 225 1327 sua
240 1299 346 1335 pietate
361 1299 508 1328 custodire
521 1321 529 1335 ,
553 1302 581 1328 et
596 1303 716 1336 propter
735 1300 812 1328 hane
828 1308 897 1328 eau-

120 1353 185 1374 sam
195 1345 369 1374 humilitatis
379 1346 486 1375 dieitur
498 1347 528 1374 in
541 1346 596 1375 iob
607 1348 616 1363 ²
628 1355 635 1374 z
652 1348 776 1375 l'isitans
785 1349 898 1383 speciem

121 1397 197 1422 tuam
212 1402 264 1421 non
280 1394 412 1429 peccabis.
433 1395 557 1422 Visitans
579 1396 693 1429 speciem
710 1398 796 1426 tuam,
816 1395 897 1422 scili·

121 1443 166 1470 cet
184 1441 366 1478 proximum,
387 1441 438 1478 qui
453 1443 496 1469 est
510 1441 622 1477 speeies
638 1444 698 1476 tua,
721 1442 768 1470 vel
787 1441 900 1478 species

120 1496 181 1516 una
196 1490 301 1517 tecum.

156 1537 263 1570 Quarta
291 1543 380 1564 causa
407 1535 579 1564 humilitatis
595 1556 602 1568 ,
630 1538 672 1563 est
700 1536 898 1565 consideratio

119 1584 210 1612 hostis
226 1583 426 1618 adversantis,
445 1583 490 1611 cui
514 1583 576 1611 sine
597 1583 645 1611 Dei
666 1583 816 1618 adJutorio
838 1592 898 1612 non

119 1639 278 1668 possumus
292 1631 425 1659 resistere
438 1641 446 1665 ;
462 1631 522 1658 imo
538 1630 561 1657 si
576 1631 740 1666 comparati
755 1631 899 1659 fuerimus

120 1678 165 1712 ei,
180 1678 242 1714 ipse
264 1678 348 1714 quasi
365 1678 462 1713 gigas,
483 1679 511 1705 et
525 1685 578 1705 nos
595 1678 679 1714 quasi
701 1678 822 1705 locustae
834 1699 842 1713 ,
868 1681 899 1705 ut

120 1724 227 1752 dieitur
259 1725 289 1752 in
313 1726 439 1753 Numer-is
462 1726 480 1751 ³.
515 1725 603 1759 Cujus
628 1725 717 1753 etiam
748 1728 827 1753 tanta
857 1727 900 1752 est

120 1771 293 1806 crudelitas,
315 1771 397 1807 quod
415 1779 470 1799 nos
488 1771 569 1799 omui
585 1772 659 1799 hora
683 1772 897 1807 transglutiret‚

120 1818 175 1846 nisi
191 1818 278 1846 etiam
292 1818 392 1846 diviua
407 1819 551 1854 protectio
562 1826 617 1846 nos
629 1819 789 1846 custodiret
804 1829 810 1846 :
828 1819 899 1855 quia

121 1865 228 1894 dicitur
243 1866 272 1893 in
289 1864 419 1893 Threnis⁸
435 1876 442 1893 :
462 1866 657 1893 ,ilz'sericordioe
677 1867 807 1898 Domini,
833 1868 899 1901 quia

120 1921 172 1941 non
191 1921 282 1941 sumus
298 1914 449 1948 consumpti
466 1922 472 1940 :
490 1912 536 1940 cui
557 1912 703 1940 debemus
729 1915 820 1940 totam
840 1913 898 1940 vir-

121 1963 210 1989 tutem
226 1959 382 1988 ascribere.

156 2007 262 2042 Quinta
277 2015 366 2035 eausa
380 2006 569 2042 humilitatis,
587 2009 628 2034 est
643 2007 840 2035 consideratio
857 2007 899 2035 di-

121 2055 197 2082 vinoe
212 2053 436 2089 magnitudinis,
451 2054 497 2081 eui
514 2056 648 2081 tenemur
662 2054 813 2082 humiliter
828 2055 896 2082 sub-

123 2110 184 2130 esse
200 2104 319 2138 propter
334 2101 512 2129 beneficium
528 2101 699 2135 creationis,
719 2102 803 2136 juxta
825 2101 899 2129 illud

123 2149 227 2177 Psalmi
238 2150 247 2164 ⁵
261 2157 266 2175 :
281 2150 341 2183 lpse
355 2149 418 2181 feei!
435 2156 490 2179 nos,
508 2151 533 2175 et
546 2157 597 2176 non
611 2150 666 2183 ipsi
681 2157 727 2175 nos
742 2159 749 2180 3
767 2151 793 2176 et
808 2157 900 2184 prop-

123 2199 165 2224 ter
179 2195 357 2223 beneficium
374 2195 602 2232 redeuipti011i8‚
616 2196 700 2230 juxta
716 2195 791 2223 illud
807 2197 898 2223 Eccle-

122 2244 229 2270 siastz'ci
240 2242 266 2268 s³:
280 2243 400 2269 Gratiam
416 2243 602 2277 fideijussoris
619 2244 660 2269 Ιιιί
675 2252 706 2270 ne
719 2244 898 2270 obliviscaris

124 2289 281 2317 ilumiliare
298 2289 386 2317 etiam
402 2289 546 2316 debemus
561 2297 616 2316 nos
639 2291 712 2322 Deo,
737 2290 820 2324 cujus
843 2298 897 2325 po-

124 2337 243 2364 tentiam
259 2336 384 2364 evadere
400 2344 461 2364 nou
482 2344 639 2372 possumus
651 2358 659 2371 ,
681 2337 763 2371 cujus
783 2337 899 2372 sapien-

124 2384 195 2412 tiam
207 2384 295 2412 latere
310 2391 371 2411 non
387 2392 545 2419 possumus
556 2405 563 2418 ,
581 2385 664 2419 eujus
675 2385 819 2419 justitiam
836 2393 899 2413 eor-

124 2439 261 2465 rumpere
276 2438 337 2459 uou
351 2439 518 2466 possumus.
537 2431 616 2458 Unde
637 2431 802 2459 notandum
816 2432 899 2466 juxta

124 2478 180 2505 hoe
193 2499 201 2512 ,
218 2478 303 2514 quod
316 2477 408 2505 tribus
424 2477 460 2505 de
476 2478 571 2505 causis
587 2478 675 2506 debet
690 2487 720 2505 se
734 2479 799 2514 quis
815 2479 898 2506 ineli-

124 2531 194 2552 nare
209 2527 237 2552 et
251 2525 412 2553 demittere.
430 2524 538 2560 Primo,
563 2525 685 2561 quando
707 2525 788 2553 videt
810 2525 899 2561 capiti

159 2611 163 2624 ¹
184 2610 251 2633 Psal.
269 2616 366 2642 Lxxvu,
382 2612 419 2635 39.
435 2623 466 2628 ·-
483 2611 491 2625 ³
506 2611 561 2641 lob,
576 2617 601 2641 v,
617 2612 654 2635 2³».
670 2624 698 2628 —
718 2612 725 2625 ³
738 2611 825 2641 Num„
840 2617 900 2640 xiii,

126 2648 164 2669 2¹1.
176 2659 205 2664 —
221 2647 229 2662 Β
246 2646 397 2676 leen.,111‚
412 2648 450 2671 22.
464 2660 494 2665 ·-
509 2647 598 2670 ⁶1‘sal.
615 2653 685 2677 ΧΕΙΧ,
702 2649 724 2671 3.
741 2661 770 2665 -
786 2648 796 2663 ⁶
813 2647 900 2677 Eccli'.‚

126 2688 205 2712 xxm,
225 2684 264 2706 2⁰.
282 2696 311 2700 -
333 2684 342 2699 7
364 2683 370 2705 l
394 2683 475 2708 petr..
497 2689 521 2713 v,
545 2685 567 2706 ti.
589 2696 616 2700 —-
637 2686 644 2697 ³
664 2685 744 2713 .Ιο(ιιι.,
771 2690 802 2713 x,
826 2685 848 2707 9.
871 2697 902 2700 ——

129 2719 136 2727 '¹
147 2718 248 2747 Malth.,
263 2723 289 2748 x,
300 2719 337 2741 25.
349 2732 377 2735 —
391 2718 409 2734 ¹⁰
421 2717 509 2748 Eccli„
525 2724 581 2749 xlii,
594 2720 632 2743 ¹9.
645 2732 673 2736 —
688 2720 706 2735 ¹¹
718 2720 799 2749 loun„
814 2724 847 2748 vi,
864 2720 899 2742 15.

665 234 808 271 DIAETAE
828 238 996 274 SALUTIS
1015 240 1093 275 m.
1115 241 1184 276 vn.

959 317 1015 338 suo
1035 309 1172 346 gladium
1189 311 1366 348 imminere;
1383 311 1427 341 sie
1442 319 1502 341 nos
1520 312 1748 346 achamoth&

958 355 1087 392 miliari,
1103 358 1132 386 et
1147 357 1252 387 timere
1271 358 1356 395 quod
1375 358 1512 388 videmus
1535 367 1625 396 super
1649 362 1740 398 eaput

958 404 1095 432 nostrum
1109 403 1245 440 gladium
1259 404 1368 434 divinoe
1380 406 1531 435 sententiae
1546 406 1670 436 vibrari.
1684 408 1739 436 Un-

959 449 998 477 de
1013 449 1120 479 dieitur
1132 451 1172 479 ab
1187 452 1323 488 apostolo
1338 454 1422 482 Petro
1432 454 1462 480 ⁷:
1480 454 1676 482 llumiliamini
1688 455 1739 482 sub

957 499 1064 532 potenti
1076 505 1158 526 manu
1174 499 1232 526 Dei.
1257 499 1393 528 Secundo
1414 499 1541 528 inclinat
1555 508 1586 528 se
1609 499 1739 537 aliquis,

959 543 1082 579 quando
1097 546 1214 581 oportet
1227 544 1326 582 ipsum
1340 547 1463 574 transire
1478 554 1532 583 per
1547 547 1655 576 ostium
1669 547 1738 576 bas-

957 597 1042 618 sum:
1056 590 1098 618 sie
1113 598 1169 619 nos
1183 591 1329 620 debemus
1339 592 1510 628 humiliari,
1523 594 1574 630 qui
1588 593 1629 622 ad
1642 594 1736 623 vitam

957 637 1108 666 transituri
1121 645 1224 666 sumus
1238 646 1292 675 per
1305 639 1414 667 ostium
1428 639 1552 668 bassum
1567 643 1596 669 et
1608 641 1737 677 humile,

958 685 1043 721 quod
1055 686 1099 712 est
1108 684 1248 720 Christus,
1264 685 1336 722 quia
1345 685 1454 715 dieitur
1467 687 1499 715 in
1510 688 1623 716 Ioanne
1638 688 1666 716 ⁸:
1681 689 1738 724 1390

957 739 1017 759 sum
1031 733 1144 765 ostium,-
1158 740 1208 768 per
1221 740 1262 760 me
1275 734 1301 760 si
1316 734 1378 768 quis
1393 734 1557 767 introierit,
1573 735 1738 764 salvabitur.

957 780 1052 808 Tertio
1079 779 1232 808 consuevit
1245 779 1313 816 quis
1334 780 1478 809 inclinare
1492 789 1539 816 se,
1554 782 1678 818 quando
1698 782 1740 811 vi-

958 826 1008 855 det
1021 827 1207 862 superiorem
1220 827 1295 855 sein
1309 827 1442 856 inferiori
1454 827 1523 857 loeo
1535 827 1639 858 sedere
1653 838 1660 858 :
1676 837 1738 858 non

958 873 1038 902 enim
1053 875 1097 901 est
1110 873 1219 902 decens
1233 873 1359 902 militem
1372 874 1476 902 sedere
1497 874 1528 902 in
1549 882 1692 910 scamno,
1713 876 1739 904 si

957 928 1010 948 rex
1024 920 1141 948 sederet
1154 920 1185 948 in
1196 921 1368 957 pavimento
1381 930 1388 949 :
1405 921 1446 949 sic
1459 929 1514 950 nos
1527 921 1679 951 humiliari
1694 924 1738 951 est

957 968 1164 1003 necessarium,
1173 976 1241 996 eum
1250 968 1406 996 videamus
1416 970 1526 1005 Regem
1536 969 1638 1006 glorioe
1649 978 1739 1007 prop-

957 1017 999 1044 ter
1014 1023 1069 1043 nos
1083 1015 1114 1043 in
1129 1017 1243 1044 tantum
1257 1015 1456 1044 humiliatum.
1478 1016 1559 1044 Unde
1580 1016 1688 1045 dieitur
1706 1017 1738 1046 in

956 1063 1103 1090 Mattlioeo⁹
1117 1072 1123 1090 :
1137 1063 1240 1098 Sufficit
1254 1071 1329 1090 servo
1339 1085 1346 1095 ,
1364 1065 1389 1090 si
1397 1065 1435 1090 sit
1448 1065 1520 1091 sicut
1531 1063 1657 1092 dominus
1667 1065 1734 1099 ejus.

992 1111 1063 1138 Item
1077 1109 1168 1138 habet
1189 1109 1340 1138 humilitas
1363 1110 1518 1146 multiplex
1536 1111 1655 1146 signum
1680 1111 1732 1139 de·
1748 1119 1854 1146 Quinque

955 1157 1193 1185 monstrativum.
1210 1158 1241 1184 Et
1255 1160 1326 1184 nota
1337 1177 1346 1191 ‚
1362 1156 1446 1193 quod
1461 1157 1594 1194 quinque
1612 1160 1679 1186 sunt
1693 1157 1732 1186 si-

1764 1151 1841 1186 praei.-

1759 1187 1804 1209 pn·
1817 1188 1848 1202 ει-

955 1211 1028 1239 gna,
1044 1203 1119 1231 inter
1133 1203 1193 1231 alia
1203 1225 1212 1238 ,
1228 1203 1402 1231 humilitatis
1416 1203 1657 1232 demonstrativa.
1675 1205 1735 1233 Pri·
1749 1219 1794 1241 gn·
1812 1214 1855 1234 hu-

955 1258 1038 1278 mum
1057 1252 1100 1278 est
1124 1250 1268 1278 humilem
1283 1257 1404 1284 amare,
1424 1250 1563 1287 exemplo
1585 1253 1734 1280 ereatura·
1749 1244 1857 1266 mffi‘ffi'·

955 1306 1038 1333 rum,
1055 1306 1122 1334 quae
1137 1297 1266 1333 diligunt
1278 1297 1334 1325 sibi
1353 1297 1482 1333 similes3
1499 1298 1570 1334 quia
1585 1298 1691 1327 dieitur
1704 1299 1735 1327 in

955 1346 1141 1372 Ecclesiastico
1159 1345 1178 1361 ¹⁰
1193 1354 1200 1372 z
1219 1345 1301 1372 Omne
1317 1346 1421 1372 animal
1445 1346 1541 1380 dile'qic
1559 1347 1613 1373 sibi
1634 1347 1734 1375 simile.

955 1391 1126 1420 Secundum
1141 1393 1204 1426 est,
1219 1378 1393 1420 honores‘ei
1409 1391 1514 1420 laudes
1529 1392 1644 1429 fugere,
1661 1393 1736 1421 sieut

955 1440 1013 1468 mel
1038 1442 1219 1468 venenatum
1241 1461 1250 1475 ‚
1275 1443 1302 1468 et
1331 1441 1406 1468 sicut
1425 1441 1546 1476 sagittas
1569 1441 1686 1470 limatas
1709 1444 1737 1470 et

954 1489 1115 1515 venenatas
1127 1508 1136 1522 ‚
1147 1487 1286 1524 exemplo
1300 1487 1402 1515 Christi
1415 1508 1423 1521 ,
1439 1488 1491 1524 qui
1506 1489 1580 1523 sugit
1597 1496 1665 1516 eum
1680 1491 1737 1516 tur-

956 1535 994 1562 boe
1004 1535 1101 1562 vellent
1114 1543 1172 1562 cum
1184 1536 1273 1568 facere
1284 1537 1420 1569 reqem,ut
1431 1535 1538 1563 dieitur
1549 1535 1578 1563 in
1589 1537 1694 1563 Joarme
1704 1539 1736 1564 ¹¹.

954 1582 1082 1610 Tertium
1103 1582 1221 1617 signum
1247 1585 1289 1610 est
1306 1583 1470 1618 opprobria
1491 1585 1519 1610 et
1540 1582 1737 1611 contumelias

955 1629 1161 1665 {equanimiter
1176 1629 1314 1663 tolerare,
1327 1631 1464 1666 exemplo
1481 1629 1584 1664 David,
1599 1629 1651 1665 qui
1665 1637 1734 1658 eum

954 1676 1048 1704 Semei
1064 1676 1255 1704 malediceret
1270 1676 1312 1709 ei,
1329 1676 1403 1704 dixit
1416 1677 1505 1705 Abisa
1520 1685 1621 1712 regem
1638 1676 1736 1705 vindi-

955 1731 1022 1750 care
1037 1723 1147 1750 volenti
1163 1723 1180 1739 ¹²
1198 1731 1203 1749 :
1226 1724 1341 1750 liinu'tle
1357 1731 1427 1757 cum,
1443 1727 1472 1750 ut
1489 1724 1633 1751 maledicat
1649 1724 1733 1757 milti,

954 1772 986 1797 ut
1000 1769 1030 1796 iu
1047 1769 1129 1796 libris
1145 1770 1245 1803 Requm
1261 1769 1420 1804 reperitur;
1437 1772 1464 1797 et
1483 1770 1622 1806 exemplo
1645 1778 1732 1806 apos-

954 1816 1103 1850 tolorum,
1120 1816 1156 1843 de
1173 1816 1282 1851 quibus
1298 1816 1405 1844 dieitur
1424 1816 1453 1843 in
1474 1817 1587 1844 Actibus
1605 1817 1635 1849 ¹³,
1651 1817 1735 1852 quod

955 1864 1033 1890 ibant
1044 1863 1189 1898 quatientes
1205 1871 1221 1890 α
1236 1865 1378 1898 conspe—tu
1392 1864 1501 1890 concilii
1512 1885 1519 1897 ,
1542 1865 1670 1899 quoniam
1693 1863 1735 1890 di-

955 1911 1003 1944 9ni
1017 1910 1106 1936 habiti
1121 1912 1183 1937 sunt
1198 1918 1247 1946 pro
1263 1911 1370 1937 nomme
1383 1911 1446 1937 Jesu
1460 1912 1647 1938 coutumeliam
1662 1912 1734 1946 pati.

955 1957 1024 1985 Ideo
1040 1956 1147 1984 dieitur
1162 1956 1199 1984 de
1215 1956 1379 1984 humilitate
1392 1957 1421 1984 iu
1437 1957 1548 1984 Threm‘s
1565 1958 1582 1974 ¹⁸
1596 1966 1602 1985 :
1620 1958 1732 1985 Satura-

954 2005 1028 2031 bilur
1042 2004 1205 2039 opprobriis.
1219 2004 1361 2037 Quartum
1372 2004 1490 2039 signum
1503 2007 1545 2031 est
1555 2004 1625 2032 vilia
1636 2004 1734 2032 officia

955 2060 1016 2079 nou
1043 2060 1178 2079 recusare
1196 2073 1203 2085 ,
1230 2052 1367 2087 exemplo
1391 2052 1506 2087 Abigail
1518 2073 1526 2086 ,
1552 2061 1642 2088 quam
1667 2061 1735 2080 eum

956 2099 1048 2127 David
1072 2099 1161 2126 vellet
1185 2098 1292 2126 ducere
1318 2099 1347 2126 in
1369 2107 1505 2133 uxorem,
1520 2099 1675 2135 respondit
1692 2100 1732 2127 ¹⁵:

955 2148 1019 2174 Ecre
1043 2148 1148 2179 famula
1171 2151 1218 2173 lua
1241 2148 1277 2173 sit
1306 2148 1333 2173 in
1355 2148 1499 2181 ancillam,
1516 2150 1545 2174 ut
1570 2148 1640 2174 lat-et
1654 2147 1734 2182 pedes

954 2202 1087 2221 sei-rorum
1099 2194 1202 2220 (lentini
1216 2195 1277 2223 mci.
1294 2196 1325 2220 ut
1336 2193 1464 2220 habetur
1479 2193 1509 2220 in
1525 2193 1605 2221 libris
1620 2195 1732 2228 Regum.

955 2241 1093 2274 Quintum
1108 2241 1225 2275 signum
1241 2242 1282 2267 est
1298 2240 1423 2267 libenter
1439 2239 1578 2274 obedire,
1595 2239 1733 2276 exemplo

955 2287 1077 2321 Christi,
1102 2287 1152 2323 qui
1172 2288 1330 2313 humiliavit
1355 2288 1541 2321 scmelz'psmn‚
1565 2289 1654 2320 faetus
1676 2288 1733 2314 obe-

956 2335 1031 2362 diens
1046 2342 1128 2369 usque
1144 2334 1180 2360 ad
1196 2337 1315 2364 mortem,
1330 2335 1360 2360 ut
1376 2333 1415 2361 ait
1428 2333 1584 2369 Apostolus
1601 2334 1627 2360 ¹⁶.

992 2381 1083 2409 Habet
1105 2381 1193 2408 etiam
1214 2380 1364 2407 humilitas
1389 2380 1583 2416 multiplicem
1606 2380 1732 2415 gradum

957 2428 1186 2456 distributivum.
1212 2427 1291 2454 Unde
1307 2429 1395 2461 nota,
1411 2427 1494 2463 quod
1511 2430 1567 2455 tres
1588 2430 1654 2455 sunt
1669 2435 1732 2462 gra-

957 2476 1011 2503 dus
1036 2474 1229 2507 humilitatis,
1253 2474 1326 2501 sieut
1354 2474 1460 2502 dicitur
1487 2474 1516 2501 in
1541 2475 1628 2508 qlossa
1652 2482 1732 2508 super

956 2523 1115 2550 Matthoeum
1132 2522 1148 2538 '⁷
1165 2531 1170 2548 :
1190 2520 1304 2557 primus
1329 2523 1370 2548 est
1390 2521 1510 2549 subesse
1530 2520 1657 2556 majori,
1679 2528 1732 2548 nee

956 2623 987 2626 -
1003 2610 1022 2625 ¹²
1037 2609 1055 2632 ιι
1072 2609 1139 2638 neq..
1158 2613 1210 2635 xvi,
1232 2608 1266 2630 ιο.
1282 2620 1312 2625 -
1331 2608 1350 2624 ¹³
1368 2607 1433 2637 Act„
1450 2613 1472 2637 v,
1490 2608 1527 2630 ιι.
1550 2620 1574 2624 -
1598 2607 1615 2622 ιι
1635 2607 1733 2632 Taren..

958 2651 997 2674 ιιι,
1013 2647 1052 2669 30.
1069 2657 1098 2662 —-
1120 2645 1137 2660 ¹²⁴
1159 2644 1164 2667 1
1186 2644 1253 2673 ltey„
1275 2650 1335 2673 xxv,
1353 2646 1389 2668 Η.
1408 2655 1438 2660 --
1454 2644 1471 2657 ¹⁵
1491 2643 1599 2673 Philip„
1617 2649 1648 2673 ιι,
1667 2644 1689 2667 8.
1704 2655 1734 2660 —

959 2683 970 2695 ¹'
991 2681 1071 2705 Gloss.
1087 2688 1140 2711 sup.
1168 2680 1268 2710 Malli„
1283 2686 1304 2703 e.
1322 2686 1361 2703 ιιι.
1379 2692 1405 2696 -
1423 2679 1457 2709 (a)
1475 2679 1537 2702 Cart.
1555 2679 1614 2702 ellit.
1636 2680 1732 2708 sulm-n.

957 2730 987 2735 --
1004 2718 1039 2748 (b)
1054 2718 1115 2742 Item
1131 2716 1313 2747 praeservaudi.
1333 2729 1358 2733 —
1376 2716 1404 2745 (c)
1424 2715 1485 2740 Coet.
1500 2714 1562 2739 edit.
1578 2714 1731 2740 uniusmodi.

1774 2385 1852 2405 Humi-

1766 2415 1832 2435 litatis

1759 2446 1842 2472 gradus

1760 2479 1811 2498 tres.
