2004 3037
789 250 919 283 CAPUT
942 249 1102 283 cxxxiii.

134 326 202 347 rum
221 318 408 356 sepulturam
427 318 504 356 Tyrii
524 318 725 348 liberalissimi
749 319 916 347 extiterunt.

135 366 158 394 ll
170 366 274 400 Maeli„
285 374 326 395 w.

171 414 238 441 Post
264 412 401 450 praelium
430 413 534 442 contra
561 412 701 449 Gorgiam
723 412 917 441 commissum

134 459 216 488 venit
242 460 334 489 ‚Iudas
356 459 556 496 Machabaeus,
584 461 617 488 ut
638 467 765 496 corpora
787 461 916 496 prostra-

135 509 235 536 torum
262 507 397 542 tolleret,
423 509 452 536 et
476 515 546 536 cum
569 507 744 544 parentibus
770 507 914 543 sepeliret.

129 549 158 583 ἸΙ
173 555 276 589 Maeli„
290 563 343 583 ΧΠ.

171 602 312 638 Discipuli
326 602 406 631 beati
421 601 541 630 Joannis
555 600 699 638 Baptistae,
715 600 817 629 audito
833 601 917 637 quod

135 648 301 678 decollatus
315 650 378 678 erat
393 648 431 677 ab
446 647 572 683 Herode,
585 649 730 676 venerunt
744 649 772 676 et
786 649 917 676 tulerunt

135 703 244 732 corpus
263 696 344 731 ejuS‚
362 696 390 724 et
409 694 589 732 sepelierunt
607 694 694 724 illud.
714 695 828 729 Macth„
851 703 916 731 xxv,

136 743 183 778 ¹25
199 743 299 777 Marc„
314 750 354 778 vr,
370 743 416 771 29.

169 790 299 826 Apparet
325 789 484 818 Dominum
505 790 605 818 lesum
632 789 778 818 Christum
803 789 840 818 de
863 798 917 818 sua

134 836 289 872 sepultura
303 844 432 870 curasse,
441 844 496 872 per
506 837 565 865 hoc
575 836 660 873 quod
671 836 827 873 respondit
835 838 848 865 J
852 836 917 865 ndae

133 883 332 911 murmuranti
345 883 382 911 de
393 885 559 919 unguento,
570 884 654 920 quod
668 883 833 912 secundum
848 892 916 911 eum

133 929 301 958 venundari
317 929 469 958 debuisset
484 939 491 958 :
510 940 525 957 «
544 931 627 966 Sine,
642 930 756 967 inquit,
772 930 870 965 illam,
885 932 917 958 ut

133 976 164 1004 in
184 976 264 1004 diem
289 977 448 1013 sepulturae
472 985 546 1006 meae
565 980 662 1006 servet
684 977 769 1005 illud.
795 988 807 1005 »
825 979 916 1013 Joan„

133 1031 192 1057 111,¹
204 1025 232 1051 7.

170 1070 307 1106 Sepultus
321 1071 376 1099 fuit
389 1072 531 1100 Dominus
550 1079 603 1108 per
618 1072 726 1108 Joseph
746 1073 773 1100 et
791 1072 916 1100 Nicode-

133 1125 218 1145 mum
233 1117 265 1145 in
279 1118 417 1154 sepulcro
432 1127 514 1147 novo
530 1119 629 1148 exciso
644 1119 675 1147 in
690 1122 788 1155 petra,
805 1119 835 1147 in
855 1127 916 1156 quo

134 1163 271 1192 nondum
288 1165 448 1202 quisquam
458 1167 572 1202 positus
582 1166 687 1195 fuerat.
697 1167 810 1200 Mami„
820 1174 900 1195 xxvn
906 1176 915 1203 ;

132 1211 229 1244 Marc„
246 1219 302 1247 xv,
319 1213 395 1248 Luc„
410 1220 496 1248 xx1113
510 1214 601 1249 Joaiz„
617 1221 678 1241 xrx.

169 1258 353 1287 Curaverunt
366 1260 423 1288 viri
437 1260 566 1289 timorati
582 1261 763 1296 Stephanum
779 1268 797 1288 a
809 1260 916 1289 Judaeis

133 1304 301 1341 lapidatum
322 1307 463 1343 sepelire,
484 1309 512 1336 et
533 1307 664 1336 fecerunt
681 1308 834 1344 planctum
852 1316 917 1336 ma—

133 1359 227 1387 gnum
245 1360 335 1388 super
349 1361 428 1382 eum.
446 1355 521 1390 Act„
538 1363 606 1390 vm,
621 1355 648 1382 9..

347 1448 491 1482 CAPUT
516 1449 698 1483 CXXXIII.

294 1521 333 1547 De
351 1521 485 1549 horrenda
504 1524 588 1549 morte
607 1523 750 1550 malorum.

169 1587 250 1622 Cain,
267 1588 319 1624 qui
335 1589 443 1618 occidit
458 1590 532 1618 Abel
546 1590 667 1619 fratrem
681 1599 785 1626 suum,
802 1592 915 1620 occisus

131 1636 174 1662 est
188 1642 206 1662 a
221 1636 358 1664 Lamech.
375 1637 454 1672 Gen„
470 1645 509 1672 lv,
525 1639 569 1666 23.

167 1682 309 1710 Dominus
337 1683 412 1718 pluit
436 1692 526 1720 super
552 1684 715 1713 Sodomam
740 1687 768 1713 et
790 1687 913 1714 Gomor-

129 1728 216 1756 rham
230 1729 356 1766 sulphur
377 1733 404 1758 et
426 1731 526 1767 ignem
549 1731 586 1759 de
609 1732 701 1767 coelo,
723 1735 751 1760 et
772 1733 914 1762 subvertit

130 1774 264 1811 quinque
286 1776 416 1805 civitates
440 1777 607 1806 detestabili
629 1781 750 1814 peccato
773 1779 914 1815 furentes,

130 1824 158 1849 et
173 1830 294 1850 omnem
310 1823 389 1852 circa
403 1824 569 1859 regionem.
587 1825 664 1860 Gen„
681 1833 740 1854 xix.

165 1868 282 1897 Sichem
304 1869 384 1897 filius
409 1871 534 1906 Hemor,
559 1872 611 1907 qui
636 1872 783 1908 oppressit
808 1873 913 1902 Dinam

130 1914 222 1942 filiam
239 1916 348 1950 Jacob,
369 1917 539 1945 interfectus
560 1918 614 1946 suit
632 1926 650 1946 a
672 1919 741 1947 filiis
760 1920 864 1955 Jacob,
886 1923 913 1949 et

130 1969 234 1989 omnes
247 1962 372 1990 masculi
387 1963 521 1992 civitatis.
542 1965 618 2000 Gen„
635 1973 736 1994 xxx1v.

164 2013 256 2046 Aquae
268 2011 359 2039 maris
371 2012 464 2040 Rubri
477 2015 660 2049 operuerunt
672 2023 775 2043 currus
790 2018 818 2043 et
832 2016 913 2052 equi-

129 2059 171 2085 tes
186 2058 283 2086 cuncti
298 2059 443 2087 exercitus
456 2061 610 2096 Pharonis,
625 2069 680 2089 nec
695 2070 772 2090 unus
789 2063 912 2098 quidem

128 2104 278 2132 remansit.
299 2106 400 2138 Emod..
420 2115 478 2135 xiv.
498 2109 530 2135 Et
549 2108 672 2144 quidem
691 2109 759 2137 satis
772 2110 864 2145 juste,
880 2113 913 2138 ut

129 2151 214 2186 cujus
234 2160 286 2180 cor
305 2160 368 2181 non
388 2154 499 2189 potuit,
522 2154 596 2183 dum
615 2156 743 2191 viveret,
767 2157 909 2193 emolliri,

129 2206 237 2235 corpus
252 2199 314 2234 ejus
329 2200 360 2228 in
376 2209 455 2237 aqua
468 2201 595 2229 totaliter
609 2206 801 2239 mergeretur.

163 2246 267 2274 Nadab
284 2249 312 2275 et
332 2247 425 2283 Abiu,
441 2247 495 2276 filii
509 2251 620 2284 Aaron,
637 2250 794 2279 offerentes
809 2251 910 2287 ignem

128 2292 261 2321 alienum
276 2302 378 2322 coram
394 2295 537 2330 Domino,
555 2296 688 2325 devorati
703 2300 771 2326 sunt
786 2298 824 2326 ab
841 2299 909 2334 igne

128 2340 254 2375 Domini,
271 2342 298 2368 et
312 2342 434 2371 mortui.
450 2343 549 2375 Levit„
565 2351 592 2371 x.

163 2388 310 2424 Praecepto
330 2389 447 2417 Domini
465 2390 519 2418 filii
542 2391 629 2419 Israel
647 2391 813 2420 eduxerunt
828 2393 908 2422 blas—

126 2433 270 2469 phemum
291 2437 374 2464 extra
395 2439 503 2472 castra,
524 2446 559 2465 ac
580 2437 733 2474 lapidibus
754 2448 911 2476 oppresse-

126 2483 205 2509 runt.
222 2483 320 2518 Levz't.,
336 2492 418 2511 niv.

164 2529 252 2562 Core,
269 2531 297 2557 et
316 2531 428 2564 Datan,
452 2533 479 2559 et
500 2532 625 2567 Abiron,
649 2535 677 2561 ct
700 2542 805 2562 eorum
827 2543 908 2563 com-

127 2574 219 2609 plices
233 2576 323 2611 Moysi
339 2577 526 2613 rebellantes,
544 2579 761 2609 descenderunt
775 2582 806 2609 in
821 2582 909 2610 inser-

127 2627 210 2653 num,
226 2623 321 2658 operti
336 2623 440 2652 humo.
456 2626 552 2660 Num„
567 2634 630 2655 xv1.

163 2667 218 2694 Alii
234 2669 322 2697 etiam
338 2674 572 2707 murmurantes,
587 2675 616 2702 et
635 2673 754 2703 diversa
771 2676 907 2703 commit-

126 2715 219 2742 tentes
241 2719 379 2753 peoeata,
400 2719 492 2747 variis
513 2720 661 2749 mortibus
682 2721 856 2752 interierunt
874 2723 906 2751 in

1695 253 1754 284 639

973 318 1108 352 deserto,
1127 317 1166 345 ita
1188 316 1271 353 quod
1293 317 1330 345 de
1350 317 1494 345 sexcentis
1508 316 1643 346 millibus
1657 318 1756 348 homi-

972 372 1046 392 num
1060 365 1280 401 pugnatorum,
1297 364 1358 392 duo
1374 365 1488 392 tantum
1503 365 1611 393 terram
1625 365 1754 401 promis-

972 410 1064 438 sionis
1078 410 1272 439 intraverunt.

1008 458 1156 491 Quoniam
1170 457 1271 486 Achan
1287 457 1324 494 (a)
1342 457 1407 486 tulit
1422 457 1459 486 de
1474 458 1664 487 anathemate
1683 459 1755 488 Jeri-

973 504 1028 532 cho
1052 505 1159 532 furtive
1168 525 1177 539 ,
1203 504 1348 541 lapidavit
1372 512 1441 532 eum
1470 504 1567 533 omnis
1594 506 1700 542 lsrael,
1727 508 1756 534 et

973 553 1079 580 cuncta
1102 560 1168 588 quae
1189 552 1268 580 illius
1288 554 1372 581 crant
1395 552 1464 588 igne
1490 555 1668 590 consumpta
1689 553 1754 582 fue-

971 600 1050 626 runt.
1066 600 1135 633 Jos.,
1150 607 1203 635 vu,
1217 600 1262 627 25.

1008 646 1306 683 comprehenderunt
1320 646 1373 674 filii
1388 646 1478 675 Israel
1489 646 1688 682 Adonibezec‚
1703 656 1755 677 cae-

972 692 1011 720 sis
1026 693 1246 721 summitatibus
1262 701 1408 726 manuum
1423 693 1501 729 ejus,
1518 702 1552 721 ac
1572 695 1700 730 pedum,
1715 696 1756 724 ita

971 741 1004 767 ut
1025 739 1134 767 fecerat
1156 740 1219 776 ipse
1244 740 1432 776 septuaginta
1456 741 1595 776 regibuS‚
1619 742 1755 771 adduxe-

971 787 1099 822 runtque
1115 795 1184 815 eum
1199 787 1230 814 in
1245 787 1438 821 Hierusalem,
1452 789 1480 815 et
1493 787 1535 815 ibi
1551 790 1686 817 mortuus
1702 792 1754 818 est.

970 833 1077 868 hdie„
1093 841 1112 861 1.

1011 890 1024 906 t<
1034 880 1110 908 Tulit
1123 880 1205 908 Jahel
1220 889 1296 909 uxor
1313 881 1409 908 Habcr
1422 881 1510 910 Cinaei
1525 882 1644 912 clavum
1658 884 1756 913 taber-

971 927 1086 962 naculi,
1103 929 1131 955 et
1152 927 1254 955 defixit
1275 927 1305 955 in
1327 928 1484 956 cerebrum
1499 929 1618 964 Sisarae,
1639 931 1690 967 qui
1706 939 1755 959 so-

971 982 1077 1010 porem
1101 975 1189 1003 morti
1211 975 1328 1003 socians
1344 974 1465 1009 defecit,
1480 977 1508 1003 et
1523 979 1657 1005 mortuus
1671 979 1722 1006 est.
1739 988 1752 1005 »

971 1023 1075 1057 Judlc„
1091 1031 1131 1059 ιν,
1147 1025 1192 1051 21.

1008 1070 1036 1097 Si
1051 1070 1143 1098 Zebee
1154 1072 1183 1098 et
1195 1071 1332 1099 Salmana
1346 1073 1513 1099 servassent
1525 1071 1629 1101 fratres
1644 1073 1755 1103 Gedeo-

971 1117 1027 1153 nis,
1042 1118 1221 1154 pepercisset
1236 1119 1277 1146 eis
1292 1119 1428 1155 Gedeon3
1445 1122 1473 1148 et
1488 1121 1560 1157 quia
1575 1129 1626 1149 eos
1642 1122 1755 1151 occide-

971 1166 1055 1200 runt,
1072 1167 1099 1193 et
1116 1164 1172 1201 ipsi
1193 1174 1211 1194 a
1230 1166 1369 1195 Gedcone
1389 1167 1479 1195 occisi
1500 1168 1629 1197 suerunt.
1651 1170 1753 1206 Judcc„

972 1219 1034 1239 vni.

1009 1260 1070 1287 Una
1090 1259 1208 1295 mulier,
1226 1260 1339 1295 jaciens
1359 1269 1448 1297 snper
1470 1264 1560 1298 caput
1581 1263 1755 1292 Abimelech

971 1305 1108 1342 fragmen
1129 1307 1237 1342 molae,
1258 1307 1403 1344 confregit
1422 1309 1578 1337 cerebrum
1598 1310 1662 1345 ejus
1679 1320 1685 1339 :
1702 1311 1754 1348 qui

971 1354 1090 1381 vocavit
1105 1354 1290 1389 armigerum
1305 1363 1403 1390 suum,
1421 1357 1447 1384 et
1457 1356 1545 1392 jussit
1558 1364 1589 1384 se
1605 1357 1643 1385 ab
1658 1366 1693 1386 eo
1709 1359 1753 1386 in-

971 1401 1064 1428 terfici
1080 1411 1087 1429 :
1104 1402 1132 1428 et
1144 1401 1276 1429 reddidit
1297 1402 1323 1429 ei
1347 1403 1489 1431 Dominus
1513 1403 1644 1438 malum,
1670 1405 1755 1441 quod

970 1446 1079 1476 fecerat
1111 1448 1290 1477 interficiens
1324 1450 1512 1485 septuaginta
1540 1450 1643 1479 fratres
1672 1460 1752 1480 suos.

971 1495 1074 1529 Judtc„
1091 1503 1137 1530 lx,
1155 1496 1249 1524 33-34.

1007 1543 1081 1569 Cum
1099 1542 1230 1570 audisset
1251 1543 1312 1571 Heli
1335 1552 1436 1572 arcam
1456 1544 1573 1572 Domini
1593 1553 1655 1573 esse
1681 1554 1752 1582 cap-

970 1589 1047 1623 tam,
1069 1588 1194 1617 «cecidit
1213 1589 1250 1617 de
1266 1590 1339 1618 seila
1358 1592 1520 1619 retrorsum
1533 1591 1618 1626 juxta
1633 1593 1752 1628 ostium,

970 1636 998 1662 et
1011 1635 1109 1663 fractis
1119 1636 1283 1664 cervicibus
1294 1640 1429 1666 mortuus
1444 1640 1496 1666 est.
1513 1648 1525 1664 »
1539 1640 1547 1666 l
1559 1639 1636 1673 Req„
1652 1648 1692 1674 ιν,
1709 1641 1752 1668 18.

1006 1682 1171 1718 Superbum
1194 1684 1326 1719 Goliath,
1350 1686 1378 1712 ct
1398 1685 1622 1721 blasphemum,
1648 1687 1751 1723 David,

969 1737 1045 1764 puer
1060 1729 1192 1765 inermis,
1203 1738 1265 1758 non
1277 1731 1392 1760 habens
1406 1741 1494 1760 usum
1510 1740 1674 1768 armorum,
1690 1733 1753 1769 gla-

970 1775 1021 1803 dio
1036 1776 1115 1805 illius
1130 1778 1252 1813 proprio
1268 1778 1422 1807 interfecit.
1440 1780 1449 1807 1
1465 1780 1542 1814 Κεφ,
1558 1788 1629 1808 xvil.

1005 1824 1089 1859 Saul,
1104 1825 1155 1861 qui
1170 1828 1230 1853 tam
1248 1826 1350 1862 inique
1365 1827 1479 1855 invidia
1493 1829 1592 1856 motus
1612 1836 1750 1864 persecu-

969 1872 1015 1898 tus
1029 1870 1125 1899 suerat
1139 1873 1247 1908 David,
1263 1873 1387 1901 tandem
1402 1874 1546 1910 arripiens
1561 1875 1708 1911 gladium,
1724 1878 1752 1904 et

968 1917 1083 1945 irruens
1099 1926 1187 1954 super
1202 1928 1281 1955 eum,
1298 1922 1434 1948 mortuus
1450 1922 1522 1949 est.I
1538 1923 1615 1957 Rea„
1631 1931 1712 1951 xxxr.

1004 1965 1198 2001 Adolescens,
1216 1967 1267 2002 qui
1289 1967 1362 1995 dixit
1381 1976 1410 1995 se
1429 1968 1498 1996 Saul
1521 1969 1682 2004 occidisse,
1701 1970 1750 2005 ju*

968 2011 1056 2040 bente
1069 2013 1168 2047 ,David
1187 2014 1300 2042 occisus
1323 2017 1383 2050 est,
1398 2015 1445 2043 cui
1464 2016 1589 2052 putabat
1606 2024 1750 2052 prospera

968 2059 1114 2088 nuntiare.
1131 2062 1152 2088 Π
1167 2062 1244 2097 Req„
1260 2070 1280 2089 1.

1004 2106 1102 2134 Simile
1119 2108 1226 2136 accidit
1245 2109 1364 2138 duobus
1385 2110 1563 2146 latronibus,
1586 2110 1637 2147 qui
1660 2113 1750 2147 caput

967 2153 1100 2182 isboseth
1113 2154 1168 2182 filii
1180 2155 1248 2183 Saul
1263 2156 1394 2185 tulerunt
1409 2158 1449 2185 ad
1464 2158 1567 2186 David.
1584 2158 1606 2186 ll
1615 2160 1693 2193 Rea„
1707 2167 1746 2186 lv.

1003 2201 1218 2236 primogenitus
1237 2204 1332 2232 David
1353 2206 1471 2232 Amnon
1494 2206 1641 2241 oppressit
1663 2214 1747 2234 soro-

966 2255 1030 2276 rem
1049 2257 1135 2276 suam
1155 2250 1292 2286 Thamar,
1315 2253 1342 2279 et
1361 2251 1453 2287 paulo
1473 2255 1541 2288 post
1559 2253 1674 2280 occisus
1694 2256 1746 2288 est,

964 2295 1087 2330 jubente
1108 2297 1249 2326 Absalom
1274 2298 1361 2327 fratre
1385 2308 1459 2335 suo,
1484 2308 1552 2328 cum
1578 2300 1748 2329 comederet

967 2350 1034 2371 cum
1050 2352 1096 2372 eo.
1111 2346 1134 2373 ΙΙ
1149 2346 1228 2380 Req„
1241 2354 1303 2374 xm.

1001 2390 1109 2419 Videns
1123 2392 1312 2429 Achitophel‚
1329 2393 1413 2429 quod
1433 2401 1495 2422 non
1513 2394 1616 2422 suisset
1635 2394 1746 2422 sactum

967 2438 1123 2467 consilium
1139 2447 1244 2474 suum,
1264 2440 1348 2476 quod
1369 2440 1493 2470 dederat
1513 2444 1616 2470 contra
1641 2442 1746 2475 David,

966 2484 1038 2513 abiit
1060 2486 1090 2513 in
1111 2486 1237 2515 domum
1258 2495 1362 2523 suam,
1387 2491 1414 2516 et
1437 2489 1600 2525 suspendio
1626 2488 1744 2517 interiit.

966 2534 986 2560 ΙΙ
1001 2533 1080 2567 Rea,
1095 2542 1168 2562 xvn.

1000 2579 1135 2608 Libidine
1161 2581 1359 2618 dominandi,
1381 2583 1522 2611 Absalom
1545 2584 1676 2611 multum
1699 2583 1743 2610 af-

964 2627 1038 2654 flixit
1051 2628 1167 2663 patrem
1182 2636 1270 2657 suum
1291 2630 1385 2658 David
1392 2640 1399 2665 3
1418 2630 1472 2658 sed
1492 2632 1653 2666 antequam
1669 2638 1745 2658 asse-

995 2725 1030 2756 (a)
1047 2725 1109 2750 Coet.
1119 2725 1178 2751 edit.
1193 2726 1291 2754 Achab.
