2004 3037
595 208 644 242 DE
673 207 830 242 ULTIMIS
858 208 1122 242 TEMPORIBUS.
1153 210 1239 243 CAP.
1268 211 1337 244 1-11.

1710 215 1769 248 229

737 364 901 407 LIBER
938 363 1201 408 SEPTIMUS

651 473 705 502 DE
742 471 950 503 ULTIMIS
991 474 1289 505 TEMPORIBUS

330 703 506 738 CAPUT
543 703 774 737 PRIMUM.

441 777 479 803 De
492 777 544 810 fine
557 776 660 803 mundi.

200 846 298 877 Finale
314 845 461 882 judicium
481 846 619 882 quaedam
642 848 709 874 sunt
727 846 941 881 antecedentia,

165 893 304 931 quaedam
332 892 578 926 concomitantia,
611 893 750 929 quaedam
778 893 940 929 sequentia.

164 940 373 970 Antecedentia
389 939 536 976 judicium
555 939 609 968 tria
632 941 714 974 sunt,
730 939 840 968 scilicet
854 948 943 976 poena

164 986 342 1025 purgatorii,
359 986 494 1014 Ecclesiae
508 986 664 1022 suffragia,
679 987 845 1023 persecutio
860 987 941 1015 Anti-

164 1033 273 1064 christi.
288 1033 522 1062 concomitanfia
533 1033 679 1069 judicium
694 1033 754 1061 duo
770 1035 850 1069 sunt,
868 1034 943 1062 scili-

164 1082 210 1109 cet
234 1079 427 1116 conflagratio
443 1080 567 1115 mundi,
591 1081 619 1108 et
641 1080 815 1109 resurrectio
836 1088 942 1117 corpo-

164 1135 240 1157 rum.
258 1127 474 1163 Consequentia
486 1127 633 1163 judicium
656 1127 717 1156 duo
732 1129 819 1162 sunt,
834 1127 944 1155 scilicet

164 1182 254 1211 poena
272 1173 439 1208 infernam,
459 1175 487 1202 et
506 1173 601 1209 gloria
619 1174 752 1202 coelestis.
773 1175 811 1202 De
831 1174 942 1211 quibus

164 1229 218 1258 per
232 1221 368 1250 ordinem
383 1221 555 1250 dicendum.

417 1316 595 1350 CAPUT
633 1317 683 1351 Il.

445 1390 483 1417 De
498 1389 672 1424 Purgatorz'o.

198 1457 388 1494 purgatorius
402 1457 478 1494 ignis
504 1466 665 1494 corporeus
689 1460 746 1492 est,
770 1467 823 1494 per
851 1467 941 1495 quem

163 1505 370 1535 tantummodo
390 1505 508 1541 spiritus
522 1505 681 1540 justorum,
701 1505 752 1541 qui
767 1505 797 1532 in
812 1505 867 1533 hac
881 1506 941 1533 vita

162 1560 225 1582 non
243 1552 441 1588 impleverunt
460 1551 677 1588 poenitentiam,
695 1560 791 1587 neque
811 1552 940 1580 satisfac-

162 1600 274 1629 tionem
291 1598 485 1634 condignam,
502 1598 683 1634 affliguntur.
706 1598 738 1626 Hi
758 1599 810 1634 qui
829 1599 940 1628 suntin

162 1646 345 1683 purgatorio,
361 1653 445 1682 spem
464 1645 575 1673 habent
587 1645 744 1679 evasionis,
760 1646 831 1681 quia
845 1646 939 1675 sciunt

162 1702 192 1721 se
205 1701 267 1722 non
281 1701 342 1721 esse
357 1692 388 1720 in
403 1692 534 1725 infern03
548 1694 576 1720 et
590 1694 689 1720 tamen
701 1694 824 1728 propter
838 1701 939 1729 poena-

160 1749 227 1770 rum
254 1740 490 1776 magnitudinem
518 1740 575 1768 hoc
604 1740 768 1777 aliquando
797 1749 859 1769 non
887 1740 938 1769 ad-

161 1790 285 1816 vertunt.

196 1835 290 1863 Multae
303 1835 431 1863 rationes
446 1836 528 1868 sunt,
542 1842 634 1871 quare
649 1836 765 1870 oportet
787 1843 849 1864 esse
867 1843 938 1872 pur-

161 1882 317 1917 gatorium.
343 1882 436 1910 Prima
462 1883 518 1915 est,
544 1881 614 1917 quia
637 1882 803 1910 secundum
826 1884 938 1918 Augus-

160 1928 277 1956 tinum¹
299 1928 352 1956 tria
375 1930 442 1956 sunt
467 1936 576 1963 genera
598 1928 755 1956 hominum
781 1939 787 1957 ε
812 1929 935 1965 quidam

160 1977 227 2003 sunt
246 1975 333 2003 valde
351 1975 437 2009 mali,
453 1975 563 2010 quibus
580 1983 641 2003 non
659 1978 784 2011 prosunt
802 1977 936 2005 Ecclesiae

159 2021 316 2057 suffragia;
334 2021 458 2058 quidam
470 2021 556 2049 valde
571 2021 653 2056 boni,
668 2022 778 2058 quibus
793 2030 854 2051 non
868 2026 936 2051 sunt

159 2069 341 2103 necessaria3
359 2067 481 2104 quidam
501 2076 555 2095 nec
574 2068 662 2096 valde
678 2068 762 2103 mali,
779 2077 833 2097 nec
847 2070 934 2099 valde

158 2116 246 2151 boni,
263 2116 314 2152 qui
329 2115 440 2143 habent
454 2114 595 2148 venialia,
610 2114 694 2143 ethis
709 2115 834 2144 debetur
846 2125 934 2152 poena

158 2162 331 2200 purgatorii.
348 2161 482 2189 Secunda
496 2163 537 2189 est
549 2182 556 2194 ,
573 2161 643 2197 quia
658 2162 731 2190 sicut
748 2171 864 2191 summa
878 2163 934 2192 bo-

158 2210 233 2239 nitas
252 2217 313 2237 non
327 2209 436 2245 patitur
455 2208 539 2244 quod
558 2208 672 2236 bonum
693 2211 845 2238 remaneat
864 2210 934 2238 irre·

158 2257 363 2290 muneratum,
391 2255 431 2283 ita
457 2263 573 2283 summa
598 2256 709 2291 justitia
736 2264 797 2285 non
825 2257 933 2293 patitur

158 2305 242 2341 quod
261 2304 375 2332 malum
390 2306 539 2331 remaneat
557 2304 744 2340 impunitum.
763 2306 856 2333 Tertia
875 2308 930 2341 est,

159 2351 229 2387 quia
243 2351 351 2378 divinae
368 2350 441 2378 lucis
455 2353 534 2378 tanta
549 2353 591 2378 est
611 2351 753 2386 dignitas,
769 2353 849 2388 quod
867 2361 932 2380 cam

159 2398 213 2425 soli
235 2397 339 2425 mundi
359 2397 437 2425 oculi
457 2405 575 2425 eernere
595 2400 725 2433 possunt.
743 2399 823 2426 Unde
842 2408 931 2435 opor-

160 2446 208 2478 tet,
224 2445 306 2480 quod
321 2444 444 2480 quilibet
462 2445 560 2472 veniat
579 2445 616 2472 ad
632 2446 809 2474 munditiam
824 2446 933 2482 baptis-

160 2490 283 2525 malem,
307 2494 466 2528 antequam
487 2493 656 2528 conspectui
684 2492 785 2521 divino
806 2501 932 2529 praesen-

160 2539 244 2565 tetur.
272 2538 379 2570 Quarta
410 2540 468 2572 est,
503 2539 572 2574 quia
604 2539 692 2575 culpa
721 2542 762 2568 est
790 2540 934 2568 offensiva

161 2584 268 2612 divinae
281 2584 454 2620 majestatis,
470 2587 497 2614 et
511 2585 656 2615 damnosa
677 2586 823 2622 Ecclesiae,
841 2589 868 2615 et
883 2587 934 2615 de-

195 2686 199 2698 ¹
214 2684 288 2714 Aug,
308 2683 447 2714 Enchi1·1'd.,
464 2691 486 2708 c.
501 2691 542 2714 cx,
558 2691 584 2709 n.
600 2686 638 2709 29.

998 703 1157 732 formativa
1167 703 1199 732 in
1213 704 1300 732 nobis
1310 704 1447 741 imaginis
1461 704 1578 734 divinae.
1592 706 1650 735 Sed
1664 706 1778 738 offensa

998 751 1122 787 requirit
1131 751 1317 787 punitionem
1330 773 1337 786 ‚
1354 751 1499 780 damnum
1512 753 1636 790 requirit
1650 754 1778 783 satisfac-

999 797 1120 833 nonem,
1137 800 1165 826 et
1179 798 1356 827 deformatio
1372 800 1618 836 expurgationem
1634 810 1641 829 ε
1659 803 1782 838 propter

998 845 1082 881 quod
1095 854 1214 874 necesse
1230 849 1292 881 est,
1311 846 1395 883 quod
1409 849 1531 883 peccato
1551 855 1641 884 poena
1654 849 1703 876 vel
1719 849 1780 884 hic,

998 892 1046 920 vel
1061 892 1132 921 alibi
1151 894 1340 929 respondeat.
1357 893 1463 928 Quinta
1478 895 1530 929 est,
1546 895 1617 931 quia
1631 896 1780 926 contraria,

999 939 1153 967 contrariis
1176 942 1315 968 curantur
1335 949 1341 968 :
1368 940 1421 968 sed
1445 943 1600 977 peecatum
1625 942 1718 971 oritur
1743 951 1779 971 ex

999 987 1213 1015 delectatione:
1239 988 1320 1016 unde
1344 989 1433 1017 debet
1454 997 1509 1025 per
1532 998 1652 1026 poenam
1676 990 1777 1018 deleri.

999 1035 1083 1062 Sexta
1099 1036 1160 1069 est,
1176 1035 1247 1071 quia
1263 1035 1337 1063 nulli
1360 1035 1448 1064 debet
1468 1037 1651 1072 negligentia
1671 1037 1777 1065 suffra-

999 1081 1062 1116 gari
1081 1090 1087 1108 :
1113 1081 1166 1109 sed
1187 1081 1211 1109 si
1230 1090 1292 1110 non
1310 1082 1465 1118 puniretur
1486 1083 1566 1118 talis,
1583 1083 1734 1112 videretur
1748 1083 1779 1112 in

998 1128 1097 1156 futuro
1127 1128 1322 1157 commodum
1349 1131 1499 1166 reportare
1529 1130 1566 1158 de
1598 1130 1780 1166 negligentia

997 1175 1175 1211 poenitentiae
1199 1175 1306 1204 dilatae.
1334 1176 1463 1212 Septima
1488 1179 1545 1212 est,
1570 1176 1641 1213 quia
1665 1177 1778 1212 justum

998 1223 1054 1256 est,
1071 1224 1101 1249 ut
1116 1221 1248 1258 spiritus,
1267 1222 1318 1258 qui
1337 1224 1507 1259 contempto
1522 1231 1640 1251 summo
1654 1223 1778 1259 subjecit

997 1277 1028 1296 se
1051 1268 1167 1303 infimo,
1191 1269 1223 1296 id
1247 1271 1300 1304 est,
1322 1272 1455 1306 peccato,
1476 1270 1650 1306 subjiciatur
1672 1272 1777 1308 postea

997 1317 1197 1352 inferioribus,
1212 1317 1244 1345 id
1259 1320 1310 1349 est,
1325 1317 1430 1354 poenis.

1033 1367 1105 1393 Nota
1124 1365 1207 1401 quod
1222 1365 1344 1400 animae,
1359 1366 1521 1401 postquam
1542 1364 1649 1394 fuerInt
1664 1366 1695 1394 in
1709 1366 1777 1402 igne

996 1412 1174 1440 sufficienter
1186 1414 1327 1448 purgatae,
1342 1412 1439 1440 statim
1450 1412 1571 1441 evolant
1582 1413 1620 1441 ad
1631 1413 1775 1449 gloriam3

996 1461 1024 1486 et
1047 1459 1104 1486 hoe
1128 1461 1207 1495 patet
1229 1459 1385 1495 multiplici
1406 1459 1543 1487 ratione:
1569 1460 1679 1496 primo,
1705 1460 1777 1496 quia

996 1508 1062 1542 post
1087 1506 1295 1541 purgationem
1318 1506 1401 1534 nulla
1424 1508 1557 1534 remanet
1582 1506 1621 1534 ad
1648 1507 1775 1542 gloriam

996 1553 1204 1580 dissimilitudo
1220 1553 1250 1580 in
1265 1553 1365 1580 anima
1386 1561 1392 1580 :
1415 1553 1495 1580 unde
1509 1553 1613 1581 merito
1629 1553 1670 1581 illi
1686 1553 1776 1582 debet

992 1600 1088 1636 jungi.
1109 1599 1260 1634 Secundo,
1284 1600 1356 1636 quia
1372 1599 1464 1634 J'anua
1488 1599 1553 1628 coeli
1577 1600 1634 1627 illis
1657 1608 1774 1637 semper

995 1650 1037 1675 est
1062 1649 1180 1683 aperta,
1211 1647 1262 1683 qui
1289 1640 1408 1674 nullum
1434 1646 1545 1674 habent
1571 1647 1771 1676 obstaculum.

993 1694 1097 1729 Tertio,
1115 1694 1185 1730 quia
1196 1702 1315 1722 necesse
1330 1695 1373 1721 est
1386 1693 1453 1721 illos
1465 1693 1601 1729 spiritus,
1616 1694 1646 1721 in
1661 1694 1772 1731 quibus

994 1743 1036 1769 est
1051 1741 1176 1769 charitas
1189 1749 1306 1768 sursum
1322 1740 1460 1774 elevans,
1477 1743 1504 1768 et
1518 1740 1592 1768 nihil
1607 1741 1771 1777 retardans,

992 1796 1110 1816 sursum
1129 1787 1238 1816 elevari
1258 1787 1295 1815 ad
1311 1787 1448 1823 gloriam.
1469 1788 1593 1822 Quarto,
1611 1788 1681 1823 quia
1702 1796 1771 1816 cum

992 1837 1067 1864 Deus
1093 1835 1129 1862 sit
1154 1834 1276 1871 pronior
1304 1835 1343 1862 ad
1368 1834 1580 1869 miserendum,
1611 1842 1703 1870 quam
1732 1835 1772 1863 ad

991 1882 1193 1919 puniendum,
1210 1881 1313 1909 merito
1329 1881 1418 1909 debet
1431 1883 1574 1917 purgatos
1588 1882 1769 1917 conjungere

992 1929 1107 1965 gloriae,
1119 1937 1194 1965 quos
1207 1928 1381 1964 purgandos
1396 1928 1521 1963 subjecit
1530 1936 1635 1964 poenae.
1649 1929 1768 1964 Quinto,

991 1977 1062 2012 quia
1076 1983 1137 2004 non
1152 1975 1236 2011 punit
1251 1976 1324 2003 Deus
1339 1975 1385 2002 bis
1400 1974 1431 2002 in
1445 1975 1585 2011 idipsum.
1602 1975 1684 2003 Unde
1700 1984 1768 2003 cum

989 2024 1041 2051 iste
1066 2023 1243 2050 sufficienter
1266 2021 1435 2049 satisfecerit
1460 2022 1489 2049 in
1514 2021 1608 2057 poenis
1632 2022 1766 2057 ignium,

989 2078 1051 2098 non
1066 2069 1193 2104 amplius
1207 2068 1295 2095 debet
1309 2068 1407 2104 puniri
1423 2068 1453 2095 in
1473 2068 1614 2096 dilatione
1628 2068 1765 2104 praemio-

989 2125 1065 2145 rum.
1082 2116 1185 2149 Sexto,
1203 2115 1274 2150 quia
1293 2116 1360 2150 post
1378 2115 1585 2150 purgationem
1600 2123 1662 2143 non
1677 2115 1766 2144 debet:

989 2165 1054 2192 talis
1073 2172 1134 2191 esse
1149 2164 1179 2190 in
1194 2163 1383 2199 purgat0ri03
1399 2171 1496 2199 neque
1517 2164 1548 2191 in
1563 2163 1657 2191 limbo
1668 2185 1678 2198 ,
1694 2163 1765 2200 quia

988 2220 1049 2239 non
1065 2213 1107 2238 est
1126 2210 1163 2238 de
1184 2218 1310 2238 numero
1332 2210 1453 2238 illorum
1468 2218 1648 2246 puerorum;
1665 2219 1764 2248 neque

988 2259 1018 2286 in
1042 2258 1176 2292 inferno,
1196 2257 1267 2293 quia
1287 2265 1349 2285 non
1373 2259 1414 2285 est
1436 2257 1472 2285 de
1494 2265 1618 2286 numero
1642 2258 1765 2287 damna-

988 2308 1085 2334 torum
1106 2314 1112 2333 ε
1140 2313 1210 2340 ergo
1235 2305 1323 2332 debet
1346 2312 1408 2332 esse
1432 2304 1462 2332 in
1486 2305 1577 2340 coelo,
1605 2305 1675 2341 quia
1698 2308 1765 2342 post

987 2355 1114 2381 mortem
1134 2360 1195 2380 non
1212 2353 1279 2387 sunt
1299 2351 1357 2379 alia
1376 2351 1562 2387 receptacula
1585 2352 1762 2381 animarum.

988 2400 1131 2436 Septimo,
1148 2399 1218 2435 quia
1233 2398 1380 2426 efficacior
1396 2400 1438 2425 est
1453 2398 1578 2426 charitas
1598 2407 1689 2434 quam
1709 2400 1763 2427 ini-

987 2447 1100 2483 quitas:
1117 2446 1169 2474 sed
1184 2446 1323 2481 iniquitas
1338 2445 1435 2472 statim
1448 2445 1529 2472 ducit
1543 2445 1582 2472 ad
1596 2446 1741 2482 supplicia
1755 2455 1777 2474 :¹

988 2502 1058 2528 ergo
1075 2493 1198 2521 charitas
1213 2492 1308 2520 statim
1320 2491 1399 2519 ducit
1409 2491 1447 2519 ad
1461 2492 1625 2527 prcemium.
1643 2493 1763 2528 Octavo,

988 2541 1058 2577 quia
1073 2540 1147 2568 sicut
1159 2542 1287 2567 cessante
1299 2538 1512 2575 impedimento
1524 2547 1649 2575 corpora
1661 2540 1763 2575 gravia

987 2587 1119 2615 feruntur
1139 2587 1296 2619 deorsum,
1315 2588 1343 2613 et
1360 2585 1438 2613 levia
1455 2593 1586 2620 sursum3
1603 2586 1644 2613 sic
1668 2587 1764 2616 malo-

988 2643 1055 2663 rum
1078 2634 1209 2671 spiritus,
1230 2634 1344 2661 remoto
1367 2632 1462 2661 carnis
1486 2640 1590 2667 onere,
1610 2634 1707 2662 statim
1721 2634 1763 2663 fe-

989 2683 1092 2710 runtur
1108 2681 1146 2709 ad
1160 2681 1260 2709 locum
1273 2679 1502 2716 suppliciorum,
1518 2682 1639 2716 propter
1652 2682 1763 2717 peccati
