2004 3037
240 233 297 263 tria
319 229 416 261 millia
435 228 571 258 virorum
592 226 624 254 in
645 224 813 260 auxilium,
826 226 931 252 contra
951 222 1021 251 illos

242 280 280 310 de
293 278 409 308 civitate
417 297 428 313 ,
444 274 498 313 qui
511 272 656 303 volebant
669 270 850 300 Demetrium
864 269 1001 299 occidere
1010 289 1020 305 ,

243 328 272 356 et
285 324 374 355 occisi
394 324 462 352 sunt
481 321 514 350 in
526 328 588 350 una
602 319 652 349 die
667 321 787 348 centum
808 316 905 347 millia
920 315 1021 346 homi-

242 381 326 403 num.
342 374 352 402 l
369 371 472 404 Macra„
485 376 524 398 xi.

278 420 370 449 Tanta
393 417 490 446 caedes
509 415 667 444 hominum
691 412 747 441 fuit
765 412 798 441 in
820 410 1001 440 Hierusalem
1013 430 1023 446 ,

243 466 367 506 quando
382 463 542 495 Antiochus
554 461 723 499 Epiphanes
737 467 804 489 eam
819 458 924 495 coepit,
939 456 1023 494 quod

243 515 276 545 in
297 516 359 543 toto
383 511 484 541 triduo
503 510 623 539 suerunt
637 507 789 544 octoginta
808 505 904 534 millia
925 503 1024 533 homi-

244 570 318 592 num
333 558 494 594 interfecti,
510 555 710 594 quadraginta
729 553 826 582 millia
842 552 948 588 vincti,
963 559 1025 580 non

245 609 341 639 minus
356 609 456 636 autem
468 603 654 638 venundati,
669 603 691 631 11
706 601 842 636 Machab.,
857 609 887 629 v.

280 655 428 686 Adversus
440 652 557 682 Galatas
571 651 603 679 in
618 649 770 686 Babylone
791 655 842 676 sex
865 646 959 676 millia
970 645 1025 674 ho-

246 703 365 734 minum
393 703 508 730 tantum
539 697 731 735 peremerunt
770 697 890 724 centum
921 692 1026 729 viginti

246 749 341 780 millia
363 748 522 777 hominum
543 746 666 783 propter
689 742 835 772 auxilium
857 741 899 770 eis
923 740 1026 768 datum

247 798 285 826 de
300 796 390 831 coelo,
404 796 425 824 li
440 794 542 828 Mach„
557 799 622 827 vin,
637 791 683 819 ΞΟ.

283 845 387 873 Praeter
400 841 517 879 praelia,
533 847 599 876 quae
622 836 771 867 commisit
794 835 886 864 sudas
910 833 1027 863 Macha-

247 892 329 922 baeus
344 892 447 919 contra
461 887 672 925 Apollonium,
685 886 714 913 et
726 885 829 912 contra
844 883 936 911 Seron
950 880 1028 916 prin-

249 939 346 976 cipem
373 936 517 966 exercitus
545 933 635 971 Syrioe
651 953 660 968 ,
687 931 725 960 de
754 930 864 967 quibus
889 929 998 965 agitur,
1019 928 1028 956 1

249 986 350 1021 Maeli„
375 992 422 1019 ιιι,
441 982 549 1019 legitur
571 981 634 1017 ipse
658 977 844 1008 Machaboeus
867 974 1029 1004 duodecim

249 1031 393 1070 speciales
413 1029 553 1059 babuisse
575 1026 744 1060 conflictus,
760 1023 899 1052 videlicet
920 1022 959 1051 ab
980 1030 1031 1050 oc-

250 1083 318 1110 tavo
338 1087 403 1116 cap.
427 1076 549 1106 secundi
573 1075 798 1105 Machaboeorum,
825 1079 920 1108 usque
942 1070 981 1098 ad
996 1069 1030 1098 fi-

250 1136 336 1162 nem,
350 1127 381 1154 in
395 1125 506 1162 quibus
520 1123 618 1160 primo
634 1121 804 1150 ceciderunt
815 1126 925 1147 novem
935 1117 1031 1145 millia

251 1176 409 1205 hominum
433 1173 470 1201 de
496 1171 570 1206 illis,
594 1170 647 1207 qui
670 1170 754 1197 crant
776 1175 844 1196 cum
868 1166 1030 1199 Nicanore3

253 1222 362 1251 deinde
372 1220 476 1257 viginti
489 1218 659 1247 milliacum
669 1215 822 1244 'Timotheo
834 1216 862 1242 et
872 1212 1031 1246 Bacchide;

254 1272 358 1307 postea
368 1276 439 1296 vcro
454 1266 558 1302 viginti
573 1264 707 1302 quinque
720 1262 815 1291 millia
827 1261 864 1289 de
876 1259 1012 1289 ldumaeis
1024 1268 1032 1294 ;

255 1317 362 1346 iterum
385 1315 423 1343 de
447 1312 582 1342 Idumaeis
606 1311 709 1347 viginti
734 1309 842 1342 millia,
864 1308 894 1336 in
917 1306 1034 1335 duabus

255 1364 360 1393 turmis
390 1361 510 1391 minutis
526 1370 534 1396 ;
560 1359 775 1394 consequenter
807 1355 910 1391 viginti
941 1362 1035 1382 unum

255 1412 351 1441 millia
372 1418 440 1439 cum
455 1407 608 1437 Timotheo
622 1416 630 1441 ;
647 1405 716 1433 item
730 1403 835 1439 viginti
859 1402 920 1431 duo
941 1401 1036 1430 millia

257 1467 325 1488 cum
340 1457 440 1495 Lysia3
456 1457 560 1493 postea
585 1453 688 1489 viginti
713 1451 825 1484 millia,
847 1450 878 1478 in
901 1449 1036 1486 quodam

256 1506 395 1543 proesidio
418 1503 563 1533 Timothei
583 1511 591 1536 ;
614 1501 685 1529 item
709 1499 829 1534 triginta
849 1497 944 1526 millia
968 1504 1037 1525 cum

256 1553 426 1587 Timotheo;
451 1549 559 1579 deinde
591 1547 694 1583 viginti
723 1546 856 1582 quinque
884 1544 979 1572 millia
1008 1544 1037 1571 in

257 1601 385 1629 Carnion
398 1598 515 1627 civitate
527 1595 702 1629 fortissima3
715 1593 784 1621 item
797 1592 826 1620 in
840 1592 898 1620 alia
909 1591 1037 1626 civitate,

258 1647 378 1677 nomine
395 1645 525 1682 Ephron,
542 1642 645 1678 viginti
660 1641 792 1678 quinque
808 1639 902 1667 millia
911 1648 919 1674 ;
936 1640 1039 1675 postea

258 1696 289 1724 iu
303 1694 404 1723 castris
418 1690 553 1721 Antiochi
569 1688 723 1726 Eupatoris
745 1686 889 1715 interiecit
910 1687 1040 1722 quatuor

259 1742 354 1771 millia
366 1752 374 1777 3
391 1740 512 1769 tandem
527 1738 642 1766 occisus
657 1738 698 1764 est
714 1735 840 1763 Nicanor
856 1741 924 1761 cum
939 1732 1039 1767 trigin-

261 1793 290 1818 ta
304 1789 437 1825 quinque
455 1786 587 1814 millibus
607 1785 820 1820 pugnatorum.
836 1782 958 1808 Summa
973 1787 1038 1806 om-

261 1836 354 1870 nium,
371 1835 432 1862 duo
448 1835 477 1861 et
492 1834 610 1861 centum
626 1829 746 1865 triginta
757 1829 794 1865 (ιι)
812 1836 863 1855 sex
877 1826 970 1854 millia
985 1825 1039 1853 ho-

261 1884 392 1916 minum,
408 1883 513 1918 praeter
534 1879 618 1913 illos,
634 1877 685 1913 qui
705 1874 889 1912 quandoque
907 1873 944 1901 de
959 1871 1041 1900 Judae

262 1930 391 1960 exercitu
406 1928 576 1957 ceciderunt
582 1936 590 1961 ;
604 1926 673 1954 item
683 1924 752 1952 illos
762 1923 809 1959 (tn),
817 1921 869 1958 qui
878 1921 908 1948 in
917 1919 1042 1948 diversis

262 1976 478 2007 munitionibus
499 1976 528 2003 et
546 1972 654 2010 praeliis
678 1969 896 2003 occubuerunt,
913 1973 1042 2003 quorum

264 2027 360 2054 certus
375 2030 518 2052 numerus
529 2028 590 2049 non
604 2018 741 2048 habetur.
754 2018 818 2045 Non
833 2015 1043 2050 computantur

264 2073 311 2103 hic
327 2072 416 2100 etiam
428 2070 471 2098 illi
481 2091 489 2105 ‚
506 2068 557 2105 qui
576 2068 606 2095 in
625 2066 682 2095 alio
695 2063 797 2101 praelio
809 2064 911 2091 contra
925 2060 1042 2089 Bacchi-

265 2121 335 2149 dem
356 2122 383 2148 et
397 2117 542 2147 Alcimum
558 2113 666 2143 mortui
683 2114 764 2146 sunt,
780 2110 831 2139 ubi
851 2108 1044 2137 commissum

267 2170 309 2196 cst
331 2166 467 2203 praelium
482 2172 500 2192 a
521 2170 609 2191 mane
633 2167 727 2196 usque
751 2158 790 2186 ad
803 2164 976 2193 vesperam,
992 2154 1044 2182 ubi

267 2216 356 2243 etiam
370 2212 488 2246 dicitur,
504 2209 588 2246 quod
601 2207 692 2237 Judas
708 2205 830 2240 cecidit,
846 2206 875 2232 et
891 2202 986 2231 caetcri
1001 2201 1045 2229 fu-

267 2262 389 2298 gerunt,
405 2262 414 2289 1
429 2258 564 2292 Mat-hab„
579 2263 619 2284 ix.

470 2351 612 2388 CAPUT
642 2347 841 2383 LXXXVII.

431 2427 469 2455 De
493 2424 659 2453 abstinentia
686 2423 709 2448 et
737 2420 890 2448 sobrietate.

308 2499 447 2536 Praecepit
461 2496 602 2526 Dominus
616 2492 726 2526 Adam,
742 2490 844 2518 dicens
857 2498 864 2517 :
883 2499 897 2514 «
911 2488 952 2516 Ex
967 2486 1049 2515 omni

272 2548 355 2584 ligno
375 2544 506 2583 paradisi
522 2540 666 2575 comedc;
683 2539 720 2567 do
736 2538 818 2573 ligno
835 2535 963 2564 scientiae
977 2533 1050 2561 boni

274 2597 302 2623 et
316 2594 388 2625 mali
400 2601 438 2622 ne
452 2590 603 2621 comedas.
619 2597 633 2614 »
649 2587 756 2619 Genes.,
770 2593 808 2619 ιι,
824 2586 869 2618 16,
884 2585 926 2611 Π.
945 2583 976 2610 lu
988 2589 1051 2618 quo

274 2640 451 2671 abstinentia
461 2635 706 2668 commendatur,
722 2632 795 2661 dum
809 2638 872 2660 non
883 2628 966 2659 omni
982 2628 1050 2657 cibo

853 154 987 188 BIBLIA
1008 152 1241 195 PAUPERUM.

1074 219 1172 250 voluit
1191 221 1268 249 Deus
1290 219 1446 249 hominem
1466 219 1509 248 uti
1530 218 1622 248 etiam
1641 218 1675 248 in
1695 219 1848 256 paradiso.

1111 267 1226 304 Moyses
1238 266 1294 296 fuit
1307 274 1376 295 eum
1387 265 1513 295 Domino
1523 265 1724 302 quadraginta
1732 265 1851 302 diebus,

1075 315 1105 343 et
1127 313 1325 351 quadraginta
1348 313 1504 349 noctibus,
1523 312 1626 349 Esou„
1643 320 1716 342 xxiv
1724 333 1736 348 ,
1750 314 1779 342 et
1789 321 1853 343 non

1075 361 1284 397 manducavit,
1297 368 1396 398 neque
1410 360 1496 389 bibit.
1511 359 1696 389 Abstinentia
1715 361 1759 388 est
1771 359 1856 390 bona

1077 409 1234 447 dispositio
1248 409 1288 438 ad
1299 408 1508 447 percipiendas
1519 408 1715 438 revelationes
1724 407 1852 444 divinas,

1078 459 1106 486 et
1120 457 1151 493 (e)
1167 457 1260 486 homo
1280 456 1406 485 retectus
1425 455 1529 484 divina
1550 454 1754 484 consolatione
1775 455 1853 485 solet

1078 504 1250 541 corporales
1270 503 1392 532 delicias
1406 503 1580 532 abhorrere.

1113 551 1202 580 Filios
1215 551 1304 581 lsrael
1317 550 1456 588 praecepit
1478 550 1620 579 Dominus
1633 558 1653 580 a
1664 549 1764 579 multis
1779 549 1857 580 cibis

1079 598 1244 634 abstinere,
1259 599 1360 633 Levit„
1376 606 1418 626 11.

1114 645 1164 674 Vir
1185 645 1246 674 sive
1273 645 1396 680 mulier,
1416 652 1485 674 cum
1508 646 1614 673 votum
1627 644 1749 674 fecerint
1764 645 1815 682 (d),
1825 647 1859 674 ut

1080 692 1320 727 sanctificentur,
1335 693 1363 720 et
1385 699 1416 720 se
1436 691 1586 720 voluerint
1607 691 1733 720 Domino
1755 700 1860 720 conse·

1081 747 1179 775 crare,
1195 747 1213 768 a
1227 739 1315 775 vino,
1330 741 1359 767 et
1373 738 1412 767 ab
1433 739 1517 768 omni
1534 738 1588 767 illo
1603 739 1687 776 quod
1711 739 1859 768 inebriare

1080 788 1193 823 potest,
1209 786 1389 822 abstineant,
1401 787 1497 821 Num„
1511 793 1555 814 vr.

1117 834 1205 862 Uxori
1226 835 1329 862 Manue
1347 833 1443 862 filium
1462 833 1654 862 liberatorem
1668 833 1776 870 populi
1791 841 1861 862 con-

1083 883 1210 956 ἓοὲωιω
1221 881 1348 917 Angelus
1360 888 1508 918 apparens
1519 880 1730 910 abstinentiam
1740 879 1860 916 indixit,

1102 938 1119 957 ιι
1141 938 1188 964 ic„
1205 936 1268 957 xm.

1119 976 1183 1004 Filii
1201 975 1289 1004 lsrael
1311 975 1348 1004 de
1371 975 1511 1004 undecim
1533 975 1692 1011 tribubus,
1712 975 1811 1013 primo
1837 977 1866 1004 et

1085 1023 1218 1052 secundo
1234 1031 1251 1052 a
1267 1023 1335 1051 filiis
1350 1023 1502 1059 BenJ'amin
1522 1022 1678 1058 debellati,
1693 1024 1798 1059 postea
1812 1023 1865 1051 sse·

1085 1073 1190 1100 verunt
1217 1078 1319 1099 coram
1348 1070 1474 1099 Domino
1489 1092 1498 1103 ,
1523 1072 1551 1098 et
1578 1069 1789 1106 jejunaverunt
1815 1069 1865 1099 die

1086 1119 1150 1154 illo,
1161 1121 1188 1147 et
1199 1119 1233 1155 (e)
1248 1118 1467 1155 proevalucrunt
1481 1119 1511 1146 in
1525 1125 1586 1146 eos.
1601 1117 1707 1152 Judt'c„
1723 1126 1774 1146 xx.

1124 1166 1280 1195 Philisthaei
1304 1167 1438 1202 tempore
1456 1165 1517 1194 lleli
1537 1164 1764 1193 debellaverunt
1787 1163 1866 1193 filios

1089 1213 1176 1242 lsrael
1201 1221 1261 1241 una
1286 1213 1349 1241 vice
1371 1214 1399 1240 ct
1421 1212 1526 1247 altera,
1541 1214 1569 1240 et
1589 1220 1658 1240 arca
1672 1211 1790 1240 Domini
1813 1210 1869 1239 fuit

1089 1263 1176 1297 capta
1187 1281 1196 1296 ,
1213 1262 1221 1289 l
1237 1261 1312 1296 Κεφ,
1329 1268 1366 1288 iv.
1385 1261 1487 1288 Postea
1502 1259 1586 1288 tertio
1611 1258 1783 1294 congregati
1800 1260 1869 1286 sunt

1090 1309 1246 1338 Philisthaei
1268 1309 1324 1337 sub
1344 1308 1501 1342 Samuele;
1517 1307 1570 1336 sed
1584 1306 1636 1335 filii
1654 1306 1741 1336 lsrael
1750 1306 1868 1342 J'ejuna-

1090 1358 1196 1385 verunt
1211 1356 1258 1384 die
1272 1356 1334 1391 illa,
1350 1358 1439 1392 atque
1455 1355 1594 1383 dixerunt
1607 1363 1614 1382 :
1632 1365 1646 1381 α
1660 1353 1724 1382 Tibi
1734 1353 1871 1390 peccavi-

1092 1412 1174 1438 mus,
1190 1403 1322 1437 Domine,
1337 1413 1350 1429 ιι
1368 1406 1422 1431 etc.
1438 1402 1575 1439 Sequitur
1589 1401 1673 1439 quod
1688 1401 1753 1430 caesi
1769 1402 1838 1429 sunt
1852 1408 1870 1429 a

1092 1451 1161 1479 filiis
1184 1450 1280 1479 lsrael.
1298 1451 1306 1478 l
1322 1450 1383 1485 1309.
1403 1458 1453 1478 vn.

1129 1498 1259 1535 Populus
1273 1497 1360 1526 lsrael
1376 1499 1437 1525 crat
1452 1497 1483 1525 in
1497 1496 1599 1525 castris
1613 1496 1756 1532 esuriens,
1769 1497 1797 1524 et
1808 1498 1871 1524 erat

1093 1546 1151 1574 mel
1175 1554 1228 1582 per
1248 1553 1372 1581 agrum;
1389 1545 1489 1573 nullus
1504 1543 1634 1572 comedit
1645 1543 1683 1572 de
1698 1551 1750 1579 eo,
1765 1545 1874 1580 proeter

1093 1593 1250 1625 Jonatham
1265 1592 1361 1621 filium
1377 1591 1455 1620 Saul.
1473 1593 1480 1619 Ι
1496 1593 1574 1627 Req„
1589 1599 1648 1619 xiv.

1131 1642 1204 1669 Cum
1227 1640 1423 1668 desiderasset
1443 1638 1535 1667 David
1555 1646 1666 1675 aquam
1685 1638 1723 1666 de
1749 1637 1874 1666 cisterna

1096 1687 1264 1716 Bethlehem
1280 1687 1416 1720 allatam,
1432 1688 1535 1722 postca
1550 1685 1644 1713 noluit
1662 1685 1766 1713 bibere
1778 1705 1787 1719 ,
1803 1684 1874 1720 quia

1096 1736 1184 1763 nimis
1198 1734 1285 1762 avide
1301 1733 1492 1769 concupierat
1508 1740 1584 1760 eam.
1601 1733 1622 1760 ll
1638 1733 1713 1767 neq„
1728 1739 1810 1760 xxm.

1133 1783 1210 1809 L'xor
1232 1780 1391 1809 Jeroboam
1419 1779 1532 1807 vadens
1555 1779 1595 1807 ad
1618 1779 1723 1808 Ahiam
1747 1778 1876 1815 propbe-

1098 1832 1158 1858 tam
1171 1850 1180 1864 ,
1206 1831 1274 1864 etc„
1297 1827 1363 1856 tulit
1386 1827 1491 1856 decem
1512 1835 1622 1863 panes,
1641 1830 1670 1855 et
1692 1834 1745 1855 vus
1766 1826 1876 1855 mellis.

1097 1878 1160 1906 Non
1179 1876 1212 1904 fit
1226 1876 1267 1904 ibi
1282 1875 1393 1904 mentio
1409 1874 1447 1903 de
1462 1874 1618 1909 carnibus,
1635 1874 1707 1911 quia
1721 1881 1874 1910 suppone·

1098 1924 1150 1952 bat
1176 1923 1354 1960 prophetam
1388 1930 1450 1951 non
1480 1922 1560 1950 vesci
1593 1921 1702 1951 talibus
1730 1921 1813 1950 cibis.
1843 1921 1876 1950 lli

1099 1972 1176 2007 Req„
1191 1979 1252 1999 xiv.

1135 2018 1240 2047 Tenuis
1259 2017 1354 2046 victus
1377 2016 1543 2045 sufficiebat
1565 2016 1654 2052 Elioe,
1679 2016 1731 2052 qui
1756 2016 1840 2052 petiit
1859 2024 1878 2045 a

1100 2067 1192 2095 vidua
1206 2066 1389 2102 sarephtana
1399 2064 1556 2100 paululum
1569 2072 1654 2100 aquae
1669 2066 1698 2092 et
1710 2063 1878 2092 buccellam

1101 2114 1195 2151 panis.
1212 2115 1244 2141 111
1261 2113 1337 2147 Κεφ,
1351 2119 1422 2140 xvn.

1137 2160 1271 2190 Notabile
1287 2162 1343 2194 est,
1360 2158 1444 2195 quod
1464 2158 1557 2186 Eliam
1574 2160 1722 2195 paverunt
1736 2158 1818 2186 corvi
1834 2157 1880 2188 bis

1101 2210 1133 2237 in
1148 2208 1196 2237 die
1208 2230 1217 2243 ‚
1232 2209 1265 2236 ΙΙΙ
1284 2207 1361 2242 Req„
1376 2214 1446 2235 xvn.
1472 2205 1529 2234 Sed
1552 2205 1681 2241 Angelus
1703 2205 1819 2234 DomIni
1833 2213 1880 2233 os-

1103 2255 1197 2284 tendit
1211 2255 1237 2283 ci
1260 2261 1385 2290 panem,
1410 2255 1438 2280 et
1459 2260 1520 2281 non
1541 2260 1661 2288 carnes,
1681 2255 1709 2281 et
1723 2260 1775 2280 vas
1790 2259 1875 2288 aquae

1103 2302 1196 2332 semel
1211 2303 1336 2330 tantum.
1351 2301 1383 2329 111
1400 2301 1474 2335 Κεφ,
1490 2307 1552 2328 xix.

1140 2349 1269 2379 Audiens
1287 2347 1388 2376 Achab
1411 2347 1673 2376 comminationem
1694 2346 1801 2375 factam
1821 2345 1878 2374 sibi

1106 2406 1124 2426 a
1140 2397 1264 2425 Domino
1279 2403 1332 2432 per
1346 2395 1439 2422 Etiam
1454 2394 1649 2431 prophetam,
1665 2396 1693 2421 et
1713 2396 1782 2429 post
1804 2393 1882 2421 occi-

1106 2445 1221 2473 sionem
1243 2442 1375 2476 Naboth,
1391 2441 1507 2477 operuit
1528 2441 1624 2469 cilicio
1639 2448 1759 2469 carnem
1773 2449 1859 2469 suam
1872 2462 1881 2475 ,

1104 2491 1326 2528 jejunavitque,
1342 2491 1370 2517 et
1391 2488 1531 2518 dormivit
1543 2489 1574 2517 in
1594 2496 1692 2523 sacco,
1705 2490 1733 2516 et
1747 2488 1884 2517 ambula-

1141 2593 1174 2625 (α)
1185 2593 1241 2624 Leq.
1255 2592 1294 2616 bis
1306 2593 1409 2615 centum
1422 2592 1447 2615 et
1457 2590 1682 2622 quinquaginta.-
1695 2589 1727 2620 (b)
1741 2589 1805 2615 coet.
1820 2589 1884 2613 edit.

1109 2630 1175 2654 ulos.
1185 2642 1216 2648 —
1231 2628 1263 2659 (c)
1279 2627 1349 2651 [tem.
1365 2627 1439 2658 utl-
1454 2626 1487 2658 (d)
1501 2627 1562 2650 uem
1576 2625 1706 2650 fecerit.-
1721 2626 1751 2656 (e)
1764 2625 1824 2650 Item
1835 2627 1886 2649 etc.
