2004 3037
246 233 247 236 Ἰ
271 198 329 228 194

268 265 413 298 tenemur,
431 262 596 291 secundum
609 261 694 298 quod
708 261 816 290 dicitur
827 261 886 289 hoc
899 267 1048 288 essesscon-

269 310 369 338 silium
383 311 392 327 ¹
408 318 415 337 ε
427 310 458 338 Sc·
470 311 512 337 vz's
524 311 660 346 perfectus
673 317 737 344 esse,
751 308 831 342 vade,
846 311 872 336 et
885 307 979 342 vende,
989 308 1044 335 etc.

269 356 456 392 Quandoque
479 356 587 385 dicitur
605 356 764 385 eonsilium
785 354 944 391 prudentia
958 353 1046 381 valde

268 403 424 432 exercitata
438 403 469 431 in
489 403 590 431 medio
609 401 909 439 contemplativorum
926 403 955 428 et
976 399 1047 428 aeti-

267 459 376 478 vorum
390 450 556 485 donorum,
573 453 600 478 et
619 449 795 478 deliberatio
813 449 850 476 de
864 447 1047 484 quibusdam

268 497 409 533 operibus
419 497 532 532 arduis,
547 497 608 525 sive
620 498 774 524 teneamur
788 495 827 523 ad
838 503 884 529 ea,
894 495 956 522 sive
968 501 1044 522 non:

268 544 297 572 et
310 544 474 572 secundum
488 545 546 572 hoc
560 544 685 572 sumitur
700 543 858 571 consilium
871 542 986 570 donum
995 563 1003 576 ,
1019 542 1048 569 et

267 591 307 619 ita
321 591 478 620 consilium
490 593 519 619 et
531 591 690 628 prudentia
699 593 767 618 sunt
777 590 858 618 idem
869 590 898 617 in
909 589 1045 617 essentia:

267 639 367 666 tamen
381 638 540 666 eonsilium
554 638 690 666 abundat
703 646 794 674 supra
812 636 1000 674 prudentiam
1015 636 1047 664 in

266 693 328 714 uno
344 685 511 722 accidente,
531 685 696 714 secundum
718 685 803 722 quod
820 685 884 720 ejus
899 685 941 712 est
954 683 1047 720 impe-

267 740 343 761 rare.

303 781 377 808 Nota
391 781 474 817 quod
484 801 492 815 ‚
507 781 582 809 sicut
595 780 635 809 ad
649 779 778 808 scientiae
793 779 908 807 donum
922 778 1047 814 pertinet

267 827 430 864 reprobare
441 827 555 855 malum
565 830 593 855 et
607 827 716 863 eligere
728 826 854 860 bonum,
868 826 908 853 ita
921 825 1048 861 pertinet

268 874 307 902 ad
324 874 482 902 consilium
497 882 599 903 cavere
622 874 756 911 pericula
774 881 840 910 quae
863 873 931 900 sunt
944 872 975 899 in
988 870 1046 899 hoc

270 921 370 949 exilio.
387 921 467 956 ltem,
484 921 557 950 sicut
571 921 698 949 scienti-'ie
713 920 827 948 donum
841 919 932 947 habet
944 925 1046 953 regere

267 968 416 1004 pietatem,
431 968 471 996 ita
487 967 601 996 donum
617 967 733 995 consilii
750 965 841 994 habet
849 973 951 1001 regere
965 964 1046 992 torti-

268 1014 410 1042 tudinem.
425 1016 456 1043 lu
475 1015 533 1042 hoc
556 1016 656 1042 autem
678 1013 818 1041 differunt
840 1012 996 1040 consilium
1019 1013 1047 1039 et

268 1061 401 1095 scientia,
423 1061 495 1097 quia
509 1061 628 1089 scientia
649 1063 692 1089 est
712 1060 790 1088 cirea
803 1060 918 1088 bonum
933 1061 961 1086 et
981 1066 1042 1086 ma-

267 1107 341 1143 lum,
354 1108 407 1136 sed
421 1108 579 1137 consilium
590 1110 633 1136 est
643 1108 721 1136 circa
732 1107 852 1136 difficile
864 1109 893 1135 et
906 1106 1044 1135 arduum.

513 1202 656 1237 CAPUT
680 1202 799 1235 XLVI.

396 1276 434 1303 De
452 1274 520 1302 dono
540 1275 691 1310 Sapientioe
709 1276 733 1301 et
752 1274 916 1301 Intellectus.

303 1344 451 1381 Sapientia
474 1346 502 1372 et
530 1343 692 1371 intellectus
721 1343 877 1377 differunt,
906 1341 977 1378 quia
1001 1349 1046 1369 sa-

268 1391 379 1427 pientia
406 1393 448 1419 est
473 1390 603 1426 cognitio
629 1389 678 1417 Dei
705 1389 857 1423 absolute,
885 1388 1048 1416 intellectus

267 1446 340 1467 vero
355 1437 504 1473 collative,
520 1437 629 1465 scilicet
642 1437 672 1465 in
685 1436 906 1473 comparatione
918 1436 956 1463 ad
969 1444 1050 1464 crea-

268 1488 357 1514 turas.
392 1486 462 1513 Item
496 1485 554 1513 alia
581 1484 769 1519 differentia,
800 1483 870 1519 quia
899 1482 1049 1511 intellectu

269 1532 455 1568 cognoscitur
470 1534 545 1565 Deus
557 1540 610 1568 per
624 1531 873 1559 illuminationem
889 1530 926 1557 de
942 1530 1050 1558 auditis

269 1580 299 1607 in
323 1579 487 1615 Scriptura;
509 1579 653 1615 sapientia
676 1580 775 1606 autem
795 1577 982 1612 cognoscitur
1002 1586 1053 1605 ex-

269 1627 445 1663 perimento.
481 1627 550 1653 ltem
580 1634 634 1661 per
667 1625 847 1652 intellectum
883 1626 973 1652 Deum
1005 1633 1052 1651 co-

271 1674 456 1709 gnoscimus;
484 1680 537 1708 per
565 1672 740 1708 sapientiam
768 1671 958 1699 dulcedinem
988 1672 1052 1706 ejus

272 1723 434 1756 gustamus.
456 1719 537 1747 Unde
563 1719 705 1754 sapientia
728 1718 834 1745 dieitur
859 1718 943 1753 quasi
958 1725 1053 1752 sapore

272 1767 413 1795 virtutum
433 1767 562 1794 condita.
585 1767 670 1800 Item,
687 1765 761 1792 sicut
777 1764 847 1792 dicit
861 1764 1016 1799 Gregorius
1030 1766 1053 1798 Ἰ,

273 1823 327 1851 per
340 1813 520 1841 intellectum
539 1821 641 1841 sumus
662 1812 795 1848 providi,
810 1819 864 1847 per
877 1811 1052 1846 sapientiam

274 1861 391 1888 maturi.

512 1892 654 1949 CAPUT
678 1915 812 1948 xilvii.

436 1985 472 2011 De
495 1984 715 2011 Beatitudc'nibus
738 1984 768 2009 in
793 1989 894 2016 genere.

312 2048 508 2077 Beatitudines
527 2050 595 2076 sunt
615 2049 727 2083 septem
749 2045 915 2075 secundum
936 2044 1055 2072 distinc-

278 2097 389 2123 tionem
405 2095 569 2130 graduum,
586 2094 723 2131 quamvis
738 2093 795 2120 sint
810 2095 876 2120 octo
891 2091 1056 2120 secundum

279 2143 434 2170 essentiam
451 2152 457 2169 :
472 2150 546 2178 quas
560 2141 693 2169 Salvator
707 2142 860 2168 enumerat
874 2140 903 2166 in
919 2146 1055 2167 sermone

280 2190 317 2216 de
332 2192 448 2223 monte,
469 2189 578 2216 scilieet
596 2190 754 2224 paupertas
775 2187 910 2223 spiritus,
933 2186 1056 2219 militas,

280 2235 385 2270 luctus,
401 2235 509 2262 esuries
521 2235 653 2270 justitiae,
670 2233 872 2261 misericordia
884 2255 892 2267 ‚
910 2232 1057 2260 munditia

281 2282 388 2316 cordis,
414 2290 471 2317 pax
487 2291 492 2308 :
520 2289 647 2316 quarum
674 2280 890 2307 beatitudinum
916 2287 1058 2306 uumerus

281 2329 422 2364 accipitur
436 2327 598 2355 secundum
614 2327 808 2361 iutegritatem
824 2325 1021 2362 perfectionis

318 2375 517 2412 Requiruntur
532 2375 570 2401 ad
584 2374 779 2407 iutegritatem
790 2372 977 2408 perfectionis
993 2371 1057 2406 tria,

282 2423 391 2450 scilicet
405 2430 535 2449 recessus
554 2430 572 2448 a
591 2421 688 2453 malo,
706 2428 859 2456 processus
874 2419 903 2445 in
918 2419 1015 2447 bono.
1032 2420 1060 2445 et

282 2470 427 2505 perfectus
445 2470 535 2495 status
553 2468 583 2494 in
604 2467 727 2503 optimo.
746 2468 820 2493 Sane
843 2466 955 2493 malum
970 2473 1058 2492 omne

282 2515 416 2552 procedit
436 2523 472 2542 ex
496 2517 610 2542 tumore
629 2513 790 2549 superbiae,
807 2515 857 2540 aut
880 2521 916 2540 ex
935 2519 1058 2539 rancore

282 2562 415 2596 malitiae,
430 2564 481 2590 aut
495 2569 531 2589 ex
551 2560 695 2595 languore
717 2558 969 2595 concupiscentiae.
985 2560 1058 2585 Con-

317 2664 322 2675 ¹
338 2662 440 2692 Manli„
458 2668 512 2691 xix.
529 2663 567 2686 21.
581 2673 611 2678 -—
632 2661 643 2677 ²
659 2661 745 2691 theg„
762 2660 787 2683 t'n
803 2658 902 2688 Enoch„
915 2658 985 2682 hom.
1002 2663 1056 2687 xix,

605 191 864 228 COMPENDIUM
880 190 1142 224 THEOLOGIGAE
1161 172 1385 224 VERl'I'ATIS.
1408 190 1483 223 LIB.
1506 190 1545 224 V.

1100 260 1148 287 tra
1160 259 1223 288 haec
1235 258 1290 288 tria
1303 261 1371 288 sunt
1381 261 1438 287 tres
1451 258 1662 294 beatitudines,
1677 258 1788 287 scincet
1802 266 1877 295 pau-

1102 308 1200 343 pertas
1215 307 1333 343 spiritus
1347 307 1450 335 contra
1467 305 1582 334 malum
1594 304 1752 342 superbiae,
1769 304 1878 334 mititas

1103 355 1206 382 contra
1227 354 1341 382 malum
1363 353 1512 388 rancoris,
1527 353 1626 381 luctus
1644 353 1748 381 contra
1765 351 1879 388 malum

1102 399 1245 429 libidinis.
1266 402 1335 429 Item
1349 408 1506 438 processus
1520 400 1552 427 in
1568 399 1650 428 bono
1665 398 1824 427 attenditur
1835 407 1880 427 se-

1103 447 1237 475 cundum
1252 447 1385 476 divinam
1398 446 1595 476 imitationem
1605 467 1615 481 ‚
1629 453 1696 482 quoe
1715 446 1760 473 est
1776 441 1880 473 secun-

1103 493 1176 522 dum
1189 494 1264 522 duas
1277 494 1341 522 vias
1355 494 1482 529 Domini,
1502 494 1612 522 scilicet
1624 492 1860 522 misericordiam
1869 512 1880 527 ‚

1103 544 1131 570 et
1144 542 1312 578 veritatem,
1332 542 1370 570 de
1384 542 1495 578 quibus
1508 542 1539 570 in
1559 540 1682 569 Psalmis
1695 541 1728 569 ⁸:
1748 541 1882 568 Universoe

1102 591 1154 618 viae
1174 591 1284 617 Domini
1305 589 1495 618 misericordia
1512 591 1538 616 et
1555 590 1667 616 veritas.
1685 589 1758 616 ltem
1776 594 1881 615 secun-

1103 636 1174 664 dum
1185 636 1239 664 has
1253 636 1328 665 duas
1343 636 1407 664 vias
1419 637 1576 664 sumuntur
1591 635 1658 663 duae
1671 633 1880 669 beatitudines,

1102 683 1213 712 scilicet
1223 684 1332 711 esuries
1342 683 1475 719 justitiae,
1490 685 1519 711 et
1527 682 1649 711 affectus
1660 679 1880 710 misericordiae.

1103 731 1243 759 Praeterea
1252 731 1343 758 status
1357 730 1388 758 in
1403 730 1516 767 optimo
1531 729 1691 758 attenditur
1705 728 1736 757 in
1750 728 1881 763 duobus,

1103 777 1212 805 scilicet
1239 777 1270 805 in
1297 776 1424 813 limpida
1451 776 1619 813 cognitione
1629 796 1638 812 ‚
1668 777 1696 804 et
1721 774 1883 812 tranquilla

1103 823 1258 852 affectione
1276 833 1282 851 :
1311 825 1340 851 et
1362 823 1528 851 secundum
1552 822 1611 850 hoc
1633 823 1790 850 sumuntur
1816 821 1883 849 dum

1103 869 1214 898 ultimae
1227 870 1436 905 beatitudines,
1449 869 1559 898 scilicet
1572 868 1719 897 munditia
1733 867 1831 896 cordis
1843 866 1882 895 ad

1104 918 1195 945 Deum
1221 916 1399 952 videndum,
1423 918 1452 945 et
1475 924 1535 953 pax
1562 915 1669 944 mentis
1692 914 1732 943 ad
1754 914 1882 952 perfecte

1102 964 1271 993 fruendum.
1288 967 1342 993 Per
1360 965 1414 993 has
1436 967 1549 1001 septem
1569 962 1768 992 beatitudines
1782 961 1882 990 exclu-

1103 1012 1215 1040 duntur
1228 1015 1340 1049 septem
1355 1013 1425 1040 vitia
1440 1012 1579 1049 capitalia
1594 1021 1602 1040 :
1622 1013 1783 1049 paupertas
1797 1009 1882 1047 spiri-

1103 1062 1149 1088 tus
1163 1060 1294 1089 excludit
1312 1061 1501 1097 superbiam3
1517 1060 1643 1094 militas,
1661 1059 1755 1093 iram;
1777 1058 1883 1093 luctus,

1103 1107 1247 1135 invidiam
1262 1107 1417 1145 (quoniam
1430 1107 1482 1143 qui
1496 1107 1578 1142 luget
1595 1114 1651 1142 pro
1666 1105 1794 1142 peccatis
1808 1104 1882 1133 alio·

1103 1162 1181 1188 rum,
1207 1163 1269 1183 non
1289 1154 1403 1183 invidet
1426 1154 1510 1190 illis);
1537 1153 1646 1182 esuries
1666 1152 1795 1188 Justitioe‚
1817 1159 1883 1179 ace-

1104 1201 1185 1229 diam
1191 1211 1199 1236 ;
1208 1201 1424 1235 misericordia,
1435 1200 1605 1235 avaritiam;
1616 1199 1764 1228 munditia
1774 1197 1882 1233 cordis,

1104 1248 1206 1284 gulam
1217 1270 1226 1284 ,
1243 1248 1314 1284 quia
1328 1248 1426 1276 cordis
1444 1247 1591 1275 munditia
1605 1254 1667 1274 non
1688 1245 1776 1274 servit
1789 1244 1884 1273 ventri

1104 1295 1143 1322 ad
1159 1295 1284 1323 modum
1304 1295 1382 1323 bruti
1407 1295 1553 1322 animalis.
1570 1295 1628 1321 Pax
1648 1292 1778 1321 excludit
1800 1291 1885 1319 luxu-

1104 1341 1190 1375 riam,
1206 1342 1286 1377 quia,
1302 1343 1419 1377 gustato
1435 1341 1555 1377 spiritu,
1571 1339 1680 1376 desipit
1693 1338 1789 1367 omnis
1804 1346 1882 1366 caro.

1105 1389 1137 1415 Et
1160 1388 1234 1415 sieut
1259 1389 1290 1416 in
1316 1388 1538 1417 enumeratione
1567 1387 1716 1414 donorum
1738 1388 1780 1414 est
1808 1384 1884 1413 ordo

1105 1434 1276 1469 artificialis,
1297 1443 1358 1471 quo
1380 1435 1478 1471 primo
1498 1436 1650 1470 ponuntur
1665 1432 1820 1468 digniora3
1845 1432 1885 1460 ita

1106 1482 1136 1509 in
1174 1481 1407 1509 beatitudinibus
1442 1484 1485 1510 est
1517 1481 1592 1510 ordo
1624 1479 1786 1514 naturalis,
1814 1478 1886 1515 quia

1107 1528 1258 1564 digniores
1271 1531 1423 1565 ponuntur
1437 1529 1553 1556 ultimo.

1337 1623 1481 1657 CAPUT
1506 1622 1653 1656 XLVIII.

1314 1696 1350 1721 Dc
1374 1697 1467 1729 prima
1493 1694 1677 1721 Beatitndi'ne.

1144 1765 1300 1799 Paupertas
1314 1763 1432 1799 spiritus
1447 1763 1568 1798 ponitur
1580 1762 1628 1790 hic
1640 1769 1694 1797 pro
1708 1760 1886 1788 abstinentia

1109 1811 1147 1838 ab
1163 1818 1264 1838 amore
1279 1809 1381 1837 mundi
1394 1831 1402 1843 ,
1423 1808 1455 1836 id
1470 1811 1529 1843 est,
1544 1808 1583 1836 ab
1599 1815 1700 1836 amore
1723 1807 1886 1835 carnalium

1108 1857 1294 1893 voluptatum
1310 1858 1337 1884 et
1351 1856 1542 1890 deliciarum,
1554 1863 1588 1882 ac
1601 1854 1729 1891 propriae
1744 1853 1888 1881 excellen-

1109 1906 1163 1933 tiae.
1181 1907 1244 1933 lloec
1260 1905 1314 1933 tria
1333 1904 1538 1940 complectitur
1560 1910 1645 1930 amor
1668 1901 1783 1929 mundi.
1806 1900 1888 1928 Unde

1110 1952 1216 1980 dicitur
1236 1960 1326 1988 super
1349 1953 1456 1979 Lucam
1470 1951 1481 1967 ⁶
1503 1960 1510 1978 z
1536 1961 1548 1974 «
1570 1952 1715 1985 Paupercs
1737 1950 1820 1981 sunt,
1836 1947 1888 1983 qui

1110 2007 1171 2027 uon
1192 2001 1327 2035 quaerunt
1345 1998 1530 2026 illecebrosa.
1557 2006 1570 2022 »
1593 1997 1685 2032 Super
1707 1994 1888 2029 Matihaeum,

1110 2046 1266 2081 Gregorius
1281 2047 1290 2062 ⁶
1307 2055 1313 2073 :
1333 2056 1346 2071 «
1369 2047 1514 2081 Paupercs
1535 2043 1639 2080 spiritu
1667 2044 1735 2070 sunt
1762 2040 1889 2069 humiles

1111 2096 1139 2120 et
1163 2094 1253 2120 Deum
1280 2093 1423 2120 timentes.
1454 2103 1468 2118 »
1495 2091 1558 2119 Alia
1584 2089 1686 2117 Glossa
1711 2088 1781 2115 dicit
1805 2087 1888 2123 quod

1115 2145 1289 2172 «pauperes
1312 2138 1396 2170 sunt,
1421 2135 1473 2171 qui
1496 2133 1570 2162 nihil
1587 2132 1711 2165 habent,
1737 2132 1766 2158 et
1787 2129 1889 2157 omnia

1111 2184 1273 2220 possident.
1290 2194 1304 2209 »

1357 2261 1500 2296 CAPUT
1524 2259 1645 2293 XLIX.

1310 2343 1347 2368 Dc
1372 2339 1486 2368 secunda
1510 2338 1691 2367 Beatitudine.

1149 2418 1221 2446 Mitis
1235 2419 1293 2450 est,
1310 2417 1384 2444 sicut
1400 2417 1469 2444 dicit
1483 2415 1666 2448 Aristoteles,
1682 2412 1733 2450 qui
1747 2419 1802 2439 nec
1814 2411 1890 2448 pati-

1114 2468 1170 2499 tur,
1186 2472 1240 2492 nec
1260 2464 1382 2491 seducit.
1399 2465 1445 2491 Est
1465 2465 1563 2490 autem
1578 2461 1685 2489 mititas
1700 2458 1805 2487 eadem
1821 2465 1890 2485 cum

1113 2511 1338 2540 mausuetudine
1350 2521 1358 2545 ;
1383 2511 1508 2538 habetur
1529 2508 1608 2537 enim
1631 2506 1660 2535 in
1681 2506 1782 2534 Glossa
1801 2511 1891 2541 super

1114 2559 1292 2593 Matthoeum,
1318 2557 1401 2593 quod
1424 2558 1592 2585 mansuetus
1615 2555 1668 2588 est,
1698 2552 1750 2590 qui
1775 2551 1890 2580 nullam

1113 2622 1180 2646 circa
1196 2620 1264 2644 med.
1286 2633 1311 2637 -
1331 2620 1339 2634 ⁸
1359 2619 1430 2644 Psal.
1450 2625 1522 2650 xxIV,
1543 2619 1581 2643 to.
1604 2630 1630 2634 -
1648 2617 1657 2630 ⁴
1671 2615 1754 2640 Gloss.
1776 2612 1887 2638 interlin.

1113 2658 1138 2681 in
1153 2657 1220 2685 Luc,
1234 2662 1269 2680 vt.
1280 2669 1309 2674 —
1319 2657 1331 2673 θ
1344 2657 1431 2687 Greg.,
1442 2654 1544 2684 Morou,
1561 2653 1604 2677 lib.
1622 2652 1711 2682 XXVI,
1724 2657 1747 2675 c.
1764 2655 1806 2674 xx.
