<?xml version="1.0" encoding="UTF-8"?>
<!DOCTYPE html PUBLIC "-//W3C//DTD XHTML 1.0 Transitional//EN"
    "http://www.w3.org/TR/xhtml1/DTD/xhtml1-transitional.dtd">
<html xmlns="http://www.w3.org/1999/xhtml" xml:lang="en" lang="en">
 <head>
  <title>
</title>
<meta http-equiv="Content-Type" content="text/html;charset=utf-8" />
  <meta name='ocr-system' content='tesseract 3.04.00' />
  <meta name='ocr-capabilities' content='ocr_page ocr_carea ocr_par ocr_line ocrx_word'/>
</head>
<body>
  <div class='ocr_page' id='page_1' title='image "./operaomniasixtiv08bonauoft_0399.png"; bbox 0 0 2004 3037; ppageno 0'>
   <div class='ocr_carea' id='block_1_1' title="bbox 704 288 1225 323">
    <p class='ocr_par' dir='ltr' id='par_1_1' title="bbox 704 288 1225 323">
     <span class='ocr_line' id='line_1_1' title="bbox 704 288 1225 323; baseline -0.002 0"><span class='ocrx_word' id='word_1_1' title='bbox 704 288 1036 323; x_wconf 81' lang='lat' dir='ltr'>CONFESSiONALE.</span> <span class='ocrx_word' id='word_1_2' title='bbox 1060 289 1148 323; x_wconf 84' lang='lat' dir='ltr'>CAP.</span> <span class='ocrx_word' id='word_1_3' title='bbox 1171 290 1225 322; x_wconf 89' lang='lat'>111.</span> 
     </span>
    </p>
   </div>
   <div class='ocr_carea' id='block_1_2' title="bbox 429 394 680 423">
    <p class='ocr_par' dir='ltr' id='par_1_2' title="bbox 429 394 680 423">
     <span class='ocr_line' id='line_1_2' title="bbox 429 394 680 423; baseline -0.02 0"><span class='ocrx_word' id='word_1_4' title='bbox 429 396 608 423; x_wconf 78' lang='lat' dir='ltr'>PARTICULA</span> <span class='ocrx_word' id='word_1_5' title='bbox 629 395 656 420; x_wconf 83' lang='lat' dir='ltr'>Li</span> <span class='ocrx_word' id='word_1_6' title='bbox 663 394 680 419; x_wconf 87' lang='lat'>1.</span> 
     </span>
    </p>
   </div>
   <div class='ocr_carea' id='block_1_3' title="bbox 219 451 884 520">
    <p class='ocr_par' dir='ltr' id='par_1_3' title="bbox 219 451 884 520">
     <span class='ocr_line' id='line_1_3' title="bbox 219 451 884 492; baseline -0.011 -11"><span class='ocrx_word' id='word_1_7' title='bbox 219 455 255 480; x_wconf 89' lang='lat' dir='ltr'>De</span> <span class='ocrx_word' id='word_1_8' title='bbox 270 453 421 488; x_wconf 68' lang='lat' dir='ltr'>peonitentia</span> <span class='ocrx_word' id='word_1_9' title='bbox 433 453 542 486; x_wconf 79' lang='lat' dir='ltr'>jurantis</span> <span class='ocrx_word' id='word_1_10' title='bbox 553 458 608 492; x_wconf 74' lang='lat' dir='ltr'>non</span> <span class='ocrx_word' id='word_1_11' title='bbox 622 451 706 476; x_wconf 83' lang='lat' dir='ltr'>faeere</span> <span class='ocrx_word' id='word_1_12' title='bbox 721 456 811 482; x_wconf 82' lang='lat' dir='ltr'>pacem</span> <span class='ocrx_word' id='word_1_13' title='bbox 826 456 884 474; x_wconf 88' lang='lat' dir='ltr'>cum</span> 
     </span>
     <span class='ocr_line' id='line_1_4' title="bbox 487 494 615 520; baseline -0.008 -7"><span class='ocrx_word' id='word_1_14' title='bbox 487 494 615 520; x_wconf 71' lang='lat' dir='ltr'>prommo.</span> 
     </span>
    </p>
   </div>
   <div class='ocr_carea' id='block_1_4' title="bbox 161 547 942 955">
    <p class='ocr_par' dir='ltr' id='par_1_4' title="bbox 161 547 942 955">
     <span class='ocr_line' id='line_1_5' title="bbox 197 547 941 589; baseline -0.009 -8"><span class='ocrx_word' id='word_1_15' title='bbox 197 552 344 589; x_wconf 83' lang='lat' dir='ltr'>Vigesima</span> <span class='ocrx_word' id='word_1_16' title='bbox 353 551 494 585; x_wconf 84' lang='lat' dir='ltr'>secunda,</span> <span class='ocrx_word' id='word_1_17' title='bbox 508 551 609 586; x_wconf 82' lang='lat' dir='ltr'>quaest.</span> <span class='ocrx_word' id='word_1_18' title='bbox 624 557 663 584; x_wconf 74' lang='grc' dir='ltr'>ιν,</span> <span class='ocrx_word' id='word_1_19' title='bbox 679 556 715 578; x_wconf 82' lang='lat' dir='ltr'>ex</span> <span class='ocrx_word' id='word_1_20' title='bbox 729 547 861 577; x_wconf 83' lang='lat' dir='ltr'>Concilio</span> <span class='ocrx_word' id='word_1_21' title='bbox 873 547 941 575; x_wconf 89' lang='lat' dir='ltr'>ller-</span> 
     </span>
     <span class='ocr_line' id='line_1_6' title="bbox 163 594 942 633; baseline -0.009 -5"><span class='ocrx_word' id='word_1_22' title='bbox 163 599 247 628; x_wconf 85' lang='lat' dir='ltr'>densi</span> <span class='ocrx_word' id='word_1_23' title='bbox 261 600 294 627; x_wconf 88' lang='lat'>¹:</span> <span class='ocrx_word' id='word_1_24' title='bbox 320 608 333 625; x_wconf 81' lang='lat'>&lt;1</span> <span class='ocrx_word' id='word_1_25' title='bbox 347 598 401 633; x_wconf 81' lang='lat' dir='ltr'>Qui</span> <span class='ocrx_word' id='word_1_26' title='bbox 418 599 603 626; x_wconf 86' lang='lat' dir='ltr'>sacramento</span> <span class='ocrx_word' id='word_1_27' title='bbox 630 603 661 624; x_wconf 91' lang='lat' dir='ltr'>se</span> <span class='ocrx_word' id='word_1_28' title='bbox 683 594 883 630; x_wconf 77' lang='lat' dir='ltr'>obligaverit,</span> <span class='ocrx_word' id='word_1_29' title='bbox 910 594 942 622; x_wconf 89' lang='lat' dir='ltr'>ut</span> 
     </span>
     <span class='ocr_line' id='line_1_7' title="bbox 161 640 939 682; baseline -0.009 -7"><span class='ocrx_word' id='word_1_30' title='bbox 161 647 279 682; x_wconf 81' lang='lat' dir='ltr'>litigans</span> <span class='ocrx_word' id='word_1_31' title='bbox 302 653 371 673; x_wconf 86' lang='lat' dir='ltr'>eum</span> <span class='ocrx_word' id='word_1_32' title='bbox 394 644 528 681; x_wconf 86' lang='lat' dir='ltr'>quolibet</span> <span class='ocrx_word' id='word_1_33' title='bbox 549 643 589 672; x_wconf 88' lang='lat' dir='ltr'>ad</span> <span class='ocrx_word' id='word_1_34' title='bbox 607 651 713 679; x_wconf 84' lang='lat' dir='ltr'>pacem</span> <span class='ocrx_word' id='word_1_35' title='bbox 736 641 821 669; x_wconf 88' lang='lat' dir='ltr'>nullo</span> <span class='ocrx_word' id='word_1_36' title='bbox 846 640 939 669; x_wconf 86' lang='lat' dir='ltr'>modo</span> 
     </span>
     <span class='ocr_line' id='line_1_8' title="bbox 161 689 940 729; baseline -0.008 -7"><span class='ocrx_word' id='word_1_37' title='bbox 161 693 279 728; x_wconf 88' lang='lat' dir='ltr'>redeat,</span> <span class='ocrx_word' id='word_1_38' title='bbox 294 700 350 729; x_wconf 86' lang='lat' dir='ltr'>pro</span> <span class='ocrx_word' id='word_1_39' title='bbox 364 691 514 728; x_wconf 85' lang='lat' dir='ltr'>perjurio,</span> <span class='ocrx_word' id='word_1_40' title='bbox 527 699 588 719; x_wconf 86' lang='lat' dir='ltr'>uno</span> <span class='ocrx_word' id='word_1_41' title='bbox 603 698 682 718; x_wconf 90' lang='lat' dir='ltr'>anno</span> <span class='ocrx_word' id='word_1_42' title='bbox 697 698 715 718; x_wconf 89' lang='lat' dir='ltr'>a</span> <span class='ocrx_word' id='word_1_43' title='bbox 728 689 940 717; x_wconf 86' lang='lat' dir='ltr'>communione</span> 
     </span>
     <span class='ocr_line' id='line_1_9' title="bbox 162 737 941 776; baseline -0.006 -8"><span class='ocrx_word' id='word_1_44' title='bbox 162 739 295 776; x_wconf 80' lang='lat' dir='ltr'>eorporis</span> <span class='ocrx_word' id='word_1_45' title='bbox 310 741 337 768; x_wconf 92' lang='lat' dir='ltr'>et</span> <span class='ocrx_word' id='word_1_46' title='bbox 351 739 504 774; x_wconf 83' lang='lat' dir='ltr'>sanguinis</span> <span class='ocrx_word' id='word_1_47' title='bbox 525 737 642 766; x_wconf 79' lang='lat' dir='ltr'>Domini</span> <span class='ocrx_word' id='word_1_48' title='bbox 663 737 855 772; x_wconf 84' lang='lat' dir='ltr'>segregatus,</span> <span class='ocrx_word' id='word_1_49' title='bbox 875 743 941 764; x_wconf 83' lang='lat' dir='ltr'>rea-</span> 
     </span>
     <span class='ocr_line' id='line_1_10' title="bbox 161 782 941 822; baseline -0.006 -7"><span class='ocrx_word' id='word_1_50' title='bbox 161 788 225 815; x_wconf 90' lang='lat' dir='ltr'>tum</span> <span class='ocrx_word' id='word_1_51' title='bbox 249 795 338 814; x_wconf 87' lang='lat' dir='ltr'>suum</span> <span class='ocrx_word' id='word_1_52' title='bbox 362 785 560 822; x_wconf 81' lang='lat' dir='ltr'>eleemosynis</span> <span class='ocrx_word' id='word_1_53' title='bbox 575 805 583 819; x_wconf 93' lang='lat'>,</span> <span class='ocrx_word' id='word_1_54' title='bbox 608 784 726 812; x_wconf 89' lang='lat' dir='ltr'>fletibus</span> <span class='ocrx_word' id='word_1_55' title='bbox 741 805 750 818; x_wconf 91' lang='lat'>,</span> <span class='ocrx_word' id='word_1_56' title='bbox 773 784 800 811; x_wconf 86' lang='lat' dir='ltr'>et</span> <span class='ocrx_word' id='word_1_57' title='bbox 823 782 941 819; x_wconf 86' lang='lat' dir='ltr'>quantis</span> 
     </span>
     <span class='ocr_line' id='line_1_11' title="bbox 161 830 939 870; baseline -0.005 -9"><span class='ocrx_word' id='word_1_58' title='bbox 161 833 290 870; x_wconf 86' lang='lat' dir='ltr'>potuerit</span> <span class='ocrx_word' id='word_1_59' title='bbox 301 832 421 869; x_wconf 87' lang='lat' dir='ltr'>jejuniis</span> <span class='ocrx_word' id='word_1_60' title='bbox 435 832 587 866; x_wconf 88' lang='lat' dir='ltr'>absolvat,</span> <span class='ocrx_word' id='word_1_61' title='bbox 608 831 647 859; x_wconf 87' lang='lat' dir='ltr'>ad</span> <span class='ocrx_word' id='word_1_62' title='bbox 662 830 834 859; x_wconf 84' lang='lat' dir='ltr'>charitatem</span> <span class='ocrx_word' id='word_1_63' title='bbox 848 838 920 858; x_wconf 84' lang='lat' dir='ltr'>vero</span> <span class='ocrx_word' id='word_1_64' title='bbox 930 851 939 864; x_wconf 93' lang='lat'>,</span> 
     </span>
     <span class='ocr_line' id='line_1_12' title="bbox 163 877 942 917; baseline -0.005 -9"><span class='ocrx_word' id='word_1_65' title='bbox 163 889 228 917; x_wconf 64' lang='lat' dir='ltr'>quae</span> <span class='ocrx_word' id='word_1_66' title='bbox 242 880 337 916; x_wconf 88' lang='lat' dir='ltr'>operit</span> <span class='ocrx_word' id='word_1_67' title='bbox 355 879 577 907; x_wconf 81' lang='lat' dir='ltr'>multitudinem</span> <span class='ocrx_word' id='word_1_68' title='bbox 596 880 787 914; x_wconf 86' lang='lat' dir='ltr'>peccatorum</span> <span class='ocrx_word' id='word_1_69' title='bbox 809 877 942 905; x_wconf 87' lang='lat' dir='ltr'>celeriter</span> 
     </span>
     <span class='ocr_line' id='line_1_13' title="bbox 162 926 637 955; baseline -0.006 0"><span class='ocrx_word' id='word_1_70' title='bbox 162 927 262 955; x_wconf 85' lang='lat' dir='ltr'>venire</span> <span class='ocrx_word' id='word_1_71' title='bbox 276 926 426 955; x_wconf 81' lang='lat' dir='ltr'>festinet.»</span> <span class='ocrx_word' id='word_1_72' title='bbox 445 927 509 955; x_wconf 71' lang='lat' dir='ltr'>Haeo</span> <span class='ocrx_word' id='word_1_73' title='bbox 528 933 637 954; x_wconf 89' lang='lat' dir='ltr'>canon.</span> 
     </span>
    </p>
   </div>
   <div class='ocr_carea' id='block_1_5' title="bbox 421 1005 686 1031">
    <p class='ocr_par' dir='ltr' id='par_1_5' title="bbox 421 1005 686 1031">
     <span class='ocr_line' id='line_1_14' title="bbox 421 1005 686 1031; baseline -0.015 0"><span class='ocrx_word' id='word_1_74' title='bbox 421 1005 599 1031; x_wconf 78' lang='lat' dir='ltr'><strong>PARTICULA</strong></span> <span class='ocrx_word' id='word_1_75' title='bbox 621 1005 686 1029; x_wconf 72' lang='grc' dir='ltr'>[ΛΗ.</span> 
     </span>
    </p>
   </div>
   <div class='ocr_carea' id='block_1_6' title="bbox 162 1057 941 1092">
    <p class='ocr_par' dir='ltr' id='par_1_6' title="bbox 162 1057 941 1092">
     <span class='ocr_line' id='line_1_15' title="bbox 162 1057 941 1092; baseline -0.005 -7"><span class='ocrx_word' id='word_1_76' title='bbox 162 1061 199 1086; x_wconf 90' lang='lat' dir='ltr'>De</span> <span class='ocrx_word' id='word_1_77' title='bbox 216 1059 367 1092; x_wconf 81' lang='lat' dir='ltr'>poenitentia</span> <span class='ocrx_word' id='word_1_78' title='bbox 383 1059 494 1084; x_wconf 73' lang='lat' dir='ltr'>scienter</span> <span class='ocrx_word' id='word_1_79' title='bbox 509 1058 667 1090; x_wconf 78' lang='lat' dir='ltr'>rebaptizati,</span> <span class='ocrx_word' id='word_1_80' title='bbox 685 1059 710 1082; x_wconf 87' lang='lat' dir='ltr'>et</span> <span class='ocrx_word' id='word_1_81' title='bbox 726 1057 765 1081; x_wconf 86' lang='lat' dir='ltr'>bis</span> <span class='ocrx_word' id='word_1_82' title='bbox 787 1057 941 1082; x_wconf 84' lang='lat' dir='ltr'>confirmati.</span> 
     </span>
    </p>
   </div>
   <div class='ocr_carea' id='block_1_7' title="bbox 162 1113 948 2410">
    <p class='ocr_par' dir='ltr' id='par_1_7' title="bbox 162 1113 947 1897">
     <span class='ocr_line' id='line_1_16' title="bbox 198 1113 943 1152; baseline -0.004 -7"><span class='ocrx_word' id='word_1_83' title='bbox 198 1118 307 1151; x_wconf 64' lang='lat' dir='ltr'>Extra„</span> <span class='ocrx_word' id='word_1_84' title='bbox 322 1116 359 1144; x_wconf 92' lang='lat' dir='ltr'>de</span> <span class='ocrx_word' id='word_1_85' title='bbox 374 1115 530 1152; x_wconf 80' lang='lat' dir='ltr'>Apostatis,</span> <span class='ocrx_word' id='word_1_86' title='bbox 545 1114 713 1143; x_wconf 74' lang='lat' dir='ltr'>Alexander</span> <span class='ocrx_word' id='word_1_87' title='bbox 726 1113 838 1141; x_wconf 87' lang='lat' dir='ltr'>Tertius</span> <span class='ocrx_word' id='word_1_88' title='bbox 853 1123 859 1141; x_wconf 90' lang='lat'>:</span> <span class='ocrx_word' id='word_1_89' title='bbox 873 1124 886 1140; x_wconf 82' lang='lat'>«</span> <span class='ocrx_word' id='word_1_90' title='bbox 902 1115 943 1142; x_wconf 83' lang='lat' dir='ltr'>Ex</span> 
     </span>
     <span class='ocr_line' id='line_1_17' title="bbox 162 1160 942 1198; baseline -0.005 -7"><span class='ocrx_word' id='word_1_91' title='bbox 162 1163 325 1192; x_wconf 87' lang='lat' dir='ltr'>litterarum</span> <span class='ocrx_word' id='word_1_92' title='bbox 343 1165 461 1191; x_wconf 85' lang='lat' dir='ltr'>tuarum</span> <span class='ocrx_word' id='word_1_93' title='bbox 483 1164 584 1190; x_wconf 88' lang='lat' dir='ltr'>tenore</span> <span class='ocrx_word' id='word_1_94' title='bbox 605 1161 838 1198; x_wconf 82' lang='lat' dir='ltr'>perpendimus,</span> <span class='ocrx_word' id='word_1_95' title='bbox 858 1160 942 1196; x_wconf 91' lang='lat' dir='ltr'>quod</span> 
     </span>
     <span class='ocr_line' id='line_1_18' title="bbox 163 1209 945 1248; baseline -0.003 -10"><span class='ocrx_word' id='word_1_96' title='bbox 163 1211 286 1248; x_wconf 86' lang='lat' dir='ltr'>quidam</span> <span class='ocrx_word' id='word_1_97' title='bbox 300 1210 474 1246; x_wconf 69' lang='lat' dir='ltr'>aegritudine</span> <span class='ocrx_word' id='word_1_98' title='bbox 486 1210 577 1245; x_wconf 88' lang='lat' dir='ltr'>longa</span> <span class='ocrx_word' id='word_1_99' title='bbox 587 1209 747 1243; x_wconf 79' lang='lat' dir='ltr'>confectus,</span> <span class='ocrx_word' id='word_1_100' title='bbox 762 1209 867 1236; x_wconf 88' lang='lat' dir='ltr'>insano</span> <span class='ocrx_word' id='word_1_101' title='bbox 880 1217 945 1237; x_wconf 91' lang='lat' dir='ltr'>sor-</span> 
     </span>
     <span class='ocr_line' id='line_1_19' title="bbox 163 1256 943 1293; baseline -0.001 -8"><span class='ocrx_word' id='word_1_102' title='bbox 163 1258 318 1293; x_wconf 88' lang='lat' dir='ltr'>tilegarum</span> <span class='ocrx_word' id='word_1_103' title='bbox 333 1257 493 1285; x_wconf 83' lang='lat' dir='ltr'>mulierum</span> <span class='ocrx_word' id='word_1_104' title='bbox 508 1257 632 1284; x_wconf 86' lang='lat' dir='ltr'>credens</span> <span class='ocrx_word' id='word_1_105' title='bbox 648 1256 774 1284; x_wconf 86' lang='lat' dir='ltr'>consilio</span> <span class='ocrx_word' id='word_1_106' title='bbox 786 1277 793 1289; x_wconf 97' lang='lat'><strong>‚</strong></span> <span class='ocrx_word' id='word_1_107' title='bbox 809 1258 841 1283; x_wconf 88' lang='lat' dir='ltr'>ut</span> <span class='ocrx_word' id='word_1_108' title='bbox 856 1264 943 1284; x_wconf 89' lang='lat' dir='ltr'>sana-</span> 
     </span>
     <span class='ocr_line' id='line_1_20' title="bbox 163 1303 943 1341; baseline -0.003 -8"><span class='ocrx_word' id='word_1_109' title='bbox 163 1306 253 1340; x_wconf 87' lang='lat' dir='ltr'>retur,</span> <span class='ocrx_word' id='word_1_110' title='bbox 268 1313 321 1341; x_wconf 87' lang='lat' dir='ltr'>per</span> <span class='ocrx_word' id='word_1_111' title='bbox 330 1304 517 1332; x_wconf 75' lang='lat' dir='ltr'>iterationem</span> <span class='ocrx_word' id='word_1_112' title='bbox 530 1304 595 1332; x_wconf 84' lang='lat' dir='ltr'>l&#39;ecit</span> <span class='ocrx_word' id='word_1_113' title='bbox 608 1303 747 1339; x_wconf 87' lang='lat' dir='ltr'>injuriam</span> <span class='ocrx_word' id='word_1_114' title='bbox 758 1303 943 1339; x_wconf 87' lang='lat' dir='ltr'>baptismatis</span> 
     </span>
     <span class='ocr_line' id='line_1_21' title="bbox 164 1351 943 1385; baseline -0.003 -5"><span class='ocrx_word' id='word_1_115' title='bbox 164 1354 388 1380; x_wconf 83' lang='lat' dir='ltr'>sacramento.»</span> <span class='ocrx_word' id='word_1_116' title='bbox 415 1353 447 1379; x_wconf 90' lang='lat' dir='ltr'>Et</span> <span class='ocrx_word' id='word_1_117' title='bbox 468 1351 543 1378; x_wconf 88' lang='lat' dir='ltr'>infra</span> <span class='ocrx_word' id='word_1_118' title='bbox 560 1360 567 1378; x_wconf 72' lang='grc' dir='ltr'>ε</span> <span class='ocrx_word' id='word_1_119' title='bbox 585 1351 687 1385; x_wconf 82' lang='lat' dir='ltr'>«Quia</span> <span class='ocrx_word' id='word_1_120' title='bbox 709 1358 781 1385; x_wconf 87' lang='lat' dir='ltr'>ergo</span> <span class='ocrx_word' id='word_1_121' title='bbox 812 1358 867 1378; x_wconf 90' lang='lat' dir='ltr'>nos</span> <span class='ocrx_word' id='word_1_122' title='bbox 894 1352 943 1378; x_wconf 89' lang='lat' dir='ltr'>tua</span> 
     </span>
     <span class='ocr_line' id='line_1_22' title="bbox 165 1397 943 1434; baseline -0.003 -8"><span class='ocrx_word' id='word_1_123' title='bbox 165 1398 248 1427; x_wconf 77' lang='lat' dir='ltr'>duxit</span> <span class='ocrx_word' id='word_1_124' title='bbox 269 1398 427 1434; x_wconf 85' lang='lat' dir='ltr'>prudentia</span> <span class='ocrx_word' id='word_1_125' title='bbox 450 1397 666 1432; x_wconf 79' lang='lat' dir='ltr'>consulendos,</span> <span class='ocrx_word' id='word_1_126' title='bbox 690 1397 817 1433; x_wconf 81' lang='lat' dir='ltr'>qualiter</span> <span class='ocrx_word' id='word_1_127' title='bbox 841 1397 943 1433; x_wconf 89' lang='lat' dir='ltr'>puniri</span> 
     </span>
     <span class='ocr_line' id='line_1_23' title="bbox 165 1443 944 1481; baseline -0.003 -8"><span class='ocrx_word' id='word_1_128' title='bbox 165 1446 273 1474; x_wconf 87' lang='lat' dir='ltr'>debeat</span> <span class='ocrx_word' id='word_1_129' title='bbox 288 1446 422 1481; x_wconf 76' lang='lat' dir='ltr'>acolytus</span> <span class='ocrx_word' id='word_1_130' title='bbox 433 1467 442 1480; x_wconf 91' lang='lat'>,</span> <span class='ocrx_word' id='word_1_131' title='bbox 462 1453 553 1480; x_wconf 87' lang='lat' dir='ltr'>quem</span> <span class='ocrx_word' id='word_1_132' title='bbox 567 1444 665 1472; x_wconf 88' lang='lat' dir='ltr'>minor</span> <span class='ocrx_word' id='word_1_133' title='bbox 679 1446 763 1478; x_wconf 65' lang='lat' dir='ltr'>aetam,</span> <span class='ocrx_word' id='word_1_134' title='bbox 779 1445 807 1471; x_wconf 90' lang='lat' dir='ltr'>ct</span> <span class='ocrx_word' id='word_1_135' title='bbox 821 1443 944 1471; x_wconf 88' lang='lat' dir='ltr'>intentio</span> 
     </span>
     <span class='ocr_line' id='line_1_24' title="bbox 164 1490 945 1524; baseline -0.004 -4"><span class='ocrx_word' id='word_1_136' title='bbox 164 1492 299 1520; x_wconf 74' lang='lat' dir='ltr'>fraternae</span> <span class='ocrx_word' id='word_1_137' title='bbox 321 1492 423 1519; x_wconf 87' lang='lat' dir='ltr'>salutis</span> <span class='ocrx_word' id='word_1_138' title='bbox 449 1499 587 1519; x_wconf 79' lang='lat' dir='ltr'>excusare</span> <span class='ocrx_word' id='word_1_139' title='bbox 611 1491 747 1524; x_wconf 86' lang='lat' dir='ltr'>videtur,</span> <span class='ocrx_word' id='word_1_140' title='bbox 774 1490 945 1518; x_wconf 86' lang='lat' dir='ltr'>discretioni</span> 
     </span>
     <span class='ocr_line' id='line_1_25' title="bbox 165 1537 944 1577; baseline -0.005 -8"><span class='ocrx_word' id='word_1_141' title='bbox 165 1542 222 1569; x_wconf 78' lang='lat' dir='ltr'>tuae</span> <span class='ocrx_word' id='word_1_142' title='bbox 235 1540 428 1577; x_wconf 80' lang='lat' dir='ltr'>praesentibus</span> <span class='ocrx_word' id='word_1_143' title='bbox 440 1538 542 1566; x_wconf 85' lang='lat' dir='ltr'>litteris</span> <span class='ocrx_word' id='word_1_144' title='bbox 556 1537 790 1574; x_wconf 73' lang='lat' dir='ltr'>respondemus,</span> <span class='ocrx_word' id='word_1_145' title='bbox 805 1538 889 1573; x_wconf 79' lang='lat' dir='ltr'>quod</span> <span class='ocrx_word' id='word_1_146' title='bbox 905 1538 944 1565; x_wconf 89' lang='lat' dir='ltr'>ad</span> 
     </span>
     <span class='ocr_line' id='line_1_26' title="bbox 166 1585 942 1623; baseline -0.005 -8"><span class='ocrx_word' id='word_1_147' title='bbox 166 1588 332 1623; x_wconf 80' lang='lat' dir='ltr'>superiores</span> <span class='ocrx_word' id='word_1_148' title='bbox 347 1587 466 1614; x_wconf 84' lang='lat' dir='ltr'>ordines</span> <span class='ocrx_word' id='word_1_149' title='bbox 481 1585 666 1622; x_wconf 85' lang='lat' dir='ltr'>promoveri,</span> <span class='ocrx_word' id='word_1_150' title='bbox 683 1585 706 1612; x_wconf 89' lang='lat' dir='ltr'>si</span> <span class='ocrx_word' id='word_1_151' title='bbox 719 1585 874 1620; x_wconf 87' lang='lat' dir='ltr'>publicum</span> <span class='ocrx_word' id='word_1_152' title='bbox 890 1586 942 1619; x_wconf 88' lang='lat' dir='ltr'>est,</span> 
     </span>
     <span class='ocr_line' id='line_1_27' title="bbox 167 1631 945 1670; baseline -0.004 -8"><span class='ocrx_word' id='word_1_153' title='bbox 167 1634 251 1670; x_wconf 85' lang='lat' dir='ltr'>quod</span> <span class='ocrx_word' id='word_1_154' title='bbox 265 1633 453 1670; x_wconf 83' lang='lat' dir='ltr'>proponitur,</span> <span class='ocrx_word' id='word_1_155' title='bbox 468 1641 529 1660; x_wconf 89' lang='lat' dir='ltr'>non</span> <span class='ocrx_word' id='word_1_156' title='bbox 545 1632 654 1660; x_wconf 79' lang='lat' dir='ltr'>valebit</span> <span class='ocrx_word' id='word_1_157' title='bbox 666 1654 674 1666; x_wconf 92' lang='lat'>,</span> <span class='ocrx_word' id='word_1_158' title='bbox 690 1631 745 1659; x_wconf 86' lang='lat' dir='ltr'>nisi</span> <span class='ocrx_word' id='word_1_159' title='bbox 765 1632 801 1659; x_wconf 88' lang='lat' dir='ltr'>ad</span> <span class='ocrx_word' id='word_1_160' title='bbox 823 1632 945 1667; x_wconf 87' lang='lat' dir='ltr'>religio-</span> 
     </span>
     <span class='ocr_line' id='line_1_28' title="bbox 167 1679 945 1715; baseline -0.005 -5"><span class='ocrx_word' id='word_1_161' title='bbox 167 1690 236 1710; x_wconf 85' lang='lat' dir='ltr'>nem</span> <span class='ocrx_word' id='word_1_162' title='bbox 251 1681 373 1709; x_wconf 83' lang='lat' dir='ltr'>transire</span> <span class='ocrx_word' id='word_1_163' title='bbox 388 1680 531 1714; x_wconf 85' lang='lat' dir='ltr'>voluerit,</span> <span class='ocrx_word' id='word_1_164' title='bbox 546 1681 578 1707; x_wconf 87' lang='lat' dir='ltr'>ut</span> <span class='ocrx_word' id='word_1_165' title='bbox 600 1679 702 1708; x_wconf 85' lang='lat' dir='ltr'>favore</span> <span class='ocrx_word' id='word_1_166' title='bbox 724 1679 878 1714; x_wconf 77' lang='lat' dir='ltr'>religionis</span> <span class='ocrx_word' id='word_1_167' title='bbox 900 1679 945 1715; x_wconf 90' lang='lat' dir='ltr'>ip-</span> 
     </span>
     <span class='ocr_line' id='line_1_29' title="bbox 167 1726 947 1763; baseline -0.004 -7"><span class='ocrx_word' id='word_1_168' title='bbox 167 1728 242 1763; x_wconf 81' lang='lat' dir='ltr'>sius,</span> <span class='ocrx_word' id='word_1_169' title='bbox 257 1728 335 1756; x_wconf 82' lang='lat' dir='ltr'>circa</span> <span class='ocrx_word' id='word_1_170' title='bbox 353 1736 421 1756; x_wconf 90' lang='lat' dir='ltr'>eum</span> <span class='ocrx_word' id='word_1_171' title='bbox 435 1727 532 1755; x_wconf 86' lang='lat' dir='ltr'>valeat</span> <span class='ocrx_word' id='word_1_172' title='bbox 559 1726 733 1762; x_wconf 87' lang='lat' dir='ltr'>dispensari.</span> <span class='ocrx_word' id='word_1_173' title='bbox 759 1727 788 1754; x_wconf 89' lang='lat' dir='ltr'>Si</span> <span class='ocrx_word' id='word_1_174' title='bbox 804 1734 875 1754; x_wconf 84' lang='lat' dir='ltr'>vero</span> <span class='ocrx_word' id='word_1_175' title='bbox 897 1734 947 1754; x_wconf 84' lang='lat' dir='ltr'>oc-</span> 
     </span>
     <span class='ocr_line' id='line_1_30' title="bbox 169 1773 946 1810; baseline -0.001 -8"><span class='ocrx_word' id='word_1_176' title='bbox 169 1775 282 1802; x_wconf 86' lang='lat' dir='ltr'>cultum</span> <span class='ocrx_word' id='word_1_177' title='bbox 307 1777 349 1802; x_wconf 86' lang='lat' dir='ltr'>est</span> <span class='ocrx_word' id='word_1_178' title='bbox 362 1796 371 1809; x_wconf 97' lang='lat'>,</span> <span class='ocrx_word' id='word_1_179' title='bbox 397 1774 569 1810; x_wconf 86' lang='lat' dir='ltr'>promoveri</span> <span class='ocrx_word' id='word_1_180' title='bbox 589 1773 714 1809; x_wconf 86' lang='lat' dir='ltr'>poterit,</span> <span class='ocrx_word' id='word_1_181' title='bbox 741 1774 768 1800; x_wconf 89' lang='lat' dir='ltr'>et</span> <span class='ocrx_word' id='word_1_182' title='bbox 793 1781 946 1801; x_wconf 76' lang='lat' dir='ltr'>excessum</span> 
     </span>
     <span class='ocr_line' id='line_1_31' title="bbox 170 1820 944 1857; baseline -0.004 -8"><span class='ocrx_word' id='word_1_183' title='bbox 170 1830 257 1850; x_wconf 88' lang='lat' dir='ltr'>suum</span> <span class='ocrx_word' id='word_1_184' title='bbox 284 1822 382 1857; x_wconf 84' lang='lat' dir='ltr'>dignis</span> <span class='ocrx_word' id='word_1_185' title='bbox 409 1821 588 1857; x_wconf 68' lang='lat' dir='ltr'>poenitentize</span> <span class='ocrx_word' id='word_1_186' title='bbox 614 1820 758 1848; x_wconf 86' lang='lat' dir='ltr'>fructibus</span> <span class='ocrx_word' id='word_1_187' title='bbox 782 1820 913 1856; x_wconf 73' lang='lat' dir='ltr'>expiare.</span> <span class='ocrx_word' id='word_1_188' title='bbox 931 1831 944 1847; x_wconf 78' lang='lat'>&gt;›</span> 
     </span>
     <span class='ocr_line' id='line_1_32' title="bbox 169 1870 357 1897; baseline -0.005 0"><span class='ocrx_word' id='word_1_189' title='bbox 169 1870 233 1897; x_wconf 84' lang='lat' dir='ltr'>Haec</span> <span class='ocrx_word' id='word_1_190' title='bbox 249 1877 357 1896; x_wconf 85' lang='lat' dir='ltr'>canon.</span> 
     </span>
    </p>

    <p class='ocr_par' dir='ltr' id='par_1_8' title="bbox 169 1915 948 2410">
     <span class='ocr_line' id='line_1_33' title="bbox 205 1915 946 1950; baseline 0 -8"><span class='ocrx_word' id='word_1_191' title='bbox 205 1917 274 1943; x_wconf 84' lang='lat' dir='ltr'>item</span> <span class='ocrx_word' id='word_1_192' title='bbox 289 1915 325 1942; x_wconf 89' lang='lat' dir='ltr'>de</span> <span class='ocrx_word' id='word_1_193' title='bbox 348 1915 428 1950; x_wconf 73' lang='lat' dir='ltr'>eod,</span> <span class='ocrx_word' id='word_1_194' title='bbox 451 1915 488 1942; x_wconf 91' lang='lat' dir='ltr'>de</span> <span class='ocrx_word' id='word_1_195' title='bbox 504 1916 620 1949; x_wconf 66' lang='lat' dir='ltr'>conse„</span> <span class='ocrx_word' id='word_1_196' title='bbox 637 1915 704 1943; x_wconf 88' lang='lat' dir='ltr'>dist.</span> <span class='ocrx_word' id='word_1_197' title='bbox 719 1923 748 1949; x_wconf 85' lang='lat' dir='ltr'>v,</span> <span class='ocrx_word' id='word_1_198' title='bbox 763 1923 799 1943; x_wconf 83' lang='lat' dir='ltr'>ex</span> <span class='ocrx_word' id='word_1_199' title='bbox 814 1915 946 1943; x_wconf 85' lang='lat' dir='ltr'>Concilio</span> 
     </span>
     <span class='ocr_line' id='line_1_34' title="bbox 169 1962 947 1997; baseline -0.001 -7"><span class='ocrx_word' id='word_1_200' title='bbox 169 1964 376 1995; x_wconf 63' lang='lat' dir='ltr'>Tarraconen„</span> <span class='ocrx_word' id='word_1_201' title='bbox 393 1970 457 1997; x_wconf 83' lang='lat' dir='ltr'>cap.</span> <span class='ocrx_word' id='word_1_202' title='bbox 467 1970 495 1989; x_wconf 92' lang='lat' dir='ltr'>v1</span> <span class='ocrx_word' id='word_1_203' title='bbox 514 1971 520 1989; x_wconf 86' lang='lat'>:</span> <span class='ocrx_word' id='word_1_204' title='bbox 535 1971 547 1987; x_wconf 67' lang='grc' dir='ltr'>α</span> <span class='ocrx_word' id='word_1_205' title='bbox 562 1962 676 1989; x_wconf 83' lang='lat' dir='ltr'>Dictum</span> <span class='ocrx_word' id='word_1_206' title='bbox 691 1963 735 1989; x_wconf 83' lang='lat' dir='ltr'>est</span> <span class='ocrx_word' id='word_1_207' title='bbox 748 1962 846 1996; x_wconf 78' lang='lat' dir='ltr'>nobis,</span> <span class='ocrx_word' id='word_1_208' title='bbox 863 1962 947 1997; x_wconf 86' lang='lat' dir='ltr'>quod</span> 
     </span>
     <span class='ocr_line' id='line_1_35' title="bbox 170 2008 946 2045; baseline -0.001 -9"><span class='ocrx_word' id='word_1_209' title='bbox 170 2009 293 2045; x_wconf 87' lang='lat' dir='ltr'>quidam</span> <span class='ocrx_word' id='word_1_210' title='bbox 312 2009 349 2036; x_wconf 81' lang='lat' dir='ltr'>dc</span> <span class='ocrx_word' id='word_1_211' title='bbox 368 2008 456 2044; x_wconf 86' lang='lat' dir='ltr'>plebe</span> <span class='ocrx_word' id='word_1_212' title='bbox 479 2009 526 2035; x_wconf 82' lang='lat' dir='ltr'>bis</span> <span class='ocrx_word' id='word_1_213' title='bbox 539 2030 547 2043; x_wconf 90' lang='lat'>‚</span> <span class='ocrx_word' id='word_1_214' title='bbox 564 2008 612 2035; x_wconf 87' lang='lat' dir='ltr'>vet</span> <span class='ocrx_word' id='word_1_215' title='bbox 628 2010 679 2042; x_wconf 88' lang='lat' dir='ltr'>ter,</span> <span class='ocrx_word' id='word_1_216' title='bbox 696 2008 744 2036; x_wconf 89' lang='lat' dir='ltr'>vel</span> <span class='ocrx_word' id='word_1_217' title='bbox 768 2017 802 2036; x_wconf 89' lang='lat' dir='ltr'>eo</span> <span class='ocrx_word' id='word_1_218' title='bbox 820 2008 946 2044; x_wconf 86' lang='lat' dir='ltr'>amplius</span> 
     </span>
     <span class='ocr_line' id='line_1_36' title="bbox 170 2054 947 2091; baseline -0.003 -8"><span class='ocrx_word' id='word_1_219' title='bbox 170 2055 315 2091; x_wconf 78' lang='lat' dir='ltr'>episcopis</span> <span class='ocrx_word' id='word_1_220' title='bbox 335 2054 559 2089; x_wconf 79' lang='lat' dir='ltr'>ignorantibus,</span> <span class='ocrx_word' id='word_1_221' title='bbox 574 2056 672 2081; x_wconf 82' lang='lat' dir='ltr'>tamen</span> <span class='ocrx_word' id='word_1_222' title='bbox 695 2054 732 2081; x_wconf 89' lang='lat' dir='ltr'>ab</span> <span class='ocrx_word' id='word_1_223' title='bbox 756 2055 868 2082; x_wconf 86' lang='lat' dir='ltr'>eisdem</span> <span class='ocrx_word' id='word_1_224' title='bbox 887 2055 947 2090; x_wconf 86' lang='lat' dir='ltr'>epi-</span> 
     </span>
     <span class='ocr_line' id='line_1_37' title="bbox 169 2100 946 2138; baseline -0.001 -9"><span class='ocrx_word' id='word_1_225' title='bbox 169 2102 266 2138; x_wconf 82' lang='lat' dir='ltr'>scopis</span> <span class='ocrx_word' id='word_1_226' title='bbox 295 2101 516 2129; x_wconf 84' lang='lat' dir='ltr'>confirmentur.</span> <span class='ocrx_word' id='word_1_227' title='bbox 544 2100 624 2128; x_wconf 84' lang='lat' dir='ltr'>Unde</span> <span class='ocrx_word' id='word_1_228' title='bbox 650 2100 737 2127; x_wconf 82' lang='lat' dir='ltr'>nobis</span> <span class='ocrx_word' id='word_1_229' title='bbox 768 2101 864 2128; x_wconf 88' lang='lat' dir='ltr'>visum</span> <span class='ocrx_word' id='word_1_230' title='bbox 890 2103 946 2135; x_wconf 86' lang='lat' dir='ltr'>cst,</span> 
     </span>
     <span class='ocr_line' id='line_1_38' title="bbox 170 2147 946 2183; baseline -0.003 -6"><span class='ocrx_word' id='word_1_231' title='bbox 170 2149 307 2177; x_wconf 83' lang='lat' dir='ltr'>eamdem</span> <span class='ocrx_word' id='word_1_232' title='bbox 319 2147 576 2176; x_wconf 86' lang='lat' dir='ltr'>confirmationem</span> <span class='ocrx_word' id='word_1_233' title='bbox 590 2147 666 2174; x_wconf 85' lang='lat' dir='ltr'>sieut</span> <span class='ocrx_word' id='word_1_234' title='bbox 688 2155 743 2174; x_wconf 90' lang='lat' dir='ltr'>nec</span> <span class='ocrx_word' id='word_1_235' title='bbox 764 2147 946 2183; x_wconf 69' lang='lat' dir='ltr'>bapt‘smnm</span> 
     </span>
     <span class='ocr_line' id='line_1_39' title="bbox 170 2193 947 2229; baseline -0.003 -6"><span class='ocrx_word' id='word_1_236' title='bbox 170 2196 274 2223; x_wconf 83' lang='lat' dir='ltr'>iterare</span> <span class='ocrx_word' id='word_1_237' title='bbox 294 2194 417 2222; x_wconf 88' lang='lat' dir='ltr'>minime</span> <span class='ocrx_word' id='word_1_238' title='bbox 438 2194 547 2221; x_wconf 86' lang='lat' dir='ltr'>debere</span> <span class='ocrx_word' id='word_1_239' title='bbox 564 2203 570 2220; x_wconf 92' lang='lat'><strong>:</strong></span> <span class='ocrx_word' id='word_1_240' title='bbox 593 2193 663 2229; x_wconf 84' lang='lat' dir='ltr'>quia</span> <span class='ocrx_word' id='word_1_241' title='bbox 678 2193 740 2227; x_wconf 78' lang='lat' dir='ltr'>his,</span> <span class='ocrx_word' id='word_1_242' title='bbox 759 2194 807 2220; x_wconf 80' lang='lat' dir='ltr'>vel</span> <span class='ocrx_word' id='word_1_243' title='bbox 833 2196 884 2227; x_wconf 87' lang='lat' dir='ltr'>ter,</span> <span class='ocrx_word' id='word_1_244' title='bbox 901 2195 947 2221; x_wconf 91' lang='lat' dir='ltr'>vel</span> 
     </span>
     <span class='ocr_line' id='line_1_40' title="bbox 171 2240 948 2278; baseline -0.003 -8"><span class='ocrx_word' id='word_1_245' title='bbox 171 2242 298 2278; x_wconf 82' lang='lat' dir='ltr'>amplius</span> <span class='ocrx_word' id='word_1_246' title='bbox 317 2241 494 2277; x_wconf 86' lang='lat' dir='ltr'>baptizatos,</span> <span class='ocrx_word' id='word_1_247' title='bbox 512 2241 562 2267; x_wconf 87' lang='lat' dir='ltr'>aut</span> <span class='ocrx_word' id='word_1_248' title='bbox 585 2240 790 2275; x_wconf 74' lang='lat' dir='ltr'>confirmatos,</span> <span class='ocrx_word' id='word_1_249' title='bbox 814 2249 874 2267; x_wconf 88' lang='lat' dir='ltr'>non</span> <span class='ocrx_word' id='word_1_250' title='bbox 897 2249 948 2268; x_wconf 72' lang='lat' dir='ltr'>szc-</span> 
     </span>
     <span class='ocr_line' id='line_1_41' title="bbox 171 2287 947 2323; baseline -0.003 -7"><span class='ocrx_word' id='word_1_251' title='bbox 171 2290 255 2323; x_wconf 86' lang='lat' dir='ltr'>culo,</span> <span class='ocrx_word' id='word_1_252' title='bbox 278 2289 330 2317; x_wconf 88' lang='lat' dir='ltr'>scd</span> <span class='ocrx_word' id='word_1_253' title='bbox 352 2290 410 2316; x_wconf 85' lang='lat' dir='ltr'>Deo</span> <span class='ocrx_word' id='word_1_254' title='bbox 433 2287 500 2321; x_wconf 91' lang='lat' dir='ltr'>soli,</span> <span class='ocrx_word' id='word_1_255' title='bbox 519 2287 574 2314; x_wconf 86' lang='lat' dir='ltr'>sub</span> <span class='ocrx_word' id='word_1_256' title='bbox 597 2287 701 2315; x_wconf 81' lang='lat' dir='ltr'>habitu</span> <span class='ocrx_word' id='word_1_257' title='bbox 726 2287 876 2322; x_wconf 85' lang='lat' dir='ltr'>regulari,</span> <span class='ocrx_word' id='word_1_258' title='bbox 899 2287 947 2314; x_wconf 89' lang='lat' dir='ltr'>vel</span> 
     </span>
     <span class='ocr_line' id='line_1_42' title="bbox 171 2334 944 2370; baseline -0.004 -7"><span class='ocrx_word' id='word_1_259' title='bbox 171 2335 298 2363; x_wconf 75' lang='lat' dir='ltr'>clerIeali</span> <span class='ocrx_word' id='word_1_260' title='bbox 314 2334 533 2370; x_wconf 80' lang='lat' dir='ltr'>religiosissime</span> <span class='ocrx_word' id='word_1_261' title='bbox 548 2334 685 2362; x_wconf 83' lang='lat' dir='ltr'>famulari</span> <span class='ocrx_word' id='word_1_262' title='bbox 701 2334 850 2362; x_wconf 84' lang='lat' dir='ltr'>decretum</span> <span class='ocrx_word' id='word_1_263' title='bbox 868 2336 919 2362; x_wconf 86' lang='lat' dir='ltr'>est.</span> <span class='ocrx_word' id='word_1_264' title='bbox 930 2344 944 2359; x_wconf 84' lang='lat'>»</span> 
     </span>
     <span class='ocr_line' id='line_1_43' title="bbox 170 2384 357 2410; baseline 0 0"><span class='ocrx_word' id='word_1_265' title='bbox 170 2384 234 2410; x_wconf 84' lang='lat' dir='ltr'>Haec</span> <span class='ocrx_word' id='word_1_266' title='bbox 249 2390 357 2410; x_wconf 78' lang='lat' dir='ltr'>canon.</span> 
     </span>
    </p>
   </div>
   <div class='ocr_carea' id='block_1_8' title="bbox 207 2446 944 2606">
    <p class='ocr_par' dir='ltr' id='par_1_9' title="bbox 207 2446 944 2606">
     <span class='ocr_line' id='line_1_44' title="bbox 427 2446 690 2471; baseline 0 -1"><span class='ocrx_word' id='word_1_267' title='bbox 427 2446 607 2470; x_wconf 77' lang='lat' dir='ltr'><strong>PARTICULA</strong></span> <span class='ocrx_word' id='word_1_268' title='bbox 626 2447 690 2471; x_wconf 86' lang='lat' dir='ltr'>LlV.</span> 
     </span>
     <span class='ocr_line' id='line_1_45' title="bbox 393 2507 724 2538; baseline -0.006 -6"><span class='ocrx_word' id='word_1_269' title='bbox 393 2508 429 2532; x_wconf 91' lang='lat' dir='ltr'>De</span> <span class='ocrx_word' id='word_1_270' title='bbox 443 2507 594 2538; x_wconf 65' lang='lat' dir='ltr'>poenitentia</span> <span class='ocrx_word' id='word_1_271' title='bbox 607 2507 724 2537; x_wconf 85' lang='lat' dir='ltr'>raptoris.</span> 
     </span>
     <span class='ocr_line' id='line_1_46' title="bbox 207 2569 944 2606; baseline -0.001 -8"><span class='ocrx_word' id='word_1_272' title='bbox 207 2572 315 2605; x_wconf 63' lang='lat' dir='ltr'>Extra„</span> <span class='ocrx_word' id='word_1_273' title='bbox 341 2570 378 2597; x_wconf 90' lang='lat' dir='ltr'>de</span> <span class='ocrx_word' id='word_1_274' title='bbox 406 2569 602 2606; x_wconf 80' lang='lat' dir='ltr'>RaptoribuS,</span> <span class='ocrx_word' id='word_1_275' title='bbox 633 2570 779 2605; x_wconf 85' lang='lat' dir='ltr'>Eugenius</span> <span class='ocrx_word' id='word_1_276' title='bbox 807 2569 944 2597; x_wconf 86' lang='lat' dir='ltr'>Tertius:</span> 
     </span>
    </p>
   </div>
   <div class='ocr_carea' id='block_1_9' title="bbox 173 2616 946 2698">
    <p class='ocr_par' dir='ltr' id='par_1_10' title="bbox 173 2616 946 2698">
     <span class='ocr_line' id='line_1_47' title="bbox 176 2616 946 2652; baseline 0.001 -10"><span class='ocrx_word' id='word_1_277' title='bbox 176 2626 189 2642; x_wconf 68' lang='grc' dir='ltr'><strong>κ</strong></span> <span class='ocrx_word' id='word_1_278' title='bbox 202 2616 358 2644; x_wconf 77' lang='lat' dir='ltr'>statuimus</span> <span class='ocrx_word' id='word_1_279' title='bbox 372 2618 404 2643; x_wconf 91' lang='lat' dir='ltr'>ut</span> <span class='ocrx_word' id='word_1_280' title='bbox 418 2616 599 2652; x_wconf 85' lang='lat' dir='ltr'>quicumque</span> <span class='ocrx_word' id='word_1_281' title='bbox 612 2625 647 2643; x_wconf 74' lang='lat' dir='ltr'>ex</span> <span class='ocrx_word' id='word_1_282' title='bbox 661 2616 723 2650; x_wconf 87' lang='lat' dir='ltr'>bis,</span> <span class='ocrx_word' id='word_1_283' title='bbox 738 2616 788 2652; x_wconf 89' lang='lat' dir='ltr'>qui</span> <span class='ocrx_word' id='word_1_284' title='bbox 803 2616 946 2643; x_wconf 87' lang='lat' dir='ltr'>violenter</span> 
     </span>
     <span class='ocr_line' id='line_1_48' title="bbox 173 2662 946 2698; baseline 0 -8"><span class='ocrx_word' id='word_1_285' title='bbox 173 2662 352 2690; x_wconf 75' lang='lat' dir='ltr'>surrexerint</span> <span class='ocrx_word' id='word_1_286' title='bbox 376 2662 407 2690; x_wconf 88' lang='lat' dir='ltr'>in</span> <span class='ocrx_word' id='word_1_287' title='bbox 432 2662 569 2698; x_wconf 77' lang='lat' dir='ltr'>rapinam</span> <span class='ocrx_word' id='word_1_288' title='bbox 583 2683 592 2696; x_wconf 91' lang='lat'>,</span> <span class='ocrx_word' id='word_1_289' title='bbox 618 2662 679 2689; x_wconf 82' lang='lat' dir='ltr'>sive</span> <span class='ocrx_word' id='word_1_290' title='bbox 702 2663 732 2690; x_wconf 89' lang='lat' dir='ltr'>in</span> <span class='ocrx_word' id='word_1_291' title='bbox 756 2662 946 2690; x_wconf 84' lang='lat' dir='ltr'>ecclesiarum</span> 
     </span>
    </p>
   </div>
   <div class='ocr_carea' id='block_1_10' title="bbox 171 2724 947 2791">
    <p class='ocr_par' dir='ltr' id='par_1_11' title="bbox 171 2724 947 2791">
     <span class='ocr_line' id='line_1_49' title="bbox 206 2724 947 2756; baseline 0.003 -8"><span class='ocrx_word' id='word_1_292' title='bbox 206 2728 211 2742; x_wconf 84' lang='lat'><strong>¹</strong></span> <span class='ocrx_word' id='word_1_293' title='bbox 229 2726 301 2749; x_wconf 58' lang='lat' dir='ltr'>Coae,</span> <span class='ocrx_word' id='word_1_294' title='bbox 319 2725 404 2754; x_wconf 79' lang='lat' dir='ltr'>Ilerd.,</span> <span class='ocrx_word' id='word_1_295' title='bbox 417 2732 473 2749; x_wconf 82' lang='lat' dir='ltr'>can.</span> <span class='ocrx_word' id='word_1_296' title='bbox 490 2726 514 2748; x_wconf 80' lang='lat'>7.</span> <span class='ocrx_word' id='word_1_297' title='bbox 527 2739 558 2742; x_wconf 97' lang='lat'><strong>—</strong></span> <span class='ocrx_word' id='word_1_298' title='bbox 575 2725 582 2738; x_wconf 81' lang='lat'><strong>²</strong></span> <span class='ocrx_word' id='word_1_299' title='bbox 596 2724 696 2749; x_wconf 84' lang='lat' dir='ltr'>Scilicet</span> <span class='ocrx_word' id='word_1_300' title='bbox 708 2727 832 2755; x_wconf 86' lang='lat' dir='ltr'>quantum</span> <span class='ocrx_word' id='word_1_301' title='bbox 847 2725 878 2749; x_wconf 86' lang='lat' dir='ltr'>ad</span> <span class='ocrx_word' id='word_1_302' title='bbox 893 2733 947 2756; x_wconf 83' lang='lat' dir='ltr'>poe-</span> 
     </span>
     <span class='ocr_line' id='line_1_50' title="bbox 171 2760 941 2791; baseline -0.004 -4"><span class='ocrx_word' id='word_1_303' title='bbox 171 2768 231 2787; x_wconf 84' lang='lat' dir='ltr'>nam</span> <span class='ocrx_word' id='word_1_304' title='bbox 241 2760 416 2791; x_wconf 83' lang='lat' dir='ltr'>temporalem.</span> <span class='ocrx_word' id='word_1_305' title='bbox 429 2760 465 2784; x_wconf 81' lang='lat' dir='ltr'>lta</span> <span class='ocrx_word' id='word_1_306' title='bbox 479 2760 606 2791; x_wconf 83' lang='lat' dir='ltr'>Appar.—</span> <span class='ocrx_word' id='word_1_307' title='bbox 624 2760 634 2777; x_wconf 79' lang='lat'>³</span> <span class='ocrx_word' id='word_1_308' title='bbox 648 2761 701 2785; x_wconf 78' lang='lat' dir='ltr'>imo</span> <span class='ocrx_word' id='word_1_309' title='bbox 719 2760 883 2785; x_wconf 76' lang='lat' dir='ltr'>Innocentius</span> <span class='ocrx_word' id='word_1_310' title='bbox 899 2761 941 2784; x_wconf 83' lang='lat' dir='ltr'>lli.</span> 
     </span>
    </p>
   </div>
   <div class='ocr_carea' id='block_1_11' title="bbox 1715 296 1774 326">
    <p class='ocr_par' dir='ltr' id='par_1_12' title="bbox 1715 296 1774 326">
     <span class='ocr_line' id='line_1_51' title="bbox 1715 296 1774 326; baseline 0 0"><span class='ocrx_word' id='word_1_311' title='bbox 1715 296 1774 326; x_wconf 79' lang='lat'>379</span> 
     </span>
    </p>
   </div>
   <div class='ocr_carea' id='block_1_12' title="bbox 996 358 1782 1947">
    <p class='ocr_par' dir='ltr' id='par_1_13' title="bbox 996 358 1782 1947">
     <span class='ocr_line' id='line_1_52' title="bbox 997 358 1775 398; baseline 0.005 -12"><span class='ocrx_word' id='word_1_312' title='bbox 997 358 1186 393; x_wconf 75' lang='lat' dir='ltr'>violationeS,</span> <span class='ocrx_word' id='word_1_313' title='bbox 1201 358 1354 389; x_wconf 82' lang='lat' dir='ltr'>manifeste</span> <span class='ocrx_word' id='word_1_314' title='bbox 1378 361 1581 398; x_wconf 86' lang='lat' dir='ltr'>deprehensus</span> <span class='ocrx_word' id='word_1_315' title='bbox 1603 360 1706 397; x_wconf 81' lang='lat' dir='ltr'>fuerit,</span> <span class='ocrx_word' id='word_1_316' title='bbox 1718 361 1775 390; x_wconf 86' lang='lat' dir='ltr'>nisi</span> 
     </span>
     <span class='ocr_line' id='line_1_53' title="bbox 996 406 1774 444; baseline 0.006 -11"><span class='ocrx_word' id='word_1_317' title='bbox 996 406 1079 443; x_wconf 88' lang='lat' dir='ltr'>prius</span> <span class='ocrx_word' id='word_1_318' title='bbox 1093 406 1194 435; x_wconf 87' lang='lat' dir='ltr'>ablata</span> <span class='ocrx_word' id='word_1_319' title='bbox 1204 406 1347 442; x_wconf 85' lang='lat' dir='ltr'>restituat,</span> <span class='ocrx_word' id='word_1_320' title='bbox 1360 407 1384 435; x_wconf 87' lang='lat' dir='ltr'>si</span> <span class='ocrx_word' id='word_1_321' title='bbox 1398 408 1516 444; x_wconf 86' lang='lat' dir='ltr'>poterit,</span> <span class='ocrx_word' id='word_1_322' title='bbox 1528 408 1577 437; x_wconf 91' lang='lat' dir='ltr'>vel</span> <span class='ocrx_word' id='word_1_323' title='bbox 1592 409 1774 438; x_wconf 86' lang='lat' dir='ltr'>emendandi</span> 
     </span>
     <span class='ocr_line' id='line_1_54' title="bbox 997 453 1775 492; baseline 0.005 -11"><span class='ocrx_word' id='word_1_324' title='bbox 997 453 1116 481; x_wconf 87' lang='lat' dir='ltr'>firmam</span> <span class='ocrx_word' id='word_1_325' title='bbox 1131 453 1288 490; x_wconf 83' lang='lat' dir='ltr'>et&#39;plenam</span> <span class='ocrx_word' id='word_1_326' title='bbox 1302 454 1488 483; x_wconf 76' lang='lat' dir='ltr'>securitatem</span> <span class='ocrx_word' id='word_1_327' title='bbox 1503 455 1614 490; x_wconf 82' lang='lat' dir='ltr'>fecerit,</span> <span class='ocrx_word' id='word_1_328' title='bbox 1629 457 1775 492; x_wconf 88' lang='lat' dir='ltr'>poenitcn-</span> 
     </span>
     <span class='ocr_line' id='line_1_55' title="bbox 998 500 1775 538; baseline 0.005 -10"><span class='ocrx_word' id='word_1_329' title='bbox 998 500 1044 529; x_wconf 82' lang='lat' dir='ltr'>tioe</span> <span class='ocrx_word' id='word_1_330' title='bbox 1067 500 1246 528; x_wconf 87' lang='lat' dir='ltr'>beneficium</span> <span class='ocrx_word' id='word_1_331' title='bbox 1266 500 1293 529; x_wconf 89' lang='lat' dir='ltr'>ei</span> <span class='ocrx_word' id='word_1_332' title='bbox 1314 501 1431 537; x_wconf 88' lang='lat' dir='ltr'>penitus</span> <span class='ocrx_word' id='word_1_333' title='bbox 1456 501 1627 538; x_wconf 81' lang='lat' dir='ltr'>denegetur.</span> <span class='ocrx_word' id='word_1_334' title='bbox 1654 503 1683 531; x_wconf 89' lang='lat' dir='ltr'>Si</span> <span class='ocrx_word' id='word_1_335' title='bbox 1704 511 1775 532; x_wconf 86' lang='lat' dir='ltr'>vero</span> 
     </span>
     <span class='ocr_line' id='line_1_56' title="bbox 998 547 1775 586; baseline 0.005 -12"><span class='ocrx_word' id='word_1_336' title='bbox 998 555 1092 584; x_wconf 87' lang='lat' dir='ltr'>usque</span> <span class='ocrx_word' id='word_1_337' title='bbox 1108 547 1147 575; x_wconf 89' lang='lat' dir='ltr'>ad</span> <span class='ocrx_word' id='word_1_338' title='bbox 1167 547 1283 575; x_wconf 87' lang='lat' dir='ltr'>obitum</span> <span class='ocrx_word' id='word_1_339' title='bbox 1302 548 1332 575; x_wconf 89' lang='lat' dir='ltr'>in</span> <span class='ocrx_word' id='word_1_340' title='bbox 1346 549 1534 576; x_wconf 87' lang='lat' dir='ltr'>contumacia</span> <span class='ocrx_word' id='word_1_341' title='bbox 1548 557 1600 578; x_wconf 84' lang='lat' dir='ltr'>sua</span> <span class='ocrx_word' id='word_1_342' title='bbox 1616 549 1775 586; x_wconf 83' lang='lat' dir='ltr'>duraverit,</span> 
     </span>
     <span class='ocr_line' id='line_1_57' title="bbox 999 594 1778 632; baseline 0.004 -10"><span class='ocrx_word' id='word_1_343' title='bbox 999 595 1026 622; x_wconf 87' lang='lat' dir='ltr'>et</span> <span class='ocrx_word' id='word_1_344' title='bbox 1048 595 1080 622; x_wconf 86' lang='lat' dir='ltr'>in</span> <span class='ocrx_word' id='word_1_345' title='bbox 1108 594 1246 623; x_wconf 78' lang='lat' dir='ltr'>extremis</span> <span class='ocrx_word' id='word_1_346' title='bbox 1270 595 1383 631; x_wconf 88' lang='lat' dir='ltr'>positus</span> <span class='ocrx_word' id='word_1_347' title='bbox 1410 595 1577 624; x_wconf 89' lang='lat' dir='ltr'>remedium</span> <span class='ocrx_word' id='word_1_348' title='bbox 1600 597 1778 632; x_wconf 56' lang='lat' dir='ltr'>poenitentiae</span> 
     </span>
     <span class='ocr_line' id='line_1_58' title="bbox 997 641 1778 678; baseline 0.004 -9"><span class='ocrx_word' id='word_1_349' title='bbox 997 641 1149 669; x_wconf 87' lang='lat' dir='ltr'>humiliter</span> <span class='ocrx_word' id='word_1_350' title='bbox 1171 641 1381 678; x_wconf 82' lang='lat' dir='ltr'>postulaverit,</span> <span class='ocrx_word' id='word_1_351' title='bbox 1402 642 1427 670; x_wconf 91' lang='lat' dir='ltr'>si</span> <span class='ocrx_word' id='word_1_352' title='bbox 1451 642 1707 677; x_wconf 82' lang='lat' dir='ltr'>emendationem,</span> <span class='ocrx_word' id='word_1_353' title='bbox 1730 644 1778 672; x_wconf 91' lang='lat' dir='ltr'>vel</span> 
     </span>
     <span class='ocr_line' id='line_1_59' title="bbox 999 688 1778 726; baseline 0.004 -11"><span class='ocrx_word' id='word_1_354' title='bbox 999 688 1178 716; x_wconf 88' lang='lat' dir='ltr'>emendandi</span> <span class='ocrx_word' id='word_1_355' title='bbox 1191 689 1377 717; x_wconf 79' lang='lat' dir='ltr'>securitatem</span> <span class='ocrx_word' id='word_1_356' title='bbox 1390 689 1569 725; x_wconf 67' lang='lat' dir='ltr'>praestiterit,</span> <span class='ocrx_word' id='word_1_357' title='bbox 1593 689 1620 717; x_wconf 91' lang='lat' dir='ltr'>ei</span> <span class='ocrx_word' id='word_1_358' title='bbox 1634 690 1778 726; x_wconf 89' lang='lat' dir='ltr'>poeniten-</span> 
     </span>
     <span class='ocr_line' id='line_1_60' title="bbox 999 734 1777 771; baseline 0.004 -9"><span class='ocrx_word' id='word_1_359' title='bbox 999 734 1057 770; x_wconf 89' lang='lat' dir='ltr'>tia,</span> <span class='ocrx_word' id='word_1_360' title='bbox 1074 736 1101 763; x_wconf 92' lang='lat' dir='ltr'>et</span> <span class='ocrx_word' id='word_1_361' title='bbox 1116 735 1312 764; x_wconf 82' lang='lat' dir='ltr'>ecclesiastica</span> <span class='ocrx_word' id='word_1_362' title='bbox 1328 735 1480 771; x_wconf 85' lang='lat' dir='ltr'>sepultura</span> <span class='ocrx_word' id='word_1_363' title='bbox 1495 735 1704 764; x_wconf 87' lang='lat' dir='ltr'>concedantur.</span> <span class='ocrx_word' id='word_1_364' title='bbox 1721 737 1777 771; x_wconf 86' lang='lat' dir='ltr'>Qui</span> 
     </span>
     <span class='ocr_line' id='line_1_61' title="bbox 999 782 1778 819; baseline 0.003 -10"><span class='ocrx_word' id='word_1_365' title='bbox 999 784 1097 810; x_wconf 88' lang='lat' dir='ltr'>autem</span> <span class='ocrx_word' id='word_1_366' title='bbox 1117 782 1148 810; x_wconf 93' lang='lat' dir='ltr'>in</span> <span class='ocrx_word' id='word_1_367' title='bbox 1170 782 1292 811; x_wconf 85' lang='lat' dir='ltr'>sanitate</span> <span class='ocrx_word' id='word_1_368' title='bbox 1311 783 1459 811; x_wconf 87' lang='lat' dir='ltr'>obstinata</span> <span class='ocrx_word' id='word_1_369' title='bbox 1481 785 1579 811; x_wconf 90' lang='lat' dir='ltr'>mente</span> <span class='ocrx_word' id='word_1_370' title='bbox 1603 791 1665 811; x_wconf 90' lang='lat' dir='ltr'>non</span> <span class='ocrx_word' id='word_1_371' title='bbox 1686 784 1778 819; x_wconf 86' lang='lat' dir='ltr'>poeni-</span> 
     </span>
     <span class='ocr_line' id='line_1_62' title="bbox 998 828 1777 864; baseline 0.003 -8"><span class='ocrx_word' id='word_1_372' title='bbox 998 829 1098 863; x_wconf 86' lang='lat' dir='ltr'>tuerit,</span> <span class='ocrx_word' id='word_1_373' title='bbox 1111 828 1156 857; x_wconf 85' lang='lat' dir='ltr'>vel</span> <span class='ocrx_word' id='word_1_374' title='bbox 1169 829 1386 864; x_wconf 84' lang='lat' dir='ltr'>emendaverit,</span> <span class='ocrx_word' id='word_1_375' title='bbox 1399 830 1467 858; x_wconf 88' lang='lat' dir='ltr'>etin</span> <span class='ocrx_word' id='word_1_376' title='bbox 1481 832 1576 858; x_wconf 86' lang='lat' dir='ltr'>morte</span> <span class='ocrx_word' id='word_1_377' title='bbox 1589 830 1777 859; x_wconf 82' lang='lat' dir='ltr'>securitatem</span> 
     </span>
     <span class='ocr_line' id='line_1_63' title="bbox 998 876 1779 914; baseline 0.003 -11"><span class='ocrx_word' id='word_1_378' title='bbox 998 877 1135 911; x_wconf 68' lang='lat' dir='ltr'>praestare</span> <span class='ocrx_word' id='word_1_379' title='bbox 1150 876 1328 912; x_wconf 82' lang='lat' dir='ltr'>nequiverit,</span> <span class='ocrx_word' id='word_1_380' title='bbox 1343 877 1515 905; x_wconf 85' lang='lat' dir='ltr'>solemnitas</span> <span class='ocrx_word' id='word_1_381' title='bbox 1535 877 1715 913; x_wconf 67' lang='lat' dir='ltr'>poenitentiae</span> <span class='ocrx_word' id='word_1_382' title='bbox 1728 886 1779 914; x_wconf 89' lang='lat' dir='ltr'>pa-</span> 
     </span>
     <span class='ocr_line' id='line_1_64' title="bbox 999 923 1778 960; baseline 0.001 -9"><span class='ocrx_word' id='word_1_383' title='bbox 999 931 1067 951; x_wconf 88' lang='lat' dir='ltr'>rum</span> <span class='ocrx_word' id='word_1_384' title='bbox 1080 923 1222 960; x_wconf 89' lang='lat' dir='ltr'>prodesse</span> <span class='ocrx_word' id='word_1_385' title='bbox 1236 924 1247 940; x_wconf 79' lang='lat'><strong>²</strong></span> <span class='ocrx_word' id='word_1_386' title='bbox 1263 924 1390 959; x_wconf 90' lang='lat' dir='ltr'>videtur,</span> <span class='ocrx_word' id='word_1_387' title='bbox 1406 923 1481 952; x_wconf 86' lang='lat' dir='ltr'>sicut</span> <span class='ocrx_word' id='word_1_388' title='bbox 1496 925 1654 952; x_wconf 88' lang='lat' dir='ltr'>credimus.</span> <span class='ocrx_word' id='word_1_389' title='bbox 1670 924 1727 953; x_wconf 89' lang='lat' dir='ltr'>Sed</span> <span class='ocrx_word' id='word_1_390' title='bbox 1742 925 1778 952; x_wconf 89' lang='lat' dir='ltr'>de</span> 
     </span>
     <span class='ocr_line' id='line_1_65' title="bbox 999 970 1779 1006; baseline 0.001 -8"><span class='ocrx_word' id='word_1_391' title='bbox 999 972 1120 1006; x_wconf 77' lang='lat' dir='ltr'>peccato</span> <span class='ocrx_word' id='word_1_392' title='bbox 1146 970 1271 998; x_wconf 85' lang='lat' dir='ltr'>contrito</span> <span class='ocrx_word' id='word_1_393' title='bbox 1288 971 1427 998; x_wconf 84' lang='lat' dir='ltr'>viaticum</span> <span class='ocrx_word' id='word_1_394' title='bbox 1447 979 1509 999; x_wconf 90' lang='lat' dir='ltr'>non</span> <span class='ocrx_word' id='word_1_395' title='bbox 1528 973 1661 1006; x_wconf 80' lang='lat' dir='ltr'>negetur,</span> <span class='ocrx_word' id='word_1_396' title='bbox 1676 971 1717 1000; x_wconf 85' lang='lat' dir='ltr'>ita</span> <span class='ocrx_word' id='word_1_397' title='bbox 1738 973 1779 999; x_wconf 87' lang='lat' dir='ltr'>ta-</span> 
     </span>
     <span class='ocr_line' id='line_1_66' title="bbox 999 1017 1779 1054; baseline 0 -9"><span class='ocrx_word' id='word_1_398' title='bbox 999 1025 1070 1045; x_wconf 91' lang='lat' dir='ltr'>men</span> <span class='ocrx_word' id='word_1_399' title='bbox 1087 1018 1119 1045; x_wconf 82' lang='lat' dir='ltr'>ut</span> <span class='ocrx_word' id='word_1_400' title='bbox 1139 1017 1237 1045; x_wconf 91' lang='lat' dir='ltr'>nullus</span> <span class='ocrx_word' id='word_1_401' title='bbox 1258 1017 1435 1045; x_wconf 86' lang='lat' dir='ltr'>clericorum</span> <span class='ocrx_word' id='word_1_402' title='bbox 1454 1018 1613 1054; x_wconf 75' lang='lat' dir='ltr'>sepulturae</span> <span class='ocrx_word' id='word_1_403' title='bbox 1635 1018 1714 1046; x_wconf 88' lang='lat' dir='ltr'>illius</span> <span class='ocrx_word' id='word_1_404' title='bbox 1735 1018 1779 1046; x_wconf 90' lang='lat' dir='ltr'>in-</span> 
     </span>
     <span class='ocr_line' id='line_1_67' title="bbox 999 1064 1779 1101; baseline 0.001 -9"><span class='ocrx_word' id='word_1_405' title='bbox 999 1064 1094 1098; x_wconf 84' lang='lat' dir='ltr'>tersit,</span> <span class='ocrx_word' id='word_1_406' title='bbox 1113 1072 1168 1092; x_wconf 89' lang='lat' dir='ltr'>nee</span> <span class='ocrx_word' id='word_1_407' title='bbox 1186 1065 1250 1100; x_wconf 90' lang='lat' dir='ltr'>ejus</span> <span class='ocrx_word' id='word_1_408' title='bbox 1271 1064 1493 1100; x_wconf 85' lang='lat' dir='ltr'>eleemosynam</span> <span class='ocrx_word' id='word_1_409' title='bbox 1518 1065 1650 1100; x_wconf 87' lang='lat' dir='ltr'>accipere</span> <span class='ocrx_word' id='word_1_410' title='bbox 1671 1074 1779 1101; x_wconf 81' lang='lat' dir='ltr'>praesu-</span> 
     </span>
     <span class='ocr_line' id='line_1_68' title="bbox 999 1111 1779 1147; baseline 0.001 -8"><span class='ocrx_word' id='word_1_411' title='bbox 999 1113 1070 1139; x_wconf 88' lang='lat' dir='ltr'>mat.</span> <span class='ocrx_word' id='word_1_412' title='bbox 1096 1111 1182 1145; x_wconf 84' lang='lat' dir='ltr'>Quod</span> <span class='ocrx_word' id='word_1_413' title='bbox 1204 1111 1227 1138; x_wconf 83' lang='lat' dir='ltr'>si</span> <span class='ocrx_word' id='word_1_414' title='bbox 1249 1111 1300 1147; x_wconf 90' lang='lat' dir='ltr'>qui</span> <span class='ocrx_word' id='word_1_415' title='bbox 1323 1112 1566 1147; x_wconf 84' lang='lat' dir='ltr'>presbyterorum</span> <span class='ocrx_word' id='word_1_416' title='bbox 1587 1112 1634 1139; x_wconf 85' lang='lat' dir='ltr'>vel</span> <span class='ocrx_word' id='word_1_417' title='bbox 1658 1112 1779 1140; x_wconf 88' lang='lat' dir='ltr'>clerico-</span> 
     </span>
     <span class='ocr_line' id='line_1_69' title="bbox 1000 1159 1780 1196; baseline 0.001 -9"><span class='ocrx_word' id='word_1_418' title='bbox 1000 1168 1082 1194; x_wconf 90' lang='lat' dir='ltr'>rum,</span> <span class='ocrx_word' id='word_1_419' title='bbox 1097 1161 1201 1187; x_wconf 88' lang='lat' dir='ltr'>eontra</span> <span class='ocrx_word' id='word_1_420' title='bbox 1215 1159 1272 1187; x_wconf 89' lang='lat' dir='ltr'>hoc</span> <span class='ocrx_word' id='word_1_421' title='bbox 1287 1159 1318 1187; x_wconf 88' lang='lat' dir='ltr'>in</span> <span class='ocrx_word' id='word_1_422' title='bbox 1333 1159 1409 1194; x_wconf 84' lang='lat' dir='ltr'>vita,</span> <span class='ocrx_word' id='word_1_423' title='bbox 1424 1159 1470 1187; x_wconf 93' lang='lat' dir='ltr'>vel</span> <span class='ocrx_word' id='word_1_424' title='bbox 1485 1159 1517 1186; x_wconf 90' lang='lat' dir='ltr'>in</span> <span class='ocrx_word' id='word_1_425' title='bbox 1529 1161 1623 1188; x_wconf 86' lang='lat' dir='ltr'>morte</span> <span class='ocrx_word' id='word_1_426' title='bbox 1639 1160 1780 1196; x_wconf 84' lang='lat' dir='ltr'>poeniten-</span> 
     </span>
     <span class='ocr_line' id='line_1_70' title="bbox 1000 1206 1780 1242; baseline 0.001 -8"><span class='ocrx_word' id='word_1_427' title='bbox 1000 1206 1054 1234; x_wconf 85' lang='lat' dir='ltr'>tias</span> <span class='ocrx_word' id='word_1_428' title='bbox 1069 1206 1140 1234; x_wconf 89' lang='lat' dir='ltr'>dare</span> <span class='ocrx_word' id='word_1_429' title='bbox 1151 1227 1160 1240; x_wconf 89' lang='lat'>,</span> <span class='ocrx_word' id='word_1_430' title='bbox 1175 1208 1225 1234; x_wconf 87' lang='lat' dir='ltr'>aut</span> <span class='ocrx_word' id='word_1_431' title='bbox 1245 1207 1403 1242; x_wconf 68' lang='lat' dir='ltr'>sepulturae</span> <span class='ocrx_word' id='word_1_432' title='bbox 1422 1206 1582 1241; x_wconf 87' lang='lat' dir='ltr'>interesse,</span> <span class='ocrx_word' id='word_1_433' title='bbox 1606 1207 1654 1234; x_wconf 90' lang='lat' dir='ltr'>vel</span> <span class='ocrx_word' id='word_1_434' title='bbox 1675 1215 1780 1235; x_wconf 89' lang='lat' dir='ltr'>eorum</span> 
     </span>
     <span class='ocr_line' id='line_1_71' title="bbox 1000 1252 1780 1290; baseline 0.001 -9"><span class='ocrx_word' id='word_1_435' title='bbox 1000 1253 1205 1289; x_wconf 83' lang='lat' dir='ltr'>eleemosynas</span> <span class='ocrx_word' id='word_1_436' title='bbox 1221 1253 1353 1289; x_wconf 82' lang='lat' dir='ltr'>accipere</span> <span class='ocrx_word' id='word_1_437' title='bbox 1369 1252 1586 1288; x_wconf 82' lang='lat' dir='ltr'>attentaverint,</span> <span class='ocrx_word' id='word_1_438' title='bbox 1609 1261 1661 1281; x_wconf 88' lang='lat' dir='ltr'>seu</span> <span class='ocrx_word' id='word_1_439' title='bbox 1679 1253 1780 1290; x_wconf 86' lang='lat' dir='ltr'>hujus-</span> 
     </span>
     <span class='ocr_line' id='line_1_72' title="bbox 1000 1299 1781 1336; baseline 0.001 -9"><span class='ocrx_word' id='word_1_440' title='bbox 1000 1300 1084 1328; x_wconf 87' lang='lat' dir='ltr'>modi</span> <span class='ocrx_word' id='word_1_441' title='bbox 1099 1300 1210 1336; x_wconf 72' lang='lat' dir='ltr'>rapinfe</span> <span class='ocrx_word' id='word_1_442' title='bbox 1223 1299 1382 1336; x_wconf 80' lang='lat' dir='ltr'>participes</span> <span class='ocrx_word' id='word_1_443' title='bbox 1399 1299 1510 1327; x_wconf 89' lang='lat' dir='ltr'>inventi</span> <span class='ocrx_word' id='word_1_444' title='bbox 1524 1299 1649 1334; x_wconf 85' lang='lat' dir='ltr'>fuerint,</span> <span class='ocrx_word' id='word_1_445' title='bbox 1666 1301 1781 1328; x_wconf 88' lang='lat' dir='ltr'>ordinis</span> 
     </span>
     <span class='ocr_line' id='line_1_73' title="bbox 1000 1346 1778 1382; baseline 0.001 -7"><span class='ocrx_word' id='word_1_446' title='bbox 1000 1347 1046 1375; x_wconf 88' lang='lat' dir='ltr'>sui</span> <span class='ocrx_word' id='word_1_447' title='bbox 1061 1347 1206 1375; x_wconf 79' lang='lat' dir='ltr'>damnum</span> <span class='ocrx_word' id='word_1_448' title='bbox 1219 1346 1487 1382; x_wconf 80' lang='lat' dir='ltr'>irrecuperabther</span> <span class='ocrx_word' id='word_1_449' title='bbox 1501 1346 1668 1382; x_wconf 87' lang='lat' dir='ltr'>patiantur,</span> <span class='ocrx_word' id='word_1_450' title='bbox 1689 1351 1717 1375; x_wconf 90' lang='lat' dir='ltr'>et</span> <span class='ocrx_word' id='word_1_451' title='bbox 1732 1356 1778 1376; x_wconf 86' lang='lat' dir='ltr'>ec-</span> 
     </span>
     <span class='ocr_line' id='line_1_74' title="bbox 1001 1393 1697 1422; baseline 0 0"><span class='ocrx_word' id='word_1_452' title='bbox 1001 1394 1161 1422; x_wconf 84' lang='lat' dir='ltr'>clesiastico</span> <span class='ocrx_word' id='word_1_453' title='bbox 1176 1393 1323 1421; x_wconf 77' lang='lat' dir='ltr'>beneficio</span> <span class='ocrx_word' id='word_1_454' title='bbox 1339 1396 1466 1421; x_wconf 85' lang='lat' dir='ltr'>careant.</span> <span class='ocrx_word' id='word_1_455' title='bbox 1480 1403 1493 1420; x_wconf 90' lang='lat'>»</span> <span class='ocrx_word' id='word_1_456' title='bbox 1511 1395 1575 1421; x_wconf 76' lang='lat' dir='ltr'>Haec</span> <span class='ocrx_word' id='word_1_457' title='bbox 1591 1402 1697 1422; x_wconf 88' lang='lat' dir='ltr'>canon.</span> 
     </span>
     <span class='ocr_line' id='line_1_75' title="bbox 1036 1441 1780 1478; baseline 0.001 -10"><span class='ocrx_word' id='word_1_458' title='bbox 1036 1441 1205 1469; x_wconf 88' lang='lat' dir='ltr'>Secundum</span> <span class='ocrx_word' id='word_1_459' title='bbox 1225 1441 1437 1476; x_wconf 79' lang='lat' dir='ltr'>Raymundum</span> <span class='ocrx_word' id='word_1_460' title='bbox 1456 1442 1553 1468; x_wconf 84' lang='lat' dir='ltr'>dicere</span> <span class='ocrx_word' id='word_1_461' title='bbox 1574 1443 1674 1477; x_wconf 82' lang='lat' dir='ltr'>potes,</span> <span class='ocrx_word' id='word_1_462' title='bbox 1696 1442 1780 1478; x_wconf 86' lang='lat' dir='ltr'>quod</span> 
     </span>
     <span class='ocr_line' id='line_1_76' title="bbox 1000 1488 1781 1523; baseline 0.001 -8"><span class='ocrx_word' id='word_1_463' title='bbox 1000 1488 1061 1516; x_wconf 71' lang='lat' dir='ltr'>haec</span> <span class='ocrx_word' id='word_1_464' title='bbox 1081 1488 1235 1515; x_wconf 87' lang='lat' dir='ltr'>decretalis</span> <span class='ocrx_word' id='word_1_465' title='bbox 1250 1489 1292 1515; x_wconf 84' lang='lat' dir='ltr'>est</span> <span class='ocrx_word' id='word_1_466' title='bbox 1307 1488 1427 1522; x_wconf 78' lang='lat' dir='ltr'>localis,</span> <span class='ocrx_word' id='word_1_467' title='bbox 1442 1488 1490 1515; x_wconf 86' lang='lat' dir='ltr'>vel</span> <span class='ocrx_word' id='word_1_468' title='bbox 1515 1488 1638 1523; x_wconf 84' lang='lat' dir='ltr'>quando</span> <span class='ocrx_word' id='word_1_469' title='bbox 1661 1488 1703 1515; x_wconf 90' lang='lat' dir='ltr'>illi</span> <span class='ocrx_word' id='word_1_470' title='bbox 1719 1496 1781 1516; x_wconf 88' lang='lat' dir='ltr'>non</span> 
     </span>
     <span class='ocr_line' id='line_1_77' title="bbox 1000 1534 1781 1571; baseline 0 -10"><span class='ocrx_word' id='word_1_471' title='bbox 1000 1535 1207 1571; x_wconf 62' lang='lat' dir='ltr'>poenituerunt.</span> <span class='ocrx_word' id='word_1_472' title='bbox 1224 1534 1345 1562; x_wconf 83' lang='lat' dir='ltr'>Videtur</span> <span class='ocrx_word' id='word_1_473' title='bbox 1361 1534 1454 1568; x_wconf 71' lang='lat' dir='ltr'>enim,</span> <span class='ocrx_word' id='word_1_474' title='bbox 1472 1534 1554 1570; x_wconf 85' lang='lat' dir='ltr'>quod</span> <span class='ocrx_word' id='word_1_475' title='bbox 1569 1534 1592 1561; x_wconf 89' lang='lat' dir='ltr'>si</span> <span class='ocrx_word' id='word_1_476' title='bbox 1608 1534 1716 1570; x_wconf 84' lang='lat' dir='ltr'>aliquis</span> <span class='ocrx_word' id='word_1_477' title='bbox 1738 1543 1781 1562; x_wconf 89' lang='lat' dir='ltr'>es-</span> 
     </span>
     <span class='ocr_line' id='line_1_78' title="bbox 1001 1580 1781 1617; baseline -0.001 -8"><span class='ocrx_word' id='word_1_478' title='bbox 1001 1583 1044 1609; x_wconf 86' lang='lat' dir='ltr'>set</span> <span class='ocrx_word' id='word_1_479' title='bbox 1058 1582 1146 1609; x_wconf 86' lang='lat' dir='ltr'>etiam</span> <span class='ocrx_word' id='word_1_480' title='bbox 1161 1590 1216 1617; x_wconf 88' lang='lat' dir='ltr'>pro</span> <span class='ocrx_word' id='word_1_481' title='bbox 1231 1580 1404 1616; x_wconf 83' lang='lat' dir='ltr'>hujusmodi</span> <span class='ocrx_word' id='word_1_482' title='bbox 1421 1581 1595 1608; x_wconf 83' lang='lat' dir='ltr'>criminibus</span> <span class='ocrx_word' id='word_1_483' title='bbox 1611 1589 1781 1608; x_wconf 75' lang='lat' dir='ltr'>excommu-</span> 
     </span>
     <span class='ocr_line' id='line_1_79' title="bbox 1001 1628 1782 1664; baseline -0.001 -8"><span class='ocrx_word' id='word_1_484' title='bbox 1001 1629 1135 1662; x_wconf 75' lang='lat' dir='ltr'>meatus,</span> <span class='ocrx_word' id='word_1_485' title='bbox 1160 1631 1187 1656; x_wconf 88' lang='lat' dir='ltr'>et</span> <span class='ocrx_word' id='word_1_486' title='bbox 1212 1628 1284 1656; x_wconf 86' lang='lat' dir='ltr'>dum</span> <span class='ocrx_word' id='word_1_487' title='bbox 1308 1628 1339 1655; x_wconf 92' lang='lat' dir='ltr'>in</span> <span class='ocrx_word' id='word_1_488' title='bbox 1363 1628 1500 1655; x_wconf 79' lang='lat' dir='ltr'>extremis</span> <span class='ocrx_word' id='word_1_489' title='bbox 1519 1629 1619 1663; x_wconf 87' lang='lat' dir='ltr'>ageret</span> <span class='ocrx_word' id='word_1_490' title='bbox 1639 1628 1782 1664; x_wconf 80' lang='lat' dir='ltr'>poeniten-</span> 
     </span>
     <span class='ocr_line' id='line_1_80' title="bbox 1001 1674 1780 1711; baseline -0.003 -7"><span class='ocrx_word' id='word_1_491' title='bbox 1001 1677 1071 1704; x_wconf 85' lang='lat' dir='ltr'>tiam</span> <span class='ocrx_word' id='word_1_492' title='bbox 1083 1697 1092 1709; x_wconf 91' lang='lat'>,</span> <span class='ocrx_word' id='word_1_493' title='bbox 1113 1676 1196 1711; x_wconf 84' lang='lat' dir='ltr'>juxta</span> <span class='ocrx_word' id='word_1_494' title='bbox 1215 1674 1343 1702; x_wconf 86' lang='lat' dir='ltr'>formam</span> <span class='ocrx_word' id='word_1_495' title='bbox 1362 1674 1497 1702; x_wconf 65' lang='lat' dir='ltr'>Ecclesia&gt;</span> <span class='ocrx_word' id='word_1_496' title='bbox 1523 1674 1694 1709; x_wconf 86' lang='lat' dir='ltr'>absolutus,</span> <span class='ocrx_word' id='word_1_497' title='bbox 1711 1683 1780 1702; x_wconf 35' lang='lat' dir='ltr'>*non</span> 
     </span>
     <span class='ocr_line' id='line_1_81' title="bbox 1001 1721 1782 1756; baseline -0.001 -6"><span class='ocrx_word' id='word_1_498' title='bbox 1001 1723 1090 1750; x_wconf 88' lang='lat' dir='ltr'>debet</span> <span class='ocrx_word' id='word_1_499' title='bbox 1103 1723 1129 1750; x_wconf 88' lang='lat' dir='ltr'>ei</span> <span class='ocrx_word' id='word_1_500' title='bbox 1149 1722 1368 1756; x_wconf 81' lang='lat' dir='ltr'>coemeterium,</span> <span class='ocrx_word' id='word_1_501' title='bbox 1384 1721 1433 1748; x_wconf 79' lang='lat' dir='ltr'>vel</span> <span class='ocrx_word' id='word_1_502' title='bbox 1458 1721 1516 1749; x_wconf 84' lang='lat' dir='ltr'>alia</span> <span class='ocrx_word' id='word_1_503' title='bbox 1528 1721 1662 1749; x_wconf 73' lang='lat' dir='ltr'>Ecclesiae</span> <span class='ocrx_word' id='word_1_504' title='bbox 1678 1721 1782 1749; x_wconf 80' lang='lat' dir='ltr'>suffra-</span> 
     </span>
     <span class='ocr_line' id='line_1_82' title="bbox 1002 1768 1779 1804; baseline -0.001 -8"><span class='ocrx_word' id='word_1_505' title='bbox 1002 1769 1051 1804; x_wconf 85' lang='lat' dir='ltr'>gia</span> <span class='ocrx_word' id='word_1_506' title='bbox 1066 1769 1224 1804; x_wconf 86' lang='lat' dir='ltr'>denegari,</span> <span class='ocrx_word' id='word_1_507' title='bbox 1239 1769 1292 1796; x_wconf 86' lang='lat' dir='ltr'>sed</span> <span class='ocrx_word' id='word_1_508' title='bbox 1307 1769 1370 1804; x_wconf 88' lang='lat' dir='ltr'>ejus</span> <span class='ocrx_word' id='word_1_509' title='bbox 1383 1768 1530 1802; x_wconf 64' lang='lat' dir='ltr'>haeredes,</span> <span class='ocrx_word' id='word_1_510' title='bbox 1550 1770 1577 1796; x_wconf 90' lang='lat' dir='ltr'>et</span> <span class='ocrx_word' id='word_1_511' title='bbox 1598 1768 1779 1804; x_wconf 88' lang='lat' dir='ltr'>propinqui,</span> 
     </span>
     <span class='ocr_line' id='line_1_83' title="bbox 1001 1815 1780 1852; baseline -0.001 -9"><span class='ocrx_word' id='word_1_512' title='bbox 1001 1817 1038 1843; x_wconf 88' lang='lat' dir='ltr'>ad</span> <span class='ocrx_word' id='word_1_513' title='bbox 1056 1825 1131 1852; x_wconf 88' lang='lat' dir='ltr'>quos</span> <span class='ocrx_word' id='word_1_514' title='bbox 1146 1816 1226 1844; x_wconf 87' lang='lat' dir='ltr'>bona</span> <span class='ocrx_word' id='word_1_515' title='bbox 1241 1815 1429 1852; x_wconf 88' lang='lat' dir='ltr'>pervenerint</span> <span class='ocrx_word' id='word_1_516' title='bbox 1442 1815 1552 1851; x_wconf 83' lang='lat' dir='ltr'>ipsius,</span> <span class='ocrx_word' id='word_1_517' title='bbox 1569 1817 1600 1842; x_wconf 87' lang='lat' dir='ltr'>ut</span> <span class='ocrx_word' id='word_1_518' title='bbox 1612 1823 1668 1851; x_wconf 88' lang='lat' dir='ltr'>pro</span> <span class='ocrx_word' id='word_1_519' title='bbox 1685 1823 1720 1842; x_wconf 93' lang='lat' dir='ltr'>eo</span> <span class='ocrx_word' id='word_1_520' title='bbox 1735 1823 1780 1842; x_wconf 90' lang='lat' dir='ltr'>sa-</span> 
     </span>
     <span class='ocr_line' id='line_1_84' title="bbox 1000 1862 1781 1898; baseline -0.003 -7"><span class='ocrx_word' id='word_1_521' title='bbox 1000 1864 1167 1897; x_wconf 82' lang='lat' dir='ltr'>tissaciant,</span> <span class='ocrx_word' id='word_1_522' title='bbox 1190 1866 1259 1891; x_wconf 87' lang='lat' dir='ltr'>sunt</span> <span class='ocrx_word' id='word_1_523' title='bbox 1284 1870 1409 1890; x_wconf 84' lang='lat' dir='ltr'>censura</span> <span class='ocrx_word' id='word_1_524' title='bbox 1433 1862 1629 1890; x_wconf 80' lang='lat' dir='ltr'>ecclesiastica</span> <span class='ocrx_word' id='word_1_525' title='bbox 1652 1862 1781 1898; x_wconf 83' lang='lat' dir='ltr'>compel-</span> 
     </span>
     <span class='ocr_line' id='line_1_85' title="bbox 1001 1908 1725 1947; baseline -0.003 -9"><span class='ocrx_word' id='word_1_526' title='bbox 1001 1910 1083 1938; x_wconf 89' lang='lat' dir='ltr'>lendi</span> <span class='ocrx_word' id='word_1_527' title='bbox 1100 1912 1222 1947; x_wconf 62' lang='lat' dir='ltr'>(Extra,</span> <span class='ocrx_word' id='word_1_528' title='bbox 1239 1910 1276 1938; x_wconf 85' lang='lat' dir='ltr'>de</span> <span class='ocrx_word' id='word_1_529' title='bbox 1291 1908 1468 1945; x_wconf 77' lang='lat' dir='ltr'>sepulturis,</span> <span class='ocrx_word' id='word_1_530' title='bbox 1484 1917 1508 1936; x_wconf 91' lang='lat' dir='ltr'>c.</span> <span class='ocrx_word' id='word_1_531' title='bbox 1526 1910 1725 1943; x_wconf 59' lang='lat' dir='ltr'>parochianos.)</span> 
     </span>
    </p>
   </div>
   <div class='ocr_carea' id='block_1_13' title="bbox 1266 1992 1517 2016">
    <p class='ocr_par' dir='ltr' id='par_1_14' title="bbox 1266 1992 1517 2016">
     <span class='ocr_line' id='line_1_86' title="bbox 1266 1992 1517 2016; baseline -0.004 0"><span class='ocrx_word' id='word_1_532' title='bbox 1266 1992 1446 2016; x_wconf 77' lang='lat' dir='ltr'>PAuthtJLA</span> <span class='ocrx_word' id='word_1_533' title='bbox 1466 1992 1517 2015; x_wconf 92' lang='lat' dir='ltr'>LV.</span> 
     </span>
    </p>
   </div>
   <div class='ocr_carea' id='block_1_14' title="bbox 1001 2047 1781 2369">
    <p class='ocr_par' dir='ltr' id='par_1_15' title="bbox 1001 2047 1781 2369">
     <span class='ocr_line' id='line_1_87' title="bbox 1032 2047 1749 2081; baseline -0.004 -6"><span class='ocrx_word' id='word_1_534' title='bbox 1032 2052 1068 2075; x_wconf 89' lang='lat' dir='ltr'>De</span> <span class='ocrx_word' id='word_1_535' title='bbox 1083 2049 1235 2081; x_wconf 74' lang='lat' dir='ltr'>poenitentia</span> <span class='ocrx_word' id='word_1_536' title='bbox 1250 2050 1357 2080; x_wconf 84' lang='lat' dir='ltr'>propter</span> <span class='ocrx_word' id='word_1_537' title='bbox 1372 2047 1550 2071; x_wconf 82' lang='lat' dir='ltr'>necessitatem</span> <span class='ocrx_word' id='word_1_538' title='bbox 1565 2047 1639 2071; x_wconf 75' lang='lat' dir='ltr'>famis</span> <span class='ocrx_word' id='word_1_539' title='bbox 1653 2047 1749 2072; x_wconf 82' lang='lat' dir='ltr'>furtum</span> 
     </span>
     <span class='ocr_line' id='line_1_88' title="bbox 1296 2083 1490 2108; baseline -0.01 0"><span class='ocrx_word' id='word_1_540' title='bbox 1296 2083 1490 2108; x_wconf 77' lang='lat' dir='ltr'>committentis.</span> 
     </span>
     <span class='ocr_line' id='line_1_89' title="bbox 1038 2142 1778 2180; baseline -0.005 -7"><span class='ocrx_word' id='word_1_541' title='bbox 1038 2148 1145 2180; x_wconf 84' lang='lat' dir='ltr'>Extra.,</span> <span class='ocrx_word' id='word_1_542' title='bbox 1163 2145 1199 2172; x_wconf 91' lang='lat' dir='ltr'>de</span> <span class='ocrx_word' id='word_1_543' title='bbox 1214 2143 1323 2177; x_wconf 84' lang='lat' dir='ltr'>Furtis,</span> <span class='ocrx_word' id='word_1_544' title='bbox 1345 2151 1381 2170; x_wconf 78' lang='lat' dir='ltr'>ex</span> <span class='ocrx_word' id='word_1_545' title='bbox 1402 2142 1595 2170; x_wconf 85' lang='lat' dir='ltr'>Poenitentiali</span> <span class='ocrx_word' id='word_1_546' title='bbox 1609 2142 1755 2170; x_wconf 87' lang='lat' dir='ltr'>Theodori</span> <span class='ocrx_word' id='word_1_547' title='bbox 1772 2152 1778 2170; x_wconf 86' lang='lat'>:</span> 
     </span>
     <span class='ocr_line' id='line_1_90' title="bbox 1004 2188 1781 2228; baseline -0.003 -10"><span class='ocrx_word' id='word_1_548' title='bbox 1004 2204 1017 2218; x_wconf 63' lang='grc' dir='ltr'><em>α</em></span> <span class='ocrx_word' id='word_1_549' title='bbox 1034 2193 1061 2221; x_wconf 87' lang='lat' dir='ltr'>Si</span> <span class='ocrx_word' id='word_1_550' title='bbox 1077 2192 1143 2228; x_wconf 85' lang='lat' dir='ltr'>quis</span> <span class='ocrx_word' id='word_1_551' title='bbox 1157 2192 1279 2227; x_wconf 85' lang='lat' dir='ltr'>propter</span> <span class='ocrx_word' id='word_1_552' title='bbox 1293 2189 1496 2217; x_wconf 85' lang='lat' dir='ltr'>necessitatem</span> <span class='ocrx_word' id='word_1_553' title='bbox 1513 2188 1616 2223; x_wconf 79' lang='lat' dir='ltr'>famis,</span> <span class='ocrx_word' id='word_1_554' title='bbox 1632 2191 1683 2216; x_wconf 84' lang='lat' dir='ltr'>aut</span> <span class='ocrx_word' id='word_1_555' title='bbox 1694 2189 1781 2217; x_wconf 90' lang='lat' dir='ltr'>nudi-</span> 
     </span>
     <span class='ocr_line' id='line_1_91' title="bbox 1001 2236 1778 2274; baseline -0.005 -7"><span class='ocrx_word' id='word_1_556' title='bbox 1001 2240 1077 2274; x_wconf 85' lang='lat' dir='ltr'>tatis,</span> <span class='ocrx_word' id='word_1_557' title='bbox 1093 2239 1206 2266; x_wconf 86' lang='lat' dir='ltr'>furatus</span> <span class='ocrx_word' id='word_1_558' title='bbox 1221 2237 1307 2264; x_wconf 82' lang='lat' dir='ltr'>fuerit</span> <span class='ocrx_word' id='word_1_559' title='bbox 1322 2236 1447 2270; x_wconf 86' lang='lat' dir='ltr'>cibaria,</span> <span class='ocrx_word' id='word_1_560' title='bbox 1464 2237 1574 2263; x_wconf 86' lang='lat' dir='ltr'>vestem</span> <span class='ocrx_word' id='word_1_561' title='bbox 1584 2256 1593 2269; x_wconf 88' lang='lat'>,</span> <span class='ocrx_word' id='word_1_562' title='bbox 1608 2236 1656 2264; x_wconf 86' lang='lat' dir='ltr'>vel</span> <span class='ocrx_word' id='word_1_563' title='bbox 1669 2244 1778 2272; x_wconf 86' lang='lat' dir='ltr'>pecus,</span> 
     </span>
     <span class='ocr_line' id='line_1_92' title="bbox 1001 2283 1779 2323; baseline -0.004 -8"><span class='ocrx_word' id='word_1_564' title='bbox 1001 2287 1140 2323; x_wconf 77' lang='lat' dir='ltr'>poeniteat</span> <span class='ocrx_word' id='word_1_565' title='bbox 1150 2284 1356 2313; x_wconf 86' lang='lat' dir='ltr'>hebdomadas</span> <span class='ocrx_word' id='word_1_566' title='bbox 1368 2285 1434 2311; x_wconf 82' lang='lat' dir='ltr'>tres.</span> <span class='ocrx_word' id='word_1_567' title='bbox 1448 2285 1480 2311; x_wconf 87' lang='lat' dir='ltr'>Et</span> <span class='ocrx_word' id='word_1_568' title='bbox 1493 2283 1516 2310; x_wconf 86' lang='lat' dir='ltr'>si</span> <span class='ocrx_word' id='word_1_569' title='bbox 1531 2283 1705 2317; x_wconf 83' lang='lat' dir='ltr'>reddiderit,</span> <span class='ocrx_word' id='word_1_570' title='bbox 1718 2291 1779 2312; x_wconf 89' lang='lat' dir='ltr'>non</span> 
     </span>
     <span class='ocr_line' id='line_1_93' title="bbox 1002 2332 1516 2369; baseline -0.01 -7"><span class='ocrx_word' id='word_1_571' title='bbox 1002 2335 1125 2369; x_wconf 76' lang='lat' dir='ltr'>cogatur</span> <span class='ocrx_word' id='word_1_572' title='bbox 1136 2333 1281 2368; x_wconf 85' lang='lat' dir='ltr'>jejunare.</span> <span class='ocrx_word' id='word_1_573' title='bbox 1297 2341 1311 2356; x_wconf 70' lang='lat' dir='ltr'>i)</span> <span class='ocrx_word' id='word_1_574' title='bbox 1329 2332 1394 2358; x_wconf 80' lang='lat' dir='ltr'>Haec</span> <span class='ocrx_word' id='word_1_575' title='bbox 1410 2338 1516 2358; x_wconf 85' lang='lat' dir='ltr'>canon.</span> 
     </span>
    </p>
   </div>
   <div class='ocr_carea' id='block_1_15' title="bbox 1076 2408 1710 2497">
    <p class='ocr_par' dir='ltr' id='par_1_16' title="bbox 1076 2408 1710 2497">
     <span class='ocr_line' id='line_1_94' title="bbox 1259 2408 1522 2434; baseline -0.011 0"><span class='ocrx_word' id='word_1_576' title='bbox 1259 2409 1438 2434; x_wconf 74' lang='lat' dir='ltr'><strong>PARTICULA</strong></span> <span class='ocrx_word' id='word_1_577' title='bbox 1459 2408 1522 2432; x_wconf 80' lang='lat' dir='ltr'>LVI.</span> 
     </span>
     <span class='ocr_line' id='line_1_95' title="bbox 1076 2461 1710 2497; baseline -0.009 -6"><span class='ocrx_word' id='word_1_578' title='bbox 1076 2468 1111 2491; x_wconf 89' lang='lat' dir='ltr'>De</span> <span class='ocrx_word' id='word_1_579' title='bbox 1126 2464 1277 2497; x_wconf 85' lang='lat' dir='ltr'>pcenitentia</span> <span class='ocrx_word' id='word_1_580' title='bbox 1291 2463 1344 2494; x_wconf 84' lang='lat' dir='ltr'>ejus</span> <span class='ocrx_word' id='word_1_581' title='bbox 1354 2482 1361 2494; x_wconf 90' lang='lat'>,</span> <span class='ocrx_word' id='word_1_582' title='bbox 1378 2463 1420 2494; x_wconf 76' lang='lat' dir='ltr'>qui</span> <span class='ocrx_word' id='word_1_583' title='bbox 1435 2462 1560 2493; x_wconf 85' lang='lat' dir='ltr'>stupravit</span> <span class='ocrx_word' id='word_1_584' title='bbox 1574 2461 1710 2493; x_wconf 81' lang='lat' dir='ltr'>virginem.</span> 
     </span>
    </p>
   </div>
   <div class='ocr_carea' id='block_1_16' title="bbox 1002 2517 1779 2791">
    <p class='ocr_par' dir='ltr' id='par_1_17' title="bbox 1002 2517 1779 2791">
     <span class='ocr_line' id='line_1_96' title="bbox 1038 2517 1779 2556; baseline -0.009 -4"><span class='ocrx_word' id='word_1_585' title='bbox 1038 2524 1144 2556; x_wconf 63' lang='lat' dir='ltr'>Extra„</span> <span class='ocrx_word' id='word_1_586' title='bbox 1162 2521 1198 2548; x_wconf 85' lang='lat' dir='ltr'>de</span> <span class='ocrx_word' id='word_1_587' title='bbox 1214 2519 1382 2552; x_wconf 78' lang='lat' dir='ltr'>Adulteriis‚</span> <span class='ocrx_word' id='word_1_588' title='bbox 1397 2518 1554 2553; x_wconf 85' lang='lat' dir='ltr'>Gregorius</span> <span class='ocrx_word' id='word_1_589' title='bbox 1568 2519 1578 2535; x_wconf 80' lang='lat'>³</span> <span class='ocrx_word' id='word_1_590' title='bbox 1596 2526 1603 2545; x_wconf 76' lang='grc' dir='ltr'><strong><em>ε</em></strong></span> <span class='ocrx_word' id='word_1_591' title='bbox 1617 2526 1631 2543; x_wconf 89' lang='lat'>«</span> <span class='ocrx_word' id='word_1_592' title='bbox 1646 2517 1779 2545; x_wconf 87' lang='lat' dir='ltr'>Pervenit</span> 
     </span>
     <span class='ocr_line' id='line_1_97' title="bbox 1002 2564 1779 2604; baseline -0.01 -5"><span class='ocrx_word' id='word_1_593' title='bbox 1002 2571 1041 2599; x_wconf 86' lang='lat' dir='ltr'>ad</span> <span class='ocrx_word' id='word_1_594' title='bbox 1055 2578 1124 2603; x_wconf 85' lang='lat' dir='ltr'>nos,</span> <span class='ocrx_word' id='word_1_595' title='bbox 1140 2568 1223 2604; x_wconf 86' lang='lat' dir='ltr'>quod</span> <span class='ocrx_word' id='word_1_596' title='bbox 1236 2566 1316 2594; x_wconf 79' lang='lat' dir='ltr'>Felix</span> <span class='ocrx_word' id='word_1_597' title='bbox 1329 2565 1492 2601; x_wconf 82' lang='lat' dir='ltr'>quamdam</span> <span class='ocrx_word' id='word_1_598' title='bbox 1504 2564 1650 2599; x_wconf 86' lang='lat' dir='ltr'>virginem</span> <span class='ocrx_word' id='word_1_599' title='bbox 1663 2564 1779 2599; x_wconf 85' lang='lat' dir='ltr'>decepit</span> 
     </span>
     <span class='ocr_line' id='line_1_98' title="bbox 1002 2610 1777 2653; baseline -0.01 -8"><span class='ocrx_word' id='word_1_600' title='bbox 1002 2619 1113 2653; x_wconf 88' lang='lat' dir='ltr'>stupro.</span> <span class='ocrx_word' id='word_1_601' title='bbox 1130 2614 1216 2648; x_wconf 82' lang='lat' dir='ltr'>Quod</span> <span class='ocrx_word' id='word_1_602' title='bbox 1231 2613 1254 2640; x_wconf 92' lang='lat' dir='ltr'>si</span> <span class='ocrx_word' id='word_1_603' title='bbox 1275 2620 1380 2640; x_wconf 85' lang='lat' dir='ltr'>verum</span> <span class='ocrx_word' id='word_1_604' title='bbox 1402 2614 1458 2645; x_wconf 86' lang='lat' dir='ltr'>est,</span> <span class='ocrx_word' id='word_1_605' title='bbox 1484 2611 1620 2646; x_wconf 80' lang='lat' dir='ltr'>quamvis</span> <span class='ocrx_word' id='word_1_606' title='bbox 1645 2612 1719 2638; x_wconf 87' lang='lat' dir='ltr'>esset</span> <span class='ocrx_word' id='word_1_607' title='bbox 1740 2610 1777 2638; x_wconf 91' lang='lat' dir='ltr'>de</span> 
     </span>
     <span class='ocr_line' id='line_1_99' title="bbox 1002 2657 1777 2699; baseline -0.012 -7"><span class='ocrx_word' id='word_1_608' title='bbox 1002 2664 1066 2699; x_wconf 83' lang='lat' dir='ltr'>lege</span> <span class='ocrx_word' id='word_1_609' title='bbox 1084 2670 1179 2699; x_wconf 81' lang='lat' dir='ltr'>poenae</span> <span class='ocrx_word' id='word_1_610' title='bbox 1201 2659 1389 2696; x_wconf 80' lang='lat' dir='ltr'>plectendus,</span> <span class='ocrx_word' id='word_1_611' title='bbox 1417 2665 1471 2684; x_wconf 91' lang='lat' dir='ltr'>nos</span> <span class='ocrx_word' id='word_1_612' title='bbox 1496 2657 1683 2692; x_wconf 86' lang='lat' dir='ltr'>aliquatenus</span> <span class='ocrx_word' id='word_1_613' title='bbox 1704 2657 1777 2691; x_wconf 83' lang='lat' dir='ltr'>legis</span> 
     </span>
     <span class='ocr_line' id='line_1_100' title="bbox 1003 2703 1779 2739; baseline -0.009 -1"><span class='ocrx_word' id='word_1_614' title='bbox 1003 2710 1141 2737; x_wconf 81' lang='lat' dir='ltr'>duritiam</span> <span class='ocrx_word' id='word_1_615' title='bbox 1156 2706 1320 2735; x_wconf 89' lang='lat' dir='ltr'>mollientes</span> <span class='ocrx_word' id='word_1_616' title='bbox 1330 2726 1338 2739; x_wconf 90' lang='lat'>,</span> <span class='ocrx_word' id='word_1_617' title='bbox 1354 2705 1411 2732; x_wconf 80' lang='lat' dir='ltr'>hoe</span> <span class='ocrx_word' id='word_1_618' title='bbox 1421 2704 1512 2731; x_wconf 88' lang='lat' dir='ltr'>modo</span> <span class='ocrx_word' id='word_1_619' title='bbox 1526 2703 1730 2739; x_wconf 77' lang='lat' dir='ltr'>disponimuS,</span> <span class='ocrx_word' id='word_1_620' title='bbox 1744 2705 1779 2731; x_wconf 92' lang='lat' dir='ltr'>ut</span> 
     </span>
     <span class='ocr_line' id='line_1_101' title="bbox 1003 2750 1777 2791; baseline -0.008 -7"><span class='ocrx_word' id='word_1_621' title='bbox 1003 2758 1053 2784; x_wconf 84' lang='lat' dir='ltr'>aut</span> <span class='ocrx_word' id='word_1_622' title='bbox 1072 2763 1162 2791; x_wconf 82' lang='lat' dir='ltr'>quam</span> <span class='ocrx_word' id='word_1_623' title='bbox 1178 2752 1320 2788; x_wconf 84' lang='lat' dir='ltr'>stupravit</span> <span class='ocrx_word' id='word_1_624' title='bbox 1335 2759 1459 2779; x_wconf 84' lang='lat' dir='ltr'>uxorem</span> <span class='ocrx_word' id='word_1_625' title='bbox 1473 2750 1598 2784; x_wconf 84' lang='lat' dir='ltr'>habeat,</span> <span class='ocrx_word' id='word_1_626' title='bbox 1624 2752 1673 2778; x_wconf 88' lang='lat' dir='ltr'>aut</span> <span class='ocrx_word' id='word_1_627' title='bbox 1696 2750 1718 2776; x_wconf 88' lang='lat' dir='ltr'>si</span> <span class='ocrx_word' id='word_1_628' title='bbox 1734 2757 1777 2778; x_wconf 79' lang='lat' dir='ltr'>re-</span> 
     </span>
    </p>
   </div>
  </div>
 </body>
</html>
