2004 3037
68 1754 80 1774 J
82 1753 165 1774 ustitia.

433 257 482 290 DE
505 257 639 291 POENIS
663 255 837 295 INFERNI,
860 255 994 294 ATQUE
1016 255 1162 290 GLORIA
1185 256 1381 289 PARADISI.
1406 257 1493 289 CAP.
1514 258 1552 290 V.

186 324 252 352 tatis
261 324 348 354 lucet.
363 327 442 354 Hanc
452 325 561 362 figurat
572 325 705 364 topazius
714 345 723 360 ,
734 324 786 362 qui
798 323 830 352 in
843 323 963 352 duobus

186 371 357 408 coloribus,
373 373 483 401 scilicet
505 381 596 402 aureo
620 375 648 402 et
662 373 790 401 aethereo
805 371 960 408 splendet,

186 420 215 448 et
228 420 363 448 omnium
379 428 566 454 gemmarum
578 421 696 457 superat
709 419 884 454 claritatem,
895 418 963 447 etin

186 469 376 503 conspectum
385 467 422 504 (a)
432 467 476 495 sui
484 469 627 504 provocat
634 466 835 503 aspicientem.
845 467 906 494 Duo
915 474 964 495 co-

185 513 263 541 lores
274 514 380 551 topazii
392 514 508 550 signant
520 514 710 542 dilectionem
721 513 770 542 Dei
784 515 812 541 et
821 513 960 550 proximi.

185 561 334 590 AEthereus
349 561 431 590 color
449 561 547 597 signat
567 561 759 590 dilectionem
775 561 840 596 Dei,
857 563 886 589 et
905 569 961 589 au·-

184 616 252 636 reus
266 608 454 637 dilectionem
469 608 617 645 proximi3
639 609 710 645 quia
724 617 802 636 unus
821 610 863 636 cst
877 608 960 636 color

186 654 326 692 coelestis,
342 657 369 684 et
389 656 465 684 alius
479 658 612 684 terrenus
624 677 633 691 ,
649 655 721 692 quia
735 655 767 684 in
782 655 827 683 his
843 654 962 683 duobus

184 703 246 732 tota
259 702 306 731 lex
326 703 445 740 pendet.
463 705 495 731 Et
510 703 584 732 sicut
599 703 732 740 topazius
753 705 872 740 superat
897 710 961 731 om<

183 757 252 778 nem
267 750 428 779 claritatem
443 751 579 779 omnium
600 759 788 787 gemmarum
800 772 808 786 ,
828 750 869 778 ita
894 750 962 778 cha-

183 796 253 825 ritas
267 799 309 825 est
323 799 420 834 major
435 798 569 826 omnium
583 798 723 826 virtutum
733 819 741 833 ‚
758 799 791 825 ut
805 797 875 825 dicit
885 799 962 833 Apo-

183 844 275 872 stolus
290 845 308 872 ¹.
326 846 358 873 Et
373 845 447 874 sicut
467 845 602 882 topazius
624 845 728 881 recipit
742 844 772 872 in
788 853 819 872 se
836 844 962 881 qualita-

185 893 243 920 tem
266 892 400 920 omnium
426 901 613 929 gemmarum
625 913 634 928 ,
668 893 709 920 sic
741 892 868 920 charitas
893 891 964 920 facit

184 940 319 968 omnium
339 949 431 977 opera
448 941 607 975 virtutum,
628 940 700 977 quia
722 939 829 967 dicitur
843 940 853 956 ‘²
868 948 875 967 ε
894 940 962 966 Cha-

183 987 253 1014 ritas
275 989 382 1023 patiens
397 990 450 1020 est,
467 989 496 1016 et
509 988 549 1016 ita
563 988 677 1015 exercet
701 995 777 1023 opus
792 986 959 1022 patientiae3

182 1033 297 1068 bentqna
312 1036 365 1066 cst,
385 1035 413 1062 et
433 1034 474 1062 ita
494 1036 610 1062 exercet
625 1043 701 1070 opus
722 1034 912 1069 benignitatis
934 1035 963 1062 et

181 1080 400 1109 misericordiae.
416 1083 448 1109 Et
464 1082 616 1117 sequitur:
633 1082 732 1109 Omnia
747 1081 854 1116 suffert,
871 1082 962 1109 omnia

180 1127 276 1163 credit,
288 1129 379 1155 omnia
389 1131 516 1156 sustinet.
530 1128 611 1156 Unde
623 1130 746 1164 Prosper
759 1128 831 1156 dicit
841 1128 871 1156 in
883 1128 961 1158 libro

179 1173 212 1202 de
228 1175 293 1203 Vita
314 1177 523 1211 contemplativa
534 1176 556 1210 ³,
575 1176 658 1212 quod
675 1175 801 1203 charitas
820 1178 862 1203 est
876 1183 961 1203 mens

179 1223 206 1250 et
220 1222 320 1250 anima
334 1223 470 1250 omnium
483 1223 626 1251 virtutum
640 1233 646 1251 :
664 1223 734 1259 quia
749 1223 814 1259 ipsa
827 1225 869 1251 est
882 1223 959 1251 sicut

178 1268 297 1303 anima,
314 1270 343 1296 et
356 1269 476 1297 virtutes
500 1270 606 1298 animoe
630 1272 698 1298 sunt
715 1270 874 1306 potentiae,
898 1270 960 1299 sive

178 1316 284 1344 mentis
300 1326 306 1344 :
325 1317 396 1353 quia
411 1317 485 1346 sicut
499 1318 599 1346 anima
613 1318 681 1345 facit
696 1317 817 1346 oculum
832 1317 936 1345 videre
948 1339 956 1352 ,

178 1371 282 1392 aurem
297 1365 399 1393 audire
409 1386 418 1400 ,
431 1366 522 1402 pedes
537 1365 690 1394 ambulare
702 1386 711 1399 ,
725 1367 753 1393 et
766 1365 807 1393 sic
824 1365 861 1392 de
878 1365 956 1401 aliis;

179 1412 207 1438 et
221 1411 259 1438 ita
275 1412 400 1439 charitas
412 1412 481 1440 facit
496 1412 617 1440 oculum
632 1412 737 1440 mentis
757 1412 795 1439 ad
812 1420 959 1448 pauperes

180 1458 305 1494 aperire,
321 1467 407 1487 aures
423 1460 527 1487 divina
549 1462 696 1495 praecepta
712 1459 814 1487 audire
825 1481 833 1493 ,
854 1461 882 1487 et
895 1468 959 1487 ma-

178 1512 234 1532 nus
255 1513 346 1541 opera
367 1506 485 1541 justitiae
506 1515 641 1534 exercere
660 1515 666 1534 :
690 1508 717 1534 et
739 1506 780 1534 ita
802 1506 840 1534 de
864 1506 960 1534 omui-

178 1551 235 1580 bus
250 1552 314 1580 aliis
327 1553 428 1587 bonis,
442 1562 508 1590 quae
520 1553 645 1581 charitas
659 1555 802 1589 tanquam
817 1553 873 1581 sibi
889 1561 956 1590 pro-

179 1598 245 1634 pria
259 1599 323 1628 vult
338 1601 439 1628 omnia
453 1601 628 1637 adimplere.

215 1646 322 1679 Quarta
336 1648 449 1676 trinitas
459 1647 593 1684 lapidum
602 1648 802 1684 pretiosorum
821 1648 863 1675 est
874 1647 960 1684 chry-

180 1700 332 1729 soprasus,
356 1694 546 1730 hyacinthus,
569 1696 596 1722 et
614 1694 805 1731 amethystus.
832 1696 887 1723 Ista
909 1695 958 1723 tri-

179 1740 254 1767 n1tas
268 1740 403 1777 lapidum
419 1742 514 1777 signat
525 1741 667 1777 justitiam
684 1742 896 1778 etjaequitatem
909 1751 959 1777 ge-

179 1788 326 1823 neralem,
350 1798 415 1825 quae
430 1789 573 1826 splendor
594 1791 636 1817 est
655 1790 751 1817 omnis
770 1790 898 1824 virtutis,
922 1799 958 1819 ex

180 1844 240 1872 qua
259 1844 362 1863 omnes
377 1837 431 1864 viri
451 1837 524 1864 boni
542 1837 643 1864 omnia
658 1837 739 1864 bona
753 1838 957 1873 nominantur,

179 1883 211 1909 ut
233 1882 303 1910 dicit
319 1883 429 1910 Tullius
447 1884 478 1911 cle
501 1884 601 1918 Officiis
614 1885 633 1911 ”.
651 1886 705 1912 Ista
720 1884 853 1912 similiter
868 1885 958 1914 habet

180 1929 344 1963 quamdam
365 1931 574 1958 nobilitatem:
601 1940 669 1958 cum
693 1932 772 1959 enim
791 1932 903 1968 justitia
922 1933 957 1960 sit

179 1975 271 2003 virtus
285 1976 446 2013 unicuique
461 1978 589 2005 reddens
606 1978 688 2014 quod
704 1987 790 2006 suum
806 1981 857 2013 est,
873 1981 905 2006 ut
918 1979 957 2007 ait

178 2023 350 2050 Ambrosius
371 2023 449 2052 libro
470 2025 501 2052 «Ie
519 2025 618 2059 Officiis
633 2025 651 2056 ⁵,
671 2025 782 2060 justitia
805 2028 847 2053 est
865 2027 955 2053 virtus

177 2070 338 2106 unicuique
350 2071 432 2107 quod
443 2080 530 2099 suum
545 2073 587 2099 est
597 2072 735 2099 reddens.
749 2072 855 2100 Reddit
868 2073 956 2107 igitur

178 2117 274 2145 omnis
286 2118 377 2146 homo
390 2127 442 2155 per
455 2119 596 2154 justitiam
607 2119 720 2155 sibiipsi
732 2119 953 2155 continentiam,

176 2165 315 2200 proximo
342 2166 516 2200 amicitiam,
545 2168 572 2194 et
601 2168 656 2194 Deo
684 2166 953 2194 honorificentiam.

177 2211 272 2239 Primo
285 2212 396 2248 justitia
414 2213 540 2240 reddens
558 2213 673 2241 homini
693 2214 903 2241 continentiam
917 2215 955 2241 si-

177 2259 334 2294 gnificatur
368 2269 421 2296 per
450 2261 680 2298 chrysoprasum
690 2282 698 2294 ,
731 2262 782 2298 qui
811 2264 852 2289 est
879 2262 954 2298 lapis

176 2306 281 2341 igneus
294 2307 331 2334 de
345 2310 441 2342 nocte,
455 2309 483 2335 et
495 2316 601 2336 aureus
617 2308 653 2336 de
669 2308 730 2335 die:
748 2309 778 2336 in
793 2317 854 2344 quo
865 2309 955 2344 signi-

176 2353 281 2381 ficatur
305 2354 483 2383 continentia
509 2355 564 2383 viri
585 2355 670 2390 justi,
697 2355 749 2391 qui
771 2364 887 2392 semper
913 2358 955 2384 est

176 2399 346 2435 splendens,
360 2402 421 2429 sive
437 2402 467 2429 in
480 2402 655 2430 adversitate
670 2404 874 2439 tentationum,
887 2412 953 2440 quae

176 2446 318 2481 figuratur
332 2457 386 2484 per
403 2451 536 2482 noctem,
552 2450 613 2477 sive
628 2450 658 2477 in
672 2451 865 2486 prosperitate
882 2451 954 2479 deli-

177 2493 306 2528 ciarum,
328 2504 393 2531 quoe
412 2496 593 2531 significatur
613 2505 667 2532 per
689 2497 778 2525 diem.
799 2500 871 2526 Nam
893 2498 953 2526 istis

178 2540 297 2568 duobus
310 2543 456 2578 praecipue
472 2544 650 2571 continentia
666 2544 713 2571 vel
728 2545 843 2572 castitas
858 2546 954 2582 impu—

177 2590 293 2623 gnatur,
313 2590 422 2618 scilicet
438 2591 650 2619 tentationibus
669 2591 774 2626 hostis,
795 2595 822 2621 et
839 2593 954 2622 fomen-

213 2665 217 2679 ¹
237 2665 244 2688 l
262 2665 329 2694 Con,
345 2671 406 2696 xm,
425 2667 461 2691 13.
476 2680 506 2684 —
523 2668 533 2684 ²
551 2668 623 2699 ibid„
645 2670 671 2699 4,
690 2669 713 2692 7.
728 2682 759 2686 —
780 2669 787 2683 ³
808 2670 907 2700 Prosp.,
924 2670 954 2694 de

183 2701 232 2724 Vz't.
253 2701 395 2732 contempl„
414 2702 457 2726 lib.
482 2703 527 2734 ill,
547 2711 568 2728 c.
592 2711 649 2728 xm.
670 2717 699 2722 —
719 2705 726 2718 ⁴
746 2705 809 2736 Cic.‚
824 2705 854 2728 (le
873 2705 954 2737 Offic..

178 2736 221 2760 lib.
244 2737 286 2761 ΙΙΙ.
308 2750 338 2756 —-
357 2738 367 2754 ὅ
389 2738 517 2769 Ambros,
540 2739 569 2763 cle
593 2740 673 2770 offic.y
703 2740 745 2765 lib.
767 2742 802 2770 ΙΙ,
822 2748 843 2765 c.
866 2748 900 2766 ix.
924 2755 953 2760 —

1746 264 1799 294 341

1019 325 1130 354 tatione
1144 325 1249 354 carnis.
1261 327 1334 354 Nam
1349 325 1450 362 plures
1465 325 1622 356 vincuntur
1635 329 1666 357 in
1680 337 1804 366 prospe-

1018 373 1103 402 ritate
1119 373 1310 409 dcliciarum,
1327 381 1419 410 quam
1434 373 1464 401 in
1479 374 1656 405 adversitate
1669 377 1803 407 tentatio-

1019 430 1106 457 num,
1121 423 1204 459 juxta
1219 423 1303 459 quod
1318 422 1426 450 dicitur
1439 421 1471 450 in
1491 423 1607 452 Psalmo
1622 426 1633 443 ⁶
1646 435 1652 453 :
1670 427 1772 454 Cadent
1786 435 1804 455 a

1020 469 1104 497 latere
1124 472 1167 497 ίιιο
1191 471 1281 502 mille,
1301 471 1326 496 et
1351 470 1437 497 decem
1459 471 1552 498 millia
1572 480 1588 498 a
1611 472 1716 501 deaetrz's
1737 475 1801 502 tuis.

1019 517 1104 544 Latus
1126 518 1225 544 autem
1250 516 1400 544 sinistrum
1420 516 1516 552 signat
1539 519 1714 548 tentationes
1738 521 1802 549 dia-

1019 563 1099 599 boli;
1123 564 1260 592 dextrum
1281 571 1352 591 vcro
1375 563 1520 599 significat
1545 564 1666 594 delicias
1685 568 1801 596 mundi.

1020 611 1176 639 Pauciorcs
1190 609 1279 646 igitur
1293 612 1371 645 sunt,
1387 611 1438 647 qui
1455 611 1564 639 cadunt
1582 612 1612 639 in
1626 613 1803 643 adversitate

1019 657 1229 692 tentationum3
1247 661 1273 685 et
1288 657 1403 694 plures,
1418 658 1470 694 qui
1487 659 1628 688 labuntur
1642 660 1673 688 in
1688 663 1803 698 tempo-

1017 705 1131 733 ralibus
1160 705 1361 733 abundantiis.
1391 707 1466 733 Bene
1496 707 1596 734 autem
1625 709 1667 735 est
1692 708 1804 744 justitia

1018 753 1110 780 instar
1130 751 1321 788 chrysoprasi
1341 751 1430 787 ignea
1445 754 1472 780 et
1487 760 1587 788 aurea,
1604 754 1675 790 quia
1690 755 1730 783 ad
1741 764 1804 783 cus-

1018 799 1133 827 todiam
1148 799 1286 827 castitatis
1301 799 1551 835 occurritjustitia
1562 800 1682 829 duobus
1692 803 1802 838 modis,

1019 846 1130 875 scilieet
1146 849 1224 874 recte
1240 846 1430 875 ascendendo
1446 847 1485 875 acl
1503 847 1611 876 coelum
1625 849 1700 877 sicut
1713 850 1802 886 ignis,

1019 894 1238 922 considerando
1253 895 1335 922 bona
1350 894 1480 923 coelestia
1495 897 1522 923 et
1535 897 1659 931 aeterna,
1673 905 1710 925 ne
1729 897 1803 926 forte

1018 941 1069 970 illa
1090 950 1144 978 per
1167 944 1409 970 momentaneam
1431 942 1556 971 luxuriae.
1576 943 1804 974 delectationem

1019 988 1141 1016 amittat.
1159 990 1190 1017 In
1205 997 1334 1025 persona
1348 989 1453 1017 talium
1474 990 1581 1018 dicitur
1595 991 1625 1018 in
1642 992 1758 1020 Psalmo
1772 993 1801 1021 ⁷:

1018 1037 1147 1069 Domine,
1174 1038 1236 1071 quis
1259 1037 1393 1063 habitabit
1416 1038 1446 1064 in
1469 1037 1642 1066 tabernaculo
1669 1041 1728 1073 tuo,
1753 1042 1803 1067 aut

1018 1085 1079 1118 quis
1096 1085 1241 1118 requiescet
1261 1085 1291 1110 in
1312 1086 1401 1111 monte
1422 1087 1513 1112 sancto
1537 1087 1605 1112 tuo?
1628 1087 1661 1114 Et
1680 1094 1804 1122 respon-

1018 1129 1094 1157 det:
1125 1131 1180 1163 Qttt'
1210 1131 1364 1164 ingreditur
1388 1132 1447 1158 sine
1470 1133 1592 1164 macula,
1623 1135 1648 1160 et
1674 1137 1803 1169 operatur

1013 1177 1165 1212 justitiam.
1182 1177 1302 1204 Nullum
1318 1185 1394 1213 opus
1415 1178 1532 1206 videtur
1554 1179 1651 1215 majus
1667 1189 1729 1208 esse
1743 1181 1802 1216 jus-

1016 1224 1095 1256 titia,
1115 1232 1181 1260 quae
1200 1224 1389 1252 delectationi
1410 1227 1626 1254 momentaneae
1646 1227 1727 1256 bona
1742 1236 1802 1256 coe-

1016 1271 1100 1299 lestia
1115 1274 1142 1299 et
1152 1274 1260 1299 aeterna
1274 1271 1399 1307 praefert.
1410 1273 1541 1303 Occurrit
1552 1273 1640 1301 etiam
1652 1275 1697 1302 vir
1705 1275 1802 1311 justus

1016 1318 1152 1346 custodia
1166 1319 1304 1346 castitatis
1320 1318 1412 1346 instar
1429 1319 1508 1354 auri,
1526 1321 1609 1356 quod
1632 1323 1674 1349 est
1688 1323 1802 1358 ponde-

1015 1366 1210 1400 rosissimum,
1228 1366 1350 1402 quando
1363 1367 1523 1395 rectissime
1539 1370 1567 1395 et
1580 1368 1721 1398 velociter
1737 1370 1801 1398 des-

1016 1413 1114 1441 cendit
1129 1414 1168 1441 ad
1184 1417 1333 1448 centrum,
1348 1414 1380 1441 id
1396 1416 1451 1449 est,
1470 1415 1509 1442 ad
1524 1414 1687 1451 infernum,
1706 1418 1800 1446 consi-

1015 1460 1149 1489 derando
1166 1469 1202 1489 ne
1224 1461 1308 1496 forte,
1329 1461 1522 1490 delectatione
1543 1467 1752 1493 momentanea
1772 1467 1800 1495 et

1015 1508 1151 1541 modica,
1171 1508 1302 1536 incurrat
1321 1512 1430 1537 aeterna
1452 1510 1614 1546 supplicia,
1638 1512 1709 1547 quia
1729 1513 1800 1541 dicit

1015 1555 1190 1590 Gregorius:
1211 1565 1224 1580 (ι
1239 1558 1477 1583 Momentaneum
1493 1559 1534 1584 est
1554 1558 1635 1593 quod
1652 1558 1796 1596 delectat3

1015 1602 1067 1630 sed
1090 1603 1232 1629 [eternum
1257 1602 1341 1638 quod
1365 1602 1484 1630 cruciat.
1507 1613 1520 1629 υ
1538 1605 1578 1631 Ita
1597 1605 1798 1635 descendebat

1015 1650 1054 1677 ad
1069 1650 1217 1677 infernum
1233 1649 1384 1684 Ezechiam,
1400 1652 1431 1677 ut
1447 1651 1553 1679 dicitur
1566 1651 1597 1679 in
1613 1654 1689 1680 Isata
1700 1654 1724 1680 ⁸:
1740 1656 1797 1689 Ego

1015 1698 1095 1725 dimi:
1113 1699 1144 1725 In
1160 1698 1276 1725 dz'mtctco
1293 1698 1399 1725 dierum
1414 1707 1531 1726 meorum
1542 1700 1641 1727 vadam
1657 1701 1693 1728 ast
1704 1704 1797 1736 portas

1014 1745 1107 1778 inseri.
1128 1744 1242 1781 Optime
1267 1753 1398 1781 namque
1422 1746 1571 1774 consuluit
1592 1755 1646 1782 pro
1670 1748 1796 1777 dimidio

1015 1791 1130 1819 dierum
1155 1800 1293 1826 suorum,
1316 1792 1399 1828 quod
1423 1793 1513 1821 vadat
1533 1794 1624 1822 homo
1650 1795 1689 1822 ad
1710 1795 1796 1824 inser-

1013 1846 1086 1866 num
1108 1838 1138 1866 in
1159 1839 1285 1866 dimidio
1301 1839 1367 1866 vitae
1383 1839 1419 1875 (t)
1441 1848 1516 1875 suae,
1533 1841 1565 1868 id
1583 1843 1639 1875 est,
1660 1842 1733 1870 dum
1753 1845 1796 1871 cst

1010 1886 1128 1921 juvenis
1149 1889 1176 1914 et
1196 1895 1299 1920 sanus,
1315 1888 1342 1914 et
1361 1887 1418 1914 hoc
1437 1896 1491 1923 per
1512 1888 1684 1923 diligentem
1699 1890 1795 1918 consi-

1013 1932 1212 1968 derationem,
1235 1935 1268 1961 ut
1288 1937 1390 1969 postea
1411 1942 1471 1962 non
1497 1935 1655 1963 descendat
1679 1936 1710 1964 in
1734 1936 1792 1965 fine

1011 1979 1078 2007 vitre
1099 1989 1158 2008 sure
1181 1989 1234 2016 per
1250 1984 1389 2009 aeternam
1405 1982 1636 2010 damnationem.
1658 1984 1792 2013 Secundo

1009 2026 1121 2061 justitia
1149 2028 1277 2055 reddens
1305 2029 1445 2063 proximo
1474 2029 1635 2057 amicitiam
1659 2030 1793 2065 signatur

1010 2081 1064 2109 per
1078 2074 1281 2109 hyacinthum,
1295 2075 1345 2110 qui
1362 2076 1403 2102 est
1418 2075 1493 2111 lapis
1507 2076 1661 2111 pretiosus,
1676 2077 1791 2106 habens

1012 2120 1143 2148 colorem
1159 2121 1327 2155 caeruleum,
1340 2122 1424 2157 quasi
1440 2122 1557 2149 coelum.
1569 2125 1621 2150 lste
1635 2123 1710 2160 lapis
1722 2133 1791 2153 con·

1010 2166 1118 2195 format
1137 2176 1167 2195 se
1189 2168 1265 2202 aeri3
1282 2168 1362 2195 unde
1381 2168 1411 2196 in
1433 2169 1538 2197 nubilo
1554 2172 1596 2197 est
1609 2171 1743 2206 nubiluS,
1760 2172 1791 2200 in

1011 2222 1115 2242 sereno
1135 2216 1177 2242 est
1197 2223 1327 2242 serenus.
1345 2216 1433 2243 Color
1447 2216 1566 2244 coelicus
1580 2218 1627 2245 vel
1649 2219 1791 2247 caeruleus

1011 2261 1041 2290 in
1056 2262 1216 2298 hyacintho
1232 2263 1377 2298 significat
1392 2263 1527 2291 divinum
1543 2273 1676 2292 amorem
1692 2267 1792 2295 coeles-

1010 2310 1069 2337 tem
1083 2318 1136 2345 per
1151 2310 1333 2338 desiderium
1348 2311 1378 2338 in
1392 2310 1457 2338 viro
1469 2311 1559 2347 justo,
1577 2313 1647 2348 quia
1662 2313 1792 2342 amicitia

1011 2365 1078 2393 quae
1101 2357 1284 2393 impenditur
1308 2357 1467 2394 proximo,
1490 2359 1579 2386 debet
1602 2360 1729 2387 radicari
1760 2361 1791 2388 in

1011 2405 1098 2440 coelo,
1113 2405 1144 2432 id
1160 2408 1202 2433 est
1218 2406 1248 2433 in
1265 2414 1366 2433 amore
1382 2406 1499 2441 divino,
1517 2407 1602 2442 juxta
1620 2407 1705 2442 quod
1721 2407 1791 2434 dicit
1809 2429 1812 2432 Δ

1010 2453 1199 2488 Apostolus⁹z
1213 2454 1245 2480 In
1256 2453 1390 2480 charitate
1400 2454 1521 2480 radicati
1532 2457 1556 2480 et
1567 2454 1695 2487 fundatt:
1710 2454 1789 2489 quia,

1010 2502 1042 2528 ut
1062 2500 1102 2527 ait
1125 2500 1280 2535 Gregorius
1296 2500 1322 2534 ⁰,
1345 2509 1358 2525 «
1379 2500 1428 2527 ille
1455 2500 1627 2528 charitatem
1649 2501 1791 2527 veraciter

1009 2546 1114 2582 habet,
1130 2547 1182 2583 qui
1203 2547 1332 2575 amicum
1347 2547 1442 2583 diligit
1464 2547 1494 2575 in
1509 2549 1567 2575 Deo
1584 2548 1627 2583 (e),
1651 2550 1677 2575 et
1692 2547 1791 2575 inimi-

1011 2623 1020 2635 ⁶
1035 2623 1101 2647 Psal.
1119 2630 1165 2653 xc,
1182 2624 1205 2646 7.
1220 2635 1250 2640 —
1269 2621 1428 2652 ⁷1¹sal.x1v,
1446 2628 1469 2652 ¹2
1487 2624 1508 2645 2.
1527 2634 1553 2639 —
1574 2622 1583 2636 ὅ
1604 2622 1664 2651 11η,
1682 2628 1792 2646 xxxviii»

1013 2660 1048 2683 to.
1074 2673 1103 2677 —
1128 2660 1136 2673 ⁹
1162 2658 1262 2690 Eplaes„
1290 2664 1335 2685 111,
1362 2659 1399 2681 17.
1422 2671 1451 2674 —
1479 2659 1496 2673 '⁰
1520 2658 1605 2688 Greg,
1634 2658 1659 2681 in
1686 2660 1791 2689 Lvanq„

1011 2696 1081 2719 hom.
1100 2701 1136 2719 tx.

1043 2743 1076 2772 (α)
1093 2742 1152 2766 cml.
1170 2742 1229 2765 edit,
1241 2743 1388 2772 conspectu,
1399 2740 1467 2771 —(l>)
1483 2740 1614 2771 viae.—(c)
1632 2741 1691 2764 Item
1700 2742 1789 2765 Deum
