2004 3037
186 189 246 230 333
708 190 878 233 JJIAETAE
897 189 1066 224 SALU'rls
1087 191 1167 224 Trr.
1190 190 1242 224 lX.

222 255 320 286 Primo
340 256 432 292 igitur
452 256 622 293 praecedent
640 256 720 287 illud
738 258 910 295 ¹iudicium,
931 260 965 288 ut

75 291 165 344 ξζῗζζῗ*
187 301 315 332 dicitur'
307 311 339 332 111
355 302 486 338 Μαι-σοί,
505 305 585 340 siena
603 304 680 334 sicut
701 305 842 343 quaedam
864 305 963 335 citatio

65 351 412 388 sniap12.perempt01·ja·‚
433 359 501 389 quae
521 351 607 388 signa
629 351 702 382 dicit
723 353 919 391 Hieronymus
932 361 964 382 se

66 260 174 289 5151111111-
1019 260 1049 288 01
1061 258 1126 288 51110
1139 259 1224 289 omni
1238 258 1404 295 calumnia,
1422 258 1535 298 scilieet
1552 258 1630 294 liber
1648 259 1798 301 passionis

1020 306 1193 342 dominicae,
1208 306 1285 335 liber
1301 305 1502 342 conscientiae,
1516 295 1594 336 liber
1605 305 1685 360 ν118.
1695 300 1796 336 Primo

1020 355 1190 392 aperientur
1211 354 1298 391 quasi
1321 353 1462 390 quaedam
1482 354 1566 388 acta,
1589 341 1798 390 50111001111101·

65 387 174 410 cedentia.

86 2440 109 2459 ln
119 2438 177 2464 judi-

72 2470 105 2489 cio
136 2470 176 2490 tria

84 2502 164 2528 scripta

71 2534 172 2560 aperien-

187 397 330 435 reperisse
351 398 384 427 in
405 398 536 428 historiis
558 399 760 428 Hebraeorum.
790 400 888 429 Prima
915 400 963 429 dic

187 444 279 483 eriget
301 454 332 475 se
354 455 437 476 mare
452 446 624 484 quindecim
639 447 747 476 cubitis
765 455 854 484 super
866 447 964 476 altitu-

187 494 288 523 dinem
306 494 471 530 montium,
487 496 567 524 stans
585 495 616 523 iu
630 495 698 524 loco
712 503 767 524 suo
791 495 877 532 quasi
897 503 964 523 mu-

185 549 246 570 105.
263 542 397 570 Secunda
409 542 457 570 die
471 541 644 578 descendet,
659 543 700 570 ita
719 542 803 579 quod
817 543 866 570 vix
881 544 965 579 pote-

185 589 223 617 rit
236 588 342 617 videri.
361 588 456 617 Tertia
471 589 538 624 die,
553 589 648 626 pisces
667 591 696 618 et
716 589 839 618 marinae
856 589 964 618 belluoe

186 638 362 673 apparentes
376 644 466 673 super
480 644 578 671 mare,
593 636 710 665 dabunt
724 636 855 672 mugitus
868 644 964 672 usque

186 681 226 710 ad
241 682 359 711 coelum.
375 683 485 717 Quarta
499 682 564 718 die,
584 683 702 711 ardebit
721 691 804 711 mare
823 685 852 711 et
872 690 962 719 aqua.

185 729 292 764 Quinta
316 729 364 758 die
379 751 389 765 ,
408 730 510 759 herbae
531 733 559 759 et
581 730 703 759 arbores
725 730 841 758 dabunt
858 729 964 758 florem

186 777 393 812 sanguineum.
408 777 494 806 Sexta
509 777 570 813 die,
585 780 672 806 ruent
681 777 816 806 aedificia.
833 777 965 814 Septima

187 823 249 859 die,
264 826 355 861 petroe
375 824 415 852 ad
437 825 566 853 invicem
587 824 786 859 collidentur,
806 826 834 852 et
851 825 883 852 in
897 826 963 852 ceto

185 873 284 908 partes
304 871 486 907 scindentur,
502 875 530 901 01
552 879 740 908 unaquaeque
759 879 829 908 pars
843 871 965 900 collidet

186 917 290 953 aliam,
309 921 337 947 et
360 927 421 947 non
444 920 516 948 sciet
537 919 630 948 homo
651 927 760 948 sonum
782 918 888 953 illum,
911 917 964 946 sed

186 967 301 994 tantum
316 968 400 995 Deus.
410 968 518 996 Octava
535 966 570 1003 (a)
586 966 644 1000 die,
659 967 710 994 fiet
720 965 866 1002 generalis
880 968 964 993 terrae

185 1015 300 1049 motus,
317 1014 369 1051 qui
383 1016 479 1043 tantus
494 1014 565 1049 erit,
582 1017 613 1042 ut
627 1014 749 1048 dicitur,
766 1013 849 1050 quod
864 1012 965 1041 nullus

184 1061 277 1090 homo
303 1061 349 1090 vel
372 1062 484 1090 animal
507 1062 633 1099 aliquod
652 1063 728 1090 stare
750 1061 872 1099 poterit,
888 1061 965 1090 etin

184 1111 294 1137 terram
311 1110 412 1137 omnia
427 1111 658 1146 prosternentur.
681 1110 763 1138 Nona
783 1109 849 1144 die,
864 1117 964 1145 sequa-

184 1155 264 1184 bitur
283 1158 344 1185 tota
358 1159 445 1192 terra,
467 1159 495 1186 et
518 1165 622 1185 omnes
640 1159 757 1185 montes
776 1159 803 1184 01
823 1156 915 1184 001105
933 1156 965 1184 in

183 1204 340 1240 pulverem
359 1204 540 1240 redigentur.
557 1205 674 1233 Decima
689 1204 738 1232 die
748 1225 758 1238 ‚
773 1204 898 1232 exibunt
912 1203 965 1232 ho-

184 1251 279 1279 mines
294 1251 331 1279 de
347 1252 482 1280 cavernis
496 1254 594 1286 tcrrae,
608 1253 636 1279 et
656 1251 741 1279 ibunt
760 1251 840 1279 velut
861 1259 964 1279 amen-

185 1301 242 1333 tes,
258 1307 311 1327 nec
333 1301 472 1335 poterunt
491 1299 547 1327 sibi
571 1301 675 1326 mutuo
695 1298 788 1334 loqui.
804 1298 965 1326 L’ndecima

185 1345 233 1374 die
253 1349 408 1382 resurgent
427 1346 530 1375 omnia
553 1354 620 1374 ossa
640 1348 827 1374 mortuorum
839 1366 848 1380 ,
865 1347 892 1373 et
906 1348 964 1373 sta-

185 1393 261 1421 bunt
288 1401 377 1430 super
404 1393 550 1430 sepulcra.
576 1393 681 1422 Omnia
715 1393 794 1420 enim
827 1393 965 1429 sepulcra

185 1441 365 1478 aperientur,
381 1443 412 1469 ut
426 1441 535 1469 mortui
548 1441 627 1468 exire
643 1440 769 1468 valeant.
783 1440 965 1468 Duodecimn

186 1488 250 1523 die,
266 1488 374 1516 cadent
397 1488 488 1516 stellae
511 1488 548 1516 de
571 1488 657 1516 coelo.
674 1489 705 1515 lu
719 1487 776 1515 hac
797 1488 878 1515 enim
893 1487 966 1516 duo-

185 1535 302 1564 decima
316 1536 364 1563 die
385 1535 509 1570 dieitur,
524 1535 608 1572 quod
633 1535 774 1563 animalia
795 1537 900 1563 cuncta
914 1543 966 1563 ve-

185 1583 267 1611 nient
280 1583 318 1611 ad
334 1591 456 1620 campos
470 1583 647 1618 mugientia,
662 1590 722 1610 non
735 1583 895 1617 gustantia,
911 1590 964 1610 nec

185 1630 328 1658 bibentia.
343 1630 555 1658 'tertiadecima
569 1630 616 1657 die
626 1651 634 1664 ‚
649 1630 812 1658 morientur
826 1630 964 1658 homines

185 1678 332 1712 viventes,
349 1679 380 1705 ut
395 1686 462 1705 cum
475 1676 599 1704 mortuis
617 1678 783 1712 resurgant.
800 1677 964 1711 0110110110-

186 1724 262 1752 eima
278 1724 342 1759 die,
361 1724 477 1751 ardebit
501 1724 609 1751 cti-luni
634 1726 661 1750 et
684 1726 775 1758 terra,
794 1726 822 1751 et
843 1724 966 1759 superfi-

187 1772 246 1799 cies
261 1773 342 1799 terrie
356 1774 383 1799 et
394 1772 479 1799 aeris.
494 1771 718 1804 Quintadecima
730 1770 777 1798 die
794 1771 842 1798 liet
857 1770 965 1797 eoelum

187 1826 299 1846 novum
314 1840 321 1853 ,
343 1821 370 1846 et
398 1820 475 1845 terra
502 1826 601 1851 nova,
623 1820 651 1845 et
677 1819 831 1852 resurgent
857 1817 965 1844 mortui

188 1865 352 1893 secundum
379 1865 498 1892 virtutes
514 1886 521 1899 ,
551 1865 655 1892 merita
677 1867 703 1891 et
732 1864 884 1891 demerita.
913 1865 967 1891 1<ta

188 1913 267 1940 enim
286 1912 370 1947 signa
390 1914 490 1946 erunt,
516 1911 589 1940 51001
611 1911 722 1939 dictum
746 1914 801 1945 est,
828 1910 966 1947 quaedam

188 1959 390 1996 peremptoria
412 1959 524 1993 citatio,
542 1961 570 1986 et
593 1958 729 1986 terribilis
744 1979 752 1992 ,
769 1967 837 1985 cum
862 1966 967 1986 execu-

189 2008 268 2035 tione
284 2007 431 2034 sementim
453 2007 515 2034 sinc
538 2007 620 2034 omni
646 2007 849 2040 excusatione,
870 2007 968 2041 adju-

190 2055 301 2082 dicium
334 2054 449 2081 x‘ocatio
481 2057 507 2081 01
542 2054 757 2089 proeronizatio.
789 2054 868 2081 [nde
897 2054 967 2081 dicit

189 2103 392 2140 Apostolus²z
416 2104 475 2138 lpse
499 2104 625 2130 Dominus
651 2105 678 2129 in
694 2103 790 2136 jussu,
808 2106 831 2129 et
858 2111 885 2129 m
909 2110 970 2129 voce

190 2151 371 2184 Archanyea‘,
389 2153 413 2177 et
435 2152 463 2176 ιἰι
484 2150 546 2177 tuba
563 2151 612 2176 Dei
628 2150 766 2176 descendet
787 2149 819 2175 de
839 2151 910 2176 caelo.
930 2151 967 2177 Ι)0

190 2197 241 2224 illa
256 2197 378 2224 terribili
395 2197 531 2224 citatione
552 2196 622 2223 dicit
642 2197 838 2231 {lieronymus
852 2205 857 2223 ;
874 2206 886 2220 a
902 2196 967 2224 Sive

191 2244 310 2277 bibam,
331 2244 391 2271 sive
412 2244 526 2279 aliquid
550 2243 632 2271 aliud
653 2243 776 2277 faciam,
794 2251 912 2279 semper
927 2244 969 2270 vi-

191 2291 276 2318 detur
304 2299 410 2317 sonare
439 2290 489 2318 illa
523 2290 658 2317 terribilis
690 2290 762 2317 tuba
791 2290 820 2316 in
845 2290 968 2317 auribus

191 2338 281 2365 meis:
298 2338 416 2371 Suryzle,
434 2339 534 2364 niartnt'
548 2358 555 2371 ,
575 2339 663 2363 vetule
678 2338 713 2363 (1ιί
730 2337 876 2370 judaiam.
894 2337 969 2370 Quid

192 2384 308 2419 faciam,
325 2392 393 2411 011111
408 2392 561 2418 resurgam
577 2385 615 2410 ad
628 2383 797 2418 judicium?
811 2393 822 2408 n

229 2431 376 2465 Secundo,
392 2430 421 2457 in
436 2430 488 2457 illo
501 2429 613 2464 judicio
629 2430 784 2457 tremendo
801 2430 969 2465 aperientur

193 2479 315 2515 scripta,
331 2478 403 2505 sieut
424 2477 562 2513 quaedam
582 2479 656 2504 actu.
681 2478 712 2504 Et
728 2479 812 2511 nota,
830 2477 912 2512 quod
927 2478 970 2505 ibi

193 2526 360 2562 aperientur
377 2524 430 2553 tria
445 2524 552 2560 scripta
569 2523 714 2551 solemnia
737 2526 763 2551 et
783 2524 949 2552 authentica
960 2546 969 2559 ‚

226 2600 336 2628 ¹Mnrc.,
353 2605 413 2629 xm,
431 2599 452 2622 4,
471 2611 500 2615 -
520 2598 529 2614 2
551 2598 556 2621 1
578 2598 669 2628 Thess„
691 2603 723 2627 iv,
746 2599 780 2621 lli.
802 2612 828 2615 -
845 2597 854 2613 ³
869 2598 971 2628 Malui„

192 2641 264 2665 xxiv,
282 2637 320 2659 230.
341 2648 371 2652 —
394 2634 401 2647 ⁴
422 2635 490 2665 Sap..
511 2640 534 2664 1,
557 2636 580 2657 z).
605 2647 629 2650 -
656 2634 666 2650 ⁵
688 2632 789 2660 Manli„
813 2638 863 2663 xii,
884 2636 922 2657 315.
941 2647 970 2652 -

194 2672 202 2683 ⁰
217 2670 308 2702 Eccita,
324 2677 371 2701 111,
388 2672 423 2696 14.
435 2670 486 2688 -ῑ
505 2671 512 2694 1
530 2669 648 2701 C01·.,iv‚
666 2671 687 2694 1.
700 2682 731 2687 —
745 2669 753 2681 ⁵
765 2669 854 2700 Apoc..
869 2675 914 2700 xx,
932 2672 968 2695 12.

1019 402 1167 439 passionis
1181 401 1354 436 dominieae,
1370 401 1400 429 in
1413 409 1474 437 quo
1489 402 1574 436 sunt,
1589 393 1701 441 scilicet
1713 403 1796 438 crux,

1020 449 1114 484 elavi,
1129 448 1234 477 lancea
1243 469 1252 484 ‚
1267 455 1380 476 corona
1391 447 1512 484 spinea,
1527 449 1555 476 et
1569 447 1601 476 in
1613 454 1702 476 earne
1716 443 1798 476 Chriss

1020 496 1056 524 sti
1067 495 1227 531 cicatrices,
1239 497 1268 524 et
1273 494 1376 524 Christi
1387 494 1527 529 vulnera,
1536 496 1568 523 ut
1578 493 1648 523 dicit
1657 492 1799 531 Chryses·

1020 544 1132 578 tomus,
1149 545 1177 572 et
1190 550 1252 571 non
1267 541 1322 570 erit
1335 543 1404 570 tunc
1419 541 1577 570 necessitas
1591 540 1798 577 accusationis,

1021 598 1089 618 cum
1101 589 1208 618 viderit
1220 589 1346 626 quilibet
1359 596 1492 624 erucem,
1503 590 1532 617 et
1543 588 1642 625 ipsum
1653 587 1799 617 Christum

1019 636 1180 665 habentem
1194 637 1226 665 in
1239 644 1368 674 corpore
1382 644 1437 664 suo
1458 635 1628 664 testimonia
1641 634 1798 672 passionis.

1019 683 1102 712 Unde
1117 683 1224 712 dicitur
1235 684 1246 701 ⁸
1260 693 1267 712 :
1286 684 1360 712 Tunc
1373 683 1518 719 apparebit
1533 682 1608 718 filius
1626 682 1661 718 (ὁ)
1683 682 1801 711 hominis

1020 733 1051 759 in
1072 732 1145 759 coelo.
1166 730 1302 759 Secundo
1323 729 1494 767 aperientur
1509 729 1577 758 libri
1593 729 1799 764 conscientiae,

1021 780 1050 806 et
1071 780 1158 812 nota,
1173 777 1258 814 quod
1275 777 1353 806 liber
1367 777 1615 806 conscientiarum
1636 777 1801 806 continebit

1019 825 1076 853 tria
1085 824 1227 861 capitula,
1241 824 1352 853 scilicet
1365 824 1570 861 cogitationes,
1583 824 1665 861 quia,
1679 826 1712 853 ut
1724 824 1772 852 dic
1778 823 1800 852 i·

1020 873 1110 905 tur‘,
1133 873 1163 900 in
1187 873 1398 907 cogitationibus
1424 873 1505 908 impii
1532 873 1712 907 inter-royano
1735 873 1799 900 erit.

1021 918 1190 948 continebit
1212 919 1300 947 etiam
1320 918 1414 947 verba
1436 920 1465 947 et
1487 918 1652 947 locutiones
1666 918 1798 954 otiosas;

1020 968 1101 997 unde
1117 968 1224 997 dicitur
1237 969 1247 985 ⁶
1262 977 1269 996 :
1285 971 1322 996 De
1336 970 1410 996 omni
1420 968 1498 996 verbo
1512 970 1598 996 otioso
1612 968 1684 1004 quod
1698 969 1801 998 locutus

1019 1018 1105 1050 fuerit
1121 1017 1212 1052 1107710,
1228 1016 1321 1044 reddet
1337 1018 1468 1044 rationem
1487 1018 1517 1043 ι’7ι
1537 1016 1582 1044 die
1595 1016 1709 1052 judicii.
1726 1017 1802 1045 Con-

1021 1063 1126 1092 tinebit
1153 1063 1243 1097 etiam
1269 1063 1346 1092 liber
1366 1063 1415 1091 ille
1441 1062 1519 1091 iacta
1543 1065 1571 1091 et
1593 1063 1780 1100 operationes
1790 1085 1800 1099 ‚

1017 1112 1103 1147 juxta
1116 1110 1232 1139 illud‘:
1250 1110 1353 1138 Cuncta
1367 1119 1426 1146 quoe
1438 1112 1525 1146 fiunt,
1539 1109 1655 1138 adducet
1670 1112 1800 1139 Dominus

1022 1159 1182 1194 injudicio,
1199 1166 1248 1194 pro
1261 1159 1335 1185 omni
1350 1160 1454 1193 errato,
1469 1159 1525 1186 site
1540 1158 1652 1190 bonum,
1671 1159 1728 1186 sive
1742 1166 1801 1185 ma-

1021 1207 1074 1234 lum
1097 1207 1133 1233 sit
1157 1214 1164 1233 :
1187 1205 1302 1233 bonum
1325 1204 1436 1233 scilicet
1458 1204 1620 1239 omissum,
1640 1206 1668 1232 et
1686 1204 1802 1233 malum

1021 1253 1225 1280 commissum.
1240 1251 1335 1280 Tertio
1350 1251 1498 1288 aperietur
1512 1250 1588 1279 liber
1601 1251 1683 1286 vitoe,
1700 1250 1731 1279 id
1745 1252 1799 1286 est,

1021 1300 1150 1328 Christus
1160 1321 1168 1334 ‚
1184 1299 1269 1335 cujus
1284 1299 1389 1327 virtute
1408 1298 1675 1327 manifestabuntur
1689 1301 1801 1327 secreta

1021 1347 1270 1376 conscientiarum
1293 1346 1384 1382 unius
1405 1346 1445 1375 ad
1469 1346 1610 1381 alterum,
1634 1346 1708 1374 sicut
1731 1345 1802 1374 dicit

1022 1395 1180 1431 Apostolus
1195 1396 1204 1412 ⁷
1222 1403 1229 1422 2
1245 1395 1337 1422 Nolite
1349 1398 1412 1422 ante
1426 1397 1530 1429 tempus
1545 1393 1687 1428 judicare,
1701 1401 1801 1429 quous-

1021 1451 1071 1478 que
1080 1444 1171 1470 veniat
1182 1442 1240 1470 dies
1253 1443 1360 1469 Domini
1375 1442 1420 1478 (c),
1431 1443 1485 1469 ete.
1499 1442 1537 1469 De
1549 1440 1610 1468 istis
1628 1440 1712 1468 libris
1727 1439 1800 1468 diei-

1021 1490 1112 1517 tnr³:
1134 1489 1258 1516 Judicali
1280 1491 1343 1516 sunt
1367 1490 1468 1516 mortui
1490 1496 1524 1515 ex
1543 1488 1599 1520 his,
1617 1496 1676 1523 (μιαν
1698 1489 1801 1523 scripta

1021 1541 1084 1565 sunt
1096 1539 1125 1564 in
1139 1537 1207 1564 libro
1221 1537 1365 1564 secundum
1381 1543 1462 1571 opera
1477 1537 1608 1571 ipsorum.

1057 1583 1169 1617 Tertio,
1184 1583 1213 1610 in
1228 1582 1280 1611 1110
1297 1581 1452 1610 tremendo
1465 1581 1578 1617 Judicio
1593 1581 1683 1610 verba
1693 1580 1801 1617 J'udicis
1826 1591 1922 1641 555130-

1815 1622 1846 1673 ti:
1856 1627 1884 1672 1,111
1902 1627 1921 1642 1-

1021 1630 1294 1667 promulgabuntnr
1316 1651 1324 1664 ,
1353 1630 1427 1657 sicut
1459 1629 1602 1657 sententia
1633 1628 1800 1658 diffinitiva.

1021 1678 1102 1706 [nde
1130 1680 1200 1705 nota
1224 1677 1253 1704 in
1278 1677 1332 1704 ista
1359 1677 1503 1704 sententia
1531 1675 1696 1712 specialiter
1721 1675 1798 1703 tria:
1815 1683 1900 1704 unum.

1021 1726 1118 1761 primo
1143 1732 1238 1751 causae
1259 1723 1511 1758 magnitudinem,
1537 1723 1597 1750 sive
1619 1723 1799 1750 immensita-

1021 1773 1094 1805 tem,
1113 1771 1149 1798 de
1166 1779 1227 1806 qua
1247 1771 1300 1798 erit
1326 1770 1377 1797 illa
1399 1770 1562 1804 sententia3
1578 1770 1649 1805 quia
1668 1777 1729 1797 non
1747 1769 1801 1797 erit

1021 1818 1169 1854 pecuniae,
1189 1817 1234 1844 vel
1249 1816 1444 1853 possessionis
1460 1819 1596 1848 terrenae,
1609 1816 1661 1844 sed
1677 1815 1800 1844 damna-

1021 1865 1124 1899 tionis,
1140 1864 1187 1892 vel
1203 1864 1374 1892 salvationis
1393 1866 1517 1891 mternoe.
1534 1863 1577 1891 lili
1593 1871 1665 1891 vero
1681 1862 1732 1899 qui
1745 1863 1800 1891 ob-

1021 1912 1171 1946 tinebunt,
1185 1911 1380 1939 mutabuntur
1394 1910 1433 1938 ad
1455 1903 1672 1946 possessionem
1685 1909 1801 1938 heredi-

1022 1959 1103 1992 111115,
1121 1958 1192 1994 quia
1208 1958 1315 1985 dicitur
1332 1958 1341 1974 ⁹
1357 1966 1363 1984 :
1379 1958 1412 1984 Et
1436 1958 1512 1983 ibunt
1538 1957 1567 1983 lii
1587 1958 1615 1984 in
1636 1957 1801 1991 supplicium

1022 2009 1167 2039 1010100171,
1183 2006 1226 2032 illi
1241 2014 1301 2032 vero
1322 2007 1349 2031 in
1371 2006 1455 2031 vitam
1483 2007 1619 2031 (eternam.
1644 2003 1779 2031 Secundo
1791 2024 1800 2037 ,

1022 2055 1093 2080 nota
1107 2053 1137 2080 in
1160 2053 1214 2079 isto
1234 2051 1347 2087 judicio
1368 2051 1538 2079 auditorum
1558 2049 1799 2084 multitudinem,

1023 2100 1069 2127 vel
1085 2100 1172 2127 curiae
1185 2099 1416 2132 solemnitatem,
1434 2098 1462 2124 in
1482 2098 1565 2132 cujus
1581 2099 1740 2133 conspectu
1755 2105 1799 2125 re·

1023 2146 1112 2182 probi
1137 2145 1355 2174 confundentur
1382 2145 1442 2180 (ιΙ);
1467 2146 1543 2171 totus
1566 2144 1645 2171 enim
1670 2143 1800 2171 mundus

1023 2193 1268 2229 congregabitur,
1286 2200 1390 2220 omnes
1411 2191 1510 2227 augeli
1529 2190 1566 2218 dc
1591 2190 1680 2225 coelo,
1697 2199 1800 2219 omnes

1023 2242 1158 2268 homines
1174 2240 1210 2267 de
1227 2238 1356 2272 mundo,
1373 2246 1476 2265 01111105
1492 2237 1604 2265 diaboli
1620 2237 1657 2266 de
1673 2238 1799 2271 inferno,

1024 2291 1054 2316 ut
1070 2288 1175 2315 dicitur
1188 2287 1223 2313 ¹⁰:
1237 2286 1475 2320 Conyreyabuntur
1490 2288 1553 2312 ante
1567 2293 1624 2312 eum
1640 2293 1726 2312 omnes
1741 2293 1801 2318 yen—

1025 2338 1072 2362 tes.
1087 2336 1118 2362 Et
1133 2333 1200 2361 ideo
1217 2335 1259 2360 051
1274 2332 1388 2360 bonum
1402 2332 1559 2359 consilium
1575 2340 1642 2360 cum
1657 2331 1778 2359 homine
1791 2352 1798 2365 ,

1025 2383 1076 2419 qui
1095 2381 1132 2409 de
1149 2381 1215 2416 jure
1240 2388 1294 2407 500
1320 2378 1446 2412 dillidit,
1462 2381 1529 2406 ante
1550 2378 1629 2406 diem
1651 2378 1799 2406 sententiae

1025 2428 1197 2465 periculosae
1223 2434 1325 2454 coram
1349 2425 1499 2454 sacerdote
1522 2425 1558 2453 de
1585 2425 1799 2460 compositione

1025 2478 1157 2504 tractare.
1174 2473 1253 2501 [11ἀο
1277 2473 1347 2501 dicit
1361 2473 1482 2509 Sapiens
1497 2472 1515 2489 ¹¹
1533 2481 1539 2500 :
1555 2472 1627 2499 Ante
1646 2471 1799 2507 judicium,

1026 2576 1055 2580 -
1078 2564 1086 2576 ⁹
1109 2560 1212 2587 ΜηίιΙμ,
1234 2565 1295 2589 xxv,
1319 2560 1356 2584 46.
1376 2572 1401 2577 —-
1426 2560 1445 2575 ¹⁰
1469 2558 1541 2588 ibid„
1562 2558 1599 2582 32.
1622 2570 1651 2576 —-
1677 2558 1691 2572 ¹¹
1713 2557 1800 2586 an-li..

1026 2599 1183 2629 xv111,w.-
1198 2596 1231 2626 ((1)
1249 2596 1308 2619 th.
1325 2595 1383 2619 edit.
1401 2595 1505 2619 Octavo.
1517 2606 1547 2611 -—-
1564 2593 1597 2624 (17)
1614 2593 1688 2624 Vulg.
1704 2594 1802 2624 siqnum

1025 2634 1116 2665 fili1.—
1129 2634 1159 2663 (0)
1171 2631 1248 2662 Vulg.
1257 2631 1416 2662 quoadusque
1427 2631 1508 2654 uernat
1521 2630 1679 2653 0017110115.-
1694 2629 1731 2660 (d)
1741 2629 1802 2653 Coet.

1026 2670 1089 2694 edit.
1105 2668 1303 2694 contundantur.
