2004 3037
173 241 233 271 450

171 305 278 334 ductus
297 303 508 338 incarceratur,
527 301 726 330 incarceratus
744 300 895 328 catenatur
909 299 951 327 at-

172 361 230 390 que
249 351 367 388 ligatur,
390 352 419 379 et
438 350 502 386 jam
524 349 648 379 omnino
669 347 804 385 captivus
823 348 947 376 tenetur.

173 399 249 434 Quid
263 398 387 435 horum,
407 405 522 435 quaeso,
535 396 634 433 majus
653 397 682 425 et
699 394 880 424 violentius?
899 392 950 421 Ille

171 447 247 475 liber
269 446 326 482 est3
347 445 401 474 istc
420 446 519 474 autem
534 443 644 480 alnoo,
664 443 696 471 in
715 450 776 479 quo
792 441 948 476 detinetur,

171 493 310 522 recedere
328 500 391 521 non
408 493 513 529 potest.
536 491 582 520 Sic
602 490 705 527 utique
721 489 772 525 qui
785 497 804 516 a
817 487 949 516 secundo

171 540 268 577 gradu
285 539 422 569 violentae
443 537 590 567 charitatis
611 537 768 573 absorptus
788 537 845 570 est,
866 534 951 571 quid-

172 587 247 625 quid
261 588 338 624 agat,
355 594 546 624 quocumque
561 593 592 614 se
609 585 713 618 vertat,
729 583 768 611 ab
782 582 834 610 illa
848 590 909 610 una
923 583 952 610 et

171 635 275 664 intima
289 633 496 663 sollicitudinis
510 641 570 661 suae
583 639 654 661 cura
668 630 757 660 avelli
767 638 830 658 non
843 630 951 666 potest,

171 681 243 718 quia
256 681 362 717 ligatus
379 682 432 710 est.
448 691 461 708 η
479 681 543 709 Haec
557 679 618 708 ille.
637 678 695 706 Sed
714 686 781 714 quoe
802 680 869 704 sunt
882 676 950 704 vin·

172 729 256 765 cula,
271 728 382 765 quibus
396 727 513 764 spiritus
529 727 590 755 sive
606 725 723 754 animus
737 724 778 752 sic
793 723 878 759 ligari
895 731 951 759 po-

171 777 249 804 test?
270 775 441 812 Respondet
459 774 556 810 idem,
579 773 700 802 dicens:
724 771 779 799 «Si
796 770 885 799 vultis
899 778 952 798 au-

172 822 236 850 dire
251 822 289 850 de
304 822 445 851 charitate
459 821 581 857 ligante,
596 819 744 857 propheta
759 819 831 846 Osea
845 817 950 844 dicw:

172 871 205 898 In
219 871 353 904 funiculis
371 869 463 897 Adam
478 868 585 896 traham
601 874 658 901 eos,
680 866 710 893 in
730 865 847 892 vinculis
862 863 952 891 chati-

173 918 252 945 tatz‘s.
268 916 326 945 Sed
340 915 393 953 qui
409 917 476 944 sunt
490 914 537 943 isti
551 913 674 942 funiculi
688 912 783 940 Adam
798 910 886 947 primi
902 917 953 946 pa-

172 963 263 992 rentis
277 962 384 999 nostri,
399 962 456 990 nisi
474 968 600 990 munera
615 959 687 988 Dei?
702 960 734 987 ln
747 965 858 993 magna
873 956 952 984 enim

174 1009 270 1047 gloria
291 1011 406 1039 creatus
425 1009 488 1037 fuit.
504 1008 582 1042 Quid
600 1007 688 1042 igitur
707 1007 775 1034 sunt
789 1005 844 1032 ista
858 1003 954 1032 chari-

176 1057 241 1086 tatis
255 1057 390 1092 vincula,
409 1055 466 1084 nisi
481 1055 530 1083 Dei
550 1053 711 1088 beneficia,
727 1052 810 1080 bona
826 1053 952 1086 naturae,

173 1105 256 1133 hona
271 1103 381 1140 gratiae,
394 1105 421 1132 et
435 1103 518 1131 bona
528 1101 651 1137 gloriae?
667 1101 757 1136 llujtis
771 1099 851 1127 enim
865 1098 952 1126 bene-

173 1151 298 1179 ficentiae
317 1150 443 1179 vinculis
467 1149 618 1177 debitores
640 1146 787 1175 obnoxios
802 1154 856 1174 nos
870 1145 953 1179 fecit,

173 1198 245 1235 quia
270 1200 408 1226 naturam
434 1195 585 1230 condidit,
611 1194 737 1230 gratiam
761 1192 902 1227 contulit,
927 1194 955 1220 ct

175 1246 303 1284 gloriam
317 1244 496 1282 repromisit.
514 1245 585 1271 Ecce
606 1240 754 1269 funiculus
770 1239 886 1275 triplex.
903 1239 955 1265 Fit-

174 1295 296 1328 micalus,
322 1294 421 1321 autem
438 1290 448 1306 ²
477 1292 578 1326 triplex
600 1289 715 1323 difficile
740 1288 888 1322 rumpitur.
906 1287 955 1314 Se-

174 1349 248 1370 neca
263 1340 333 1368 dicit
347 1349 353 1368 :
368 1339 447 1373 «Qui
462 1337 641 1366 beneficium
655 1335 770 1371 accipit,
788 1334 954 1362 libertatem

173 1387 317 1417 vendidit.
338 1396 352 1413 »
369 1385 505 1422 Sequitur
521 1385 550 1411 ³:
572 1393 584 1409 ι(
605 1382 717 1418 Adjecit
737 1384 837 1409 autem
856 1381 954 1408 Domi-

173 1444 230 1464 nus
249 1434 348 1463 adhuc
369 1441 450 1462 nova
464 1431 585 1460 vincula
600 1429 749 1458 charitatis
759 1450 766 1463 ,
783 1437 849 1464 quae
863 1436 956 1456 manu

175 1483 276 1512 valida
291 1480 469 1518 multiplicat
483 1487 572 1515 super
583 1486 648 1512 nos,
660 1479 692 1505 ut
705 1485 760 1504 nos
776 1476 832 1503 sibi
849 1475 956 1504 arctius

176 1530 333 1565 astringat,
354 1536 421 1565 quoe
441 1525 609 1555 enumerari
629 1532 690 1552 non
709 1525 841 1561 possunt.
858 1533 871 1549 »
891 1524 958 1550 Ilaec

177 1577 235 1606 ille.
252 1578 324 1605 Cum
338 1575 384 1604 his
399 1573 561 1603 concordat
573 1571 778 1606 vercellensis,
799 1570 851 1606 qui
867 1577 958 1605 expo-

178 1633 251 1653 nens
269 1622 406 1651 eamdem
421 1620 642 1654 auctoritatem,
661 1618 731 1646 dicit
745 1627 752 1645 :
771 1628 784 1643 α
800 1619 831 1644 ln
847 1618 958 1650 funicu-

178 1672 246 1699 culis
263 1671 353 1698 Adam
373 1669 479 1696 traham
494 1675 549 1698 eos,
567 1666 599 1694 id
614 1667 671 1700 est,
690 1667 719 1692 in
737 1665 854 1692 vinculis
869 1664 957 1690 clim-i-

180 1719 254 1746 tatis.
273 1718 335 1753 lpse
357 1714 506 1752 siquidem
526 1715 600 1741 llcus
615 1714 744 1740 mentem
764 1712 865 1738 movet
884 1710 913 1737 in
929 1717 959 1737 se

179 1773 234 1792 suo
257 1771 375 1797 amore,
399 1760 580 1796 adducitque
596 1760 655 1787 suis
670 1757 958 1794 participationibus,

180 1811 290 1848 quibus
305 1809 404 1838 solum
424 1807 625 1843 cognoscitur3
642 1807 759 1841 quantu
781 1807 880 1832 autem
901 1803 959 1830 illoe

180 1858 248 1891 sint,
265 1856 330 1893 quis
345 1855 450 1883 novit?
466 1865 479 1879 ι)
496 1852 661 1881 liic-hardus
680 1851 769 1886 igitur
790 1851 874 1886 quasi
890 1857 960 1877 con-

181 1904 332 1933 cludendo
352 1902 443 1930 dicit:
463 1912 475 1926 «
490 1901 568 1928 Sicut
583 1900 613 1927 in
628 1899 721 1935 priori
740 1898 834 1933 gradu
850 1897 959 1932 degus-

181 1953 240 1980 tata
255 1950 384 1979 suavitas
401 1949 486 1976 satiat
505 1947 638 1975 animum
655 1945 858 1980 transiigitque
871 1944 959 1972 at‘l‘ec-

182 2001 261 2034 tum3
278 1998 318 2025 sic
336 1996 367 2024 in
387 1996 445 2024 hoc
465 1994 598 2022 secundo
619 1992 730 2028 gradu,
750 1992 882 2027 inspecta
901 1990 960 2018 cla-

181 2046 250 2073 ritas
266 2043 475 2079 cogitationem
492 2041 577 2075 ligat,
597 2043 628 2067 ut
645 2039 724 2066 illius
744 2038 897 2072 oblivisci,
913 2037 960 2065 vel

182 2092 264 2120 aliud
284 2090 412 2126 cogitare
430 2096 492 2117 non
506 2087 606 2124 possit.
624 2096 637 2111 »
658 2087 775 2114 Vincula
793 2086 885 2119 illius,
900 2085 961 2111 ulli-

182 2141 280 2174 qaam-a
293 2139 406 2172 salutis,
424 2136 530 2163 dicitur
546 2134 576 2161 in
590 2134 775 2161 Ecclesiastico
790 2132 809 2158 ·”.

218 2185 262 2214 Ad
288 2184 404 2213 tertium
430 2183 529 2218 itaque
555 2180 683 2216 gradum
708 2178 828 2206 violenti
852 2178 963 2206 amoris

183 2232 326 2266 aseendit,
338 2231 459 2267 quando
471 2237 591 2257 omnem
607 2228 698 2255 alium
714 2234 848 2254 amorem
864 2225 961 2252 exclu-

184 2281 237 2313 dit,
250 2278 372 2315 quando
387 2277 461 2305 nihil
475 2278 579 2312 practer
596 2283 699 2307 unum,
713 2272 760 2300 vel
775 2272 830 2299 nisi
842 2275 962 2307 propter

184 2334 279 2354 uuum
300 2324 406 2359 diligit.
428 2323 582 2359 Sequitur:
603 2332 616 2347 i<
633 2323 663 2349 ln
682 2321 739 2347 hoc
756 2320 855 2354 itaque
878 2319 961 2346 tertio

185 2373 280 2409 gradu
303 2371 440 2400 violentae
461 2369 621 2403 charitatis,
643 2367 717 2395 nibil
739 2367 862 2393 omniuo
882 2366 963 2392 satis-

185 2420 280 2448 facere
295 2420 391 2455 potest
404 2418 509 2454 praeter
524 2424 627 2449 unum,
641 2414 714 2441 sicut
730 2416 757 2440 et
771 2413 844 2440 nihil
859 2420 963 2447 sapore

185 2468 295 2503 potest,
317 2465 373 2493 nisi
390 2466 512 2501 propter
530 2471 634 2490 unum.
650 2463 744 2488 Unum
765 2461 854 2493 amat,
870 2467 964 2486 unum

187 2513 291 2549 diligit,
307 2520 401 2541 unum
416 2512 482 2546 sitit,
499 2518 592 2538 unum
608 2507 799 2543 concupiscit,
815 2506 855 2534 ad
870 2514 963 2533 unum

223 2587 229 2603 ¹
243 2587 309 2616 Osa,
325 2593 362 2617 xi,
377 2587 400 2610 4.
416 2600 442 2605 --
457 2586 465 2600 ²
480 2584 572 2614 Eccle.,
588 2588 623 2613 lv,
642 2584 676 2607 12.
693 2582 742 2600 -3
758 2581 884 2611 laelium„
900 2580 961 2605 ibid.

187 2635 212 2640 -
231 2624 239 2637 ⁴
257 2621 348 2651 Eccli„
366 2628 402 2653 Vl,
421 2623 459 2646 2¹.
477 2634 508 2639 —-
524 2621 534 2638 ⁵
550 2620 633 2648 Cana,
655 2624 680 2648 v,
697 2619 720 2642 8.
736 2631 767 2635 —
781 2617 791 2633 ⁶
806 2617 890 2647 Apoc„
906 2622 963 2647 riu,

187 2660 208 2682 i.
221 2671 251 2676 —
266 2659 273 2673 ⁷
287 2658 370 2687 caut..
387 2663 415 2688 11,
431 2659 454 2681 5.
466 2671 496 2675 —
511 2658 519 2671 ⁸
534 2656 606 2686 Gen„
622 2660 705 2683 xxxii,
721 2655 759 2677 25.

219 2706 250 2736 (a)
266 2706 326 2730 ciet.
341 2705 402 2729 edit.
416 2705 526 2735 seipsum
543 2702 644 2734 penitus
660 2700 751 2724 exurit.

582 232 632 265 DE
654 230 813 265 SEPTEM
835 229 1061 263 lTlNERIBUS
1079 231 1370 266 AETERNITATIS.

1003 299 1135 338 anhelat,
1144 302 1176 330 in
1191 310 1286 331 unum
1299 301 1438 338 suspirat,
1453 300 1527 329 etin
1537 307 1598 329 uno
1614 299 1782 335 inardescit,

1004 346 1037 375 in
1047 355 1108 377 uno
1121 349 1290 386 requiescit,
1303 356 1400 377 unum
1413 347 1512 377 solum
1525 348 1568 376 est
1587 346 1620 376 in
1640 354 1702 384 quo
1714 346 1784 376 refl-

1006 394 1091 431 citur,
1105 403 1200 424 unum
1217 396 1315 425 solum
1330 404 1367 424 ex
1381 403 1442 432 quo
1457 393 1579 423 satiatur
1587 403 1596 430 3
1611 393 1653 422 nil
1667 392 1784 422 dulces-

1006 441 1058 478 cit,
1077 443 1120 471 nil
1134 443 1224 480 sapit,
1245 443 1301 471 nisi
1321 443 1379 471 hoc
1393 450 1454 470 uno
1470 440 1637 470 condiatur.
1651 450 1666 467 n
1681 439 1785 476 Sequi-

1006 490 1068 517 tur:
1078 499 1092 516 α
1104 490 1256 527 Quidquid
1264 490 1341 518 ultro
1352 498 1382 517 se
1396 488 1510 524 offerat,
1523 486 1672 524 quidquid
1680 487 1786 524 sponte

1007 539 1158 572 occurrat,
1175 537 1232 565 cito
1247 537 1392 573 rejicitur,
1409 536 1466 564 cito
1485 533 1686 568 conculcatur,
1703 532 1786 570 quod

1007 591 1062 611 suo
1076 583 1193 612 affectui
1207 592 1270 612 non
1283 583 1404 619 militat,
1420 582 1468 611 vel
1482 582 1545 618 ejus
1557 580 1706 610 desiderio
1724 587 1786 608 non

1008 629 1146 658 deservit.
1168 631 1226 659 Sed
1249 631 1316 667 quis
1338 630 1427 666 hujus
1451 629 1572 658 affectus
1596 627 1784 664 tyrannidem

1008 675 1098 712 digne
1120 677 1291 705 describat?
1319 676 1464 713 quoniam
1487 683 1576 704 omne
1605 674 1787 702 desiderium

1007 723 1142 759 expellit,
1160 732 1249 752 omne
1263 724 1395 752 studium
1409 722 1554 759 excludit,
1571 729 1659 750 omne
1675 719 1786 749 exerci-

1008 769 1082 798 tium
1097 770 1243 799 violenter
1263 770 1420 807 opprimit,
1444 769 1528 810 quod
1551 777 1611 797 suae
1632 767 1787 803 concupis-

1007 817 1109 845 centiae
1137 817 1285 846 deservire
1319 825 1382 846 non
1412 816 1605 852 concupiscit.
1634 815 1787 852 Quidquid

1008 866 1086 899 agat,
1102 864 1251 901 quidquid
1265 864 1354 899 dicat,
1370 864 1519 901 quidquid
1533 863 1654 899 cogitet,
1670 862 1786 898 inutile,

1006 911 1068 939 imo
1089 911 1275 940 intolerabile
1289 912 1417 947 videtur,
1437 911 1493 940 nisi
1513 911 1544 939 in
1565 918 1660 939 unum
1678 909 1724 938 sui
1739 909 1788 938 de-

1007 957 1108 986 siderii
1124 958 1215 986 finem
1230 960 1396 988 concurrat.
1411 959 1485 987 Cum
1502 959 1601 987 autem
1619 956 1676 985 frui
1691 957 1788 994 potest:

1008 1013 1043 1034 eo
1055 1006 1138 1042 quod
1151 1005 1257 1042 diligit,
1274 1006 1375 1034 omnia
1385 1005 1495 1042 pariter
1509 1013 1539 1033 se
1554 1005 1665 1033 habere
1679 1004 1785 1039 credit3

1007 1052 1069 1080 sine
1084 1052 1136 1080 iilo
1151 1054 1250 1080 autem
1271 1052 1373 1081 horret
1395 1051 1514 1087 omnia,
1530 1059 1655 1088 corpore
1671 1050 1787 1086 deficit,

1008 1099 1098 1127 corde
1114 1099 1236 1128 tabescit
1250 1107 1285 1127 ac
1299 1099 1472 1135 languescit,
1488 1098 1647 1126 consilium
1662 1106 1723 1126 non
1739 1105 1786 1125 ac-

1009 1146 1095 1182 cipit,
1116 1146 1223 1174 rationi
1244 1154 1305 1175 non
1325 1146 1500 1183 acquiescit,
1515 1145 1630 1174 nullam
1651 1143 1787 1173 consola-

1008 1193 1119 1221 tionem
1144 1193 1287 1229 admittit3
1313 1193 1366 1221 scd
1390 1188 1498 1221 clamat
1522 1200 1592 1220 cum
1621 1192 1735 1228 Sponsa
1756 1192 1766 1208 ⁶
1779 1200 1786 1220 :

1008 1241 1143 1269 Nuntiate
1171 1241 1286 1274 dilecto,
1314 1242 1381 1275 quia
1409 1248 1498 1267 amore
1524 1240 1646 1274 Ianyuee.
1669 1238 1724 1266 Ubi
1749 1237 1790 1266 ait

1010 1287 1124 1315 Glossa:
1141 1297 1154 1313 «
1170 1289 1230 1315 Prae
1243 1287 1354 1315 amoris
1369 1286 1586 1322 magnitudine,
1600 1285 1701 1314 omnia
1714 1286 1790 1313 tem-

1009 1335 1126 1371 poralia
1140 1337 1208 1362 sunt
1221 1334 1293 1362 mihi
1309 1333 1437 1362 sastidio-
1452 1344 1464 1359 u
1483 1333 1619 1370 Sequitur
1636 1341 1642 1360 τ
1655 1343 1668 1357 «
1681 1333 1792 1360 Tertius

1010 1381 1110 1417 itaque
1126 1381 1236 1417 gradus
1249 1381 1359 1409 amoris
1375 1383 1428 1415 est,
1442 1380 1565 1417 quando
1579 1388 1664 1408 niens
1679 1379 1792 1416 rapitur

1011 1429 1041 1456 iu
1058 1430 1150 1456 ileum
1165 1428 1286 1456 luminis
1301 1428 1455 1464 abyssum,
1467 1427 1508 1455 ita.
1524 1429 1557 1455 ut
1570 1427 1719 1455 humanus
1730 1426 1791 1454 ani-

1013 1484 1079 1502 mus
1095 1475 1124 1503 in
1139 1475 1196 1503 boc
1211 1477 1287 1503 statu
1309 1474 1444 1502 omnium
1467 1473 1647 1502 exteriorum
1667 1473 1792 1508 oblitus,

1014 1523 1129 1558 penitus
1150 1522 1262 1550 nesciat
1286 1522 1433 1558 seipsum,
1456 1523 1594 1557 totusque
1615 1522 1743 1549 transeat
1762 1520 1793 1548 in

1016 1570 1105 1597 Deum
1119 1577 1215 1597 suum.
1233 1571 1263 1597 ln
1279 1569 1336 1597 hoc
1352 1569 1451 1605 itaque
1466 1568 1579 1603 gradu,
1597 1567 1794 1603 compescitur

1015 1616 1101 1652 plene
1117 1616 1283 1644 carnalium
1297 1615 1515 1643 desideriorum
1531 1614 1633 1648 turba,
1649 1616 1677 1642 ct
1693 1614 1703 1631 ⁶
1717 1615 1749 1648 fit
1764 1615 1794 1642 in

1015 1665 1076 1691 coelo
1098 1665 1235 1691 silentium
1258 1665 1337 1698 quasi
1353 1663 1471 1689 dimidia
1490 1663 1565 1689 Ιιονιι.
1581 1663 1612 1690 ln
1634 1661 1691 1690 hoc
1710 1669 1794 1689 nam-

1016 1718 1073 1746 que
1089 1710 1201 1745 gradu,
1219 1710 1291 1737 dum
1305 1718 1389 1737 mens
1406 1717 1423 1736 a
1440 1709 1536 1744 seipsa
1552 1709 1706 1742 alienatur,
1722 1708 1794 1735 dum

1016 1757 1046 1784 in
1066 1757 1141 1784 illud
1161 1756 1297 1783 divinum
1319 1755 1509 1783 secretarium
1527 1755 1650 1790 rapitur,
1667 1754 1740 1782 dum
1755 1754 1794 1782 ab

1016 1804 1068 1831 illo
1085 1803 1178 1831 divini
1190 1803 1300 1830 amoris
1313 1802 1450 1830 inccndio
1467 1801 1677 1837 circumdatur,
1693 1801 1795 1829 intime

1016 1852 1186 1886 penetratur
1215 1852 1243 1877 ct
1275 1849 1493 1883 inflammatur,
1523 1848 1651 1884 seipsam
1677 1847 1794 1884 penitus

1018 1897 1097 1925 exuit
1107 1897 1155 1933 (a),
1170 1899 1198 1924 et
1210 1896 1346 1924 divinum
1360 1895 1524 1932 quemdam
1536 1895 1674 1923 aflectum
1689 1895 1795 1929 induit,

1018 1946 1045 1971 ct
1069 1945 1206 1979 inspectoe
1226 1942 1440 1979 pulchritudini
1462 1942 1661 1977 configurata,
1683 1943 1742 1969 tota
1764 1941 1795 1969 in

1017 1991 1107 2018 aliam
1132 1990 1258 2026 gloriam
1284 1989 1394 2017 transit.
1421 1989 1453 2016 ln
1473 1988 1530 2017 hoc
1549 1990 1624 2017 statu
1648 1989 1748 2016 anima
1765 1987 1795 2016 in

1017 2037 1114 2072 illum,
1131 2046 1220 2073 quein
1232 2037 1342 2071 diligit,
1357 2035 1508 2072 liquescit,
1529 2037 1557 2063 et
1574 2034 1604 2063 in
1625 2035 1720 2071 seipsa
1734 2037 1795 2063 tota

1017 2085 1191 2121 languescit,
1207 2086 1239 2112 ut
1254 2084 1332 2111 dieat
1346 2084 1373 2110 ⁷:
1390 2084 1492 2110 Fulcite
1507 2090 1547 2110 me
1563 2084 1683 2117 floribus,
1695 2084 1796 2118 stipate

1018 2141 1058 2160 mc
1072 2133 1161 2166 malis,
1176 2133 1241 2166 qut-'a
1255 2139 1343 2158 amore
1358 2132 1480 2164 Ianflueo.
1498 2140 1512 2157 >›
1530 2131 1594 2157 Haec
1607 2129 1667 2158 ille.

1055 2179 1112 2207 Sed
1129 2181 1214 2212 nota,
1236 2177 1319 2213 quod
1341 2177 1448 2211 triplex
1467 2178 1510 2204 est
1530 2176 1667 2211 languor.
1683 2175 1795 2204 Primus

1020 2228 1061 2254 est
1090 2225 1222 2253 desectus
1245 2223 1393 2259 eorporis,
1419 2232 1455 2250 ex
1480 2223 1644 2251 intensione
1672 2223 1796 2251 fervoris

1020 2272 1140 2306 autoris,
1155 2271 1203 2299 vel
1219 2270 1377 2298 charitatis.
1394 2270 1474 2297 Unde
1490 2270 1592 2298 Glossa
1607 2269 1692 2298 dicit:
1705 2279 1718 2294 «
1731 2270 1796 2297 Jam

1019 2320 1119 2348 anima
1137 2318 1313 2354 supradictis
1333 2317 1512 2351 confortata,
1528 2316 1567 2344 ita
1585 2317 1617 2344 in
1631 2323 1732 2344 amore
1747 2315 1796 2342 Dei

1021 2367 1119 2401 ardet,
1143 2368 1189 2400 ut,
1213 2373 1274 2401 proe
1296 2364 1389 2392 nimio
1411 2364 1535 2398 ardore,
1555 2363 1683 2398 languor
1702 2361 1796 2390 earnis

1020 2413 1182 2441 immineat.
1198 2421 1212 2438 n
1230 2413 1381 2441 Crescente
1398 2411 1478 2438 enim
1493 2410 1598 2437 virtute
1610 2408 1731 2442 mentis,
1747 2407 1796 2436 de-

1021 2461 1124 2488 crescit
1135 2458 1275 2487 sertitudo
1292 2458 1436 2493 corporis,
1451 2457 1491 2485 ait
1505 2457 1606 2485 Glossa
1619 2464 1708 2493 super
1721 2455 1797 2484 illud

1021 2507 1137 2536 Genesis
1152 2508 1161 2523 ⁸
1175 2516 1180 2534 :
1198 2507 1317 2539 Anaeitis
1335 2506 1442 2532 imminu:
1456 2506 1547 2537 tetigit
1561 2512 1685 2535 nervum,
1701 2504 1755 2531 etc.

1058 2557 1127 2583 ltcm
1143 2556 1185 2581 est
1196 2553 1270 2580 alius
1280 2552 1408 2586 languor
1419 2550 1566 2578 charitatis
1580 2552 1714 2586 respectu
1728 2552 1798 2578 tem-

1022 2601 1181 2638 poralium.
1198 2599 1279 2627 Unde
1299 2599 1400 2626 Glossa
1419 2596 1554 2624 ibidem:
1573 2598 1732 2631 «Quanto,
1752 2596 1797 2624 in·

1022 2649 1094 2684 quit,
1109 2647 1147 2675 ad
1160 2654 1291 2674 amorem
1307 2643 1413 2681 Sponsi
1423 2652 1452 2671 se
1464 2643 1598 2671 accendit
1613 2651 1707 2678 mens,
1718 2644 1796 2672 tanto

1023 2696 1061 2723 ab
1077 2702 1177 2722 amore
1195 2691 1406 2728 temporalium
1422 2690 1596 2725 languescit.
1612 2701 1626 2717 »
