2004 3037
120 1137 194 1156 Vix-tus

88 1166 192 1193 Trisugii.

211 268 270 298 346

211 333 294 362 debit
305 333 443 362 altissime
452 335 530 362 totus
544 333 663 370 chorus,
673 333 722 362 vel
733 333 852 369 chorea,
861 334 910 363 vel
924 334 990 363 bal-

210 380 270 409 lata
283 382 454 409 sanctorum
466 380 552 409 illum
562 382 693 416 cantum,
709 381 761 417 qui
770 381 943 410 rescribitur
957 381 988 410 in

210 427 302 456 Paulo
317 430 327 446 ¹
347 437 354 456 :
379 429 448 463 Regi
467 429 625 456 soeculorum
646 429 818 463 immortali,
837 429 988 463 invisibili,

210 476 263 503 soli
273 476 327 503 Deo
339 475 422 503 honor
436 477 461 503 et
475 476 565 511 qima
578 477 609 504 in
623 476 722 503 soecula
733 476 902 504 saeculorum.
912 475 987 511 Tibi,

209 521 346 558 inquam,
361 522 495 557 Domine,
512 522 565 559 qui
579 530 610 551 es
623 524 682 550 Rex
700 522 736 558 (a)
756 522 891 550 omnium
903 531 986 551 soecu-

211 571 308 604 lorum,
321 577 378 606 pro
392 569 481 598 nobis
494 571 610 598 tantum
626 569 814 605 humiliatus3
835 571 866 598 tu
881 572 989 598 immor-

211 618 293 651 talis,
317 617 369 653 qui
389 625 445 653 pro
462 616 554 645 'nobis
572 616 604 644 in
625 624 712 644 cruce
733 624 764 644 es
783 619 934 652 mortuus3
955 619 987 646 tu

210 664 375 696 invisibilis,
391 663 442 700 qui
464 665 565 692 tamen
586 663 675 692 nobis
697 663 824 691 visibilis
831 672 840 699 ;
863 665 895 692 tu
915 665 988 692 solus

210 713 328 738 sanctus
353 710 384 738 in
403 711 573 746 majestate,
589 710 677 738 nobis
695 713 796 739 tamen
818 710 988 738 misericor-

211 757 287 785 diter
307 758 483 794 associatus3
500 760 531 786 tu
553 766 584 786 es
602 757 803 794 omnipotens,
818 766 874 794 pro
897 758 988 786 nobis

211 806 309 832 autem
332 805 425 832 homo
443 804 536 833 factus
551 813 592 834 eS.
615 805 689 838 Tibi,
703 805 839 841 inquam,
853 805 936 832 honor
950 812 987 832 ex

210 851 373 886 creatione,
388 853 477 886 gloria
491 860 527 880 ex
542 852 766 888 redemptione,
779 854 810 879 in
824 852 924 879 saeculn
938 859 987 879 εω-

210 899 326 926 culorum
336 906 372 926 ex
382 901 489 927 aeterna
500 899 662 927 salvatione
669 909 677 934 ;
693 900 790 934 Amen,
802 907 839 926 ex
852 898 987 926 omnium

208 945 425 980 promissorum
444 947 564 974 tuorum
579 945 741 974 certissima
761 945 986 982 adimpletione.

244 992 374 1020 Tandem
390 1001 493 1020 omnes
516 993 609 1020 sancti
630 993 739 1026 dicent,
761 993 834 1020 alter
858 992 897 1020 ad
916 992 987 1020 altc-

208 1046 285 1073 rum,
295 1038 381 1066 illum
393 1039 624 1067 sacratissimum
634 1039 780 1075 hymnum
791 1041 820 1066 et
833 1039 987 1074 trisagium

209 1084 384 1119 gloriosum,
409 1086 493 1122 quod
514 1086 651 1114 scribitur
667 1086 696 1113 in
718 1085 813 1113 Isaia³
833 1095 839 1114 ε
859 1087 985 1121 Sanctus,

209 1132 334 1165 Sanctus,
347 1133 470 1165 Sanctus,
483 1130 699 1160 Dominus'neus
713 1133 839 1167 Sabaoth,
851 1133 896 1161 vel
912 1141 987 1161 escer-

209 1179 320 1211 cituum,
336 1180 410 1213 pleni
429 1182 493 1207 sunt
508 1181 566 1207 cu’li
581 1183 605 1206 ec
623 1182 695 1207 terra
709 1181 797 1213 qloria
817 1180 882 1214 ejus.
899 1180 988 1215 Cujus

209 1227 251 1252 est
267 1227 345 1253 tanta
361 1226 462 1261 virtus,
479 1227 562 1262 quod
578 1226 628 1262 qui
645 1226 715 1254 dicit
733 1226 818 1254 illum
829 1248 836 1260 ,
853 1235 871 1254 a
894 1230 987 1255 morto

209 1272 380 1306 subitanea,
396 1275 423 1300 et
438 1273 568 1309 fulgure,
585 1276 612 1301 et
627 1274 767 1301 omnibus
790 1274 988 1302 tribulanoni-

209 1318 266 1346 bus
281 1321 324 1346 est
344 1327 478 1355 securus,
504 1322 535 1348 ut
555 1320 596 1348 ait
615 1322 812 1348 Damascenus
827 1322 847 1346 ³.
868 1322 989 1357 Propter

243 1382 248 1395 '
271 1381 278 1405 1
300 1382 372 1413 Tim„
389 1389 412 1413 1,
434 1385 471 1407 Π.
489 1397 516 1401 -
537 1385 547 1401 ²
564 1384 625 1413 Iso„
644 1389 682 1414 vr,
703 1384 726 1407 3.
746 1397 772 1401 -
787 1384 798 1400 θ
817 1384 945 1415 Damaso,
960 1384 989 1408 (le

210 1416 269 1440 Ful.
286 1417 399 1449 maman,
415 1419 459 1443 lib.
479 1419 521 1448 ΙΙΙ,
537 1426 560 1444 c.
576 1426 601 1444 x.
620 1433 646 1438 -
663 1420 670 1434 ⁶
686 1419 766 1451 Rom„
785 1425 823 1448 ΠΙ,
838 1421 879 1444 23.

771 265 913 299 DIAETAE
931 266 1098 299 SALUTIS
1117 265 1194 299 TIT.
1216 267 1255 299 X.

1042 334 1127 372 quod
1155 334 1255 363 statuit
1279 335 1381 362 sancta
1409 332 1544 370 synodus
1571 332 1818 363 Chaloedononsis

1043 383 1148 418 quarta
1161 381 1220 410 hoc
1239 380 1395 416 trisagium
1409 381 1517 408 sanctae
1530 379 1676 408 Trinitatis
1689 388 1709 409 a
1720 374 1818 410 fideli-

1041 428 1099 456 bus
1119 427 1180 456 dici
1203 430 1306 456 contra
1320 435 1425 455 omnes
1445 426 1641 462 stellionatus,
1661 427 1695 455 id
1707 429 1752 456 est
1763 427 1817 457 mi-

1041 483 1096 504 nas
1106 475 1234 510 divinas,
1245 477 1278 503 ut
1287 475 1329 503 ait
1343 475 1540 502 Damascenus
1553 473 1678 510 ibidem,
1687 474 1816 504 scilicet:

1042 523 1127 557 Aqios
1150 530 1164 550 ο
1188 522 1286 556 Theos,
1301 522 1424 550 Sanctus
1443 522 1519 549 Deus
1539 530 1546 549 :
1567 521 1654 556 Agyios
1675 522 1816 556 ischyros,

1041 569 1165 598 Sanctus
1183 569 1290 597 fortis:
1318 569 1406 604 Aqies
1427 570 1586 603 athanatos,
1611 569 1710 596 eleison
1731 570 1817 604 imas,

1041 616 1164 644 Sanctus
1182 618 1211 644 et
1231 615 1423 650 immortalis,
1437 616 1577 643 miserere
1591 614 1690 643 nobis.
1711 616 1744 644 ln
1755 623 1818 652 quo

1043 663 1161 698 trisagio
1175 663 1270 691 sancti
1283 662 1395 691 faciunt
1416 662 1583 699 specialiter
1597 662 1653 690 tria
1674 670 1681 689 :
1707 661 1819 690 scilicet

1041 709 1209 738 Trinitatem
1223 709 1400 738 confitentur
1413 709 1444 737 in
1456 717 1516 738 una
1530 709 1665 743 essentia,
1679 708 1760 737 unde
1776 708 1819 737 di·
1855 730 1859 733 .

1043 757 1081 784 eit
1092 756 1181 785 isaias
1197 765 1204 784 :
1220 756 1343 788 Sanetus,
1359 756 1486 791 Sanctus,
1499 756 1629 789 Sanctus3
1645 757 1819 792 potestatem

1043 805 1070 831 et
1081 802 1195 838 judicia
1208 802 1414 836 admirantur,
1429 802 1560 843 dicentes
1575 811 1582 830 :
1603 804 1733 830 Dominus
1749 804 1819 830 Deus

1042 851 1224 881 exercituum
1248 849 1387 885 pietatem
1409 851 1437 877 et
1458 848 1605 877 beneficia
1628 850 1818 884 venerantur,

1042 895 1185 924 addentes
1199 904 1205 923 :
1225 896 1307 923 Plena
1321 898 1358 923 est
1370 897 1457 924 onmis
1467 898 1552 931 terra,
1567 897 1630 923 tam
1643 895 1818 930 viventium,

1042 950 1134 978 quam
1148 942 1350 977 morientium,
1365 943 1455 977 yloria
1468 942 1536 977 ejtts,
1553 942 1584 970 id
1600 944 1644 970 est
1657 942 1820 970 misericor-

1043 989 1092 1017 dia
1107 989 1180 1024 ejus,
1196 989 1226 1017 in
1241 997 1302 1026 qua
1319 991 1395 1017 Deus
1409 989 1559 1026 praeeipue
1574 988 1740 1017 ostenditur
1754 989 1819 1025 glo-

1041 1036 1148 1069 riosus,
1159 1038 1189 1064 ut
1197 1035 1317 1072 exponit
1325 1035 1435 1064 Glossa.
1448 1036 1529 1064 Unde
1539 1036 1609 1064 dicit
1618 1035 1780 1072 Apostolus
1789 1035 1818 1063 ⁴:

1045 1083 1139 1110 Omnes
1154 1085 1224 1110 enim
1235 1086 1421 1119 peccaverunt,
1437 1086 1461 1111 et
1477 1086 1553 1118 egent
1568 1085 1658 1118 ylom'a
1672 1084 1737 1114 Dei,
1754 1090 1820 1118 quoe

1043 1133 1084 1158 est
1099 1129 1223 1158 infinita.
1238 1129 1282 1158 Ad
1297 1137 1388 1165 quain
1403 1129 1530 1165 gloriam
1546 1137 1600 1157 nos
1623 1129 1777 1166 perducat,
1791 1131 1821 1156 et

1042 1177 1198 1213 participes
1210 1176 1316 1204 efficiat
1330 1177 1435 1204 ductor
1449 1177 1529 1204 illius
1537 1177 1651 1205 choreoe
1664 1178 1746 1205 Jesus
1759 1175 1819 1204 Vir-

1043 1224 1118 1259 ginis
1131 1224 1220 1257 filius,
1234 1224 1281 1251 cui
1294 1232 1362 1251 cum
1374 1225 1431 1251 Deo
1443 1225 1534 1258 Patre,
1551 1226 1579 1251 ct
1591 1223 1697 1260 Spiritu
1707 1224 1818 1257 sancto,

1042 1271 1093 1298 uni
1108 1271 1164 1299 soli
1179 1272 1237 1299 Deo
1257 1271 1326 1299 vivo
1345 1274 1373 1299 et
1388 1279 1471 1306 vero,
1487 1274 1530 1299 est
1549 1271 1657 1305 honor,
1673 1272 1702 1298 et
1723 1270 1818 1306 impe-

1042 1320 1119 1346 rium
1133 1319 1303 1354 majestatis,
1316 1327 1370 1354 per
1380 1319 1494 1366 ipfinita
1508 1318 1615 1347 saecula
1629 1317 1817 1346 saeculorum:

1043 1368 1146 1393 Amen.

1075 1420 1111 1451 (a)
1126 1420 1188 1444 Caet.
1204 1419 1264 1444 edit.
1279 1419 1351 1443 deest
1366 1418 1423 1443 Rex.
