2004 3037
218 258 276 287 106

216 324 291 352 esset
309 323 341 350 in
357 321 552 356 animalibus,
570 329 632 350 non
654 321 723 350 satis
742 323 818 350 esset
835 321 939 350 videre
961 324 990 351 et

216 369 319 397 audire
333 368 421 403 utile,
436 369 464 395 et
485 368 649 396 secundum
669 368 744 396 alios
761 376 864 397 sensus
883 377 990 405 appre—

215 415 354 443 hendere.
374 414 543 442 Secundum
565 416 608 442 est
626 415 720 442 multa
740 416 856 443 sensata
871 423 991 451 compa-

214 469 290 496 rare,
304 460 432 488 dicendo
445 469 540 488 unum
555 469 616 489 esse
627 461 724 495 dulce,
740 462 769 489 et
782 461 864 489 aliud
875 461 991 489 dulcius

216 515 292 534 esse:
306 509 334 534 et
346 507 404 535 hoc
415 507 484 535 ideo
499 515 601 535 sensus
616 507 783 536 communis
799 507 889 535 habet
896 527 906 542 ,
919 507 991 543 quia

215 553 254 580 ad
268 553 367 589 ipsum
385 553 552 581 referuntur
567 554 702 582 omnium
716 553 908 590 propriorum
921 561 989 581 sen-

215 608 302 628 suum
324 603 449 629 sensata.
477 603 542 629 Hfflc
564 599 665 629 virtus*
685 602 716 630 in
744 602 882 630 anteriori
908 603 991 638 parte

215 647 328 677 cerebri
347 648 482 684 ponitur,
503 648 535 675 in
555 648 623 676 loco
641 648 694 676 ubi
716 651 895 677 concurrunt
907 649 991 676 nervi

215 693 345 722 sensitivi
360 694 491 730 quinque
505 702 662 730 sensuum,
681 695 732 731 qui
746 695 830 723 locus
845 695 992 723 medullo-

216 748 266 768 sus
280 742 323 769 est
336 742 363 769 et
376 740 526 769 humidus.

408 834 567 868 CAPUT
603 834 795 869 XXXVII.

459 906 496 932 De
509 906 538 932 vi
554 906 747 940 imaqinativa.

253 972 348 1003 Virtus
359 973 553 1008 imaginativa
568 976 610 1001 est
625 974 754 1010 potentia
766 974 992 1010 apprehensiva,

217 1019 247 1046 in
263 1027 324 1055 qua
333 1019 476 1054 imagines
490 1028 590 1048 rerum
600 1020 785 1048 sensibilium
794 1023 991 1048 reservantur.

217 1067 281 1094 Ilaec
303 1066 395 1093 virtus
414 1066 482 1102 plus
506 1066 648 1104 abstrahit
668 1074 760 1102 quam
781 1075 901 1101 sensus,
924 1067 994 1103 quia

218 1119 318 1139 sensus
337 1119 398 1139 non
422 1112 527 1148 accipit
547 1113 674 1140 sormam
697 1113 752 1140 nisi
778 1116 919 1149 praesente
939 1122 992 1141 re:

218 1158 272 1186 ista
290 1161 387 1186 autem
401 1162 531 1186 reservat
549 1159 694 1193 sormam,
710 1160 797 1187 etiam
812 1169 842 1188 re
862 1160 992 1189 absente.

220 1206 250 1233 In
269 1205 325 1232 hoc
344 1205 431 1232 etiam
451 1205 624 1240 imaginatio
648 1206 744 1233 differt
767 1214 784 1234 a
804 1215 889 1234 sensu
914 1215 995 1234 com-

219 1251 323 1284 muni,
352 1252 422 1287 quia
449 1260 551 1289 sensus
580 1252 746 1279 communis
773 1253 927 1288 praesentia
952 1253 993 1280 rei

220 1298 371 1325 exterioris
386 1298 511 1333 indiget,
527 1299 600 1326 sicut
614 1306 716 1326 sensus
730 1299 923 1334 particularis.
941 1302 995 1328 Ista

220 1347 318 1373 autem
330 1346 432 1379 virtus,
445 1346 554 1374 scilicet
569 1346 751 1382 imaginatio,
769 1347 920 1374 thesaurus
935 1347 992 1374 sor-

219 1399 336 1419 marum
358 1394 497 1426 vocatur,
515 1393 584 1428 quia
608 1393 637 1420 in
655 1401 705 1426 ea,
721 1393 795 1420 sicut
815 1393 927 1420 dictum
941 1395 994 1427 cst,

219 1436 321 1465 sormae
346 1446 364 1465 a
387 1439 615 1474 particularibus
633 1439 768 1466 sensibus
793 1442 916 1474 receptae
930 1439 996 1466 reti—

220 1486 326 1512 nentur
341 1487 369 1512 ct
382 1485 636 1513 immobilitantur.
650 1487 712 1513 Haec
728 1486 859 1521 potentia
871 1486 901 1513 in
917 1488 996 1513 ante-

220 1531 290 1558 riori
306 1533 388 1566 parte
404 1532 528 1565 cerebri,
544 1540 595 1559 scu
610 1532 751 1566 interiori,
765 1532 838 1559 sicut
853 1535 879 1559 ct
894 1540 996 1559 sensus

221 1578 400 1612 communis,
416 1578 554 1614 ponitur:
578 1581 606 1605 et
620 1578 667 1605 hic
692 1578 787 1613 major
809 1581 851 1606 cst
876 1579 996 1606 durities

221 1631 254 1651 cx
271 1623 428 1659 frigiditate
450 1625 562 1652 cerebri
578 1625 769 1660 provenienS,
785 1625 836 1653 ubi
851 1628 878 1652 et
892 1626 994 1660 imagi-

221 1671 319 1697 nat'wa
342 1671 445 1698 retinet
466 1671 673 1706 impressiones
695 1680 712 1698 a
735 1679 822 1698 sensu
844 1672 995 1699 communi

220 1719 361 1753 receptas.

383 1810 561 1842 CAPUT
596 1810 833 1843 XXXVIII.

472 1883 508 1908 De
528 1883 557 1907 'tiz'
576 1882 747 1908 cestimatt‘ra.

259 1951 436 1978 AEstimativa
450 1951 541 1978 virtus
556 1953 614 1983 est,
631 1959 696 1986 quae
714 1958 731 1977 a
746 1950 841 1977 torma
856 1950 999 1985 acquisita

223 1997 400 2025 intentiones
416 1997 509 2032 elicit,
531 2006 596 2033 qum
612 2005 699 2024 sensu
714 2005 774 2024 non
788 1996 1000 2032 percipiuntur,

223 2044 388 2071 secundum
413 2052 504 2079 quam
532 2043 596 2070 ovis
621 2043 696 2078 sugIt
721 2043 836 2078 lupum,
862 2046 889 2070 et
913 2043 1000 2078 lupus

224 2091 378 2117 miseretur
393 2098 446 2117 suo
462 2090 524 2117 filio
538 2099 543 2117 :
560 2090 616 2117 hoc
629 2092 727 2117 autem
743 2098 802 2117 non
818 2092 915 2125 posset
926 2089 999 2123 fieri,

225 2137 278 2163 ni>i
295 2137 383 2171 lupus
402 2136 523 2163 haberet
543 2136 740 2170 cognitionem
761 2136 823 2170 ejus
842 2135 999 2170 individui,

226 2185 252 2209 et
268 2183 351 2217 quod
366 2183 421 2209 hoc
436 2182 625 2209 individuum
639 2182 675 2209 sit
689 2184 773 2209 natus
795 2183 871 2217 ojus.
888 2183 961 2208 sicut
975 2184 1002 2209 et

227 2229 290 2255 ovis
302 2228 497 2264 apprehendit
508 2228 611 2263 lupum
622 2229 676 2255 >ibi
692 2229 831 2255 nocivum
845 2238 850 2255 :
863 2229 916 2256 ista
931 2238 1001 2256 vcro

227 2283 287 2301 non
301 2277 423 2309 possunt
445 2274 507 2301 fieri
527 2282 580 2309 per
602 2282 730 2301 sensum.
753 2275 931 2301 AEstimativa
946 2275 1000 2301 dif-

227 2321 280 2348 fert
309 2321 348 2348 ab
377 2321 587 2353 imaginatione
618 2330 624 2347 :
657 2321 801 2355 quoniam
830 2322 1001 2355 imaginatio

227 2368 324 2395 solum
340 2367 443 2394 retinet
466 2366 575 2394 formas
596 2367 796 2402 apprehensas
816 2375 868 2402 per
883 2375 1002 2394 sensum

228 2421 432 2446 communem,
457 2415 483 2439 ct
505 2413 542 2439 ad
565 2413 805 2447 imaginationem
826 2413 921 2440 solam
943 2421 1002 2440 non

228 2460 359 2495 sequitur
371 2460 491 2486 affectus
505 2459 639 2491 miseriae,
652 2459 699 2486 vel
714 2459 843 2493 tristitice,
860 2459 907 2486 vel
922 2460 1002 2493 fuga,

228 2507 274 2533 vel
299 2506 455 2539 insecutio;
477 2505 515 2532 ad
538 2505 759 2532 aestimationcm
785 2508 882 2532 auum
906 2506 1002 2532 statim

229 2552 359 2587 sequitur
383 2552 539 2587 quodlibet
563 2551 695 2578 istorum.
720 2551 800 2578 Unde
824 2552 896 2578 sicut
920 2551 1001 2578 intel-

229 2599 319 2625 lectus
336 2598 480 2633 practicus
493 2606 522 2625 se
535 2597 670 2625 habetad
685 2598 957 2633 speculativum,ita
972 2607 1001 2625 sc

230 2644 319 2671 habet
337 2645 507 2672 aestimativa
523 2645 562 2672 ad
577 2645 799 2680 imaginata-am
816 2656 821 2673 :
845 2648 871 2673 et
884 2648 1003 2681 propter

230 2689 286 2717 hoc
297 2691 469 2720 aestimativa
478 2700 538 2719 non
549 2692 646 2720 solum
657 2692 872 2728 apprehensiva
884 2694 939 2725 est,
951 2692 1001 2718 sed

550 255 807 287 COMPENDIUM
828 255 1085 288 THEOLOGIGAE.
1106 256 1330 289 VERITATIS.
1353 257 1428 289 LIB.
1451 257 1489 288 lI.

1047 323 1136 352 etiam
1145 324 1268 359 motiva,
1282 331 1336 360 per
1344 323 1402 352 hoc
1416 323 1498 360 quod
1507 323 1683 351 determinat
1696 323 1736 351 ad
1745 324 1819 364 quid

1045 371 1161 399 moveri
1182 371 1289 399 debeat
1309 371 1434 406 animal,
1450 373 1478 399 et
1499 379 1517 399 a
1538 378 1599 407 quo
1617 370 1730 406 fugere.
1746 371 1818 400 Cum

1046 417 1125 446 enim
1146 417 1258 445 animal
1271 419 1408 446 movetur
1422 418 1460 446 ad
1482 417 1597 451 cibum,
1617 418 1734 453 oportet
1746 417 1819 446 aesti-

1045 463 1207 492 mationem
1225 463 1283 492 cibi
1303 464 1334 492 in
1353 464 1474 492 animali
1495 472 1568 492 esse.
1590 464 1647 491 Sed
1667 463 1820 492 aestimatio

1046 517 1108 538 non
1131 510 1230 538 solum
1257 512 1379 545 movet,
1407 510 1469 538 imo
1497 510 1586 538 etiam
1614 509 1818 546 apprehendit.

1046 557 1165 592 Oportet
1189 556 1280 591 igitur
1306 556 1417 584 animal
1443 556 1554 584 habere
1581 556 1820 590 aestimationem,

1047 610 1108 638 qua
1127 604 1292 630 moveatur.
1317 602 1453 631 Officium
1473 603 1562 638 igitur
1583 602 1761 630 aestimativoe
1779 603 1822 630 est

1046 649 1270 685 apprehendere
1287 649 1483 684 intentiones,
1503 657 1565 677 non
1586 649 1708 685 quidem
1731 649 1820 676 ratio-

1046 695 1103 729 nis,
1118 695 1171 722 sed
1185 696 1305 723 naturae.
1322 695 1400 723 Unde
1412 703 1474 723 non
1487 695 1683 731 apprehendit
1698 695 1772 731 quid
1786 695 1823 723 sit

1046 741 1247 777 syllogismus,
1263 744 1313 770 aut
1326 749 1451 776 nomen,
1463 743 1514 769 aut
1527 742 1670 776 verbum,
1686 741 1735 769 vel
1750 741 1823 769 ami-

1047 787 1124 822 citia,
1139 787 1189 815 vel
1205 787 1373 822 inimicitia,
1387 787 1581 816 commodum
1596 788 1643 816 vel
1657 787 1822 815 incommo-

1048 834 1134 868 dum,
1159 834 1233 861 sicut
1254 833 1366 862 dictum
1385 835 1437 862 est.
1460 835 1524 861 IIaec
1546 833 1638 862 virtus
1656 833 1778 870 ponitur
1791 833 1822 861 in

1047 879 1144 915 prima
1158 881 1240 915 parte
1254 879 1361 907 mediae
1373 879 1486 907 cellulae
1501 879 1630 914 cerebri,
1646 888 1711 916 quae
1725 878 1823 908 calida

1049 928 1090 954 est
1104 934 1140 953 ex
1155 928 1237 953 motu
1251 925 1336 953 multi
1351 925 1468 962 spiritus
1481 925 1520 953 ad
1534 925 1639 965 ipsam.

1231 1018 1408 1052 CAPUT
1445 1018 1637 1052 XXXIX.

1331 1092 1367 1118 De
1382 1090 1542 1117 Phantasia.

1085 1159 1240 1187 phantasia
1253 1161 1296 1187 est
1311 1159 1403 1187 virtus
1421 1159 1469 1186 vel
1487 1158 1618 1195 potentia
1641 1166 1824 1196 componens

1050 1206 1193 1241 imagines
1213 1213 1281 1233 cum
1300 1205 1497 1240 imaginibus,
1512 1207 1540 1232 et
1559 1205 1734 1232 intentiones
1757 1213 1825 1233 cum

1050 1252 1277 1285 intentionibus,
1300 1254 1327 1279 et
1347 1251 1491 1286 imagines
1514 1259 1582 1279 cum
1603 1251 1824 1279 intentionibus.

1050 1298 1224 1334 componit,
1244 1298 1387 1334 inquam,
1412 1297 1566 1333 phantasia
1594 1297 1736 1332 imagines
1759 1305 1826 1324 cum

1050 1344 1246 1379 imaginibus,
1268 1347 1299 1371 ut
1323 1346 1364 1371 cst
1384 1344 1606 1379 apprehendere
1631 1343 1745 1379 aliquid
1765 1350 1826 1370 esse

1050 1390 1167 1425 album,
1184 1391 1231 1418 vel
1246 1391 1364 1425 nigrum
1377 1411 1386 1424 ‚
1400 1390 1448 1417 vel
1469 1390 1601 1417 diversas
1622 1389 1732 1416 formas
1747 1396 1827 1416 com-

1050 1445 1171 1472 ponere,
1198 1438 1226 1464 et
1245 1437 1357 1471 fingere
1381 1435 1722 1471 chimeerasfflomponit
1742 1435 1829 1462 ctiam

1050 1484 1224 1511 intentiones
1249 1491 1316 1510 cum
1335 1483 1561 1516 intentionibus,
1577 1484 1609 1509 ut
1622 1483 1701 1517 patet
1716 1481 1745 1508 in
1761 1488 1828 1515 ove,

1051 1539 1116 1566 quic
1131 1529 1327 1566 apprehendit
1346 1531 1416 1556 nato
1435 1537 1489 1556 suo
1508 1528 1670 1564 praebenda
1684 1535 1745 1555 esse
1761 1527 1830 1555 ube-

1051 1585 1096 1610 ra,
1127 1579 1153 1603 et
1182 1576 1312 1603 alienum
1339 1583 1401 1602 essc
1428 1574 1644 1610 repellendum.
1674 1573 1830 1609 componit

1051 1624 1138 1651 etiam
1169 1622 1314 1657 imagines
1341 1630 1409 1649 curn
1443 1620 1670 1654 intentionibus,
1700 1622 1732 1647 ut
1761 1627 1828 1647 cum

1050 1669 1246 1706 apprehendit
1260 1669 1324 1696 ovis
1345 1668 1472 1695 formam
1487 1667 1622 1703 lupinam
1638 1674 1700 1693 esse
1715 1666 1829 1701 fugien-

1052 1717 1132 1744 dam.
1150 1718 1202 1743 Per
1216 1715 1405 1751 phantasiam
1427 1714 1523 1748 major
1546 1713 1672 1741 habetur
1688 1713 1829 1748 cognitio,

1052 1771 1117 1799 quae
1130 1764 1224 1798 potest
1236 1761 1340 1789 haberi
1356 1762 1386 1788 in
1401 1761 1500 1788 anima
1514 1760 1647 1787 sensibili
1664 1769 1669 1786 :
1686 1768 1739 1795 per
1752 1759 1828 1786 hanc

1050 1810 1128 1836 enim
1143 1817 1203 1836 non
1220 1808 1317 1835 solum
1330 1808 1383 1835 scit
1398 1806 1568 1843 praesentia,
1584 1806 1635 1833 sed
1656 1806 1743 1833 etiam
1758 1813 1828 1840 pro-

1053 1855 1132 1882 videt
1146 1855 1201 1881 sibi
1217 1855 1246 1881 in
1262 1854 1402 1881 futurum.
1424 1855 1476 1880 Per
1498 1853 1573 1879 hanc
1595 1852 1673 1878 enim
1689 1851 1828 1887 quoedam

1053 1901 1193 1929 animalia
1205 1900 1311 1927 faciunt
1328 1899 1383 1926 sibi
1397 1907 1489 1932 casas,
1501 1900 1527 1925 ct
1539 1898 1576 1925 de
1592 1898 1659 1925 cibo
1671 1897 1830 1933 provident

1054 1948 1083 1975 in
1106 1947 1324 1982 longinquum;
1345 1954 1396 1981 per
1419 1945 1495 1972 hanc
1523 1944 1610 1971 etiam
1635 1944 1672 1971 de
1697 1944 1748 1971 illo
1777 1944 1830 1971 scit

1054 1993 1136 2029 quod
1151 1993 1186 2020 sit
1202 1993 1280 2020 idem
1294 2014 1300 2026 ,
1318 1995 1344 2019 et
1359 1992 1395 2019 de
1411 1991 1470 2018 alio
1486 1991 1565 2026 quod
1580 1990 1615 2017 sit
1629 1990 1711 2017 aliud
1725 1999 1730 2017 :
1747 1992 1775 2018 et
1789 1990 1830 2017 sic

1055 2041 1091 2068 de
1113 2048 1148 2067 eo
1168 2039 1266 2072 omni,
1292 2039 1328 2065 dc
1353 2046 1412 2073 quo
1437 2037 1579 2064 sententia
1609 2036 1755 2072 profertur
1778 2044 1830 2072 per

1055 2086 1179 2113 modum
1203 2084 1422 2117 affirmationis,
1447 2086 1475 2110 et
1490 2083 1663 2118 negationis.
1684 2084 1736 2110 Per
1754 2078 1830 2109 hanc

1056 2140 1176 2168 quoque
1198 2131 1334 2158 videmus
1357 2130 1472 2165 aliquid
1497 2129 1602 2163 eligere
1627 2128 1781 2161 animalia,
1803 2130 1831 2155 et

1056 2178 1170 2214 aliquid
1186 2178 1320 2205 refutare.
1343 2176 1385 2203 Ad
1406 2175 1579 2203 electionem
1599 2176 1695 2201 autem
1711 2176 1737 2200 et
1753 2173 1830 2200 resu-

1057 2226 1196 2253 tationem
1214 2223 1401 2259 praeexigitur
1421 2221 1541 2248 scientia
1555 2242 1561 2252 ,
1577 2223 1604 2247 et
1627 2219 1762 2247 discretio
1780 2229 1785 2246 :
1804 2222 1831 2247 et

1057 2273 1124 2300 ideo
1138 2270 1220 2298 multi
1236 2270 1383 2302 dixerunt,
1396 2267 1478 2303 quod
1492 2266 1647 2301 phantasia
1662 2268 1704 2293 est
1715 2265 1829 2301 aliquid

1057 2318 1185 2346 rationis.
1202 2316 1258 2344 Sed
1279 2315 1404 2342 dicimus
1424 2321 1484 2340 non
1509 2320 1570 2339 esse
1590 2320 1691 2339 veram
1715 2312 1830 2339 electio-

1057 2373 1124 2392 ncm
1140 2364 1244 2391 animae
1258 2360 1420 2393 sensibilis,
1446 2359 1498 2386 sed
1518 2359 1632 2394 aliquid
1647 2358 1750 2385 simile.
1769 2360 1830 2386 Haec

1057 2420 1073 2439 a
1096 2411 1186 2445 vulgo
1210 2410 1240 2436 in
1269 2407 1388 2435 homine
1413 2407 1535 2433 vocatur
1560 2405 1733 2440 cogitativa,
1762 2413 1829 2432 cum

1058 2462 1155 2486 tamen
1176 2456 1303 2490 cogitare
1326 2452 1444 2488 proprie
1467 2452 1501 2478 sit
1524 2451 1653 2478 rationis.
1677 2451 1830 2479 Phantasia

1058 2506 1195 2541 operatur
1209 2502 1239 2529 in
1254 2508 1370 2533 somno,
1384 2499 1456 2525 sicut
1470 2498 1499 2524 in
1510 2497 1619 2531 vigilia.
1633 2497 1716 2530 Quod
1731 2500 1829 2525 autem

1057 2553 1086 2579 in
1101 2549 1212 2578 somnis
1227 2556 1274 2575 res
1288 2546 1424 2574 videntur
1439 2552 1500 2571 csse
1519 2545 1688 2579 praesentes,
1704 2544 1761 2571 hoc
1777 2547 1828 2579 est,

1057 2599 1128 2635 quia
1142 2597 1174 2623 fit
1195 2593 1323 2622 reversio
1349 2592 1387 2619 ad
1410 2598 1527 2618 sensum
1551 2597 1749 2617 communem.
1775 2591 1829 2618 Ista

1057 2643 1187 2680 potentia
1202 2640 1322 2676 quando
1338 2638 1495 2672 conjuncta
1509 2637 1550 2662 est
1564 2635 1685 2669 rationi,
1701 2635 1775 2663 sicut
1788 2638 1829 2663 est

1058 2691 1087 2718 iu
1106 2689 1237 2721 homine,
1264 2689 1332 2713 tunc
1359 2683 1463 2718 accipit
1488 2682 1604 2716 agendi,
1633 2684 1659 2709 et
1686 2681 1827 2718 operandi
