2004 3037
197 217 256 251 524

447 332 591 368 CAPUT
612 332 722 369 XXX.

241 407 279 435 De
297 406 521 443 apparitionibus
537 407 620 441 factis
639 405 771 434 Patribus
790 406 923 442 antiquis.

230 475 302 502 Ante
315 475 471 510 peccatum
479 473 597 502 locutus
607 475 650 502 est
663 473 804 502 Dominus
817 473 857 501 ad
867 473 974 510 Adam,

195 521 273 555 Gen„
287 527 323 557 113
338 522 407 557 post
420 522 585 557 peceatum,
603 520 643 548 ad
657 520 752 549 Adam
765 522 795 549 et
808 522 930 556 Hevam,
946 522 975 549 et

193 567 233 596 ad
247 569 423 604 serpentem,
440 568 516 600 Gen..
530 575 572 596 ιιι.
588 567 658 597 cain
674 567 762 596 etiam
776 568 892 596 monuit
906 570 973 597 ante

192 614 399 649 fratricidium,
414 616 443 642 et
458 617 526 651 post
540 614 614 643 dure
630 615 727 650 arguit
739 623 822 650 eum,
838 615 915 647 Gen„
931 622 971 644 lv.

228 663 289 691 Noe
317 662 458 698 praecepit
482 661 642 697 Dominus,
666 663 699 690 ut
721 661 831 690 faceret
855 669 954 690 arcam
963 683 973 698 ,

194 710 270 744 Gen„
284 717 312 739 vi
320 719 329 746 3
346 709 467 743 deinde,
481 710 514 737 ut
532 709 739 745 ingrederetur
754 709 785 737 in
799 717 876 744 eam,
894 709 971 744 Gen„

192 764 244 785 vn.
260 758 293 785 Et
308 758 375 793 post
396 757 624 785 exsiccationem
645 756 753 785 iterum
772 756 925 793 praecepit,
941 757 974 784 ut

193 804 383 839 egrederetur
402 804 439 832 de
459 811 542 840 arca,
560 803 636 838 Gen„
652 811 715 832 vni.
731 803 841 832 Deinde
855 813 870 829 (ι
885 803 974 831 bene-

193 850 268 879 dixit
282 851 424 879 Dominus
434 852 493 879 Noe
509 852 538 878 et
551 850 619 878 filiis
630 850 703 886 ejus,
719 852 747 878 et
761 850 836 878 dixit
850 850 890 878 ad
902 858 971 878 eos:

193 897 329 932 Crescite,
344 901 372 925 et
383 897 632 934 multiplicamini,
643 907 657 923 »
675 899 730 925 etc.
746 898 824 932 Gen.,
838 905 879 931 ix,
895 898 921 925 1.

230 944 305 974 Dixit
326 945 467 973 Dominus
488 945 528 973 ad
550 944 700 973 Abraham
716 953 723 972 z
743 954 756 970 α
770 945 915 980 Egredere
934 944 972 973 de

194 993 272 1020 terra
287 993 354 1025 tua,
372 994 399 1020 et
414 991 451 1020 de
469 992 644 1027 cognatione
665 995 724 1020 tua.
740 1002 754 1018 ιι
774 992 848 1024 Gen..
866 1000 907 1020 xu
919 1013 928 1026 ‚
943 993 970 1020 1.

194 1039 227 1067 Et
248 1038 356 1067 eodem
379 1039 510 1075 capitulo
533 1040 602 1074 (xil,
617 1039 644 1075 7)
668 1039 807 1076 apparuit
831 1039 972 1067 Dominus

192 1085 358 1120 Abraham,
375 1088 403 1114 et
418 1085 491 1114 dixit
513 1086 538 1114 ei
556 1095 563 1114 t
581 1096 594 1112 «
609 1086 717 1114 Semini
734 1087 784 1114 tuo
808 1086 889 1114 dabo
914 1089 972 1114 ter-

193 1140 258 1161 ram
281 1133 373 1168 hanc;
388 1142 402 1158 ιι
424 1135 451 1161 et
469 1135 629 1170 postquam
650 1133 762 1161 divisus
783 1135 826 1161 est
847 1133 918 1161 Loth
933 1133 972 1161 ab

193 1186 240 1213 eo,
266 1179 344 1213 Gen„
363 1188 428 1215 xm,
452 1180 495 1208 14.
522 1181 623 1208 Postea
645 1181 708 1216 (κν,
727 1180 755 1215 1)
784 1191 798 1206 (ι
817 1180 909 1208 factus
930 1182 973 1208 est

192 1234 290 1254 sermo
307 1227 421 1254 Domini
437 1227 476 1254 ad
489 1227 638 1255 Abraham
650 1235 703 1264 per
718 1227 874 1262 visionem,
893 1240 904 1252 ιι
916 1230 969 1256 etc.

192 1275 301 1302 Deinde
319 1276 398 1311 (xvii,
414 1277 436 1308 1)
457 1285 470 1301 «
485 1275 622 1311 apparuit
641 1275 667 1303 ei
682 1276 834 1310 Dominus,
846 1286 860 1302 ιι
878 1278 906 1304 et
920 1276 973 1304 de-

192 1321 234 1349 dit
247 1322 273 1350 ei
288 1325 469 1359 praeceptum
484 1322 727 1350 circumcisionis.
748 1323 819 1350 ltem
838 1323 928 1358 (xvnl,
944 1324 972 1360 2)

193 1378 208 1395 α
223 1371 425 1405 apparuerunt
440 1368 466 1397 ei
482 1371 538 1397 tres
551 1369 617 1404 viri,
633 1379 646 1396 ιι
665 1371 694 1397 et
709 1377 802 1397 unum
817 1369 970 1398 adoravit:

190 1417 219 1444 et
233 1419 301 1444 tunc
315 1416 429 1445 audivit
444 1418 557 1444 eertum
572 1418 689 1453 tempus
703 1417 843 1445 nascituri
858 1417 921 1445 tilii.

225 1465 412 1492 Devenerunt
429 1463 490 1492 duo
511 1464 609 1499 angeli
624 1463 785 1492 Sodomam
796 1484 805 1499 ‚
820 1473 835 1490 α
849 1464 971 1493 sedente

189 1510 262 1538 Loth
277 1510 308 1538 in
322 1510 437 1539 foribus
451 1511 593 1546 civitatis;
614 1511 664 1547 qui
681 1519 748 1539 eum
763 1511 884 1539 vidisset
899 1519 970 1546 eos,

189 1557 329 1590 surrexit,
345 1561 372 1586 et
393 1558 446 1586 ivit
461 1558 583 1586 obviam
595 1558 636 1586 eis
648 1568 678 1592 ,ιι
696 1560 749 1586 etc.
767 1559 844 1594 σενι,
860 1567 922 1593 Xix,
938 1560 966 1587 1.

228 1605 341 1633 «Venit
362 1607 437 1634 Deus
459 1605 499 1634 ad
522 1604 692 1645 Ajiimelech
714 1614 767 1642 per
792 1606 944 1634 somnium
959 1627 969 1641 ,

190 1654 219 1680 et
233 1652 273 1680 ait
287 1652 329 1680 illi
343 1662 349 1681 ε
363 1654 405 1680 En
420 1652 556 1680 morieris
570 1655 692 1689 propter
707 1653 863 1681 mulierem
877 1661 970 1690 quam

190 1699 296 1734 tulisti,
312 1699 404 1728 habet
419 1700 499 1727 enim
518 1699 615 1727 virum
628 1720 635 1733 ,
653 1710 666 1725 ιι
683 1701 738 1727 etc.
761 1700 838 1732 Gen„
860 1709 899 1728 xx
912 1722 919 1735 ,
941 1702 966 1728 3.

227 1748 299 1775 Cum
321 1747 396 1775 dure
420 1746 580 1782 accepisset
604 1747 753 1775 Abraham
777 1747 870 1775 verba
893 1749 969 1776 Sarae

191 1794 399 1830 conquerentis
419 1793 455 1821 de
475 1793 601 1825 ancilla,
624 1795 652 1821 et
670 1793 733 1821 filio
753 1793 834 1828 ejus,
854 1793 927 1821 dixit
943 1794 969 1822 ei

189 1842 264 1868 Deus
280 1849 287 1868 :
308 1842 395 1869 «Non
416 1840 469 1868 tibi
485 1839 621 1868 videatur
639 1847 779 1876 asperum
793 1848 882 1876 super
896 1848 968 1876 pue-

188 1895 242 1923 ro,
257 1898 271 1913 »
290 1890 344 1916 etc.
359 1888 436 1922 Gen„
453 1889 582 1922 xx1‚1*2.

228 1946 241 1960 «
255 1934 388 1963 Tentavit
402 1936 477 1962 Deus
493 1933 658 1968 Abraham,
681 1936 709 1961 et
722 1933 796 1961 dixit
815 1933 855 1962 ad
874 1942 944 1962 cnm
960 1944 966 1963 :

188 1982 268 2010 Tolle
282 1981 379 2009 filium
393 1983 492 2016 tuum,
505 1991 520 2007 ιι
539 1984 592 2009 etc.
611 1982 642 2008 Et
653 1983 720 2017 post
733 1990 739 2008 t
759 1981 856 2009 «Cum
871 1984 968 2010 exten-

188 2029 278 2057 disset
292 2036 416 2057 manum
428 2049 437 2062 ,
460 2031 491 2056 ut
508 2027 675 2056 immolaret
694 2027 789 2055 filium
800 2048 809 2062 ,
828 2036 895 2057 ecce
910 2031 967 2057 An-

187 2076 272 2112 gelus
287 2075 422 2110 Domini,
435 2086 449 2102 »
465 2077 518 2103 etc.
535 2076 613 2109 Gom,
628 2082 705 2109 xxu,
724 2077 749 2109 1,
766 2077 809 2104 ll.

222 2123 365 2159 Apparuit
380 2122 469 2150 etiam
484 2122 625 2150 Dominus
639 2123 729 2155 Isaac,
745 2123 823 2157 Gen„
836 2129 916 2157 xxvi,
931 2123 965 2158 23

189 2172 216 2197 et
226 2170 316 2197 Jacob
329 2170 499 2197 multotiens
508 2169 588 2197 eunti
597 2169 636 2197 ad
647 2169 759 2203 Laban,
772 2170 849 2204 Gen„
860 2177 965 2203 xxv1u;

188 2219 215 2244 et
227 2217 379 2251 redeunti,
399 2217 477 2249 Gen.,
491 2224 578 2250 xxxa
602 2216 653 2243 ubi
670 2216 758 2243 ctiam
780 2216 853 2244 dixit
868 2216 967 2244 Laban

188 2263 219 2291 in
233 2263 346 2291 somnis
355 2266 446 2299 (xxxt,
456 2263 501 2298 ⁶29)
513 2273 517 2288 :
531 2273 542 2288 α
554 2265 629 2290 Cave
640 2270 677 2290 nc
689 2262 854 2298 quidquam
865 2271 968 2299 aspere

188 2309 322 2346 loquaris
337 2311 439 2337 eontra
454 2310 555 2337 Jacob.
568 2320 581 2335 »
600 2311 632 2337 Et
646 2310 713 2345 post
726 2308 843 2338 locutus
858 2312 900 2338 est
913 2311 967 2338 Do-

188 2358 286 2385 minus
300 2357 392 2385 Jacob
407 2356 529 2392 pluries.

224 2405 343 2438 Quoties
359 2405 459 2432 autem
480 2403 651 2439 apparuerit
669 2403 778 2439 Moysi,
803 2405 830 2431 et
850 2403 966 2432 loeutus

188 2451 274 2479 fuerit
288 2452 325 2486 ei,
341 2451 429 2479 nimis
444 2453 519 2478 esset
534 2449 659 2486 longum
677 2450 785 2479 dicere.
805 2451 906 2486 Erod„
923 2459 965 2486 ιιι,

189 2501 217 2527 et
231 2498 381 2535 deinceps.

223 2546 340 2581 Legitur
360 2552 483 2582 quoque
503 2544 644 2573 Dominus
665 2543 781 2572 locutus
804 2544 892 2573 fuisse
912 2547 965 2573 ssa-

188 2592 267 2620 laam
283 2591 464 2627 dormienti,
478 2592 570 2626 Num„
586 2599 665 2626 xxm
682 2593 710 2619 et
724 2591 838 2620 ibidem
852 2592 966 2621 sedenti

189 2647 277 2675 super
304 2639 418 2666 asinam
429 2660 438 2673 ,
464 2646 529 2674 quae
556 2638 631 2666 vidit
657 2638 802 2674 Angelum
828 2639 943 2668 Domini
957 2661 965 2675 ,

189 2694 279 2723 quem
295 2685 433 2714 dominus
449 2686 512 2721 ejus
527 2685 645 2714 Balaam
659 2692 721 2713 non
735 2686 865 2714 videbat.

808 217 945 252 BIBLlA
965 217 1196 252 PAUPERUM.

1066 285 1179 316 Pluries
1192 285 1282 316 etiam
1295 284 1413 314 locutus
1431 285 1476 314 est
1486 283 1631 314 Dominus
1645 283 1686 313 nd
1698 285 1786 315 some
1795 305 1806 321 ,

1029 333 1105 363 sicut
1117 333 1256 371 apparet,
1271 334 1351 362 Josue
1360 354 1371 366 ,
1384 340 1413 369 ι,
1426 339 1466 368 xv,
1480 339 1511 368 v,
1522 339 1568 368 w,
1581 339 1643 367 vm,
1657 332 1686 360 et
1697 338 1748 361 xx.

1069 390 1084 408 «
1096 381 1164 410 Post
1177 381 1304 410 mortem
1321 381 1407 410 Josue
1420 378 1635 408 consuluerunt
1646 378 1701 407 filii
1718 378 1808 409 Israel

1028 427 1202 464 Dominum,
1222 427 1353 456 dicentes
1369 426 1462 462 :Quis
1480 426 1622 455 ascendet
1640 428 1709 455 ante
1728 426 1808 455 nos?

1028 476 1164 514 Dixitque
1180 475 1322 504 Dominus
1341 484 1348 505 :
1367 475 1458 504 sudas
1470 474 1620 503 ascendet.
1631 483 1646 501 ιι
1658 473 1763 507 sudio..
1779 480 1806 510 ι,

1028 525 1056 559 1,
1072 524 1102 552 2.
1127 524 1201 552 Item
1211 544 1220 559 ,
1234 525 1296 559 ιι,1
1321 530 1329 551 :
1356 532 1371 550 «
1388 521 1526 551 Ascendit
1546 521 1678 558 Angelus
1691 520 1807 550 Domini

1031 570 1072 600 ad
1082 570 1184 600 locum
1197 570 1344 606 flentium,
1355 571 1384 599 et
1398 570 1438 599 ait
1449 577 1456 598 ε
1467 568 1562 599 Eduxi
1576 576 1631 598 vos
1645 576 1684 597 ex
1696 570 1807 606 AEgyp-

1028 619 1080 654 to,
1095 628 1110 644 ιι
1127 619 1182 647 etc.

1064 665 1149 693 Venit
1166 664 1296 701 Angelus
1310 663 1444 699 Domini,
1467 663 1606 701 apparuit
1624 662 1745 692 Gedeon
1755 682 1766 698 ‚
1779 663 1809 691 ot

1028 711 1089 741 ait:
1107 721 1122 739 (ι
1137 708 1279 740 Do'minus
1292 712 1399 746 tecum,
1412 721 1426 737 ιι
1444 711 1512 746 etc.‚
1526 710 1631 745 Judcc„
1645 718 1685 746 vr,
1697 711 1742 746 11,
1761 710 1806 739 12.

1064 757 1207 795 Apparuit
1219 757 1349 794 Angelus
1364 756 1482 786 Domini
1494 757 1582 786 uxori
1595 758 1699 786 Manue
1709 776 1719 792 ‚
1738 758 1807 793 etc.,

1027 805 1103 837 Ιιιά..
1125 813 1193 840 xui,
1216 807 1244 835 3.
1264 805 1297 833 Et
1319 803 1458 842 apparuit
1482 803 1625 833 alia-vice
1643 805 1763 839 manue,
1779 805 1808 833 et

1028 852 1092 889 eJ'us
1105 852 1193 881 uxori
1206 851 1329 889 pariter,
1344 851 1453 880 eodem
1465 850 1606 887 capitulo.

1063 898 1126 927 Filii
1146 899 1234 928 lsrael
1255 898 1426 935 congregati
1437 919 1447 934 ‚
1465 900 1498 926 ut
1514 899 1683 935 pugnarent
1703 897 1808 927 contra

1028 945 1107 974 filios
1115 947 1279 982 Benjamin,
1291 945 1506 974 consuluerunt
1511 945 1670 973 Dominum
1680 953 1687 972 ι
1696 944 1807 982 quibus

1028 992 1068 1021 ait
1075 993 1228 1028 Dominus,
1238 993 1321 1030 quod
1331 992 1421 1021 sudas
1432 994 1508 1020 esset
1518 992 1579 1021 dux
1588 992 1740 1027 exercitus,
1750 993 1805 1021 etc.

1029 1039 1109 1074 Iud„
1123 1042 1236 1076 xx,18.
1255 1040 1331 1069 Licet
1346 1041 1445 1068 autem
1459 1039 1506 1068 bis
1520 1039 1630 1067 tuerint
1643 1038 1805 1074 debellati,

1031 1094 1131 1120 tamen
1145 1087 1219 1117 dixit
1234 1087 1275 1116 eis
1291 1086 1432 1115 Dominus
1447 1086 1531 1123 quod
1545 1088 1722 1122 pugnarent.

1063 1136 1185 1165 vocavit
1199 1134 1340 1164 Dominus
1354 1133 1521 1162 Samuelem
1541 1135 1661 1170 quater;
1685 1132 1807 1161 tandem

1028 1185 1069 1214 ait
1095 1181 1214 1212 Samuel
1232 1183 1318 1218 juxta
1341 1180 1499 1209 consilium
1523 1179 1607 1217 quod
1635 1179 1759 1208 dederat
1779 1179 1807 1208 ei

1027 1231 1112 1261 Heli:
1133 1231 1312 1266 «Loquere,
1337 1228 1479 1262 Domine,
1502 1227 1573 1263 quia
1596 1226 1679 1255 audit
1702 1233 1806 1254 servus

1027 1280 1105 1307 tuus.
1115 1288 1128 1304 ιι
1141 1278 1150 1305 l
1162 1278 1239 1311 neq„
1255 1277 1350 1310 ιιι,1Ο.
1363 1276 1395 1303 Et
1410 1274 1542 1311 sequitur
1556 1274 1587 1302 in
1601 1273 1659 1301 fine
1671 1272 1806 1310 capituli,

1026 1326 1057 1354 2¹
1077 1334 1084 1353 :
1103 1335 1117 1351 «
1132 1323 1254 1353 Addidit
1270 1322 1412 1351 Dominus
1423 1343 1430 1356 ,
1445 1323 1478 1349 ut
1491 1323 1646 1357 appareret
1660 1320 1690 1348 in
1703 1320 1774 1348 Silo.
1789 1330 1803 1346 ιι

1062 1371 1188 1406 Quando
1204 1369 1296 1398 David
1315 1368 1433 1397 solebat
1447 1368 1631 1396 committere
1651 1367 1806 1403 praelium,

1025 1419 1194 1456 frequenter
1210 1416 1386 1446 consulebat
1410 1415 1587 1450 Dominum;
1613 1415 1664 1451 qui
1689 1421 1808 1450 semper

1025 1467 1133 1502 legitur
1152 1465 1178 1494 ei
1202 1464 1407 1501 respondisse,
1433 1464 1466 1492 ut
1484 1464 1580 1499 patet,
1603 1463 1611 1491 l
1637 1463 1665 1491 et
1686 1462 1707 1490 ll
1728 1463 1806 1497 Rea„

1026 1514 1056 1542 in
1069 1513 1170 1542 multis
1182 1512 1265 1541 locis.

1062 1560 1207 1597 Apparuit
1225 1557 1366 1587 Dominus
1388 1557 1542 1586 Salomoni
1559 1556 1660 1585 dicens
1677 1565 1683 1585 :
1705 1566 1719 1583 α
1740 1557 1808 1585 Pos-

1027 1607 1088 1636 tula
1104 1607 1190 1643 quod
1205 1606 1266 1640 vis,
1281 1616 1295 1631 ι)
1311 1607 1364 1633 etc.
1382 1606 1413 1633 lll
1427 1606 1505 1640 Rea„
1521 1612 1570 1639 ιιι,
1587 1607 1613 1632 5.

1034 1655 1041 1674 ³
1061 1656 1180 1687 lterum,
1197 1664 1210 1679 ι(
1226 1661 1294 1681 cum
1309 1651 1479 1688 perfecisset
1493 1651 1632 1679 Salomon
1647 1649 1806 1678 aedificium

1026 1701 1133 1730 domus
1143 1700 1257 1728 Domini
1272 1702 1299 1727 et
1314 1707 1429 1734 regum,
1439 1708 1452 1724 ιι
1467 1698 1604 1733 apparuit
1615 1697 1639 1725 ei
1653 1697 1804 1731 Dominus,

1026 1751 1054 1778 et
1069 1749 1143 1777 dixit
1155 1749 1194 1776 ad
1211 1756 1279 1775 eum
1293 1757 1299 1774 :
1319 1758 1331 1772 (ι
1345 1746 1486 1775 Exaudivi
1502 1745 1667 1773 orationem
1687 1747 1778 1779 tuam,
1789 1754 1804 1770 ιι

1025 1798 1079 1823 etc.
1097 1797 1130 1823 llt
1149 1797 1225 1829 neq„
1247 1802 1276 1821 ix
1289 1815 1297 1828 ,
1313 1795 1329 1820 2
1341 1816 1348 1825 ,
1365 1795 1393 1821 3.
1415 1792 1509 1821 Tertio
1534 1791 1677 1828 loquutus
1697 1793 1740 1819 est
1758 1791 1806 1826 ei,

1024 1843 1181 1878 increpans
1197 1849 1267 1869 eum
1278 1840 1352 1868 dure
1362 1841 1485 1876 propter
1495 1839 1608 1867 scelera
1625 1838 1664 1867 ab
1675 1846 1711 1867 eo
1724 1845 1806 1866 com-

1025 1890 1124 1917 missa.
1141 1889 1173 1917 lll
1190 1890 1265 1923 neq..
1285 1895 1317 1915 ιι.

1060 1936 1128 1964 Elim
1146 1934 1269 1969 fugienti
1284 1942 1302 1961 a
1316 1932 1390 1961 facie
1408 1931 1526 1961 Jezabel
1550 1931 1688 1968 apparuit
1709 1933 1805 1967 Ange-

1023 1983 1069 2011 lus
1085 1981 1224 2016 Domini,
1239 1980 1291 2017 qui
1312 1980 1339 2008 ei
1362 1987 1472 2016 panem
1494 1980 1523 2007 et
1546 1986 1658 2015 aquam
1679 1978 1803 2013 obtulit3

1025 2029 1134 2057 deinde
1150 2027 1291 2056 Dominus
1313 2027 1344 2055 in
1360 2026 1448 2055 sibilo
1464 2033 1543 2055 aurae
1557 2025 1662 2055 tenuis.
1678 2026 1711 2054 Ill
1726 2028 1804 2061 Rea„

1024 2083 1086 2104 mx.

1061 2122 1155 2151 Eliseo
1171 2121 1210 2150 ab
1226 2120 1357 2149 exercitu
1377 2119 1520 2156 Syrorum
1544 2118 1727 2148 circumdato
1750 2127 1804 2155 ap-

1023 2170 1187 2206 paruerunt
1204 2167 1289 2197 mulli
1304 2166 1403 2201 angeli
1419 2166 1611 2195 defendentes
1627 2174 1710 2202 eum;
1728 2174 1804 2203 quos

1025 2217 1113 2245 etiam
1132 2223 1207 2252 puer
1226 2215 1288 2251 ejus
1307 2214 1383 2242 vidit
1402 2213 1442 2242 ad
1461 2213 1686 2242 similitudinem
1709 2220 1803 2250 equo-

1024 2271 1091 2292 rum
1104 2264 1132 2290 et
1145 2269 1286 2290 curruum
1299 2261 1467 2297 igneorum.
1482 2261 1516 2288 lv
1528 2262 1606 2295 Rea„
1618 2269 1657 2288 w.

1059 2311 1160 2346 Longo
1177 2311 1310 2345 temporo
1337 2307 1455 2336 duravit
1477 2307 1624 2344 apparitio
1646 2306 1801 2343 Raphaelis

1023 2357 1141 2393 Augen,
1161 2365 1251 2393 quem
1265 2355 1406 2384 Dominus
1425 2354 1505 2382 misit
1520 2354 1559 2382 ad
1582 2354 1739 2382 curandam
1753 2354 1800 2382 Sa-

1023 2412 1088 2432 ram
1103 2406 1131 2431 et
1145 2404 1282 2432 Tobiam.
1300 2403 1376 2437 Tou,
1396 2410 1424 2436 v,
1442 2403 1470 2430 et
1485 2401 1633 2437 deinceps.

1059 2451 1161 2479 Multas
1190 2449 1341 2478 mirabiles
1369 2448 1507 2477 viderunt
1534 2449 1663 2476 visiones
1690 2447 1799 2476 diversi

1023 2499 1173 2535 prophelae
1191 2507 1196 2525 :
1215 2499 1282 2529 isa„
1299 2505 1343 2530 ιἰς
1360 2498 1449 2531 Hier„
1462 2504 1483 2529 1,
1499 2495 1536 2524 de
1549 2495 1633 2530 virga
1646 2494 1799 2530 vigilante,

1023 2548 1052 2573 et
1066 2545 1126 2573 olla
1139 2552 1291 2572 succensa.
1313 2545 1400 2577 item,
1416 2551 1503 2577 nir,
1523 2542 1560 2570 de
1583 2541 1703 2569 duobus
1722 2541 1800 2570 cala-

1022 2592 1079 2620 this
1101 2592 1218 2620 ficubus
1238 2591 1344 2628 plenis.
1377 2590 1523 2626 Praecipue
1546 2596 1618 2617 vero
1648 2588 1799 2623 Ezechiel,

1023 2639 1141 2673 Daniel,
1157 2641 1260 2672 AmoS,
1282 2637 1456 2672 Zacharias,
1477 2636 1557 2673 pleni
1573 2637 1641 2664 sunt
1661 2635 1799 2672 imagini-

1024 2687 1080 2716 bus
1095 2685 1262 2713 visibilibus
1273 2705 1283 2720 ,
1298 2693 1374 2721 quus
1392 2683 1556 2721 exprimere
1574 2683 1700 2719 longum
1714 2684 1796 2712 esset.
