2004 3037
772 222 938 259 PROLOG.
963 224 1066 260 DIST.
1088 226 1126 260 V.

135 289 281 330 ascendis,
296 293 478 332 negligendo
493 293 649 324 descendis
664 303 672 323 :
687 295 767 322 stans
781 293 812 322 in
826 295 913 329 terra,

135 340 167 370 in
181 341 258 371 coelo
278 350 326 378 es,
341 341 366 371 si
389 341 488 378 diligis
505 342 608 371 Deum.
629 351 644 369 n
660 341 693 370 Et
712 339 754 369 sic
776 342 857 377 patet
877 341 915 369 de

134 389 272 424 passibus
286 389 499 426 spiritualibus.

369 484 611 520 DISTINCTIO
633 485 677 520 V.

188 556 316 591 Qualiter
338 558 453 594 spiritus
475 561 564 586 noster
586 559 618 585 in
640 558 690 586 illo
716 559 860 588 intrinseco

226 600 229 605 ⁴
252 630 279 644 ,ψ
324 603 513 638 multipliciter
531 610 583 630 esse
601 601 721 630 dicatur.

168 671 275 706 Quinto
289 665 454 700 videndum
470 673 523 706 est,
538 670 666 708 qualiter
680 671 799 707 spiritus
812 674 913 701 noster

131 717 162 746 in
175 717 229 746 illo
243 717 401 747 intrinseco
415 718 552 747 manerio
573 718 776 756 multipliciter
789 727 852 748 esse
868 720 913 748 di-

132 767 222 794 catur.
232 765 313 794 Circa
323 765 408 802 quod
418 765 585 794 notandum
598 768 650 802 est,
663 767 746 803 quod
757 776 825 795 cum
836 770 913 804 Apo-

131 811 222 840 stolus
245 812 325 841 dicat
338 813 348 830 ¹
359 834 369 848 ,
393 812 479 850 quod
492 814 523 840 in
538 814 652 841 Domino
667 814 730 841 Jcsu
745 817 808 842 sunt
823 823 912 843 omnes

129 860 250 888 thesauri·
261 857 403 897 sapientiae
417 863 444 888 et
457 862 578 888 scientiae
594 861 644 888 Dei
658 862 829 896 absconditi,
845 863 911 898 quis

129 908 225 942 potest
238 899 414 944 investigare
437 910 466 936 et
479 916 617 936 enarrare
632 909 869 944 magnitudinem
885 912 912 938 et

129 953 352 983 multitudinem
379 955 552 984 divitiarum
578 957 606 984 et
633 955 808 984 deliciarum
830 957 911 985 istius

129 1000 277 1029 intrinseci
290 1001 394 1030 secreti
407 1001 547 1037 cubiculi,
561 1001 618 1029 nisi
626 1005 772 1038 quantum
786 1003 911 1039 quilibet

129 1047 281 1083 perfidem
295 1047 490 1084 illuminatus,
503 1050 532 1076 et
545 1057 598 1085 per
610 1049 782 1078 charitatem
797 1051 910 1079 inflam-

128 1095 236 1127 matus,
255 1094 287 1122 in
299 1094 353 1122 illo
368 1094 504 1124 habitare
530 1096 728 1131 consueverit,
751 1099 779 1124 et
791 1105 845 1133 per
856 1097 909 1126 ali-

128 1141 251 1176 qualem
265 1141 476 1178 experientiam
486 1142 643 1171 didicerit?
658 1143 739 1171 Unde
757 1144 828 1172 dicit
842 1145 909 1173 Ber-

127 1188 256 1216 nardus²
269 1198 276 1217 :
289 1189 344 1218 «In
356 1189 414 1218 hoc
429 1197 583 1225 arcanum,
595 1190 627 1218 in
635 1190 693 1219 hoc
709 1191 908 1220 sanctuarium

127 1235 188 1269 Dei,
199 1235 223 1263 si
238 1239 330 1272 quem
341 1236 417 1265 forte
431 1239 564 1266 vestrum
583 1238 686 1274 aliqua
699 1238 774 1267 hora
789 1239 829 1267 sic
843 1239 908 1275 rapi

127 1284 156 1310 ct
169 1283 210 1311 sic
224 1283 370 1312 abscondi
384 1285 547 1321 contigerit,
565 1287 598 1313 ut
611 1293 700 1314 nemo
715 1294 785 1314 eum
804 1289 909 1315 avocet

126 1331 178 1357 aut
191 1330 354 1366 perturbet,
368 1331 419 1360 vel
432 1339 534 1360 sensus
553 1340 659 1368 egens,
680 1332 729 1361 vel
745 1340 816 1361 cura
830 1341 907 1369 pun-

125 1384 208 1411 gens,
219 1377 267 1405 vel
279 1377 368 1413 culpa
382 1378 532 1414 mordens,
547 1379 597 1406 vel
614 1387 649 1407 ea
662 1381 748 1414 certe,
765 1388 832 1416 quae
847 1379 905 1408 dif-

125 1422 232 1451 ficilius
251 1427 437 1460 amoventur,
461 1425 602 1454 irruentia
620 1425 787 1461 imaginum
802 1435 908 1463 corpo-

125 1468 234 1497 ralium
248 1471 454 1506 phantasmata
466 1493 474 1507 ,
488 1472 596 1508 poterit
618 1472 742 1508 quidem
756 1473 821 1508 hic,
838 1482 906 1501 cum

126 1516 165 1544 ad
178 1525 233 1544 nos
247 1517 412 1553 reducitur,
433 1519 556 1554 gloriari
575 1519 676 1548 dicens
692 1521 702 1537 ³
719 1529 726 1548 ε
742 1521 907 1548 ΙΙιινοᾱιιωίε

124 1571 166 1591 me
178 1571 227 1591 νεω-
240 1565 271 1591 in
284 1565 434 1592 cubiculum
447 1573 525 1593 suum
537 1566 583 1601 (a).
600 1576 614 1593 ›>
631 1567 665 1594 Et
678 1566 804 1602 ibidem,
821 1568 906 1603 quasi

124 1610 313 1646 admirando,
334 1612 480 1640 exclamat
494 1612 596 1640 dicens
613 1622 620 1640 :
639 1623 654 1639 ι(
668 1614 690 1642 O
705 1622 774 1642 vere
790 1614 906 1651 quietus

124 1657 207 1686 locus
222 1661 274 1692 est„
290 1667 380 1695 quem
394 1668 456 1688 non
474 1660 623 1690 immerito
639 1662 760 1690 nomine
775 1662 905 1691 cubiculi

124 1706 304 1742 censuerim,
319 1707 351 1734 in
371 1715 433 1743 quo
450 1708 524 1735 Deus
538 1716 599 1736 non
617 1709 751 1737 turbatus
767 1710 829 1745 ira,
850 1719 906 1739 nec

122 1751 204 1780 velut
220 1752 375 1781 distractus
398 1762 470 1782 cura
484 1755 676 1791 prospicitur,
692 1756 745 1785 sed
760 1756 905 1793 probatur

122 1798 259 1827 voluntas
274 1801 336 1836 ejus
347 1800 437 1836 bona,
448 1803 476 1830 et
489 1801 698 1838 beneplacens,
716 1805 744 1831 et
755 1804 902 1839 perfecta!

122 1846 200 1874 Visio
214 1846 269 1874 ista
283 1855 345 1875 non
359 1849 457 1882 terret,
473 1848 524 1876 sed
537 1849 664 1878 mulcet:
676 1849 841 1886 inquietam
856 1859 904 1879 cu-

121 1892 282 1921 riositatem
302 1902 364 1922 non
386 1895 507 1931 excitat,
532 1896 586 1924 sed
602 1897 685 1925 sedat
693 1907 702 1933 3
724 1905 779 1925 nec
802 1897 905 1934 fatigat

121 1947 234 1975 sensus,
252 1940 304 1968 scd
318 1941 500 1977 tranquillat.
524 1943 574 1971 Hic
589 1952 659 1972 vere
674 1944 791 1980 quietus
807 1946 904 1973 Domi-

121 1994 175 2014 nus
189 1986 322 2023 quiescit,
344 1989 419 2016 Deus
444 1989 633 2026 tranquillus,
654 1991 706 2027 qui
730 1992 903 2028 tranquillat

122 2033 234 2068 omnia,
245 2035 273 2061 et
288 2034 422 2070 quietum
437 2035 568 2071 aspicere
583 2037 732 2072 quiescere
748 2040 824 2066 est.»
838 2040 903 2067 Haec

120 2080 297 2109 Rei-nardus.
313 2081 346 2109 Hi
363 2082 415 2118 qui
429 2085 541 2111 secreta
555 2083 636 2111 istius
652 2084 783 2112 cubiculi
804 2085 902 2121 ingre-

120 2126 252 2162 diuntur,
267 2127 328 2156 sive
344 2129 550 2165 gazophylacii
565 2133 710 2159 secretum
723 2131 900 2168 inhabitant,

118 2181 172 2209 per
185 2182 288 2203 veram
307 2174 401 2203 fidem
424 2178 453 2204 et
474 2176 665 2212 charitatem,
687 2178 789 2213 magni
809 2182 876 2207 sunt
893 2189 899 2207 :

119 2220 190 2255 quia
209 2229 322 2257 magna
336 2222 472 2257 audiunt,
491 2226 519 2252 et
532 2224 700 2260 percipiunt
718 2233 841 2261 magna,
855 2226 900 2254 in-

120 2267 246 2296 troducti
260 2269 292 2296 in
313 2269 529 2305 plenitudinem
543 2273 721 2300 aeternorum
738 2274 766 2300 et
786 2272 901 2301 divino—

117 2321 184 2341 rum
193 2315 401 2345 thesaurorum
413 2317 443 2345 in
453 2317 505 2346 illo
517 2318 771 2347 absconditorum.
784 2320 816 2347 Et
830 2320 899 2348 idco

117 2361 282 2389 Bcrnardus
297 2363 367 2391 dicit
377 2364 398 2399 ¹⁵,
411 2364 495 2400 quod
504 2375 518 2391 κ
530 2365 571 2400 hi,
587 2365 639 2402 qui
652 2366 752 2402 magni
764 2368 830 2394 sunt
839 2366 899 2394 fide

117 2409 145 2435 et
166 2408 318 2444 charitate,
333 2410 416 2446 digni
439 2411 638 2448 inveniuntur,
661 2415 694 2441 ut
717 2413 898 2442 inducantur

117 2452 147 2480 in
162 2462 283 2484 omnem
296 2457 512 2492 plenitudinem
526 2459 586 2494 Dei,
603 2468 657 2488 nec
672 2463 714 2489 est
728 2461 851 2489 omnino
867 2461 897 2489 in

117 2501 256 2531 omnibus
265 2504 418 2539 apothecis
425 2505 576 2542 sapientiae
586 2506 713 2544 aliquid,
722 2516 740 2536 a
751 2516 812 2544 quo
823 2509 897 2537 Deus

133 2565 157 2602 '¹
169 2564 275 2597 Coloss„
297 2573 331 2598 11,
352 2569 375 2591 3.
390 2582 422 2588 —
442 2569 452 2584 ²
468 2570 554 2600 Rern,
570 2571 597 2594 z'n
615 2570 697 2602 Cant.‚
720 2578 798 2597 serm.
817 2578 894 2603 xxiii,

116 2605 183 2623 circa
205 2600 249 2625 fin.
273 2615 304 2621 —
325 2603 336 2620 ⁸
360 2603 444 2634 Cant„
470 2610 493 2635 1,
515 2606 538 2629 4.
563 2619 590 2623 —
615 2606 623 2619 ⁴
647 2607 734 2639 Beru,
759 2608 784 2631 z'n
809 2608 896 2638 Cant„

1697 229 1755 261 399

973 294 1160 322 scientiarum
1175 295 1325 328 ,Dominus
1339 294 1485 324 arcendos
1499 296 1615 324 censeat
1629 294 1755 331 cupidos

972 340 1119 376 veritatis,
1133 349 1196 369 non
1219 342 1356 370 conscios
1373 341 1520 371 vanitatIs.
1538 353 1551 370 »
1568 343 1601 370 Et
1619 341 1696 371 infra
1713 341 1755 370 sic

971 387 1068 416 dicit:
1086 397 1101 414 α
1123 388 1291 417 Istiusmodi
1313 389 1495 425 sapientibus
1515 389 1668 426 spiritibus
1691 397 1754 418 ma-

971 443 1048 471 gnus
1070 435 1198 464 occurrit
1216 443 1354 472 sponsus,
1379 437 1407 464 et
1430 435 1636 471 magnificabit
1658 436 1754 466 facere

971 490 1041 510 cum
1052 482 1103 517 eis,
1113 482 1247 511 emittens
1258 482 1356 510 lucem
1364 489 1450 510 suam
1461 484 1488 510 ct
1496 482 1649 511 veritatem
1657 491 1752 518 suam,

971 537 1083 566 eosque
1098 529 1252 558 adducens
1273 530 1302 557 et
1317 528 1468 557 deducens
1482 528 1514 556 in
1538 531 1672 557 montem
1687 538 1754 559 san-

970 578 1051 604 ctum
1064 584 1162 611 suum,
1181 576 1212 603 in
1234 575 1426 604 tabernacula
1441 584 1504 604 sua.
1521 577 1632 612 Regem
1652 576 1684 604 in
1704 576 1754 605 de-

970 631 1039 651 core
1054 631 1108 651 suo
1132 623 1290 657 videbunt,
1305 625 1487 659 praecuntem
1507 631 1538 651 se
1560 623 1599 651 ad
1619 623 1753 660 speciosa

970 669 1095 705 deserti,
1110 671 1137 698 et
1157 669 1197 698 ad
1217 669 1307 697 flores
1321 677 1476 704 rosarum,
1497 669 1538 698 ad
1552 669 1614 698 lilia
1629 670 1751 699 conval-

968 716 1055 752 lium,
1070 716 1109 744 ad
1124 725 1244 745 amoena
1256 716 1424 752 hortorum,
1441 716 1481 744 ad
1491 716 1602 752 irrigua
1612 716 1751 752 fontium,

969 763 1009 792 ad
1022 763 1143 792 delicias
1158 763 1359 798 cellariorum,
1375 763 1415 791 ad
1429 763 1626 792 odoramenta
1635 771 1751 792 aroma-

968 813 1042 846 tum,
1054 813 1206 847 postremo
1217 810 1257 838 ad
1266 810 1330 846 ipsa
1341 813 1452 838 secreta
1466 810 1606 839 cubiculi.
1622 811 1669 839 lsti
1683 814 1751 840 sunt

967 858 1096 886 thesauri
1119 858 1269 894 sapientiae
1290 859 1319 885 et
1345 858 1472 886 scientiae
1495 858 1564 893 Dei,
1581 858 1749 887 absconditi

966 913 1059 942 penes
1074 913 1226 941 sponsum.
1243 906 1307 933 Haec
1322 907 1391 932 sunt
1403 912 1516 940 pascua
1536 905 1616 940 vitae,
1632 913 1747 942 praepa-

966 955 1030 981 rata
1038 953 1068 980 in
1077 953 1268 981 reiectionem
1278 953 1447 981 animarum
1457 954 1636 981 sanctarum.
1644 954 1748 981 Beatus

966 999 1023 1034 vir,
1045 1000 1097 1036 qui
1118 999 1253 1036 implevit
1273 999 1456 1027 desiderium
1471 1008 1559 1027 suum
1579 1008 1615 1027 ex
1633 1000 1714 1036 ipsis.
1730 1010 1743 1026 υ

966 1048 1031 1075 llaec
1053 1047 1229 1075 Bernardus.
1253 1047 1310 1075 Sed
1333 1047 1441 1083 procul
1463 1046 1556 1074 dubio
1580 1047 1605 1074 si
1628 1046 1747 1082 spiritus

966 1095 1115 1123 humanus
1136 1095 1222 1132 quasi
1237 1095 1276 1123 ab
1296 1095 1396 1123 anima
1412 1095 1536 1130 divisus,
1559 1097 1587 1122 et
1609 1103 1745 1131 corpore,

966 1142 1150 1178 quandoque
1169 1142 1246 1170 illud
1270 1142 1461 1170 intrinsecum
1485 1142 1559 1170 lucis
1577 1142 1747 1171 manerium

964 1189 1148 1224 ingrediatur
1162 1189 1254 1224 solus,
1267 1191 1294 1217 et
1304 1189 1383 1217 intus
1394 1189 1564 1225 recipiatur,
1579 1189 1698 1217 rediens
1709 1190 1746 1217 de

964 1236 1085 1272 regione
1099 1235 1173 1263 lucis
1188 1235 1268 1263 illius
1282 1236 1430 1264 intrinseci
1445 1236 1485 1263 ad
1495 1236 1626 1264 animam
1641 1238 1669 1264 et
1681 1244 1747 1264 cor-

963 1291 1031 1319 pus,
1047 1282 1110 1318 ipse
1121 1285 1237 1311 enarret
1248 1283 1351 1319 quales
1366 1283 1485 1310 divitias
1500 1282 1656 1318 acceperit,
1673 1291 1745 1319 qua-

963 1329 1004 1358 lia
1018 1330 1112 1358 verba
1125 1329 1283 1365 audiverit,
1306 1332 1334 1358 et
1349 1329 1452 1366 quales
1471 1329 1592 1358 delicias
1608 1331 1744 1365 gustave-

963 1377 1010 1412 rit,
1033 1377 1056 1404 si
1080 1379 1180 1405 tamen
1204 1385 1342 1405 enarrare
1363 1378 1470 1412 potest,
1495 1376 1566 1413 quia
1587 1377 1744 1413 Gregorius

964 1424 1034 1452 dicit
1045 1424 1056 1441 ⁶
1073 1433 1080 1452 :
1099 1434 1112 1450 (ι
1127 1425 1208 1461 Saepe
1223 1424 1349 1452 amantis
1372 1424 1489 1452 animus
1513 1426 1599 1452 tantae
1614 1427 1745 1452 contem-

961 1470 1102 1506 plationis
1127 1479 1250 1499 munere
1274 1471 1436 1507 impletur,
1467 1473 1498 1499 ut
1521 1471 1622 1499 videre
1647 1471 1745 1500 valeat

963 1517 1046 1553 quod
1058 1518 1180 1545 omnino
1191 1518 1275 1554 loqui
1288 1526 1349 1546 non
1360 1518 1465 1546 valcat.
1478 1528 1491 1545 >a
1506 1518 1533 1546 Si
1547 1520 1646 1546 autem
1661 1526 1744 1546 enar-

960 1572 1027 1592 rare
1040 1572 1101 1592 non
1109 1565 1227 1601 poterit,
1238 1565 1342 1592 saltem
1355 1567 1388 1593 ut
1398 1565 1470 1592 alter
1482 1567 1608 1601 Moyses,
1619 1565 1742 1593 descen-

962 1611 1035 1639 dens
1050 1620 1068 1639 a
1083 1612 1233 1640 consortio
1249 1611 1365 1639 Domini
1386 1611 1418 1639 in
1433 1611 1533 1640 anima
1556 1614 1584 1640 et
1605 1620 1741 1647 corpore,

961 1658 1063 1694 aliqua
1077 1659 1163 1694 signa
1177 1661 1205 1687 et
1228 1658 1395 1687 testimonia
1415 1667 1518 1686 secum
1538 1658 1622 1693 serat,
1644 1658 1742 1686 testifi-

960 1705 1057 1733 cantia
1072 1706 1156 1741 quod
1171 1705 1202 1734 in
1216 1705 1338 1741 regione
1353 1705 1427 1733 lucis
1449 1705 1555 1734 fuerat.
1571 1705 1643 1733 Dicit
1661 1705 1741 1733 enim

960 1753 1043 1787 nugo
1054 1751 1079 1780 ⁶:
1096 1762 1110 1779 «
1123 1754 1196 1780 Ecce
1208 1752 1281 1780 dum
1296 1752 1333 1780 de
1348 1752 1402 1780 illo
1417 1752 1520 1780 divino
1534 1752 1654 1780 internae
1669 1760 1742 1781 con-

959 1799 1160 1836 templationis
1174 1801 1285 1828 secreto
1298 1799 1483 1834 revertimur,
1498 1799 1573 1836 quid
1583 1799 1742 1828 nobiscum

958 1846 1064 1875 afferre
1085 1847 1264 1883 poterimus,
1285 1846 1341 1874 nisi
1360 1846 1482 1874 lucem?
1505 1848 1612 1875 Lucem
1636 1846 1673 1875 de
1696 1855 1742 1875 re-

958 1893 1047 1929 gione
1061 1893 1135 1922 lucis
1150 1893 1300 1922 venientes
1314 1896 1480 1930 portamuS.
1499 1895 1560 1922 Hoc
1585 1894 1665 1922 enim
1688 1894 1740 1922 de-

959 1949 1028 1970 cens
1043 1945 1071 1970 et
1085 1942 1285 1971 necessarium
1300 1944 1352 1978 est,
1368 1945 1400 1970 ut
1416 1951 1483 1970 cum
1499 1951 1517 1971 a
1531 1942 1605 1970 lucis
1618 1942 1740 1978 regione

957 1989 1106 2023 venimus,
1124 1989 1163 2017 ad
1177 1989 1325 2025 fugandas
1339 1992 1455 2018 nostras
1470 1989 1619 2024 tenebras,
1635 1989 1739 2017 nobis-

957 2044 1026 2063 cum
1050 2036 1149 2063 lucem
1165 2039 1368 2072 apportemus.
1391 2038 1423 2063 Et
1446 2036 1514 2072 quis
1535 2036 1608 2064 scire
1631 2036 1739 2071 poterit

957 2082 1041 2118 quod
1055 2082 1098 2110 ibi
1111 2083 1265 2116 fuerimus,
1280 2083 1304 2110 si
1323 2082 1481 2110 illuminati
1502 2090 1564 2110 non
1584 2082 1738 2111 redimus?

956 2129 1014 2157 Sed
1032 2129 1057 2156 si
1078 2129 1209 2157 vidimus
1231 2129 1321 2157 Patris
1345 2130 1524 2165 potentiam,
1547 2132 1738 2165 apportemus

954 2175 1053 2204 lucem
1069 2176 1161 2203 divini
1184 2175 1307 2204 timoris.
1330 2176 1357 2203 Si
1380 2176 1511 2204 vidimus
1534 2176 1597 2204 Filii
1620 2176 1739 2213 sapien-

954 2222 1038 2257 tiam,
1053 2225 1245 2259 apportemus
1269 2223 1366 2251 lucem
1388 2223 1530 2251 veritatis.
1554 2224 1583 2251 Si
1606 2223 1737 2251 vidimus

954 2270 1077 2306 Spiritus
1097 2271 1190 2298 sancti
1214 2270 1412 2305 clementiam,
1431 2273 1624 2307 apportemus
1638 2271 1736 2299 lucem

955 2317 1131 2345 dilectionis.
1148 2319 1280 2346 Potentia
1295 2321 1444 2355 torpentes
1460 2319 1565 2346 excitet
1590 2320 1629 2346 ad
1653 2320 1737 2347 timo-

952 2372 1026 2392 rem.
1052 2365 1201 2401 Sapientia
1222 2365 1396 2401 ignorantiae
1419 2366 1548 2394 tenebris
1574 2370 1734 2394 cxcaecatos

952 2410 1110 2441 illuminet.
1137 2412 1299 2441 Clementia
1317 2413 1416 2441 calore
1437 2413 1587 2441 charitatis
1611 2413 1734 2448 frigidos
1778 2434 1781 2435 γ

951 2456 1125 2488 inflammet.
1141 2469 1156 2486 >›
1173 2460 1239 2487 Haec
1251 2459 1311 2487 ille.

952 2535 1030 2553 serm.
1053 2535 1131 2559 xxxi,
1154 2530 1213 2559 post
1233 2529 1300 2553 med.
1318 2543 1344 2546 -
1368 2530 1376 2545 ⁵
1395 2530 1481 2560 Grcg„
1500 2529 1599 2557 Mmal„
1618 2529 1660 2552 ill).
1678 2529 1731 2559 XV,

952 2571 975 2588 c.
988 2570 1051 2589 xvii.
1065 2577 1096 2583 —
1111 2565 1121 2581 θ
1137 2565 1212 2595 ling„
1228 2565 1258 2587 de
1277 2564 1343 2588 Tri'b.
1365 2566 1449 2593 Πάρι.)
1463 2565 1528 2589 cic-„i
1544 2565 1586 2588 tin.

984 2608 1015 2638 (α)
1027 2607 1103 2638 Vuig.
1115 2607 1217 2631 ceam-ia
1233 2614 1286 2630 sua.
