2004 3037
636 145 686 178 DE
708 142 938 178 PRAECEPTIS
960 141 1118 176 DIVINIS.
1142 141 1229 174 CAP.
1252 140 1334 173 VIII.

182 215 255 246 riori
273 215 359 251 carri,
374 222 443 252 quae
457 214 525 252 plus
539 215 582 243 est
597 221 689 251 quam
709 212 774 242 aliae
791 211 959 248 garrulosa,

183 263 255 300 quia
271 262 381 291 scilicet
394 269 456 290 non
475 263 517 290 est
530 262 620 290 uncta
634 260 701 289 olco
717 268 725 288 :
745 259 786 288 sic
800 258 847 288 isti
862 257 961 286 deficit

182 310 282 338 unctio
297 309 420 346 Spiritus
431 308 532 337 sancti.
546 309 661 336 saetans
672 305 776 334 similis
786 307 829 334 est
843 304 960 339 cuculo,

184 357 235 394 qui
256 357 348 385 nescit
366 356 502 385 nuntiare
520 355 576 384 nisi
597 354 635 383 de
655 353 762 390 seipso.
786 351 961 381 Adulatorcs

184 404 294 432 similes
312 405 379 432 sunt
396 403 530 438 canibus,
546 401 609 438 qui,
627 408 696 429 cum
710 399 834 428 obviant
848 399 905 427 sibi
919 398 961 426 in-

184 451 291 484 vicem,
313 450 483 478 osculantur
501 457 531 477 se
550 448 581 475 in
599 448 666 476 loco
686 446 854 475 immundo.
875 445 962 474 Bilin-

185 498 261 534 guis,
279 497 328 526 vel
346 497 511 533 reportator
529 495 702 529 verborum,
718 493 821 522 similis
843 494 886 521 cst
903 500 963 520 ser-

184 544 276 581 penti,
295 544 347 580 qui
361 543 451 571 habet
463 542 597 578 linguam
616 541 809 575 bifurcatam3
830 539 872 567 sic
891 539 963 568 tales

185 590 348 627 loquuntur
361 589 401 618 ad
415 589 489 617 duas
509 590 616 625 partes.
633 587 688 622 Qui
707 587 792 615 stulte
807 585 963 624 promittit,

186 638 290 667 similis
304 639 347 666 est
360 637 460 666 arbori
477 645 543 673 quse
557 636 647 664 habet
661 635 721 664 lata
735 635 817 669 folia,
833 636 906 662 sicut
919 634 963 662 vi-

187 686 232 720 tis,
247 693 314 721 quae
328 684 385 712 cito
398 684 469 712 folia
481 683 594 719 defluit,
607 685 639 711 ut
653 683 759 711 dieitur
773 682 803 709 in
819 681 962 710 Psalm0¹.

187 731 241 766 Qui
259 731 392 767 loquitur
411 730 580 764 scurriliter,
601 729 705 758 similis
727 731 769 757 est
788 737 892 765 porco,
913 727 965 764 qui

186 779 368 814 ubicumque
390 777 473 814 ponit
492 777 613 814 pedem,
634 785 696 804 non
719 777 834 804 veretur
853 783 965 811 ponere

188 833 230 854 os.
251 825 306 859 Qui
324 826 479 861 peccatum
498 823 629 852 defendit
645 823 692 851 vel
711 823 842 857 excusat,
861 821 965 849 similis

189 874 231 900 est
251 872 330 907 Adae,
353 871 405 908 qui
424 871 541 899 retorsit
561 871 681 906 culpam
703 878 788 898 suam
811 869 842 896 in
864 870 966 902 Deum,

189 919 289 947 dicens
304 920 314 936 *³
331 927 338 946 :
354 919 455 946 Mulier
469 927 550 953 quam
565 918 667 945 dedisti
679 917 748 944 mihi
762 918 871 947 sociam,
891 915 967 942 dedit

1737 139 1791 170 281

1279 275 1422 309 CAPUT
1446 274 1535 309 VIII.

1167 362 1203 389 De
1221 361 1404 397 prohibitione
1423 360 1649 396 concupiscentioe.

1056 446 1175 473 Sextum
1189 445 1368 481 praeceptum
1383 442 1520 471 secundoe
1534 441 1644 470 tabuloe
1659 442 1701 469 est
1715 450 1721 468 :
1738 440 1799 469 Non
1824 449 1921 473 eracap-

1019 493 1184 527 concupisccs
1192 499 1247 519 rem
1256 492 1378 526 prooeimi
1387 491 1438 517 tui.
1448 488 1610 525 Septimum
1619 489 1799 524 praeceptum
1813 480 1919 532 ζῖξῃνι

1020 541 1061 567 cst
1077 548 1083 566 :
1103 540 1164 567 Non
1179 538 1345 572 desiderabis
1361 545 1469 565 uxorem
1484 537 1551 571 ejus.
1568 537 1600 563 ln
1615 535 1712 571 primo
1730 541 1799 570 pro·
1891 525 1897 531 ⁶

1019 586 1137 614 hibetur
1157 583 1395 621 concupiscentia
1418 583 1593 617 oculorum3
1615 581 1646 609 in
1667 580 1799 609 secundo

1021 632 1261 668 concupiscentia
1276 631 1380 659 carnis.

1056 682 1089 708 Et
1103 681 1174 707 nota
1188 679 1271 715 quod
1286 678 1392 715 triplex
1405 679 1447 706 est
1461 677 1549 712 ratio,
1559 683 1652 713 quare
1667 674 1801 711 specialis
1833 681 1924 709 Triplex

1020 727 1075 755 ista
1090 725 1330 762 concupiscentia
1345 726 1377 761 (c)
1397 724 1508 761 duplex
1522 723 1698 760 prohibetur
1714 731 1721 749 z
1739 723 1802 749 tum
1816 713 1922 770 ”ass’gu‘l'b

1022 774 1093 811 quia
1108 775 1150 802 est
1164 773 1305 810 quoedam
1320 772 1427 800 animae
1442 771 1537 805 labes,
1553 777 1619 806 quae
1633 769 1689 797 cito
1705 776 1803 796 macu-
1831 778 1912 804 duplex

1021 821 1077 856 lat,
1095 822 1123 848 et
1143 820 1193 848 vix
1212 821 1309 856 potest
1330 819 1422 855 tergi3
1444 821 1507 846 tum
1526 817 1598 854 quia
1617 818 1660 845 est
1679 815 1804 852 quidam
1829 815 1925 862 ⁰⁰:222ss-

1023 868 1130 895 animae
1142 867 1229 903 ignis,
1243 867 1294 903 qui
1308 866 1405 894 subito
1419 866 1594 899 inflammat,
1607 866 1636 892 et
1647 863 1697 891 vix
1709 864 1805 899 potest
1825 847 1869 893 piia
1879 872 1904 899 (c)

1024 914 1172 950 extingui;
1199 916 1262 941 tum
1283 913 1354 949 quia
1377 914 1420 941 est
1442 912 1581 949 quaedam
1604 910 1710 938 animae
1732 909 1803 944 sitis,
1818 904 1926 957 {xhibe-

189 967 258 994 mihi
276 966 308 993 de
323 967 406 1000 ligno,
428 967 453 992 et
472 965 583 999 comedi,
601 965 655 992 etc.
676 964 730 1002 Qui
748 962 908 997 maledicit,
929 962 967 989 si-

189 1012 268 1040 milis
283 1014 325 1040 est
338 1011 473 1040 histrioni
487 1011 602 1046 vili0ri;
618 1011 679 1038 imo
696 1010 854 1037 vilissimus
869 1011 911 1037 est
925 1009 968 1036 in-

190 1061 233 1088 ter
252 1067 371 1092 omnes,
391 1059 443 1095 qui
460 1058 551 1094 vulgo
570 1057 677 1086 dicitur
692 1056 841 1092 J‘oculator
853 1065 859 1084 ε
871 1055 912 1083 sic
932 1055 968 1083 de

189 1106 397 1141 maledicente,
408 1106 459 1142 qui
469 1106 567 1134 multis
579 1108 620 1134 est
633 1105 765 1133 odiosus.
777 1104 831 1138 Qui
843 1103 970 1131 multum

190 1153 332 1190 loquitur,
348 1155 391 1181 est
404 1153 478 1181 sicut
489 1153 586 1180 fatuus
601 1154 758 1186 mercator,
774 1151 826 1187 qui
840 1151 902 1178 sine
917 1158 970 1177 nu-

190 1209 285 1235 mero,
300 1200 434 1237 pondere
449 1202 477 1228 et
491 1207 631 1228 mensura
645 1199 746 1227 vendit
759 1206 872 1226 merces
886 1205 969 1231 suas,-

192 1250 220 1276 et
234 1247 302 1275 ideo
315 1255 376 1275 non
389 1249 432 1275 est
443 1247 552 1275 mirum
565 1247 589 1274 si
602 1246 753 1274 interdum
768 1244 969 1273 defraudetur.

192 1294 248 1329 Qui
260 1294 416 1322 indiscrete
430 1294 638 1328 comminatur,
652 1292 755 1320 similis
771 1293 813 1320 est
827 1291 904 1326 cani,
920 1291 972 1327 qui

191 1341 261 1378 plus
275 1341 362 1369 latrat
381 1342 408 1368 et
428 1340 527 1368 minus
545 1340 631 1375 facit,
652 1339 762 1367 nobilis
782 1339 861 1366 enim
881 1338 971 1372 canis,

194 1387 268 1416 sicut
283 1387 459 1423 leporarius,
472 1387 522 1414 vix
537 1387 632 1415 latrat.
654 1387 709 1420 Qui
729 1385 915 1419 convitiatur,
933 1386 975 1412 est

194 1435 269 1462 siout
287 1434 368 1462 canis
386 1434 513 1468 macelli,
531 1434 580 1469 qui
602 1441 719 1469 semper
738 1441 771 1460 os
788 1433 886 1468 portat
905 1439 973 1458 sann

195 1481 411 1518 guinolentum.
433 1481 487 1514 Qui
509 1480 669 1513 contendit,
690 1479 737 1507 vel
756 1478 976 1507 contentionem

194 1529 306 1565 incipit,
322 1530 365 1556 est
379 1528 453 1555 sicut
466 1527 515 1555 ille
534 1527 586 1563 qui
602 1535 620 1554 a
635 1526 758 1554 diabolo
773 1527 912 1553 mutuum
930 1532 976 1552 re-

195 1576 282 1611 cipit,
304 1575 356 1611 qui
372 1575 403 1602 in
422 1574 610 1602 contentione
632 1572 830 1606 recontendit,
853 1571 976 1599 diabolo

193 1630 297 1650 usuras
312 1621 409 1649 solvit.
429 1621 484 1654 Qui
498 1628 590 1656 prave
606 1620 743 1654 consulit,
765 1621 807 1647 est
823 1619 898 1646 sicut
918 1626 978 1645 ser-

193 1676 277 1705 pens,
303 1668 355 1704 qui
375 1667 468 1695 inficit
489 1667 638 1703 quidquid
661 1667 765 1701 lingua
789 1666 852 1701 ejus
874 1664 978 1699 tangit,

194 1716 248 1750 Qui
269 1723 405 1743 rumores
428 1714 538 1742 multos
561 1715 677 1747 narrat,
699 1713 805 1740 similis
829 1714 871 1740 est
894 1712 979 1747 lupo,

196 1762 259 1799 qui,
274 1764 306 1790 ut
321 1762 433 1795 dicunt,
455 1769 516 1789 uno
531 1769 633 1788 mense
653 1760 726 1788 vivit
745 1759 782 1787 de
801 1761 902 1787 vento.
926 1759 981 1792 Qui

196 1809 329 1846 loquitur
348 1809 441 1836 verba
461 1808 567 1842 otiosa,
591 1809 633 1835 est
652 1807 727 1834 sicut
746 1806 844 1834 ulmus
867 1808 894 1833 ct
914 1806 980 1833 aliae

199 1856 330 1889 arboreS,
350 1863 416 1890 quae
435 1854 552 1881 nullum
572 1854 700 1881 fructum
718 1853 825 1887 ferunt,
842 1853 895 1880 sed
908 1852 981 1879 folia

200 1904 324 1930 tantum.
341 1901 394 1934 Qui
409 1901 506 1928 bonos
523 1900 646 1934 deridet,
664 1901 706 1927 est
720 1899 794 1927 sicut
809 1907 912 1933 caecus,
929 1899 981 1934 qui

201 1949 288 1985 spuit,
305 1950 332 1975 et
346 1947 437 1975 nescit
452 1947 520 1981 ubi;
542 1947 595 1974 sed
614 1946 692 1982 spuit
709 1946 872 1982 aliquando
893 1954 981 1982 super

201 1997 316 2024 vultum
340 1995 476 2030 alicujus,
501 1995 622 2030 quando
648 1994 741 2021 credit
764 2002 869 2029 spuere
892 2002 982 2029 super

202 2046 310 2071 terram
330 2042 378 2070 vel
396 2042 501 2069 lutum.
521 2041 575 2075 Qui
595 2042 721 2069 seminat
741 2041 918 2076 discordias,
941 2043 982 2068 est

203 2091 275 2118 sieut
289 2096 409 2125 serpens
424 2088 531 2123 ignitus
549 2090 596 2124 (a),
609 2088 680 2123 quia
694 2088 758 2115 talis
774 2088 867 2115 vomit
881 2087 982 2122 ignem

203 2140 231 2165 et
251 2136 381 2164 incendit
402 2143 568 2163 rancorem.
593 2135 647 2168 Qui
668 2136 778 2162 secreta
796 2134 919 2168 revelat,
941 2135 983 2161 est

203 2184 278 2211 sicut
296 2190 399 2210 saccus
417 2183 478 2210 sine
496 2181 602 2215 fundo,
619 2184 646 2209 et
661 2182 734 2209 sicut
750 2189 802 2209 vas
817 2181 879 2208 sine
899 2188 983 2216 oper-

204 2230 289 2258 torio.
307 2231 346 2257 De
362 2229 539 2265 blasphemo
556 2230 584 2256 et
600 2229 721 2264 perjuro
742 2228 854 2256 dictum
872 2229 914 2254 est
932 2235 981 2254 su-

204 2285 259 2313 pra
269 2278 289 2304 ³.
312 2278 343 2304 Et
362 2278 483 2312 propter
504 2275 561 2303 hoc
579 2283 632 2311 per
653 2275 733 2309 talia,
757 2283 823 2310 quae
845 2282 861 2301 a
882 2274 984 2308 lingua

205 2323 381 2359 procedunt,
403 2324 525 2350 vocatur
544 2323 706 2349 universitas
728 2323 908 2356 iniquitatum
923 2321 933 2336 ⁴
953 2320 984 2347 in

207 2371 301 2398 Jacobo
314 2370 360 2405 (b).

242 2456 249 2471 ¹
268 2455 375 2486 1¹sal.1‚
389 2456 412 2479 3.
431 2468 462 2472 -
479 2455 489 2471 ²
509 2455 580 2483 Gen.,
598 2460 642 2484 111,
660 2455 696 2478 12.
716 2467 746 2472 -—
765 2454 775 2470 ³
791 2455 862 2484 Sup.,
878 2453 930 2484 huj.
948 2453 985 2477 tit.

210 2499 231 2515 c.
249 2491 580 2522 11,pag.277,col.2.—⁶
595 2490 658 2518 loa,
673 2496 710 2520 ω,
728 2491 750 2514 6,
767 2503 795 2507 --
808 2491 817 2507 ⁵
833 2489 900 2514 Psal.
917 2495 984 2520 xvu,

214 2528 249 2551 43.
262 2540 291 2544 -
306 2528 315 2541 ⁶
331 2527 387 2557 job,
403 2533 475 2557 xxxx,
491 2529 526 2550 12.
538 2540 568 2544 -
582 2526 592 2543 ⁷
607 2525 675 2550 Psal.
691 2532 708 2556 1,
722 2527 743 2550 4.
757 2539 786 2543 —
802 2525 812 2542 Β
826 2526 910 2554 Prota,
925 2532 986 2556 xxx,

213 2564 249 2586 15.
264 2575 289 2579 -
306 2563 314 2576 ⁵
326 2564 402 2593 Aqq„
415 2569 434 2593 1,
450 2563 472 2586 6.

244 2609 274 2639 (α)
298 2608 357 2633 Caet.
378 2609 436 2634 edit.
456 2608 652 2640 ignominiosus.
673 2622 699 2626 —
721 2608 756 2640 (b)
777 2608 838 2633 Coet.
861 2608 921 2634 edit,
942 2609 986 2633 Za-

1025 969 1091 997 quae
1106 968 1222 996 semper
1235 960 1355 994 cruciat,
1370 961 1397 987 et
1411 959 1461 987 vix
1475 960 1570 995 potest
1585 957 1694 985 satiari.
1707 957 1805 984 Primo

1024 1008 1113 1044 igitur
1127 1008 1192 1035 haec
1206 1007 1317 1043 duplex
1331 1005 1572 1042 concupiscentia
1585 1006 1628 1032 est
1642 1004 1748 1032 animae
1763 1003 1806 1031 la-

1025 1055 1088 1089 bes,
1105 1063 1171 1091 quae
1185 1054 1233 1082 vix
1247 1055 1343 1090 potest
1358 1053 1430 1088 tergi
1447 1063 1453 1080 :
1472 1060 1532 1080 una
1547 1052 1680 1085 istarum,
1701 1051 1733 1078 id
1753 1051 1805 1084 est,

1026 1101 1264 1137 concupiscentia
1287 1100 1398 1135 carnis,
1425 1102 1467 1128 est
1490 1100 1564 1127 sicut
1586 1106 1665 1134 aqua
1686 1099 1807 1133 propter

1025 1150 1201 1177 labilitatem
1216 1147 1390 1176 transitoriae
1405 1146 1608 1174 delectationis
1614 1155 1622 1181 ;
1639 1145 1741 1179 altera,
1754 1143 1807 1172 sci-

1026 1197 1094 1224 licet
1117 1195 1354 1231 concupiscentia
1376 1194 1551 1228 oculorum,
1575 1194 1616 1220 est
1637 1192 1710 1219 sicut
1730 1192 1808 1218 terra

1026 1247 1149 1281 propter
1177 1244 1344 1272 ariditatem
1371 1244 1493 1270 terrenae
1526 1239 1698 1268 affectionis.
1731 1238 1809 1266 Sicut

1029 1301 1100 1328 ergo
1120 1301 1155 1320 ex
1176 1299 1255 1328 aqua
1275 1292 1303 1319 et
1319 1293 1396 1319 terra
1414 1289 1447 1317 fit
1466 1289 1562 1316 lutum
1581 1286 1750 1320 materiale,
1769 1286 1809 1313 ita

1030 1348 1066 1367 ex
1086 1340 1142 1367 hac
1164 1338 1277 1373 duplici
1297 1335 1536 1372 concupiscentia
1556 1335 1588 1362 fit
1607 1334 1702 1362 lutum
1724 1332 1809 1369 spiri-

1029 1387 1119 1420 tuale,
1136 1394 1197 1422 quo
1210 1385 1310 1413 anima
1324 1383 1505 1417 sordidatur,
1518 1384 1545 1409 et
1559 1390 1612 1417 per
1624 1387 1810 1416 consequens

1030 1433 1123 1467 foetet,
1145 1435 1172 1460 et
1187 1432 1322 1467 displicet
1337 1431 1366 1458 in
1386 1431 1545 1465 conspectu
1560 1428 1609 1456 Dei
1627 1428 1667 1456 ad
1684 1427 1810 1455 modum

1030 1479 1166 1507 vilissimi
1180 1479 1243 1506 luti.
1260 1478 1341 1505 Unde
1361 1477 1467 1505 dicitur
1484 1476 1514 1503 in
1530 1475 1644 1503 Psalmo
1659 1476 1669 1491 ⁵
1686 1484 1692 1502 z
1718 1476 1751 1502 Ut
1772 1475 1810 1501 lu-

1034 1529 1089 1554 tum
1104 1528 1255 1561 platearum
1268 1525 1357 1552 delebo
1373 1532 1424 1551 eos.

1069 1572 1205 1600 Secundo
1225 1572 1280 1599 ista
1300 1571 1411 1607 duplex
1432 1568 1670 1604 concupiscentia
1689 1569 1733 1595 est
1751 1567 1813 1595 ani-

1034 1628 1090 1647 mae
1104 1619 1192 1654 ignis,
1204 1618 1256 1654 qui
1271 1618 1306 1654 (d)
1317 1618 1367 1645 vix
1378 1618 1475 1653 potest
1490 1615 1632 1651 extingui.
1644 1616 1682 1642 De
1694 1622 1754 1650 quo
1770 1614 1814 1641 di-

1036 1667 1109 1694 citur
1121 1665 1151 1692 in
1161 1665 1245 1693 Jobss:
1260 1666 1337 1699 Ignis
1349 1667 1387 1691 est
1399 1671 1483 1698 usque
1497 1663 1533 1689 ad
1544 1662 1726 1698 perditionem
1737 1661 1814 1688 devo-

1034 1721 1108 1741 rans.
1124 1712 1289 1741 Inflammat
1304 1710 1383 1738 enim
1399 1710 1540 1743 animam,
1556 1711 1584 1736 et
1597 1707 1814 1736 inflammando

1036 1760 1196 1793 incinerat3
1221 1760 1249 1786 et
1269 1760 1338 1786 tunc
1359 1757 1443 1785 tertia
1463 1764 1548 1784 soror
1569 1763 1682 1790 earum,
1706 1754 1816 1781 scilicet

1036 1806 1176 1844 superbia
1190 1806 1265 1839 vitae,
1283 1813 1348 1840 quae
1363 1806 1406 1832 est
1420 1804 1493 1831 sicut
1509 1804 1625 1836 ventus,
1641 1800 1771 1829 insufflat
1785 1801 1816 1828 in

1036 1854 1167 1882 animam
1191 1853 1231 1880 sic
1253 1852 1404 1879 redactam
1428 1851 1458 1877 in
1477 1850 1603 1882 cineres,
1625 1851 1653 1876 et
1675 1847 1816 1884 dispergit

1037 1909 1103 1929 eam
1118 1901 1148 1927 in
1162 1901 1295 1933 ventum,
1310 1900 1337 1926 et
1350 1906 1404 1934 per
1417 1904 1601 1932 consequens
1616 1895 1768 1923 annihilat.
1785 1896 1817 1922 Et

1037 1948 1106 1975 ideo
1124 1947 1229 1974 dicitur
1249 1946 1279 1973 in
1294 1945 1409 1972 Psalmo
1420 1945 1440 1979 ⁷,
1457 1944 1539 1980 quod
1559 1943 1667 1978 impius
1686 1944 1728 1969 est
1747 1943 1818 1968 sicut

1035 1996 1135 2030 pulvis,
1153 2002 1229 2028 quem
1243 1993 1357 2028 projicit
1371 1994 1465 2019 ventus
1479 2000 1495 2018 α
1511 1993 1582 2024 facie
1598 1993 1684 2017 terrae.

1072 2041 1165 2068 Tertio
1186 2040 1241 2067 ista
1263 2039 1374 2074 duplex
1396 2037 1631 2073 concupiscentia
1651 2038 1692 2063 est
1711 2035 1817 2063 animae

1038 2087 1108 2121 sitiS,
1132 2094 1197 2122 quae
1217 2086 1266 2113 vix
1290 2087 1387 2121 potest
1410 2084 1526 2118 satiari,
1554 2085 1637 2118 euJus
1661 2083 1727 2110 duze
1751 2084 1818 2109 sunt

1038 2133 1224 2168 sanguisugae
1243 2132 1321 2165 filioe,
1342 2131 1471 2158 dicentes
1484 2131 1515 2157 ⁸:
1538 2130 1624 2164 Affer,
1647 2130 1726 2163 affer,
1745 2129 1818 2156 sicut

1039 2180 1145 2207 dicitur
1163 2179 1194 2206 in
1213 2179 1376 2206 Proverbiis.
1399 2176 1643 2213 Concupiscentia
1661 2175 1818 2203 oculorum

1039 2227 1110 2254 dicit
1124 2236 1130 2254 ε
1149 2226 1226 2260 Affer
1247 2225 1383 2259 divitias,
1400 2223 1639 2260 concupiscentia
1664 2222 1758 2250 carnis
1773 2222 1818 2249 di-

1039 2274 1077 2301 cit
1093 2283 1099 2301 z
1116 2273 1194 2307 Affer
1209 2272 1338 2300 delicias.
1356 2273 1417 2299 Una
1431 2279 1492 2298 non
1511 2272 1602 2298 cessat
1617 2277 1816 2304 congregare;

1040 2321 1098 2348 alia
1112 2328 1173 2348 non
1189 2321 1281 2347 cessat
1297 2319 1460 2347 effundere.
1478 2318 1559 2345 Unde
1575 2317 1646 2344 dicit
1659 2319 1781 2351 Aggaeus
1792 2316 1816 2342 ⁹:

1041 2369 1093 2400 Qui
1106 2367 1235 2394 mercedes
1250 2367 1432 2400 congregavit,
1448 2366 1524 2391 misit
1539 2372 1583 2391 eas
1598 2365 1625 2390 in
1641 2371 1744 2390 saccum
1759 2370 1818 2396 per-

1041 2417 1139 2442 tusum.
1156 2415 1249 2441 Homo
1269 2412 1451 2446 mundanus,
1467 2411 1638 2438 divitiarum
1654 2412 1680 2437 et
1696 2408 1820 2436 delicia-.

1041 2469 1107 2488 rum
1119 2460 1296 2494 sitibundus,
1310 2467 1412 2486 saccus
1427 2458 1533 2486 dicitur
1545 2460 1695 2493 pertusus;
1710 2457 1737 2482 et
1749 2455 1818 2482 ideo

1041 2515 1100 2536 non
1117 2509 1159 2535 est
1172 2507 1282 2536 mirum
1296 2506 1320 2533 si
1337 2513 1492 2542 nunquam
1511 2505 1607 2540 potest
1620 2501 1728 2536 satiari,
1748 2501 1819 2536 quia

1042 2572 1137 2596 charia.
1152 2585 1181 2588 —
1198 2570 1229 2601 (c)
1246 2570 1307 2594 Caet.
1322 2569 1384 2593 edit.
1401 2568 1459 2592 odd.
1475 2567 1565 2592 caruis.
1580 2579 1609 2584 —
1623 2565 1660 2596 (tl)
1679 2564 1738 2588 Caet.
1756 2563 1817 2587 edit.

1043 2615 1108 2639 quae.
