2004 3037
852 237 984 272 CAPUT
1003 233 1137 273 xxxiv.

184 298 237 342 qui
252 302 394 336 occidunt
414 313 538 344 corpuS‚
554 306 687 337 animam
708 307 808 337 autem
820 314 884 336 non
897 315 966 344 pos-

183 354 253 382 sunt
275 353 423 383 occidere.
446 364 462 383 ν
487 355 521 383 Et
540 356 633 391 post:
654 363 670 382 α
688 354 798 384 Timete
819 362 889 383 eum
914 355 966 392 qui

183 404 346 439 postquam
359 402 511 440 occiderit,
525 413 540 431 »
557 404 613 433 eto.

218 450 293 478 Nota
303 450 386 487 quod
400 450 432 478 in
446 458 494 486 eo,
506 451 588 487 quod
601 451 704 479 narrat
717 450 872 485 Dominus,
888 451 967 485 Luc„

183 504 245 532 xvi,
255 498 292 526 de
309 497 399 525 divite
416 499 443 526 et
461 499 580 534 Lazaro,
602 506 664 527 non
678 497 865 534 praemittitur
878 505 968 534 para-

183 543 267 579 bola,
282 544 331 573 vel
343 544 506 573 similitudo
519 545 639 582 aliqua:
653 545 734 573 unde
746 545 865 573 videtur
878 544 968 573 fuisse

183 590 306 619 historia
321 591 494 628 manifesta,
510 594 539 620 et
553 592 595 620 sic
610 593 735 629 apparet
749 599 811 621 esse
827 592 889 620 sive
904 600 968 620 ma-

183 638 302 675 lorum,
326 639 387 668 sive
413 639 565 668 bonorum
588 640 703 668 animas
725 639 919 674 immortales,
942 641 970 667 et

183 686 315 722 recipere
336 687 405 723 post
420 687 639 723 separationem
653 696 671 716 a
686 695 812 724 corpore
833 688 924 723 prout
938 686 970 714 in

184 741 310 769 corpore
325 736 508 762 meruerunt.

219 781 364 817 Exemplo
388 781 481 809 villici
501 781 674 818 iniquitatiS,
698 782 751 819 qui
766 781 834 810 fecit
858 782 970 810 amicos

185 827 222 855 de
246 828 335 856 bonis
355 828 470 856 domini
487 829 545 865 sui,
565 829 647 857 idem
670 829 798 858 ostendit
817 829 969 864 Dominus,

185 875 300 910 dicens,
319 876 408 910 Lucae,
423 884 486 912 xvr,
501 877 519 905 9
536 885 542 904 :
561 885 576 903 α
590 876 687 905 Facite
701 876 789 905 vobis
804 876 918 904 amicos
934 876 971 904 de

185 930 361 952 mammona
374 923 538 960 iniquitatis
548 945 558 958 ‚
573 926 605 952 ut
620 932 688 952 cum
702 924 882 959 defeceritis,
896 923 972 951 reci-

184 970 269 1006 piant
287 979 343 998 vos
358 971 390 998 in
404 973 515 999 aeterna
528 971 731 999 tabernacula.
752 980 767 998 n
788 971 877 1005 Quod
897 971 972 999 nihil

185 1019 261 1046 esset
275 1017 375 1053 dictu,
392 1018 416 1046 si
436 1018 537 1046 anima
551 1021 620 1055 post
634 1019 855 1055 separationem
873 1027 891 1047 a
906 1026 971 1046 cor-

183 1073 269 1101 pore,
284 1074 337 1093 seu
346 1068 414 1102 post
424 1067 553 1095 mortem
563 1066 699 1102 corporis
713 1066 832 1094 nullum
847 1066 971 1095 haberet

183 1112 417 1149 receptaculum.

219 1161 363 1188 Devotam
378 1162 406 1188 et
419 1162 532 1189 rectam
549 1160 643 1190 fidem
662 1160 797 1190 habebat
811 1161 849 1190 de
872 1161 972 1190 anima

183 1207 289 1236 heatus
304 1208 485 1243 Stephanus,
506 1208 575 1244 qui,
592 1216 662 1236 cum
675 1208 876 1245 lapidaretur,
892 1209 974 1236 dice-

184 1256 250 1292 bat;
276 1255 425 1283 «Domine
443 1257 525 1290 Jesu,
545 1255 646 1292 accipe
669 1256 806 1292 spiritum
825 1265 937 1285 meum.
954 1266 969 1283 ι)

184 1304 260 1339 Act„
273 1311 325 1337 vn,
339 1304 385 1331 58,

219 1352 261 1379 Ex
274 1350 375 1378 verbis
390 1350 526 1387 Doctoris
542 1350 669 1386 egregii,
686 1351 709 1380 11
728 1351 800 1386 Cor„
817 1359 847 1386 v,
864 1353 891 1386 1,
908 1351 972 1379 ani-

184 1406 266 1426 mam
279 1398 379 1426 vivere
396 1401 463 1434 post
477 1398 698 1434 separationem
714 1406 732 1426 a
743 1406 869 1435 corpore
880 1399 974 1426 mani-

183 1446 226 1474 fes
241 1454 257 1473 6
272 1447 407 1482 apparet.
427 1455 441 1472 «
456 1446 587 1480 Scimus,
598 1456 613 1472 r>
632 1445 740 1482 inquit,
758 1454 772 1472 «
787 1446 933 1482 quoniam
948 1446 972 1474 si

183 1493 328 1522 terrestris
343 1493 453 1521 domus
468 1495 570 1521 nostra
590 1493 781 1528 dissolvatur,
798 1493 883 1529 quod
903 1493 973 1520 aedi-

183 1541 354 1569 ficationem
370 1548 407 1568 ex
422 1542 480 1568 Deo
495 1540 658 1575 habemus,
687 1540 813 1567 domum
830 1548 892 1567 non
906 1548 972 1568 ma-

183 1588 343 1622 nufactam,
361 1587 414 1615 sed
424 1589 565 1614 {eternam
577 1587 607 1614 in
617 1587 710 1614 coelis.
724 1597 737 1613 >³
749 1587 840 1621 Idem,
853 1588 971 1623 Philip„

183 1634 592 1669 1,23:«Desideriumhahens
602 1634 736 1667 dissolvi,
745 1637 773 1662 et
783 1634 970 1662 cumChristo

184 1691 258 1710 esse.
274 1692 288 1709 >i
302 1682 395 1716 Idem,
410 1683 499 1714 Rom„
515 1689 566 1717 vn,
580 1683 634 1709 24:
651 1681 777 1710 «Infelix
791 1681 884 1709 homo
901 1690 970 1717 ego,

183 1729 251 1766 quis
272 1737 320 1756 me
336 1728 476 1756 liberabit
501 1728 538 1756 de
563 1737 689 1765 corpore
712 1729 815 1757 mortis
830 1729 940 1765 hujus?
953 1739 967 1756 i)

183 1778 216 1805 Et
231 1778 307 1804 certe
320 1777 392 1805 talia
406 1784 468 1805 non
484 1776 611 1812 diceret,
630 1776 687 1804 nisi
703 1776 740 1805 de
755 1777 817 1806 vita
831 1777 891 1806 alia
910 1784 971 1805 cer-

184 1825 231 1851 tus
247 1826 331 1852 esset.

411 1904 555 1939 CAPUT
581 1904 741 1939 XXXIV.

239 1978 278 2006 De
294 1977 345 2012 fide
362 1984 443 2013 quam
461 1976 538 2004 debet
557 1976 633 2004 homo
653 1977 750 2004 habere
767 1977 805 2004 acl
826 1977 918 2005 Deum.

225 2071 239 2088 «
253 2060 383 2089 Credidit
396 2059 547 2088 Abraham
563 2060 638 2095 Deo,
654 2060 682 2086 et
694 2061 864 2095 reputatum
878 2061 922 2087 est
942 2059 968 2087 ei

187 2108 227 2137 ad
239 2108 393 2144 justitiam.
409 2117 424 2134 »
441 2107 519 2139 Gen„
535 2114 586 2141 xv,
603 2108 628 2133 6.
645 2107 718 2134 Nota
740 2105 824 2142 quod
843 2105 970 2134 credidit

187 2157 246 2184 Deo
261 2155 443 2191 promittenti
458 2162 522 2182 rem
536 2152 625 2181 valde
642 2152 804 2181 difficilem.

222 2203 353 2231 Transito
375 2202 445 2230 Mari
465 2201 586 2235 Rubro,
604 2202 631 2228 et
655 2200 785 2228 exercitu
807 2199 969 2228 Pharaonis

187 2249 357 2284 submerso,
373 2257 387 2274 ι(
402 2249 499 2276 timuit
513 2247 642 2284 populus
660 2247 837 2281 Dominum,
853 2250 881 2275 et
903 2256 968 2275 cre-

188 2296 329 2325 diderunt
343 2296 484 2331 Domino,
497 2296 525 2323 et
540 2294 633 2331 Moysi
647 2302 734 2322 servo
749 2294 823 2329 ejus.
836 2305 849 2320 »
866 2296 969 2331 Eaeod„

186 2352 248 2379 xiv,
265 2346 309 2372 31.

223 2393 320 2427 Usque
334 2390 373 2418 ad
393 2398 488 2426 aquas
512 2389 753 2417 contradictionis
768 2389 896 2418 fideliter
910 2398 970 2419 cre-

188 2440 264 2467 didit
286 2440 400 2474 Moyses
424 2438 536 2465 cunctis
558 2438 659 2465 vorbis
684 2438 800 2465 Domini
815 2458 824 2473 ,
849 2438 903 2466 sed
928 2438 970 2466 ibi

188 2487 357 2523 aliqualiter
373 2485 530 2520 haesitavit,
546 2486 642 2520 Num„
659 2493 709 2514 xx.

226 2535 300 2561 Dixit
312 2533 451 2561 jonathas
466 2532 612 2567 armigero
629 2541 683 2560 suo
697 2542 704 2559 :
725 2541 739 2558 «
753 2533 817 2560 Non
834 2534 877 2559 est
892 2532 970 2560 diffi-

190 2580 244 2609 cile
270 2581 399 2615 salvare,
415 2580 464 2607 vel
490 2579 521 2606 in
546 2579 647 2606 multis
661 2601 669 2614 ,
696 2579 746 2607 vel
770 2580 801 2607 in
821 2580 938 2616 paucis,
954 2591 968 2607 »

190 2629 199 2656 l
215 2629 291 2662 Rea,
307 2635 369 2660 xxv,
385 2629 411 2655 6.
427 2628 538 2662 Magnae
558 2626 628 2654 fidei
642 2626 769 2654 verbum
784 2626 849 2655 fuit.

226 2676 412 2711 Pugnaturus
434 2673 527 2702 David
545 2676 648 2701 contra
667 2674 783 2702 Goliath
797 2674 949 2703 Gethaeum
961 2695 971 2709 ,

191 2723 279 2758 dixit,
297 2724 307 2751 1
323 2723 398 2758 Κεφ,
412 2729 491 2757 xvu,
505 2722 540 2749 45
556 2730 562 2749 :
580 2731 594 2747 α
608 2723 649 2749 Tu
663 2722 747 2750 venis
768 2722 807 2750 ad
828 2731 876 2751 me
899 2731 968 2750 cum

331 2781 408 2804 TOM.
427 2780 498 2804 VHI.

1746 235 1806 276 529

1021 307 1140 343 gladio,
1156 310 1184 336 et
1205 308 1307 344 hasta,
1323 309 1352 337 et
1370 308 1478 346 clypeo
1494 317 1501 337 :
1517 316 1574 346 ego
1600 311 1700 339 autem
1714 311 1804 339 venio

1022 355 1061 384 ad
1076 356 1102 383 te
1115 355 1146 387 in
1161 355 1284 384 nomine
1300 355 1418 384 Domini
1429 377 1439 392 ,
1454 366 1468 384 »
1486 358 1541 385 etc.

1057 404 1169 439 Magnae
1181 403 1252 432 fidei
1267 404 1395 433 verbum
1410 405 1484 433 dixit
1499 407 1571 441 Asa,
1586 407 1608 434 Il
1625 407 1731 443 Parui„
1742 414 1805 442 xiv,

1024 451 1054 478 Η
1074 459 1081 478 :
1099 460 1113 478 α
1127 450 1267 486 Domine,
1283 459 1345 479 non
1362 453 1405 480 est
1427 452 1508 488 apud
1532 454 1560 481 te
1583 453 1648 481 ulla
1667 453 1806 483 distantia

1022 498 1124 525 utrum
1135 497 1166 525 in
1175 498 1280 534 paucis
1293 498 1455 534 auxilieris,
1467 499 1558 527 autin
1568 499 1715 536 pluribus,
1724 511 1737 527 »
1750 503 1805 529 etc.

1060 544 1137 572 Dixit
1151 546 1292 582 Josaphat
1303 554 1356 574 rex
1369 546 1446 575 „iuda
1462 547 1603 575 exercitui
1616 556 1670 576 suo
1685 548 1724 576 ad
1733 557 1808 585 pug-

1023 599 1095 620 nam
1119 595 1300 628 congregato
1326 603 1334 622 ε
1364 603 1377 620 ι(
1400 594 1513 622 Credite
1541 594 1572 622 in
1595 595 1721 624 Domino
1747 597 1807 624 Deo

1023 641 1142 674 nostro,
1160 642 1188 668 et
1202 641 1298 668 securi
1317 641 1414 677 eritis3
1431 641 1541 670 credite
1556 643 1712 678 prophotis
1729 644 1807 679 ejus,

1025 689 1053 715 et
1069 689 1175 715 cuncta
1191 688 1329 716 evenient
1343 697 1497 726 prospera.
1511 700 1524 716 »
1540 691 1562 719 ΙΙ
1576 691 1683 724 Parcit„
1698 699 1749 724 xx,
1760 691 1806 718 ⁶20.

1060 734 1166 763 Esdras
1187 738 1330 764 venturus
1349 736 1381 764 in
1400 737 1583 765 Hierusalem
1597 745 1651 774 per
1665 746 1809 773 magnam

1024 782 1106 810 viam
1121 784 1150 810 et
1163 783 1382 819 periculosam,
1396 784 1493 812 noluit
1512 786 1611 820 petere
1627 784 1809 813 conductum

1025 838 1043 858 a
1062 838 1148 866 rege,
1165 831 1217 858 sed
1237 831 1276 858 ad
1290 831 1455 867 jejunium,
1471 833 1498 860 et
1517 831 1683 861 orationem
1704 832 1809 861 confu-

1026 876 1084 912 git,
1101 878 1111 905 Ι
1126 878 1219 911 Εεάν.,
1232 887 1302 913 vm,
1316 880 1411 908 22-23.

1062 923 1171 952 videns
1195 925 1350 954 Nehemias
1374 928 1417 954 tot
1439 927 1596 955 imminere
1619 927 1755 963 pericula
1783 929 1812 956 et

1026 971 1146 1000 labores
1175 973 1393 1002 aedificantibus
1407 995 1417 1008 ‚
1445 974 1520 1002 dixit
1543 984 1550 1003 :
1570 983 1584 1001 «
1606 975 1681 1003 Deus
1710 976 1811 1003 noster

1026 1019 1173 1055 pugnabit
1182 1028 1238 1056 pro
1253 1021 1353 1057 nobis,
1365 1023 1393 1049 et
1406 1030 1461 1050 nos
1471 1022 1528 1058 ipsi
1538 1021 1684 1050 faciamus
1697 1030 1783 1059 opus.
1795 1032 1809 1049 »

1026 1067 1151 1102 Nehem„
1165 1076 1209 1103 lv,
1222 1070 1268 1097 20.

1061 1114 1196 1143 Maximae
1210 1115 1281 1143 fidei
1296 1116 1424 1144 verbum
1440 1116 1580 1145 dixerunt
1595 1117 1666 1145 socii
1685 1118 1812 1146 Danielis

1026 1162 1090 1197 regi
1105 1162 1384 1192 Nabuchodonosor
1401 1173 1408 1192 :
1427 1173 1441 1191 «
1454 1165 1530 1192 Deus
1545 1167 1644 1193 noster
1656 1173 1748 1202 quem
1764 1174 1812 1194 co-

1027 1209 1130 1245 limus,
1147 1212 1245 1246 potest
1260 1210 1373 1246 eripere
1389 1219 1445 1239 nos
1466 1211 1503 1239 de
1524 1212 1642 1240 camino
1664 1213 1756 1248 ignis,
1773 1213 1811 1242 de

1027 1265 1120 1286 manu
1137 1260 1189 1287 tua
1208 1267 1264 1286 nos
1279 1259 1424 1295 liberare;
1443 1261 1527 1296 quod
1540 1260 1564 1288 si
1587 1260 1736 1296 noluerit,
1754 1269 1812 1289 no-

1027 1306 1091 1332 tum
1101 1305 1138 1332 sit
1151 1306 1204 1334 tibi
1215 1314 1285 1341 rex,
1300 1307 1384 1343 quod
1395 1306 1470 1336 deos
1485 1309 1552 1336 tuos
1567 1316 1630 1336 non
1645 1308 1809 1337 colimus.»

1026 1354 1283 1388 Dan.,111‚17⁴18.

1063 1400 1141 1428 Dixit
1169 1401 1260 1429 Judas
1288 1401 1474 1430 Machabaeus
1500 1402 1590 1431 sociis
1614 1403 1786 1431 timentibus
1804 1413 1811 1432 :

1030 1456 1045 1474 t(
1059 1447 1154 1475 Facile
1171 1449 1214 1476 est
1235 1449 1375 1477 concludi
1398 1449 1509 1478 multos
1531 1450 1562 1478 in
1577 1458 1685 1478 manus
1699 1459 1813 1486 pauco-

1026 1502 1109 1529 rum,
1135 1497 1162 1523 et
1182 1504 1244 1523 non
1267 1498 1310 1524 est
1334 1497 1502 1525 differentia
1523 1498 1554 1525 in
1579 1500 1739 1533 conspectu
1761 1499 1811 1526 Dei

1027 1542 1155 1570 liberare
1169 1545 1222 1571 aut
1236 1543 1267 1571 in
1282 1544 1398 1578 multis,
1414 1546 1465 1572 aut
1480 1544 1511 1572 in
1525 1546 1644 1580 paucis,
1663 1545 1734 1581 quia
1749 1553 1812 1573 non

1026 1589 1058 1616 in
1071 1590 1259 1619 multitudine
1277 1591 1423 1619 exercitus
1448 1592 1570 1620 victoria
1592 1592 1682 1628 belli,
1703 1592 1757 1621 sed
1773 1592 1810 1621 de

1027 1637 1103 1665 coelo
1118 1637 1261 1666 fortitudo
1278 1640 1328 1666 est.
1345 1649 1359 1666 »
1377 1641 1386 1667 l
1401 1640 1503 1673 Mach„
1519 1648 1565 1674 111,
1584 1641 1626 1668 18.

1062 1686 1103 1712 Ex
1120 1685 1287 1714 abundanti
1300 1686 1360 1714 fide
1376 1689 1482 1714 mentis
1499 1687 1704 1724 procedebant
1718 1687 1810 1716 verba

1025 1732 1149 1760 illorum
1174 1735 1287 1769 septem
1312 1733 1454 1770 fratrum,
1471 1736 1499 1762 et
1525 1734 1627 1763 matris
1652 1734 1810 1770 ipsorum,

1025 1781 1047 1808 ll
1063 1781 1166 1814 Maeli„
1177 1788 1230 1809 vn.

1060 1827 1207 1855 Zachariae
1231 1828 1308 1863 patri
1329 1828 1409 1857 beati
1432 1829 1553 1857 Joannis
1580 1829 1714 1866 Baptista?
1736 1829 1811 1858 dixit

1024 1874 1179 1910 Angelus:
1198 1884 1212 1901 «
1237 1877 1309 1903 Ecce
1338 1876 1396 1904 eris
1420 1878 1535 1911 tacens,
1561 1878 1589 1904 et
1611 1885 1673 1905 non
1698 1877 1810 1914 poteris

1024 1921 1110 1957 loqui
1133 1929 1229 1958 usque
1249 1922 1280 1950 in
1305 1922 1403 1958 diem,
1420 1932 1481 1959 quo
1504 1924 1567 1951 haec
1591 1923 1681 1959 fient,
1696 1933 1752 1960 pro
1774 1932 1809 1952 eo

1025 1969 1109 2004 quod
1124 1977 1186 1996 non
1203 1969 1354 1997 credidisti
1368 1971 1468 1998 verbis
1488 1971 1580 2006 meis,
1595 1981 1609 1998 »
1627 1972 1703 2004 Luc„
1721 1980 1745 2006 1,
1761 1972 1807 2001 20.

1061 2016 1210 2043 Elisabeth
1226 2016 1338 2052 repleta
1358 2017 1467 2053 Spiritu
1488 2019 1592 2045 sancto
1612 2018 1733 2046 beatam
1748 2018 1809 2047 Vir-

1024 2063 1126 2098 ginem
1141 2071 1159 2090 a
1170 2063 1229 2091 fide
1245 2063 1412 2099 specialiter
1427 2064 1670 2099 commendavit,
1685 2066 1761 2101 Luc„
1777 2074 1787 2094 1
1797 2086 1807 2101 ,

1024 2113 1057 2138 45
1076 2119 1083 2138 :
1103 2111 1217 2138 «Beata
1232 2119 1298 2146 quae
1314 2111 1475 2140 credidisti.
1492 2121 1506 2138 »

1059 2157 1129 2185 Mira
1139 2157 1214 2185 fides
1229 2157 1260 2185 in
1272 2157 1330 2185 iliis
1340 2158 1433 2185 tribus
1443 2158 1534 2194 Magis
1548 2159 1637 2187 fuisse
1648 2160 1804 2197 probatur,

1023 2205 1076 2241 qui
1091 2205 1122 2232 in
1136 2205 1306 2232 Bethlehem
1318 2205 1357 2233 ab
1370 2206 1486 2234 Oriente
1505 2209 1666 2241 venerunt,
1683 2209 1711 2236 et
1724 2208 1807 2236 inve-

1023 2252 1137 2280 nientes
1165 2260 1294 2288 puerum
1321 2260 1389 2280 cum
1410 2253 1595 2288 paupercula
1615 2256 1709 2282 matre
1732 2263 1806 2290 sua,

1024 2299 1123 2336 ipsum
1137 2299 1290 2327 humiliter
1305 2301 1333 2327 et
1347 2300 1565 2335 adoraverunt,
1582 2302 1610 2328 et
1624 2301 1765 2338 mysticas
1779 2303 1806 2331 ei

1024 2354 1185 2374 munerum
1200 2346 1312 2382 species
1328 2346 1514 2382 obtuleruut,
1532 2348 1642 2383 Matth„
1659 2356 1690 2376 ιι.

1060 2394 1160 2421 Merito
1182 2394 1410 2422 commendatur
1430 2402 1447 2421 a
1462 2394 1588 2422 Domino
1603 2395 1679 2423 fides
1701 2397 1819 2426 Centu-.

1024 2439 1133 2475 rionis,
1150 2441 1201 2476 qui
1217 2441 1291 2469 dixit
1305 2450 1311 2469 ε
1331 2450 1345 2468 α
1360 2441 1482 2469 Domine
1493 2463 1502 2477 ,
1527 2450 1589 2469 non
1610 2450 1677 2470 sum
1699 2443 1806 2477 dignus

1025 2490 1058 2516 ut
1080 2487 1171 2515 intres
1193 2488 1269 2524 sub,
1284 2499 1298 2516 >³
1322 2490 1375 2517 etc.
1402 2489 1539 2525 Sequitur
1560 2498 1566 2517 :
1592 2499 1605 2514 «
1619 2491 1683 2517 Non
1706 2490 1806 2518 inveni

1024 2536 1137 2563 tantam
1153 2535 1245 2563 fidem
1260 2536 1291 2562 in
1310 2536 1408 2564 lsrael.
1425 2546 1440 2563 »
1457 2537 1572 2570 Matth„
1587 2544 1654 2571 vm,
1669 2537 1746 2565 8-10.

1061 2582 1184 2610 Multum
1198 2584 1292 2618 potest
1306 2583 1406 2611 valere
1427 2583 1549 2611 cuilibet
1567 2583 1642 2611 fides
1666 2584 1807 2620 propria,

1027 2629 1051 2656 si
1077 2631 1193 2657 tantum
1220 2629 1385 2666 paralytico
1415 2630 1511 2658 valuit
1535 2629 1633 2658 aliena
1649 2651 1658 2665 ,
1680 2630 1717 2658 de
1746 2639 1807 2667 quo

1027 2677 1200 2712 Matth.,1x‚
1220 2680 1257 2711 2,
1279 2680 1307 2705 et
1326 2679 1406 2713 Luc„
1420 2686 1457 2713 v,
1474 2678 1510 2706 ⁹20
1534 2686 1541 2704 ε
1566 2686 1580 2703 «
1595 2677 1703 2705 videns
1725 2679 1809 2706 Jesus

1027 2723 1119 2752 fidem
1139 2724 1272 2760 illorum,
1289 2724 1363 2753 dixit
1379 2734 1385 2752 :
1402 2724 1534 2759 Confide,
1552 2724 1606 2759 fili,
1620 2725 1810 2754 remittuntur

1630 2777 1668 2805 34
