2004 3037
202 213 264 244 540

203 278 359 314 tudinem,
382 285 439 315 per
464 285 559 315 quam
585 276 728 314 cognovit
750 283 805 308 rex
827 279 984 315 peccam

203 334 302 356 suum.
317 325 352 354 nt
366 326 445 360 Rea„
459 332 511 354 xx.

239 374 313 402 Cum
326 379 438 408 magna
454 371 590 401 libertate
604 371 680 401 dixit
692 371 812 401 Elisaeus
825 371 867 401 ad
881 372 984 402 loram

203 427 305 456 regem
319 419 425 455 lsrael,
439 419 572 448 exercitu
592 419 804 448 circumstante
822 428 831 448 z
851 429 866 446 α
879 419 907 448 Si
921 427 984 448 non

203 466 410 496 erubescerem
419 466 536 495 vultum
550 465 702 503 iosaphat,
716 474 780 494 non
793 466 985 496 attendissem

204 516 242 549 te,
255 513 305 543 vel
318 513 525 551 respexissem.
540 524 554 541 n
571 515 606 543 lV
619 514 698 549 Rea„
714 521 758 550 ιιι,
771 514 817 542 14.

238 561 412 590 Sacerdotes
439 561 608 590 restiterunt
635 561 711 590 Oziae
742 561 807 598 regi
829 561 908 591 suda
929 568 984 590 vo-

203 608 275 638 lenti
289 607 412 638 adolere
427 608 598 644 incensum,
614 610 643 637 et
656 608 796 637 dixerunt
811 617 819 637 :
835 617 849 635 u
863 610 929 638 Non
943 610 986 638 est

205 655 248 684 tui
262 655 365 691 officii,
379 657 412 685 ut
426 655 551 686 adoleas
563 655 730 692 incensum,
744 665 759 683 ι
772 658 827 685 etc.
843 657 984 690 11Para1„

204 711 286 739 xxvi,
302 704 345 732 ¹8.

241 751 316 779 Cum
341 757 452 786 magno
476 750 584 779 ardore
608 750 752 788 corripuit
774 749 882 780 Esdras
906 750 986 779 filios

206 797 489 834 transmigrationis,
505 798 559 835 qui
580 797 730 827 duxerant
748 805 860 827 uxores
880 797 986 828 alieni-

207 853 299 882 genas
313 846 416 874 contra
430 844 537 881 legem.
554 846 564 874 1
578 846 673 880 Esdr„
688 853 720 874 ιι
733 847 762 874 et
774 853 804 874 x.

241 892 372 921 Audiens
386 891 541 920 Nehemias
560 892 723 920 clamorem
743 891 849 929 populi
863 894 987 930 propter

206 939 394 976 gravamina,
408 946 475 976 quae
489 939 680 976 patiebantur
694 947 712 968 a
727 939 881 975 divitibus,
895 939 988 968 incre·

206 987 289 1024 pavit
309 987 465 1023 optimates
480 987 509 1015 et
528 986 730 1022 magistratus,
748 990 803 1015 etc.
818 988 942 1021 Nehem„
957 995 985 1016 v.

207 1034 289 1063 idem
303 1033 371 1062 fecit
383 1041 439 1070 pro
452 1040 500 1069 eo,
514 1033 598 1070 quod
610 1033 706 1069 multi,
722 1034 871 1071 portando
883 1042 985 1070 onera,

208 1080 286 1110 diem
300 1081 418 1110 sabbati
432 1079 644 1118 profanabant.
659 1081 784 1117 Nehem„
798 1089 860 1111 xm.

243 1128 409 1158 irridebant
426 1128 550 1157 Tobiam
563 1131 701 1166 parentes
716 1129 779 1165 ejus
785 1138 794 1164 ;
817 1132 847 1158 at
867 1129 931 1166 ipse
945 1129 989 1158 in-

208 1176 349 1213 crepabat
364 1184 426 1210 eos,
442 1176 544 1204 dicens
560 1185 567 1204 :
584 1185 599 1202 α
613 1176 708 1205 Nolite
724 1177 764 1204 ita
786 1176 887 1213 loqui,
912 1185 988 1214 quo-

208 1224 289 1252 niam
300 1223 354 1251 filii
368 1226 538 1251 sanctorum
549 1231 662 1259 sumuS,
675 1225 705 1252 et
712 1223 894 1252 vitamillam
900 1232 989 1261 expe-

209 1273 334 1305 ctamus,
347 1280 362 1297 »
381 1273 434 1299 etc.
452 1271 528 1303 Tob„
539 1278 569 1299 ιι.

247 1318 378 1346 Audiens
397 1318 498 1346 Judith
512 1317 701 1354 propositum
720 1317 829 1346 civium
853 1327 988 1355 suorum,

210 1365 294 1403 quod
309 1368 376 1402 post
390 1365 522 1402 quinque
534 1365 597 1392 dies
612 1365 755 1393 volebant
769 1365 886 1394 tradere
901 1368 989 1403 Assy-

210 1412 261 1441 riis
276 1413 436 1447 civitatem,
448 1412 638 1449 reprehendit
653 1420 704 1440 eos
714 1413 902 1442 sermonibus
916 1413 991 1442 fide-

210 1460 289 1489 libus
303 1462 331 1488 ct
345 1459 489 1488 diseretis.
504 1459 613 1495 Judz'lh,
627 1468 690 1488 νιιι.

249 1507 349 1535 Daniel
363 1507 452 1534 valde
469 1506 594 1535 discrete
609 1507 707 1543 arguit
722 1514 825 1543 regern
839 1507 991 1536 Baithasar

212 1554 351 1591 exemplo
367 1554 457 1590 patris
467 1554 526 1588 sui3
541 1556 568 1581 ct
581 1557 651 1582 nota
663 1564 669 1580 :
682 1554 826 1590 patienter
840 1563 889 1583 rex
906 1555 991 1583 illum

213 1602 336 1636 audivit,
352 1601 419 1629 licet
433 1600 555 1629 dixisset
569 1603 672 1629 contra
687 1610 767 1636 eum,
783 1604 810 1630 et
825 1605 930 1638 postea
944 1602 991 1639 ip·

213 1658 278 1677 sum
291 1649 448 1685 magnifice
460 1649 628 1677 honoravit.
645 1651 728 1684 Dan„
745 1658 774 1677 v.

249 1699 322 1725 Cum
345 1696 421 1724 miro
447 1696 548 1724 surore
570 1696 688 1724 dicebat
711 1698 839 1725 loannes
865 1697 992 1733 Baptista

213 1743 362 1772 Pharisaeis
378 1743 579 1771 etSadducaeis
593 1753 598 1771 :
615 1754 628 1769 «
639 1744 798 1779 Progenies
809 1744 990 1780 viperarum,

212 1792 279 1827 quis
294 1791 506 1819 demonstravit
522 1791 608 1819 vobis
623 1792 724 1826 sugere
736 1800 754 1819 a
764 1794 889 1819 ventura
904 1791 989 1820 iram

211 1839 324 1869 Maesti..
342 1846 387 1872 ¹¹13
405 1839 481 1871 Luc„
495 1846 535 1865 ιιι.

247 1884 365 1912 Dicebat
379 1886 506 1912 Joannes
531 1884 638 1912 Herodi
655 1884 834 1912 adulteranti
855 1892 924 1912 cum
939 1886 992 1913 lie-

211 1933 334 1961 rodiade
349 1940 441 1960 uxore
457 1932 553 1960 fratris
568 1932 613 1960 sui
626 1940 632 1959 :
644 1942 656 1958 ι(
666 1934 727 1960 Non
739 1931 869 1960 licettibi
881 1932 992 1961 habere

211 1979 305 2008 illam.
319 1989 333 2006 ι)
351 1980 465 2013 Mami„
479 1987 544 2014 xrv;
560 1980 659 2013 Marc„
676 1987 716 2006 vi.

248 2026 416 2061 indiscrete,
437 2026 505 2054 licet
525 2026 589 2062 pie,
605 2026 697 2053 voluit
715 2028 814 2054 Petrus
835 2026 993 2054 Dominum

212 2075 378 2110 increpare,
402 2082 470 2101 cum
486 2073 611 2107 diceret,
635 2073 718 2109 quod
742 2073 900 2109 oportebat
924 2082 993 2102 eum

214 2122 274 2158 pati
300 2130 317 2149 a
342 2121 527 2157 principibus
547 2120 750 2155 sacerdotum3
773 2121 826 2148 sed
851 2120 992 2149 Dominus

214 2169 287 2197 dure
300 2169 454 2205 respondit
465 2168 505 2196 ei:
521 2168 622 2196 «Vade
636 2171 771 2205 postmo,
788 2171 900 2203 satana,
908 2179 922 2195 »
937 2171 992 2197 etc.

214 2217 326 2250 Manli„
341 2224 402 2243 xvi.

250 2264 356 2290 Veram
371 2265 398 2290 ct
413 2264 523 2290 certam
540 2262 620 2289 dedit
637 2262 778 2290 Dominus
793 2263 928 2298 regulam
944 2264 994 2291 Pe-

216 2312 261 2338 tro
277 2309 314 2337 de
330 2309 510 2337 correctione
535 2308 679 2343 fraterna,
694 2310 805 2342 Mutila,
823 2318 895 2338 xviii
909 2319 915 2337 z
936 2320 949 2335 «
966 2310 994 2338 si

218 2356 384 2393 peccaverit
398 2357 427 2383 in
442 2359 468 2384 te
485 2356 572 2383 frater
588 2358 664 2391 tuus,
681 2357 797 2392 corripe
813 2366 892 2389 cum,
905 2367 918 2383 n
939 2360 993 2386 ete.

253 2405 330 2431 Unus
350 2403 386 2431 de
410 2403 468 2430 iilis
490 2403 672 2436 latronibus,
695 2403 745 2439 qui
769 2404 941 2439 pendebant
966 2405 995 2432 iu

218 2459 315 2485 cruce,
328 2451 556 2487 blasphemabat
572 2450 731 2478 Dominum
745 2451 858 2485 Jesum;
875 2459 995 2487 respon-

218 2499 292 2526 dens
303 2498 376 2526 alter
388 2498 561 2534 increpabat
580 2506 659 2533 eum,
678 2497 778 2526 dicens
796 2508 802 2527 :
823 2509 836 2526 ι(
849 2500 949 2535 Neque
965 2499 996 2528 tu

219 2546 303 2573 times
319 2548 420 2581 Deum,
436 2556 450 2572 »
469 2548 522 2573 cte.
538 2546 616 2580 Luc„
632 2553 716 2573 xxm.

254 2593 377 2621 Pulchre
400 2593 554 2629 arguebat,
573 2595 601 2621 et
625 2593 818 2621 convincebat
837 2593 998 2622 Pharisaeos

220 2639 270 2667 ille
286 2648 378 2668 coecus
393 2643 479 2669 natus
493 2648 511 2668 a
525 2640 650 2668 Domino
666 2640 864 2676 illuminatus,
880 2641 996 2670 dicens:

225 2687 380 2716 «Mirabile
396 2690 439 2716 est
453 2687 537 2724 quod
550 2696 604 2716 vos
619 2687 746 2722 nescitis,
762 2688 842 2717 unde
857 2688 893 2716 sit
907 2688 998 2717 homo

814 208 948 243 BIBLIA
968 209 1199 244 PAUPERUM.

1037 280 1108 318 ille,
1127 282 1156 310 et
1182 280 1299 319 aperuit
1325 280 1431 310 oculos
1457 286 1542 310 meos
1559 288 1568 310 ε
1587 287 1608 310 a
1623 280 1734 311 saeculo
1753 288 1818 312 non

1037 330 1082 357 est
1103 328 1256 364 auditum,
1287 328 1358 366 quia
1386 327 1504 366 aperuit
1527 326 1596 365 quis
1617 327 1724 358 oculos
1747 329 1818 360 enei

1038 375 1112 410 nati,
1126 385 1140 404 ιι
1155 378 1210 405 etc.
1226 377 1320 411 Joan„
1333 384 1375 405 lx.

1074 423 1183 452 videns
1198 425 1299 452 Petrus
1323 421 1473 460 quosdam
1489 421 1610 452 Judoeos
1624 422 1817 458 admirantes,

1038 471 1068 499 et
1081 470 1243 508 discipulos
1259 470 1438 504 deridentes,
1451 470 1576 499 discrete
1591 472 1620 500 et
1634 471 1819 501 confidenter

1037 517 1106 546 illos
1119 517 1228 554 arguit,
1243 519 1272 546 et
1288 517 1441 552 instruxit,
1456 517 1538 546 etad
1555 517 1648 546 fidem
1663 518 1818 556 convertit,

1039 565 1115 601 Act„
1125 573 1155 594 ιι.
1167 564 1267 594 Simile
1281 564 1399 600 accidit,
1410 565 1486 600 Ace„
1499 572 1542 598 ιιι,
1551 567 1621 601 post
1632 565 1819 596 sanationem

1039 611 1141 640 claudi
1154 621 1161 640 :
1177 612 1300 649 culpam
1309 620 1414 640 eorum
1427 611 1479 640 ille
1493 612 1632 645 ostendit,
1644 614 1674 641 et
1681 612 1819 650 aliquali-

1039 660 1082 688 ter
1096 667 1240 695 excusans
1256 667 1325 694 eos,
1343 659 1439 688 multa
1453 658 1553 687 dulcia
1566 659 1660 688 verba
1675 659 1764 696 dixit,
1780 660 1822 690 ita

1040 706 1124 743 quod
1135 706 1268 735 conversi
1276 705 1395 734 fuerunt
1404 706 1538 743 quinque
1547 706 1642 735 millia
1650 707 1819 738 hominum.

1075 753 1234 782 nurissime
1255 753 1418 790 increpavit
1436 754 1538 782 Petrus
1558 754 1704 783 Ananiam
1724 757 1752 783 et
1769 756 1822 784 Sa-

1039 800 1158 837 phiram
1179 807 1235 836 pro
1257 807 1311 834 eo,
1327 799 1412 837 quod
1431 799 1647 830 fraudaverunt
1664 802 1703 831 de
1724 802 1822 839 pretio

1040 846 1121 882 agri,
1147 855 1238 884 quem
1257 846 1472 883 vendiderant,
1494 849 1523 875 et
1540 849 1656 885 partem
1670 848 1711 878 ad
1730 849 1824 886 pedes

1041 894 1247 931 apostolorum
1261 897 1434 931 posuerant,
1450 896 1528 931 Act„
1542 903 1574 923 v.

1078 941 1242 978 Stephanus
1266 942 1298 970 in
1321 942 1449 971 concilio
1477 941 1649 971 Judaeorum
1676 942 1804 972 existens
1814 965 1824 980 ,

1043 989 1227 1018 confidenter
1239 989 1415 1026 increpabat
1425 997 1486 1026 eoS,
1499 989 1602 1018 dicens
1612 990 1690 1019 inter
1702 993 1822 1020 caetera:

1045 1045 1059 1063 ιι
1073 1038 1151 1065 Dura
1175 1037 1300 1071 cervice,
1322 1039 1351 1064 et
1365 1037 1564 1065 incircumcisi
1580 1037 1670 1066 corde
1695 1040 1724 1066 et
1742 1038 1824 1066 auri-

1042 1083 1111 1118 bus,
1121 1092 1176 1112 vos
1189 1091 1308 1121 semper
1321 1084 1440 1121 Spiritui
1455 1086 1558 1113 sancto
1573 1085 1715 1114 resistitis.
1730 1086 1824 1120 Quem

1042 1131 1258 1168 prophetarum
1287 1139 1349 1160 non
1375 1132 1444 1159 sunt
1470 1131 1618 1168 persecuti
1647 1134 1746 1169 patres
1773 1141 1826 1162 ve·

1043 1179 1116 1207 stri?
1131 1188 1145 1204 n
1162 1180 1217 1206 etc.
1235 1179 1309 1212 Act„
1324 1186 1376 1206 vu.

1080 1226 1188 1254 Paulus
1204 1226 1322 1254 intuens
1342 1225 1479 1262 Elymam
1491 1227 1609 1262 Magum
1619 1247 1628 1261 ,
1643 1226 1695 1263 qui
1709 1226 1825 1256 niteba-

1045 1275 1092 1302 tur
1107 1275 1239 1301 avertere
1255 1272 1468 1308 proconsulem
1483 1280 1500 1300 a
1520 1272 1599 1308 fide,
1620 1273 1694 1301 dixit
1706 1273 1733 1302 ei
1750 1283 1757 1302 :
1775 1283 1789 1300 α
1804 1274 1826 1303 0

1044 1321 1132 1358 plene
1148 1320 1230 1348 omni
1251 1320 1323 1348 dolo
1342 1321 1370 1348 et
1391 1319 1473 1347 omni
1489 1319 1618 1355 fallacia,
1635 1319 1679 1348 fili
1699 1320 1826 1358 diaboli,

1046 1370 1074 1398 et
1082 1368 1201 1397 inimice
1213 1368 1310 1397 omnis
1317 1367 1447 1404 justitiae,
1460 1376 1522 1396 non
1533 1367 1644 1396 desinis
1655 1368 1826 1398 subvertere

1045 1416 1108 1444 vias
1124 1415 1240 1444 Domini
1255 1417 1360 1449 rectas,
1372 1424 1387 1442 ιι
1407 1416 1462 1443 etc.
1476 1415 1553 1449 Act„
1565 1423 1627 1444 xm.

1082 1463 1234 1491 Simonem
1257 1464 1387 1499 Magum,
1409 1470 1464 1499 pro
1495 1462 1577 1491 dono
1598 1463 1649 1492 Dei
1668 1463 1828 1500 pecuniam

1047 1511 1222 1539 offerentem
1232 1532 1241 1545 ,
1262 1511 1363 1539 Petrus
1387 1509 1556 1538 terribiliter
1580 1510 1758 1549 increpavit,
1782 1510 1828 1539 di-

1047 1566 1117 1586 cens
1139 1567 1146 1586 :
1171 1567 1184 1584 «
1208 1558 1335 1586 Pecunia
1364 1559 1414 1585 tua
1443 1560 1541 1585 tecum
1565 1556 1602 1584 sit
1628 1557 1659 1585 in
1687 1557 1830 1594 perditio·

1047 1612 1127 1640 nem,
1142 1614 1156 1632 ιι
1173 1607 1227 1633 etc.
1242 1605 1318 1640 Act„
1334 1612 1395 1632 viu.

1084 1652 1161 1687 Quid
1178 1652 1331 1680 discretius
1346 1650 1457 1686 modo,
1473 1658 1534 1687 quo
1550 1650 1658 1679 Paulus
1671 1651 1830 1687 Apostolus

1048 1700 1144 1735 arguit
1167 1701 1318 1728 Romanos
1340 1706 1376 1726 ex
1399 1697 1562 1726 Gentilibus
1584 1700 1611 1725 et
1631 1697 1740 1725 Judaeis
1759 1705 1829 1725 con-

1048 1755 1165 1781 versos,
1190 1746 1241 1782 qui
1265 1746 1395 1782 superba
1419 1745 1608 1773 contentione
1632 1744 1774 1772 volebant
1797 1752 1828 1773 se

1049 1795 1222 1822 alterutrum
1238 1793 1460 1829 superponere?
1472 1791 1604 1819 Ostendit
1618 1792 1718 1819 autem
1734 1794 1828 1820 utros-

1049 1849 1107 1877 que
1123 1847 1273 1876 peccasse,
1285 1842 1312 1867 et
1323 1839 1453 1874 gloriosa
1470 1838 1519 1866 Dei
1535 1838 1741 1867 misericordia
1755 1838 1831 1866 indi·

1049 1895 1132 1924 gere;
1148 1895 1218 1914 nam
1240 1888 1268 1915 et
1287 1885 1412 1914 Gentiles
1434 1885 1508 1921 legis
1528 1885 1682 1920 naturalis,
1698 1886 1727 1913 et
1739 1885 1831 1914 Judaei

1048 1935 1123 1970 legis
1134 1933 1266 1963 ittosaicoe
1283 1933 1399 1960 fuerant
1414 1935 1657 1967 transgressores,
1670 1933 1759 1968 Rom,
1774 1940 1806 1961 ιιι
1822 1941 1830 1961 z

1052 1981 1195 2010 «causati
1220 1988 1323 2008 sumus
1342 1979 1460 2008 Judmos
1479 1979 1507 2007 et
1530 1980 1662 2014 GraecOS,
1680 1989 1694 2006 »
1717 1979 1749 2008 id
1771 1981 1831 2015 est,

1050 2028 1193 2062 Gentiles,
1214 2037 1228 2054 (ι
1243 2028 1272 2055 et
1290 2026 1480 2055 circumcisos
1502 2034 1606 2054 omnes
1629 2025 1686 2055 sub
1709 2028 1831 2063 peccato

1051 2083 1124 2109 csse,
1138 2084 1152 2101 n
1168 2078 1223 2102 etc.

1088 2122 1254 2151 Corinthios
1269 2121 1366 2156 arguit
1376 2119 1534 2156 Apostolus
1549 2119 1586 2147 de
1600 2119 1658 2148 hoc
1672 2120 1832 2156 praecipue,

1051 2170 1134 2207 quod
1149 2169 1279 2197 Christus
1300 2169 1330 2195 iu
1352 2168 1395 2195 eis
1420 2167 1515 2195 dividi
1530 2166 1701 2199 videbatur,
1718 2167 1833 2196 dicente

1051 2225 1112 2245 uno
1124 2227 1130 2244 :
1150 2227 1163 2243 (ι
1175 2218 1234 2251 Ego
1251 2223 1316 2243 sum
1329 2214 1426 2249 Pauli;
1438 2224 1452 2240 »
1466 2214 1526 2242 alio
1537 2216 1636 2241 autem
1648 2223 1655 2242 :
1670 2223 1683 2239 «
1697 2216 1757 2249 Ego
1767 2221 1833 2241 sum

1051 2264 1178 2301 Apolio;
1201 2274 1215 2290 (ι
1233 2263 1291 2291 alio
1306 2270 1377 2290 vero
1393 2271 1399 2289 :
1417 2272 1431 2287 «
1444 2263 1504 2297 Ego
1525 2269 1591 2289 sum
1606 2261 1721 2297 Cephoe,
1733 2271 1746 2288 ι)
1765 2263 1832 2295 etc„

1052 2314 1061 2341 1
1078 2313 1152 2345 Coun,
1167 2319 1187 2339 1.
1204 2313 1284 2343 ltem,
1301 2309 1373 2346 quia
1389 2308 1619 2336 dissimulabant
1641 2307 1716 2337 inter
1730 2316 1760 2337 se
1774 2308 1833 2336 for-

1052 2360 1214 2386 nicatorem
1235 2365 1314 2391 esse‚
1340 2355 1390 2391 qui
1412 2355 1531 2383 tenebat
1551 2363 1710 2383 novercam
1731 2362 1815 2383 suam
1822 2375 1833 2390 ‚

1053 2409 1062 2436 l
1080 2408 1153 2440 Cor„
1169 2413 1198 2433 ν.
1220 2405 1305 2437 item,
1323 2403 1393 2439 quia
1412 2402 1494 2439 apud
1513 2402 1648 2431 infideles
1660 2402 1774 2438 judices
1795 2401 1832 2431 de

1056 2451 1248 2481 saecuiaribus
1262 2450 1388 2485 negotiis
1402 2449 1590 2485 litigabant‚1
1605 2449 1678 2483 Corn,
1695 2457 1734 2477 vi.
1751 2450 1832 2484 ltem,

1054 2498 1246 2536 reprehendit
1270 2505 1320 2525 eos
1336 2496 1372 2524 de
1392 2496 1583 2525 irreverentia
1605 2496 1681 2523 circa
1697 2496 1833 2524 Euchari-

1054 2547 1115 2575 stim
1125 2545 1335 2581 sumptionem,
1346 2545 1437 2576 icor„
1448 2551 1489 2572 xi.
1500 2545 1582 2574 Item,
1594 2543 1631 2570 dc
1646 2551 1744 2571 errore
1757 2543 1835 2572 circa

1056 2596 1243 2623 mortuorum
1256 2591 1512 2626 resurrectionem,
1527 2591 1538 2619 1
1554 2591 1627 2624 Cor„
1642 2598 1691 2618 xv.
1706 2592 1788 2625 item,
1804 2591 1834 2619 in

1056 2641 1190 2670 secunda
1212 2638 1338 2675 epistola
1357 2638 1397 2667 ad
1419 2637 1586 2667 Corinthios
1594 2657 1605 2673 ‚
1627 2638 1760 2675 increpat
1782 2645 1834 2667 eos

1058 2688 1164 2718 Paulus
1180 2687 1217 2715 de
1227 2686 1285 2715 hoc
1299 2685 1460 2722 praecipue,
1473 2684 1557 2722 quod
1566 2684 1610 2714 illi
1624 2685 1718 2715 multa
1731 2686 1835 2722 gravia
