2004 3037
714 233 801 269 CAP.
826 235 865 268 11.
889 232 1114 272 PARTICULA
1136 239 1174 272 11.
1711 244 1748 281 Π

130 313 178 334 res
194 305 378 342 despiciens,
399 305 470 343 quia
487 305 608 334 humilis
623 313 690 333 sum
703 304 794 333 corde
811 313 818 332 :
839 304 911 341 quia

129 352 161 381 in
174 354 320 389 quantum
341 351 464 381 terrenis
479 352 588 380 divitiis
601 359 686 380 mens
699 351 788 379 fuerit
800 359 910 388 paupe-

129 399 205 435 rior,
220 400 381 428 intantum
399 399 439 427 ad
459 399 576 435 regales
594 399 712 436 nuptias
730 398 822 426 veluti
842 406 912 426 con-

128 445 269 482 formior,
288 454 378 483 super
395 446 535 475 humanae
552 448 665 475 naturae
688 445 812 480 limites,
836 444 911 473 mihi

129 493 272 529 uniendo,
300 493 384 521 citius
410 493 547 522 elevabo.
575 493 662 528 Quod
690 501 743 521 vos
767 499 829 520 non
856 499 910 528 per

128 540 363 576 speculationem
382 540 553 575 attendatis,
569 539 622 568 sed
645 539 743 568 videte
765 547 820 575 per
844 546 910 574 gus-

128 589 191 615 tum
209 587 330 616 interius
351 589 530 624 praeeuntem
547 596 554 615 :
576 587 647 624 quia
667 594 730 615 non
750 585 909 620 videbitis,

127 633 183 662 nisi
207 641 376 662 sermonem
394 634 546 671 Prophetae
567 633 781 670 impleveritis,
805 633 847 660 sic
863 632 908 660 di-

127 681 218 709 centis
234 681 242 697 ¹
261 690 267 709 :
291 681 403 709 Gustata
424 684 450 709 et
474 681 578 716 videte,
603 682 731 716 quoniam
754 681 847 708 suavis
870 683 909 708 est

127 729 274 761 Domt'nus‚·
301 728 373 764 quia
393 729 463 756 tunc
488 727 542 756 erit
567 728 702 763 requieS,
732 728 761 755 et
787 727 908 763 proprie

125 783 262 803 murmur
282 775 438 812 aspirantis
462 775 568 803 animae
589 775 653 810 Jam
677 774 817 810 cessabit,
839 783 906 802 cum

125 824 293 852 Creatorem
306 823 402 860 seipsa
413 823 560 858 majorem
574 823 606 850 in
620 821 716 858 seipsa
730 822 908 858 persenserit

125 869 325 906 quiescentem
340 879 346 898 :
364 871 392 898 et
404 869 462 898 hoc
478 871 537 904 est,
555 869 638 906 quod
657 871 761 905 postea
776 869 882 897 dicitur
899 879 905 897 :

124 918 159 944 Et
181 918 325 945 invenietis
347 918 465 952 requiem
491 917 633 944 animabus
654 917 767 950 vestris,
784 918 812 944 et
838 918 907 944 tunc

125 965 235 993 amoris
253 965 362 1000 jugum
381 964 434 992 erit
458 964 545 999 leve,
562 966 590 992 et
615 971 691 991 onus
713 963 809 991 facile.
832 965 905 991 Nam

968 305 1128 343 subtraho,
1149 309 1202 337 sed
1220 317 1289 338 cum
1310 318 1411 340 meum
1423 312 1532 349 Jugum
1551 315 1675 344 sustines
1695 324 1749 352 pa-

966 360 1034 381 rum
1048 354 1079 382 in
1100 355 1238 391 miseria,
1262 357 1359 393 qualis
1380 367 1431 388 ero
1454 360 1486 388 in
1505 360 1616 398 gloria,
1633 363 1748 392 miseri—

967 400 1096 430 corditer
1109 402 1162 431 tibi
1178 404 1378 433 communico.

1262 486 1338 510 Secta
1353 487 1453 518 petitio.

1001 543 1037 570 Et
1049 551 1082 571 ne
1095 552 1152 578 nos,
1165 547 1218 573 etc.
1230 547 1309 574 Tunc
1322 547 1401 575 enim
1413 556 1497 576 mens
1510 549 1541 577 in
1554 552 1746 582 tentationem

966 587 1130 626 inducitur,
1150 592 1274 627 quando
1289 594 1375 622 tantis
1390 594 1561 633 blanditiis,
1578 599 1626 627 vel
1641 600 1746 629 seduc-

965 635 1096 665 tionibus
1121 646 1206 666 mens
1225 639 1387 677 illaqueata
1412 642 1556 679 volvitur,
1581 647 1613 673 ut
1628 646 1692 681 Jam
1715 648 1745 676 in

964 685 1048 718 parte
1060 685 1223 714 consentiat
1236 686 1307 715 huic
1321 689 1488 717 necessario
1499 691 1593 727 operi,
1610 693 1649 720 ad
1662 695 1745 730 quod

964 729 1100 759 inclinari
1128 740 1146 760 a
1173 733 1328 762 seductore
1361 736 1563 765 versutissimo
1591 738 1745 770 instantius

965 776 1152 806 admonetur.
1174 780 1245 808 Pettt
1264 789 1334 816 ergo
1357 789 1482 818 sponsa,
1505 792 1567 812 non
1586 785 1624 814 de
1646 786 1744 816 dilecti

964 824 1105 853 continua
1118 826 1315 855 subventione
1330 828 1484 865 diffidens,
1500 831 1553 859 sed
1571 833 1668 861 carnis
1686 835 1744 863 hu-

964 878 1060 899 manae
1073 871 1263 908 fragilitatem
1278 875 1476 912 considerans,
1493 880 1526 906 ut
1539 879 1578 907 ab
1593 880 1649 908 isto
1665 883 1744 917 peri-

964 918 1033 946 culo
1043 919 1184 948 liberetur
1196 930 1202 949 ε
1215 930 1276 958 quo
1289 924 1357 950 tunc
1368 923 1422 951 scit
1433 933 1463 952 se
1475 925 1599 955 firmiter
1611 928 1742 967 liberari,

964 966 1086 1001 quando
1115 967 1330 1003 benignissimo
1357 973 1517 1006 protectori
1544 982 1598 1010 per
1624 977 1744 1005 radian-

963 1011 1075 1041 tissima
1097 1015 1207 1042 amoris
1232 1015 1379 1045 desideria
1397 1022 1598 1054 praesentatur.
1624 1024 1656 1051 Et
1674 1024 1743 1053 ideo

964 1059 1074 1088 obnixe
1096 1069 1212 1098 semper
1234 1063 1360 1092 intendit
1374 1073 1428 1101 per
1441 1066 1612 1096 affectiones
1626 1078 1743 1099 sursum

963 1106 1026 1141 agi,
1042 1109 1074 1134 ut
1093 1107 1179 1136 illum
1193 1113 1341 1138 mereatur
1356 1112 1513 1148 attingere,
1530 1117 1557 1142 et
1577 1116 1636 1144 suis
1655 1117 1742 1146 affec-

963 1152 1050 1181 tionis
1067 1154 1249 1184 clamoribus
1270 1165 1454 1194 provocare,
1470 1160 1507 1188 de
1530 1162 1614 1197 cujus
1629 1164 1743 1193 miseri-

27 1011 229 1047 Jugumjugum
249 1011 359 1039 amoris
386 1019 440 1038 sua
464 1010 606 1046 dignitate
631 1012 659 1037 et
682 1010 816 1045 jucunda
844 1010 907 1038 alli-

15 1052 97 1104 3:1¹ssss
125 1058 230 1086 cientia
253 1057 294 1085 sic
315 1057 388 1093 ligat
408 1056 529 1085 interius
549 1056 749 1092 voluntatem,
774 1058 806 1084 ut
831 1057 906 1084 nihil

20 1114 60 1135 nni
73 1114 96 1135 fit
123 1113 219 1141 poenae
237 1104 356 1140 sentiat,
376 1103 428 1140 qui
447 1103 592 1132 cervicem
613 1112 698 1131 suam
718 1105 907 1140 supposuerit

14 1151 90 1166 suave.
123 1151 163 1180 ad
174 1152 282 1187 jugum
292 1151 501 1179 suavissimum
517 1150 732 1178 sustinendum.
748 1151 821 1177 Nam
836 1159 906 1178 con-

122 1201 166 1227 tra
197 1198 444 1227 consuetudinem
477 1197 605 1225 aliorum
632 1198 776 1232 jugorum
787 1218 796 1231 ,
829 1197 905 1225 illud

120 1245 356 1274 manifestissime
369 1245 431 1272 suis
444 1244 657 1272 sustinentibus
672 1244 902 1280 comprobatur:

120 1300 191 1320 nam
214 1292 297 1320 aliud
316 1292 424 1328 jugum
442 1291 605 1326 trahentes,
632 1291 670 1319 ab
690 1291 754 1327 ipso
776 1290 904 1318 cervices

120 1339 263 1367 inclinant
283 1338 421 1374 inferius,
443 1339 551 1374 jugum
576 1340 675 1366 autem
695 1337 771 1365 illud
789 1337 820 1364 in
841 1339 904 1365 tan-

120 1388 182 1414 tum
210 1386 384 1414 sustinentes
419 1385 535 1418 elevat,
563 1387 595 1412 ut
623 1386 843 1412 commorantes
871 1385 902 1412 in

118 1435 205 1468 terra,
228 1433 315 1461 faciat
337 1433 367 1460 in
392 1432 558 1460 coelestibus
581 1431 732 1466 habitare,
758 1434 791 1459 ut
812 1440 903 1467 supra

119 1480 316 1516 nosmetipsos
340 1478 548 1513 extendendo,
576 1478 733 1514 spirituum
765 1478 903 1506 concives

118 1527 205 1556 faciat
219 1534 427 1563 supernorum.
443 1525 513 1553 ldeo
529 1533 598 1552 vere
613 1525 679 1552 leve
695 1525 813 1560 dicitur,
831 1526 902 1561 quia

119 1574 157 1602 ab
177 1573 367 1601 inferioribus
382 1574 512 1600 mentem
527 1571 682 1607 allevianS,
706 1573 734 1599 ct
747 1572 846 1607 ipsum
861 1572 901 1599 ad

118 1620 272 1656 superiora
295 1628 385 1656 supra
413 1619 545 1655 seipsum
574 1618 730 1646 statuendo
760 1619 802 1645 est
829 1618 902 1646 levi-

118 1675 201 1703 gans.
216 1669 303 1696 Suave
314 1667 402 1694 etiam
413 1666 530 1700 dicitur,
543 1666 614 1701 quia
629 1665 727 1700 ipsum
742 1665 899 1700 sustinens,

119 1715 190 1742 vivit
204 1715 264 1742 vita
284 1713 475 1749 angelorum,
492 1720 554 1740 non
568 1711 726 1740 hominum
737 1732 745 1745 ‚
762 1712 899 1747 quamvis

118 1761 210 1789 modo
225 1760 434 1796 imperfectius,
450 1759 502 1787 sed
516 1759 547 1786 in
561 1758 747 1795 separatione
764 1758 898 1794 corporis

117 1810 145 1836 et
159 1808 264 1835 animae
276 1807 445 1844 plenissime
460 1806 582 1834 feliciter
597 1805 751 1833 obtinebit.
765 1805 815 1832 Vel
829 1804 898 1832 ideo

117 1863 196 1883 suave
221 1854 338 1888 dicitur,
363 1853 433 1890 quia
458 1853 489 1880 in
512 1854 593 1880 tanta
618 1852 719 1880 laetitia
742 1853 770 1879 et
790 1852 897 1887 jucun-

117 1901 206 1929 ditate
220 1901 366 1929 interioris
389 1900 494 1928 animae
518 1899 586 1926 facit
611 1899 700 1926 vitam
715 1899 800 1926 istam
815 1906 896 1926 ama-

116 1957 181 1976 ram
196 1948 353 1982 deducere,
369 1947 439 1983 quia
452 1946 507 1974 sibi
520 1947 582 1981 jam
593 1945 652 1973 vita
667 1945 769 1980 gloriae
783 1945 895 1981 incipit,

116 1997 147 2022 ut
158 1994 328 2030 jucunditas
342 1994 448 2022 mentis
457 1992 643 2029 poenalitates
657 1992 790 2028 corporis
804 2000 896 2028 prop-

116 2042 158 2068 ter
191 2041 236 2068 sui
271 2041 486 2068 abundantiam
516 2041 657 2076 exuperet
692 2038 894 2067 absorbendo.

116 2087 181 2114 Leve
211 2086 298 2114 etiam
333 2086 438 2113 dicitur
466 2088 587 2122 propter
615 2086 761 2113 interioris
790 2086 896 2113 animae

115 2133 344 2170 pinguedinem,
360 2133 451 2160 veluti
470 2140 590 2160 carnem
608 2132 768 2167 pinguem,
789 2134 815 2159 et
830 2132 895 2167 pin-

115 2179 243 2215 guedine
266 2179 410 2216 repletam
439 2179 621 2207 carbonibus
646 2178 676 2205 in
704 2185 776 2204 veru
801 2185 895 2213 appo-

115 2226 215 2261 sitam,
232 2228 265 2254 ut
278 2227 396 2262 frigoris
418 2228 548 2261 egestas,
566 2225 614 2253 vel
628 2226 711 2252 aestas
722 2246 730 2258 ,
746 2223 794 2251 vel
813 2224 895 2252 calor

115 2274 301 2309 importunus
315 2281 377 2301 non
391 2272 447 2300 sibi
467 2273 641 2308 ingeni-rent
661 2270 786 2306 aliquod
801 2278 893 2298 nocu—

115 2323 257 2355 mentum,
274 2323 306 2348 ut
319 2319 423 2347 merito
438 2319 620 2355 praesentiat,
638 2317 721 2353 quod
736 2317 793 2344 sibi
808 2319 894 2344 antea

115 2368 240 2403 sponsus
254 2367 439 2403 promiserat,
457 2366 559 2393 dicens
572 2364 582 2379 ²
599 2373 604 2391 :
617 2367 672 2399 qu
686 2367 821 2399 protector
832 2367 894 2391 suus

114 2422 183 2447 sum,
199 2422 266 2441 cum
285 2414 358 2449 jugo
383 2421 450 2440 meo
471 2412 555 2440 suavi
576 2410 721 2439 alliceris:
742 2412 776 2437 Et
796 2419 894 2438 merces

117 2463 164 2488 tua
179 2469 279 2496 magma
299 2462 398 2494 nimis,
421 2468 488 2488 cum
510 2467 558 2487 me
582 2460 612 2486 in
636 2458 732 2494 gloria
754 2458 891 2493 videbis,

115 2507 277 2543 meipsum,
293 2515 354 2535 non
375 2507 474 2542 aliud,
490 2509 560 2534 tunc
579 2508 634 2533 tuae
653 2505 764 2532 militiae
783 2505 892 2541 stipen-

116 2553 199 2581 dium
212 2554 352 2590 recipies,
367 2554 420 2581 sed
434 2555 516 2580 nimis
527 2574 536 2587 ,
552 2552 623 2588 quia
642 2553 725 2579 tuum
747 2551 893 2587 gaudium

116 2608 209 2635 usque
243 2601 282 2628 ad
311 2601 490 2636 completam
523 2598 722 2634 cognitionem
751 2606 811 2625 non
840 2599 892 2626 tibi

149 2662 235 2687 1Ρειιί.
250 2666 425 2693 xxii111,{).—
438 2664 446 2677 2
460 2663 531 2693 Gen.y
548 2668 589 2692 xv,
608 2664 629 2686 1.
641 2675 671 2679 —
686 2661 696 2677 Β
711 2660 779 2684 Psal.
795 2667 836 2692 xc,
854 2663 890 2685 14.

116 2711 147 2716 —
161 2699 168 2712 ⁴
183 2698 240 2729 lob,
251 2704 294 2730 XL,
312 2700 349 2724 18.
361 2713 392 2718 -
411 2701 419 2714 ⁵
433 2699 486 2729 Iob,
501 2705 557 2729 xm,
572 2700 611 2722 21.

257 2752 331 2775 Tou.
352 2753 422 2775 vul.

965 1200 1069 1228 cordia
1086 1202 1208 1237 confisa,
1224 1203 1355 1232 hostium
1370 1213 1491 1241 cuneos,
1513 1210 1668 1238 tentatores
1683 1211 1742 1239 sor-

964 1246 1092 1275 tissimos
1115 1250 1325 1284 conspuendo,
1342 1251 1382 1279 ob
1407 1252 1507 1281 dilecti
1531 1255 1744 1286 confidentiam

962 1293 1129 1329 vilipendit,
1144 1295 1196 1331 qui
1217 1296 1273 1324 sibi
1291 1297 1473 1332 jamdudum
1491 1308 1545 1336 per
1560 1303 1744 1333 psalmistam

960 1340 1137 1375 promiserat
1159 1343 1168 1358 ³
1189 1351 1195 1369 ε
1216 1343 1286 1378 (Qui
1302 1344 1332 1371 in
1346 1353 1395 1373 me
1416 1349 1607 1385 speraverit),
1624 1351 1743 1380 liberabo

961 1394 1038 1422 eum,
1065 1391 1206 1423 protegam
1235 1399 1313 1425 eum,
1343 1394 1470 1426 quoniam
1499 1398 1621 1429 cognovit
1649 1406 1743 1426 nomen

961 1442 1056 1484 meum.
1081 1437 1153 1463 Item
1181 1436 1241 1464 alia
1265 1440 1308 1465 est
1336 1438 1431 1474 ratio,
1458 1440 1596 1470 videlicet
1623 1448 1743 1481 propter

961 1483 1146 1516 importunas
1167 1482 1296 1511 hostium
1319 1484 1456 1520 insidias,
1482 1487 1532 1522 qui
1557 1488 1587 1516 in
1611 1492 1740 1527 tantum,

960 1527 1125 1555 secundum
1149 1529 1230 1564 quod
1251 1530 1404 1559 adversari
1428 1535 1654 1572 permittuntur,
1671 1546 1742 1566 con-

959 1577 1108 1602 currentes
1131 1575 1162 1603 in
1186 1584 1328 1612 sponsam
1356 1578 1515 1614 insaniunt,
1542 1582 1573 1609 in
1597 1586 1741 1619 quantum

959 1621 1087 1648 Creatori
1113 1621 1284 1651 immediate
1313 1625 1457 1661 subjecta,
1485 1635 1514 1655 se
1539 1628 1578 1656 ab
1607 1629 1741 1665 ipsorum

960 1668 1094 1696 dominio
1117 1669 1272 1698 distantius
1292 1671 1455 1708 elongavit,
1481 1676 1509 1702 et
1530 1676 1613 1711 quod
1627 1677 1740 1707 fortiori

958 1715 1117 1744 tentatione
1132 1724 1194 1744 non
1206 1717 1379 1754 praevalent,
1392 1720 1548 1756 multiplici
1563 1722 1739 1759 importuni-

957 1764 1024 1797 tate,
1041 1764 1068 1790 et
1085 1763 1253 1799 frequentia
1277 1766 1443 1794 tentationis
1465 1768 1646 1806 multiplicis,
1663 1772 1739 1801 hanc

955 1807 1147 1837 i'uribundius
1158 1814 1387 1847 persequuntur,
1396 1817 1547 1848 sperantes
1557 1815 1623 1852 hoc,
1638 1819 1721 1854 quod
1729 1821 1739 1836 ⁴

954 1856 1083 1884 Jordanis
1102 1858 1189 1885 adhuc
1209 1860 1307 1892 influat
1325 1860 1355 1886 in
1372 1868 1400 1887 os
1416 1868 1522 1897 eorum,
1543 1867 1569 1890 et
1582 1864 1592 1880 ⁵
1615 1868 1737 1894 sternant

954 1903 1007 1929 sibi
1032 1912 1130 1931 aurum
1154 1906 1234 1939 quasi
1262 1906 1358 1933 lutum.
1389 1908 1468 1934 Tunc
1497 1910 1576 1937 enim
1600 1912 1736 1941 Jordanis

953 1948 1049 1977 influit
1067 1950 1098 1977 in
1113 1958 1146 1978 os
1170 1950 1359 1987 daemonum,
1376 1955 1498 1989 quando
1513 1956 1610 1985 rivulo
1626 1960 1736 1988 amoris

953 2003 971 2023 a
998 1996 1078 2024 fonte
1106 1997 1265 2033 bonitatiS,
1296 1999 1344 2027 vel
1375 2000 1567 2030 beatitudinis
1599 2007 1732 2042 aeternae,

954 2045 1099 2079 exeunte,
1124 2052 1177 2080 per
1201 2053 1291 2080 quem
1320 2045 1380 2074 vita
1408 2047 1560 2077 descendit
1587 2051 1617 2077 in
1646 2053 1732 2088 spiri-

953 2091 1026 2125 tum,
1041 2090 1224 2126 interrupto,
1239 2091 1330 2119 veluti
1345 2094 1540 2124 secretissimo
1560 2105 1645 2133 aquae
1661 2099 1732 2127 duc·
1766 2107 1770 2112 “

952 2138 997 2170 tu,
1023 2145 1077 2172 pcr
1107 2140 1204 2172 partes
1233 2139 1365 2173 corporis
1393 2140 1481 2168 rivuli
1511 2144 1732 2174 mundanarum

952 2182 1162 2217 cupiditatum,
1180 2185 1208 2210 et
1224 2184 1312 2211 undae
1326 2187 1539 2222 praecipitantes
1555 2190 1731 2226 dignitatum

951 2229 1130 2256 terrestrium
1139 2250 1147 2264 ,
1163 2230 1306 2260 sustocato
1325 2231 1461 2261 balsamo
1480 2235 1632 2266 affectuosi
1647 2248 1730 2269 amo-

951 2274 1000 2325 ris,
1016 2283 1069 2310 per
1083 2284 1174 2312 quem
1186 2277 1287 2305 anima
1300 2277 1331 2305 in
1346 2279 1406 2307 suis
1419 2280 1573 2311 desideriis
1587 2285 1729 2323 loquitur,

950 2323 1122 2358 impetuosis
1150 2323 1290 2352 fluctibus
1318 2326 1450 2355 animam
1479 2331 1667 2366 repleverint.
1697 2336 1730 2364 Et

950 2371 1018 2396 tunc
1047 2377 1152 2397 aurum
1179 2371 1264 2406 quasi
1292 2371 1387 2400 lutum
1419 2376 1574 2413 sternitur,
1605 2381 1727 2415 quando

949 2423 1034 2443 amor
1060 2416 1251 2445 suavissimus
1275 2420 1418 2448 Creatoris
1446 2430 1499 2450 suo
1530 2424 1636 2453 decore
1664 2428 1727 2455 ani-

949 2470 1030 2490 mam
1057 2463 1286 2500 pulchrifieans,
1316 2468 1343 2493 et
1375 2466 1517 2502 dignitate
1550 2474 1727 2506 praeexcelsa

948 2510 1124 2560 insigniens,
1145 2510 1176 2538 in
1191 2518 1324 2539 amorem
1343 2516 1496 2550 creaturae,
1519 2516 1626 2546 faciem
1640 2528 1727 2556 supe-

948 2563 1058 2584 riorem
1095 2557 1201 2584 animae
1237 2558 1462 2596 sordidantem,
1499 2562 1728 2596 lamentabiliter

949 2605 1156 2631 commutatur.
1178 2604 1248 2632 ideo
1271 2604 1391 2634 liberari
1414 2615 1444 2635 se
1465 2610 1612 2647 postulat,
1629 2612 1728 2649 ipsum

949 2649 1102 2678 desideriis
1127 2651 1339 2686 provocando,
1360 2655 1392 2680 ut
1415 2654 1471 2682 sibi
1498 2656 1548 2684 ille
1567 2658 1631 2693 jam
1654 2661 1728 2689 nolit

949 2696 1089 2731 deficere,
1107 2697 1146 2724 ob
1162 2698 1246 2732 cujus
1266 2706 1400 2726 amorem
1422 2701 1569 2732 efficacius
1591 2706 1728 2736 obtinen-

1570 2759 1589 2788 2
