2004 3037
628 234 678 269 DE
698 232 824 268 SEXTO
846 231 1018 266 lTINERE.
1042 233 1143 267 mS'r.
1166 235 1265 268 11-111.

143 304 199 333 tur.
208 302 344 340 Magistra
351 302 431 332 enim
439 303 674 340 estintelligendi
689 301 880 340 experientia,
891 303 919 330 et

143 349 196 380 illa
209 350 320 387 optime
332 350 438 386 judicii
451 350 605 380 veritatem
617 349 766 386 cognovit,
777 349 917 386 quiajam

142 405 203 427 non
219 397 369 427 audiendo
385 397 494 432 solum,
508 397 562 426 sed
576 397 722 434 gustando
740 399 768 425 et
780 395 918 425 faciendo

143 445 256 474 didicit.
273 455 288 473 »
306 445 442 482 Sequitur
456 454 463 473 :
478 456 491 472 «
505 447 538 474 In
551 444 731 481 experientia
744 451 875 480 namque
891 443 920 471 et

142 492 246 521 habitu
271 492 403 528 virtutis,
427 491 556 528 cognitio
582 492 733 529 perficitur
759 490 888 520 veritatis
909 498 916 518 :

143 540 215 577 quia
227 540 259 568 in
272 539 338 568 sola
359 538 543 575 intelligendi
564 539 780 568 illuminatione
795 537 918 566 inchoa-

143 588 200 615 tur.
214 596 228 614 »
245 587 309 616 Haec
323 586 384 615 ille.
397 586 442 615 Ad
456 585 535 615 hanc
559 586 771 623 experientiam
786 586 919 614 hortatur

143 635 252 670 Petrus,
267 633 368 662 dicens
381 636 390 652 ¹
403 642 410 662 :
431 634 462 662 Si
477 636 567 661 tamen
589 635 722 668 gustastis
737 633 864 669 quoniam
881 631 918 667 (a)

142 681 230 710 dulcis
256 683 295 710 est
320 682 461 709 Dominus.
483 680 710 709 Rationabiliter
737 680 838 716 itaque
864 679 919 707 iter

142 727 380 764 experimentalis
387 728 496 757 notitiae
507 729 686 757 aeternorum
698 727 831 765 sequitur
840 734 917 764 prae-

141 774 276 804 cedentia
289 774 393 805 itinera
410 777 554 813 tanquam
566 775 618 804 illa
631 774 798 812 perficiens.

376 871 618 906 DISTINCTIO
642 872 683 905 II.

155 945 275 978 Quarum
291 945 478 980 potentiarum
496 945 552 972 ista
571 944 790 980 emperiaeezentalis
808 945 910 971 notitia

471 988 589 1016 dicatur.

177 1057 313 1086 Secundo
328 1057 493 1085 videndum
508 1059 561 1092 est,
577 1064 704 1093 quarum
720 1057 919 1093 potentiarum

141 1105 169 1132 et
180 1112 309 1141 quorum
324 1111 464 1132 sensuum
480 1103 719 1140 experimentatus
734 1104 838 1132 notitia
857 1111 919 1131 esse

142 1151 266 1179 dicatur.
294 1151 376 1180 Circa
402 1151 487 1188 quod
507 1151 674 1179 notandum
696 1153 757 1185 est,
782 1150 866 1187 quod
888 1150 919 1178 in

140 1197 219 1227 libro
235 1199 267 1226 de
280 1199 391 1234 Spiritu
407 1201 432 1227 et
457 1199 578 1233 Anima,
595 1197 702 1226 dicitur
717 1198 758 1225 sic
771 1199 782 1214 2
800 1206 806 1225 :
828 1207 841 1223 «
856 1199 918 1226 Duo

141 1245 264 1282 quidem
289 1239 319 1274 in
333 1245 454 1274 homine
470 1247 537 1274 sunt
551 1253 669 1277 sensus,
686 1253 763 1273 unus
786 1244 918 1279 interior,

142 1295 170 1322 et
183 1294 258 1322 alius
274 1295 412 1330 exterior,
423 1297 451 1323 et
464 1297 587 1330 uterque
598 1294 714 1322 bonum
729 1302 816 1322 suum
830 1293 921 1322 habet

142 1341 172 1369 in
184 1349 244 1378 quo
256 1341 396 1370 reficitur.
407 1342 513 1370 Sensus
524 1341 652 1370 exterior
666 1341 796 1370 reficitur
810 1341 841 1369 in
851 1349 920 1370 con<

142 1388 333 1424 templatione
347 1389 548 1425 humanitatis,
561 1397 663 1416 sensus
676 1389 796 1417 interior
806 1388 837 1416 in
852 1397 921 1417 con-

142 1435 336 1471 templatione
358 1435 528 1464 divinitatis.
553 1438 711 1472 Propterea
741 1436 821 1464 enim
846 1437 920 1463 Deus

141 1481 234 1510 factus
247 1482 399 1518 esthomo,
411 1484 444 1511 ut
456 1485 549 1511 totum
564 1483 717 1511 hominem
727 1483 918 1517 beatificaret,

143 1530 171 1557 et
192 1531 253 1557 tota
268 1530 423 1558 conversio
445 1530 575 1558 hominis
600 1532 674 1557 esset
697 1530 736 1558 ad
759 1530 874 1566 ipsum,
893 1531 921 1558 et

142 1576 203 1604 tota
216 1576 334 1604 dilectio
356 1578 431 1605 esset
451 1577 482 1604 in
501 1577 567 1611 illo,
583 1584 651 1604 cum
675 1585 692 1604 a
714 1585 802 1605 sensu
824 1577 920 1605 carnis

142 1625 292 1653 videretur
303 1634 357 1662 per
372 1633 503 1660 carnem,
514 1628 542 1653 et
557 1634 574 1654 a
588 1633 676 1653 sensu
688 1626 794 1654 mentis
810 1634 863 1662 per
877 1626 921 1654 di-

143 1672 271 1700 vinitatis
292 1672 584 1708 contemplationem.
601 1684 615 1700 ))
640 1673 777 1708 Sequitur
797 1681 803 1700 :
827 1683 841 1699 «
860 1674 920 1701 Hoc

143 1721 205 1748 erat
219 1719 312 1747 totum
334 1719 450 1747 honum
469 1719 609 1754 hominis,
627 1721 660 1747 ut
673 1719 735 1747 sive
750 1720 920 1754 ingredere-

143 1767 200 1801 tur,
211 1766 272 1794 sive
288 1766 487 1802 egrederetur,
502 1775 614 1802 pascua
632 1766 663 1793 in
680 1774 735 1794 suo
751 1766 859 1795 factore
875 1767 919 1795 in-

142 1813 264 1842 veniret.
280 1823 294 1841 »
311 1815 345 1842 Et
365 1813 441 1842 infra
456 1813 527 1841 dicit
543 1823 551 1842 ι
572 1824 586 1840 (ι
604 1815 677 1842 Cum
697 1814 789 1842 homo
808 1815 921 1842 constet

143 1868 180 1889 ex
203 1863 291 1889 carne
315 1862 342 1888 et
362 1861 481 1895 anima,
501 1862 528 1888 et
548 1861 580 1888 in
601 1869 687 1889 carne
708 1861 766 1889 sint
787 1861 919 1898 quinque

144 1916 256 1942 sensus,
272 1907 382 1935 scilicet
395 1907 486 1942 visus,
503 1907 638 1942 auditus,
654 1907 788 1942 olfactus,
807 1911 918 1944 gustus,

144 1956 171 1982 et
185 1955 287 1988 tactus,
298 1962 374 1990 quos
383 1956 483 1982 tamen
498 1961 559 1982 non
573 1957 672 1982 movet
686 1955 799 1990 absque
814 1955 920 1983 animae

143 2001 281 2030 societate
307 2010 313 2029 :
336 2001 376 2029 ita
396 2001 495 2028 anima
519 2000 651 2028 similiter
673 2001 764 2028 habet
786 2001 920 2037 quinque

142 2055 245 2076 sensus
256 2055 310 2075 suo
321 2047 424 2082 modo,
440 2047 511 2083 quia
520 2047 530 2064 ³
540 2046 706 2083 spirituales
718 2055 766 2075 res
779 2055 840 2076 non
855 2056 920 2076 cor-

143 2094 297 2130 poralibus
312 2095 463 2129 sensibus,
487 2095 541 2122 sed
559 2094 762 2131 spiritualibus
775 2096 920 2124 rimandae

145 2143 221 2169 sunt.
237 2152 250 2168 n
268 2144 300 2170 Et
315 2142 447 2178 sequitur
460 2151 467 2170 :
487 2152 500 2167 «
515 2142 596 2169 Unde
611 2141 713 2170 divina
727 2151 784 2170 vox
798 2143 829 2170 in
843 2145 919 2171 Deu-

145 2189 313 2217 teronomio
327 2189 386 2216 ait*
398 2198 404 2216 :
419 2189 516 2217 Videte
525 2189 596 2224 quod
611 2197 657 2224 eqo
671 2198 730 2217 sum
745 2191 815 2217 Deus
828 2198 838 2217 :
854 2198 921 2218 ecee

145 2235 304 2272 spiritualis
323 2235 416 2263 visus.
432 2237 464 2263 Et
482 2236 513 2263 in
535 2235 713 2272 Apocalypsi
727 2237 736 2253 ⁵
754 2246 760 2264 ;
776 2237 830 2270 Qui
845 2238 922 2264 habet

146 2290 223 2310 aures
239 2283 350 2314 audiat,
366 2282 433 2317 quid
453 2282 530 2309 dicat
546 2283 670 2317 Spiritus
690 2284 815 2311 Ecclesiz's
830 2291 840 2310 .·
854 2292 921 2311 eece

145 2329 304 2365 spiritualis
327 2329 456 2357 auditus.
474 2331 505 2357 Et
523 2330 553 2357 in
576 2330 691 2358 Psalmo
707 2330 735 2357 ⁶:
760 2331 882 2365 Gustare,
897 2333 922 2358 et

145 2376 246 2411 videte,
267 2378 393 2411 quoniam
411 2377 504 2403 suavis
525 2379 562 2404 est
584 2379 714 2405 Dominus
727 2385 738 2404 .·
753 2386 818 2405 6666
834 2377 921 2413 spiri-

146 2423 232 2450 tualis
247 2425 358 2459 gustus.
373 2424 406 2451 Et
419 2423 576 2459 Apostolus
589 2425 599 2441 ⁷
617 2433 624 2452 z
641 2425 729 2452 Bonus
745 2425 808 2451 odor
822 2425 923 2452 Christi

145 2476 254 2497 sumus:
267 2478 333 2498 ecce
343 2469 501 2506 spiritualis
513 2470 648 2498 olfactus.
659 2473 692 2499 Et
706 2471 736 2499 in
751 2471 923 2506 Evangelio,

145 2515 206 2545 fide
216 2517 372 2545 mulierem
381 2525 412 2545 se
424 2517 552 2553 tetigisse
561 2517 669 2553 magis,
683 2526 775 2554 quam
785 2526 921 2555 corpore,

182 2603 185 2616 ¹
207 2603 215 2626 l
236 2603 313 2632 Petu,
335 2608 370 2634 11,
394 2605 416 2627 3.
437 2617 467 2621 —
484 2604 494 2620 ²
511 2604 546 2628 De
560 2604 629 2634 Spir.
646 2606 669 2628 el
683 2604 781 2636 Anim.,
799 2613 821 2630 6,
842 2611 877 2629 IX.
894 2619 922 2624 -—

149 2638 246 2668 ²1hid.,
261 2645 284 2662 c.
301 2644 371 2663 xL1x.
387 2651 417 2657 —
436 2639 443 2653 ⁴
461 2639 545 2669 ΗΜΛ,
563 2645 648 2669 xxxii,
665 2641 747 2665 39.-
765 2642 776 2658 Β
789 2642 876 2672 Aper„
894 2648 923 2671 11,

147 2675 187 2698 29.
200 2687 230 2692 —
246 2674 255 2688 ⁶
268 2673 337 2698 PsaI.
352 2680 447 2705 xxxin,
463 2676 487 2700 9.
501 2689 532 2693 -
543 2675 554 2692 ⁷
568 2676 588 2699 li
609 2676 678 2706 Com,
695 2678 817 2706 11,15.-
834 2678 842 2692 Β
856 2678 923 2707 Lm,

148 2715 209 2739 vui,
234 2711 272 2734 40.
292 2722 323 2727 -
345 2710 353 2723 ³
373 2710 460 2741 Bern„
483 2711 508 2735 in
532 2710 618 2740 Cant„
640 2718 717 2737 serm.
743 2719 838 2744 Lxxxv,
856 2713 924 2738 circa

269 2763 343 2786 Tou.
366 2763 423 2786 VIII
427 2777 434 2785 ·

1690 246 1750 276 465

975 302 1102 332 ostendit
1109 302 1212 333 dicens
1219 305 1232 323 ⁸
1246 314 1252 333 :
1261 305 1329 339 Quis
1335 314 1376 335 me
1387 308 1478 344 tetigit
1486 310 1501 336 ?
1509 316 1577 339 ecce
1589 310 1750 347 spiritualis

974 350 1077 378 tactus.
1092 360 1108 378 »
1124 352 1157 380 Et
1178 352 1313 388 sequitur
1331 362 1340 381 :
1359 364 1373 379 «
1392 353 1437 383 Sic
1459 356 1552 385 modo
1575 365 1645 387 cum
1667 359 1750 388 omni

975 397 1090 426 cautela
1103 399 1285 428 servandum
1295 401 1348 436 est,
1359 401 1433 438 quid
1443 402 1482 431 ad
1491 405 1625 441 corporis
1635 413 1751 444 sensus,

976 445 1004 472 et
1018 444 1092 481 quid
1106 445 1146 473 ad
1167 446 1272 475 animae
1289 447 1462 484 dignitatem
1481 451 1635 487 pertineat.
1649 464 1664 481 π
1686 455 1752 484 Hoec

974 491 1035 520 ille.
1051 493 1092 520 Ex
1106 492 1151 521 his
1166 493 1253 530 plane
1267 496 1363 532 patet,
1380 497 1463 533 quod
1482 498 1557 527 sicut
1570 501 1751 537 experientia

975 539 1176 576 corporalium
1187 540 1220 568 fit
1233 542 1368 571 sensibus
1382 545 1598 582 corporalibus,
1607 547 1648 576 ita
1661 556 1751 586 expe-

974 585 1080 614 rientia
1102 587 1299 624 spiritualium
1319 589 1352 618 fit
1371 590 1403 619 in
1425 594 1523 622 mente
1547 594 1751 631 spiritualibus

973 633 1117 663 sensibus.

1198 711 1439 750 DISTINCTIO
1465 716 1522 751 III.

1030 794 1152 827 Qualiter
1172 797 1331 831 spirituales
1349 806 1438 828 sensus
1456 803 1643 836 potentiarum
1661 805 1697 833 ab

1089 842 1297 876 emperimentali
1310 845 1410 872 notitia
1424 846 1618 881 impediantur.

1010 918 1104 947 Tertio
1125 919 1288 949 videndum
1307 925 1364 958 est,
1389 924 1515 960 qualiter
1537 934 1640 955 sensus
1658 929 1751 958 nostri

976 963 1130 993 interiores
1145 967 1312 1003 spirituales
1330 970 1368 998 ab
1388 970 1440 999 illa
1460 973 1682 1009 experimentali
1696 984 1751 1005 no-

975 1011 1038 1040 titia
1052 1012 1254 1048 impediantur
1269 1016 1315 1051 (b).
1332 1017 1371 1045 De
1392 1026 1453 1054 quo
1468 1021 1645 1057 notandum,
1666 1023 1750 1059 quod

974 1066 1076 1087 sensus
1087 1060 1253 1096 spirituales
1263 1063 1420 1099 dupliciter
1432 1065 1636 1102 impediuntur
1650 1069 1689 1098 ab
1703 1078 1751 1099 ex-

973 1106 1159 1141 perimentali
1168 1109 1280 1139 notitia.
1293 1112 1387 1140 Unum
1399 1113 1647 1150 impedimentum
1662 1119 1751 1146 estex

974 1154 1080 1182 natura
1092 1158 1240 1192 corrupta,
1249 1157 1333 1186 alind
1343 1161 1385 1187 est
1399 1168 1436 1188 ex
1447 1164 1548 1191 nostra
1557 1163 1749 1200 negligentia.

975 1200 1013 1227 Dc
1032 1201 1130 1236 primo
1146 1203 1361 1239 impedimento
1384 1208 1551 1236 Bernardus
1573 1209 1645 1238 dicit
1658 1211 1700 1239 sie
1715 1213 1726 1229 ⁹
1741 1222 1749 1240 ι

978 1257 991 1273 «
1005 1249 1146 1286 Saporem
1160 1251 1330 1281 interiorem
1343 1255 1531 1290 perdidimus
1544 1257 1582 1285 ab
1595 1258 1661 1294 ipso
1675 1267 1752 1295 pene

975 1297 1097 1325 exordio
1112 1300 1227 1333 generis
1240 1301 1342 1329 nostri.
1359 1302 1440 1331 Unde
1455 1311 1492 1331 ex
1507 1312 1569 1341 quo
1587 1306 1685 1334 cordis
1698 1315 1752 1343 pa-

974 1342 1084 1379 latum,
1107 1353 1196 1374 sensu
1221 1347 1317 1375 carnis
1335 1350 1528 1386 praevalente,
1553 1352 1653 1380 infecit
1672 1353 1753 1382 virus

975 1391 1118 1427 serpentis
1131 1393 1256 1429 antiqui,
1272 1395 1360 1431 coepit
1374 1404 1436 1425 non
1451 1406 1555 1434 sapere
1569 1399 1701 1436 bonum,
1718 1409 1753 1430 ac

976 1445 1065 1474 sapor
1079 1439 1187 1467 noxius
1207 1441 1364 1478 subintrat,
1385 1446 1412 1472 et
1425 1444 1595 1481 insipientia
1607 1447 1752 1484 mulieris,

975 1483 1007 1512 id
1020 1487 1062 1513 est
1074 1487 1279 1523 sensualitatis,
1290 1497 1427 1525 saporem
1441 1491 1514 1519 boni
1526 1493 1667 1530 excludit,
1682 1495 1753 1531 quia

976 1533 1120 1567 serpentis
1139 1534 1269 1570 malitia,
1284 1537 1311 1564 et
1326 1537 1446 1572 astutia,
1461 1538 1593 1568 mulieris
1611 1540 1753 1577 insipien-

976 1578 1047 1606 tiam
1061 1580 1092 1615 (c)
1107 1580 1309 1610 circumvenit.
1321 1594 1333 1608 n
1347 1584 1412 1611 Haec
1422 1584 1483 1612 ille.
1495 1586 1548 1614 Iste
1562 1594 1679 1616 morsus
1693 1597 1753 1618 ser-

975 1626 1114 1661 pentinus
1133 1627 1201 1656 fecit
1221 1637 1324 1657 sensus
1345 1630 1500 1660 interiores
1519 1632 1711 1669 languescere
1726 1638 1754 1665 et

976 1672 1135 1702 tabescere.
1153 1676 1194 1703 Ex
1208 1676 1278 1704 tunc
1294 1677 1373 1705 enim
1383 1679 1463 1706 visus
1477 1679 1600 1710 interior
1613 1681 1753 1718 spiritua-

975 1718 1012 1747 lis
1026 1721 1212 1755 tenebrescit,
1232 1724 1351 1752 auditus
1365 1725 1519 1762 surdescit,
1533 1727 1658 1756 olfactus
1671 1729 1754 1758 tabe·

976 1766 1047 1800 scit,
1066 1770 1168 1802 gustus
1185 1771 1354 1806 amarescit,
1376 1773 1404 1800 et
1419 1774 1513 1801 tactus
1533 1775 1698 1811 crassescit,
1722 1778 1754 1806 ut

977 1813 1083 1842 clamet
1101 1816 1247 1852 Propheta
1264 1819 1285 1836 ¹⁰
1304 1828 1310 1848 :
1330 1820 1426 1848 Oculos
1438 1822 1549 1857 habent,
1570 1826 1595 1851 et
1611 1832 1664 1852 non
1678 1824 1753 1853 vide-

977 1861 1041 1888 bunt
1048 1871 1058 1897 ,·
1073 1871 1151 1892 aures
1161 1864 1270 1900 habent,
1282 1868 1307 1893 et
1317 1875 1370 1895 non
1385 1868 1506 1904 audient,
1522 1871 1576 1898 etc.
1593 1871 1677 1900 Tales
1690 1880 1754 1901 ma—

977 1911 1047 1937 nent
1061 1909 1093 1938 in
1107 1911 1236 1940 tenebris
1248 1913 1443 1942 exterioribus
1458 1916 1564 1944 carnis.
1575 1918 1614 1946 De
1628 1917 1755 1955 impedi-

976 1958 1077 1984 mento
1101 1958 1232 1986 secundo
1258 1959 1363 1988 dicitur
1386 1961 1417 1988 111
1442 1961 1521 1990 libro
1549 1963 1581 1991 de
1598 1964 1709 1999 Spiritu
1729 1968 1754 1994 et

977 2003 1090 2036 Anima,
1105 2004 1146 2031 sic
1157 2004 1175 2020 ¹¹
1190 2014 1196 2032 ε
1211 2006 1290 2034 «Hoc
1305 2006 1420 2035 bonum
1434 2016 1580 2044 magnum
1593 2011 1688 2047 (quod
1701 2012 1753 2040 ha-

977 2049 1042 2077 buit
1062 2058 1098 2077 ex
1114 2051 1225 2086 duplici
1242 2060 1344 2089 5611511,
1361 2054 1471 2083 scilicet
1489 2055 1621 2085 interiori
1637 2060 1664 2086 et
1678 2061 1755 2087 exte-

977 2096 1050 2124 riori
1063 2096 1140 2125 bene
1157 2098 1317 2135 ordinato),
1334 2101 1447 2129 malum
1462 2110 1607 2138 magnum
1621 2107 1754 2134 secutum

978 2146 1042 2170 est:
1064 2144 1207 2179 quoniam
1226 2146 1343 2182 perdito
1365 2147 1447 2177 bono
1470 2150 1554 2185 quod
1574 2151 1652 2180 intus
1675 2155 1753 2189 erat,

978 2197 1095 2224 egressa
1119 2193 1161 2218 est
1185 2193 1285 2221 anima
1306 2194 1346 2222 ad
1368 2194 1450 2224 bona
1472 2196 1587 2232 aliena,
1603 2207 1669 2235 quae
1683 2199 1756 2228 foris

978 2238 1073 2272 610111,-
1091 2239 1118 2265 et
1132 2241 1253 2274 pactum
1271 2240 1338 2269 fecit
1356 2249 1425 2269 cum
1444 2243 1688 2274 delectationibus
1702 2255 1755 2275 see-

979 2282 1058 2318 culi,
1086 2285 1274 2321 requiescens
1298 2288 1329 2315 in
1355 2288 1429 2324 illis,
1457 2297 1519 2318 non
1542 2293 1695 2321 attendens
1713 2294 1755 2331 (d)

978 2329 1051 2358 boni
1066 2331 1111 2359 sui
1133 2332 1280 2361 interioris
1295 2334 1475 2372 absentiam,
1492 2346 1527 2366 eo
1548 2340 1633 2375 quod
1647 2348 1754 2370 conso·

978 2376 1103 2406 lationes
1117 2387 1186 2407 suas
1200 2381 1304 2416 quaerit
1319 2381 1351 2409 in
1364 2382 1453 2410 bonis
1469 2383 1583 2414 alienis.
1598 2386 1672 2415 Nam
1686 2395 1755 2416 cum
1790 2420 1793 2422 ,

979 2425 1106 2453 exterior
1121 2434 1223 2455 sensus
1247 2429 1373 2457 carnalis
1391 2430 1474 2459 bono
1493 2440 1547 2460 suo
1567 2432 1639 2461 foris
1653 2435 1754 2471 utitur,

979 2471 1101 2501 interior
1115 2482 1217 2502 sensus
1233 2477 1318 2511 quasi
1342 2476 1504 2506 obdormit.
1524 2479 1588 2507 Non
1612 2481 1691 2510 enim
1710 2490 1758 2511 co-

980 2519 1094 2553 gnoscit
1108 2520 1190 2549 bona
1204 2521 1351 2550 interioris
1373 2532 1494 2561 56115115,
1511 2526 1563 2562 qui
1573 2527 1758 2562 ,iucunditate

980 2593 1048 2618 med.
1071 2607 1100 2611 —
1125 2595 1143 2611 ⁴⁰
1165 2594 1233 2618 Psal.
1256 2601 1331 2626 exin,
1350 2598 1372 2620 6.
1388 2610 1419 2615 —
1441 2598 1457 2614 ¹¹
1477 2599 1514 2622 De
1535 2599 1604 2631 sz‘r.
1624 2602 1648 2624 et
1665 2602 1760 2634 Anim.‚

982 2636 1004 2654 c.
1021 2635 1056 2654 ix.

1013 2677 1046 2708 (te)
1056 2678 1116 2702 caet.
1127 2677 1186 2702 edit.
1195 2678 1337 2710 816)ιι’1719.,
1345 2687 1461 2711 qua1›z.—
1470 2681 1502 2712 (b)
1512 2682 1571 2705 Item
1579 2682 1761 2714 impediuntur.

982 2727 1012 2731 -
1027 2713 1057 2744 (c)
1074 2715 1136 2738 Item
1150 2714 1306 2745 insipientia.
1319 2728 1347 2733 -
1363 2715 1401 2746 (d)
1416 2716 1476 2741 Coet.
1492 2717 1553 2741 edit.
1568 2719 1628 2744 add.
1646 2720 1734 2746 homo.

1600 2766 1639 2795 30
