2004 3037
247 246 306 278 390

247 310 391 348 receperit
409 309 577 339 oblationes
595 308 672 344 ejuS,
692 316 852 345 suspensus
870 311 1021 345 estusque

248 358 288 387 ad
298 357 452 386 arbitrium
462 355 594 393 episcopi
606 355 725 392 (Extra...
741 353 779 383 de
793 355 900 391 usuris,
910 364 935 384 c.
950 356 1023 389 Quia

247 407 277 433 in
291 403 438 440 omnibus).

511 479 692 504 PARTICULA
710 478 762 503 LV.

282 546 338 582 Qui
354 546 466 582 eligunt
484 545 515 574 in
536 545 713 581 episcopum
731 552 891 581 personam
909 545 1023 581 patien-

246 597 306 623 tem
319 594 466 622 desectum
479 593 510 621 in
524 592 691 627 natalibus,
704 594 787 620 aetate
803 593 831 619 et
844 592 976 626 scientia,
991 592 1023 620 id

246 643 288 670 est
301 640 455 677 illegitime
465 642 576 674 natam,
588 641 616 667 et
628 638 705 667 infra
714 638 898 674 trigesimum
911 647 1023 667 annum

245 688 347 723 aetatis,
361 687 408 715 vel
423 695 485 715 non
500 686 693 723 competentis
704 685 881 720 litteraturae,
896 685 1022 714 triennio

246 743 264 763 a
278 734 432 763 beneficiis
445 733 668 770 suspenduntur
677 733 797 769 (Extra,
812 732 848 760 de
863 732 1022 768 election.).

510 845 690 870 PAR'I'lCULA
706 844 770 869 LVl.

280 927 353 954 Nota
373 924 456 961 quod
478 923 641 960 capitulum
665 922 848 959 quandoque
872 920 1025 957 dispensat

246 972 411 1000 secundum
436 970 649 1006 Raymundum
676 969 807 1006 (Extra.,
834 968 872 996 de
901 968 1023 1003 simon.,

247 1027 271 1046 c.
284 1020 327 1046 13oe
334 1019 519 1046 insinuatione
526 1027 533 1052 ;
544 1018 652 1051 Extra„
663 1016 700 1044 de
708 1016 852 1052 praeben„
865 1023 890 1043 c.
900 1015 964 1042 Cum
971 1022 1024 1042 non

245 1065 382 1101 7⁴9710res);
404 1064 456 1092 ubi
473 1066 589 1093 Bernar.
610 1065 640 1091 in
659 1066 767 1100 Appar.
783 1062 900 1091 videtur
918 1061 1024 1090 sentire

246 1113 438 1142 contrarium.

490 1188 671 1213 PARTICULA
690 1187 765 1212 Lvtt.

282 1255 326 1282 Ad
342 1254 508 1291 pleniorem
530 1254 628 1281 autem
646 1250 870 1286 intelligentiam
891 1249 1026 1279 omnium

247 1302 278 1330 in
292 1303 349 1330 hoc
362 1301 466 1329 ultimo
479 1300 608 1336 capitulo
619 1298 838 1335 praedictorum,
850 1299 919 1326 nota
932 1297 1024 1325 verba

247 1348 398 1384 Augustini
418 1347 570 1375 scribentis
589 1346 627 1374 ad
650 1346 832 1374 Bonifacium
848 1345 875 1380 ⁴,
895 1352 961 1380 quae
981 1344 1026 1372 in-

248 1396 443 1424 troducuntur
461 1394 526 1421 dist.
543 1402 574 1428 L,
590 1401 615 1420 c.
637 1394 669 1420 t't
685 1394 902 1426 constitueretur,
917 1393 945 1419 et
959 1392 1028 1418 sunt

247 1444 326 1471 haec:
347 1453 360 1468 u
375 1443 408 1469 Ut
427 1441 650 1468 constitueretur
671 1439 702 1466 in
724 1438 868 1473 Ecclesia,
890 1445 927 1465 ne
947 1437 1026 1473 quis-

248 1498 340 1526 quam
358 1490 425 1525 post
446 1487 570 1522 alicujus
584 1486 714 1514 criminis
735 1485 953 1522 poenitentiam,
969 1484 1028 1512 cle-

247 1537 373 1564 ricatum
387 1534 529 1571 accipiat,
545 1533 592 1561 vel
607 1533 645 1561 ad
664 1533 833 1560 clericatum
849 1532 963 1564 redeat,
981 1531 1028 1559 vel

249 1583 280 1611 in
300 1582 439 1610 clericatu
458 1582 596 1609 maneat:
617 1588 677 1608 uon
702 1579 908 1615 desperatione
930 1577 1028 1605 indul-

250 1630 368 1666 gentiae,
385 1629 437 1656 sed
452 1628 548 1663 rigore
567 1627 677 1655 sactum
699 1628 741 1654 est
760 1625 932 1661 discipilum.
950 1624 1028 1652 Alio-

250 1677 301 1713 qui
321 1678 423 1704 contra
441 1675 538 1703 claves
559 1673 693 1702 Ecclesiae
714 1673 797 1701 datas
818 1672 1029 1707 disputabitur,

251 1724 287 1751 de
308 1723 416 1759 quibus
432 1722 542 1750 dictum
558 1724 600 1749 cst
614 1721 640 1748 ²:
663 1722 726 1753 011oe
741 1721 876 1747 solveritis
897 1722 924 1746 ιίι
941 1721 1029 1753 terra,

251 1772 340 1797 soluta
359 1772 436 1797 erunt
460 1772 484 1795 et
506 1771 535 1795 in
555 1769 626 1795 roelo.
651 1767 707 1794 Sed
727 1774 763 1794 ne
786 1766 858 1793 sorte
881 1766 969 1793 etiam
993 1765 1030 1792 dc

254 1817 333 1845 tectis
349 1815 522 1844 criminibus
539 1814 589 1850 (u),
606 1822 657 1849 spe
681 1813 803 1841 honoris
827 1812 1028 1846 ecclesiastici,

253 1864 371 1892 animus
393 1863 590 1890 intumescens
616 1860 742 1896 superbe
767 1861 866 1894 ageret
889 1859 1031 1894 poeniten-

254 1911 340 1945 tium,
356 1909 540 1938 severissime
560 1908 686 1944 placuit,
703 1909 734 1934 ut
753 1908 819 1942 post
831 1908 926 1934 artam
942 1905 1034 1941 poeni-

256 1957 375 1985 tentiam
391 1957 428 1984 de
452 1955 616 1984 damnabili
633 1954 770 1988 crimine,
788 1961 879 1980 nemo
903 1953 937 1979 sit
952 1952 1034 1980 cleri-

256 2012 317 2039 cus,
328 2005 359 2031 ut
374 2002 580 2039 desperatione
597 2000 768 2036 temporalis
783 1999 956 2033 altitudime,
973 2006 1034 2026 ine-

257 2050 355 2078 dicina
369 2051 465 2085 major
480 2051 507 2077 et
523 2048 619 2076 verior
636 2050 709 2075 esset
723 2047 905 2075 humilitatis.
919 2047 991 2074 Nam
1007 2048 1035 2074 ct

257 2100 373 2125 sanetus
389 2096 481 2124 David
493 2096 529 2123 de
545 2095 717 2122 criminibus
732 2094 889 2121 mortiferis
904 2093 962 2127 egit
975 2100 1035 2128 poe-

258 2144 425 2176 nitentiam,
441 2145 468 2170 et
483 2145 581 2170 tamen
604 2142 634 2169 in
649 2142 762 2169 honore
782 2149 835 2168 suo
854 2140 992 2176 perstitit,
1008 2141 1036 2167 et

258 2191 378 2219 beatum
395 2192 521 2223 Petrum,
534 2189 657 2225 quando
674 2189 873 2216 amarissimas
888 2188 1036 2224 lacrymas

259 2238 349 2272 fudit,
366 2237 467 2273 utique
486 2237 642 2264 Dominum
658 2244 780 2269 negasse
796 2235 940 2270 poenituit,
954 2237 981 2262 et
996 2237 1036 2262 ta-

260 2293 329 2312 men
349 2283 501 2320 apostolus
521 2283 637 2310 mansit.
661 2282 717 2309 Sed
738 2290 798 2309 non
818 2281 884 2308 ideo
905 2281 1038 2316 putanda

262 2333 304 2359 est
318 2338 500 2366 supervacua
515 2329 712 2365 posteriorum
728 2328 894 2362 diligentia,
912 2328 962 2363 qui
985 2328 1037 2355 ubi

262 2378 348 2406 saluti
362 2377 435 2404 nihil
450 2376 669 2408 detrahebatur,
686 2375 843 2402 humilitati
859 2375 1039 2402 addiderunt

264 2424 392 2460 aliquid,
418 2431 477 2459 qno
499 2422 578 2450 salus
601 2422 689 2449 tutius
709 2421 888 2455 muniretur,
908 2422 1036 2457 experti,

265 2471 365 2504 credo,
380 2470 550 2505 aliquorum
561 2468 643 2496 fictas
657 2468 842 2503 poenitentias
855 2476 907 2503 per
923 2469 1039 2496 affecta-

265 2519 308 2545 tas
323 2518 472 2545 honorum
486 2515 640 2552 potentias.
655 2516 767 2549 Cogunt
782 2515 860 2541 enim
876 2515 982 2542 multas
997 2515 1039 2542 in-

265 2564 364 2592 venire
384 2563 547 2591 medicinas
566 2562 727 2589 multorum
743 2561 941 2597 experimenta
964 2570 1040 2589 inor-

266 2610 383 2639 borum.
404 2611 510 2638 Verum
534 2609 564 2636 in
589 2607 759 2643 hujusmodi
786 2607 879 2635 causis
906 2608 958 2635 uhi
987 2617 1040 2644 per

299 2674 303 2686 ¹
321 2672 534 2702 Attg.,adBonif..
544 2671 616 2702 epist.
627 2672 687 2700 uel.
697 2676 839 2700 cmxxun.
848 2672 915 2693 sm,-
925 2671 1039 2701 Quarta..

267 2714 340 2739 λνιιΙ,
354 2710 422 2733 18.-
437 2709 469 2739 (a)
488 2709 549 2734 διε-Ι.
562 2708 622 2731 edil.
637 2707 713 2731 etiam
725 2707 755 2731 de
768 2707 916 2731 criminibus
932 2707 1039 2732 cantetis.

885 239 1215 274 CONFESSIONALE.

1078 316 1184 344 graves
1207 307 1426 337 dissensionum
1446 307 1587 336 scissuras
1608 314 1671 336 non
1692 306 1780 343 hujus
1803 308 1854 337 aut

1078 355 1157 383 illius
1170 354 1300 386 hominis
1313 355 1496 391 periculum,
1511 354 1566 383 sed
1584 353 1768 391 populorum
1781 356 1854 382 stra-

1078 409 1129 437 ges
1144 402 1257 439 jacent,
1271 401 1488 430 detrahendum
1501 403 1544 430 est
1557 401 1673 437 aliquid
1691 400 1853 436 severitati,

1078 450 1111 476 ut
1131 448 1296 484 majoribus
1317 448 1404 477 malis
1426 447 1567 477 sanandis
1591 447 1717 477 charitas
1741 447 1855 477 sincera

1078 495 1245 524 subveniat.
1259 505 1273 522 n
1291 496 1354 523 liaec
1368 495 1557 530 Augustinus.

1323 606 1360 631 ΡΑ
1368 606 1505 632 RTiCULA
1524 605 1613 632 Lvnt.

1114 687 1156 714 Ex
1177 685 1223 713 his
1243 684 1343 713 verbis
1356 684 1508 720 Augustini
1531 683 1711 719 colliguntur
1732 685 1789 712 tres
1809 691 1856 712 re-

1079 732 1166 768 gulae.
1191 732 1306 760 Prima:
1331 731 1386 765 Qui
1410 731 1544 767 peccavit
1570 732 1638 767 post
1658 730 1854 767 baptismum,

1078 787 1141 807 non
1153 780 1250 815 potest
1263 778 1444 815 promoveri.

1115 825 1250 854 Secunda
1269 826 1330 853 est:
1355 826 1509 853 Promotus
1529 820 1580 861 qui
1601 824 1726 853 mortale
1745 825 1856 853 crimen

1080 872 1250 906 committit,
1266 872 1412 908 dejicitur.

1115 920 1209 949 Tertia
1224 922 1266 948 cst
1281 929 1287 947 :
1302 920 1356 954 Qui
1372 919 1411 947 ab
1428 919 1532 947 ordine
1548 919 1717 955 deponitur,
1731 925 1793 946 non
1804 926 1858 954 po-

1080 969 1133 996 test
1147 966 1274 1002 restitui;
1295 966 1477 1002 ubicumque
1492 965 1592 994 mitius
1611 965 1717 1001 agitur,
1737 964 1857 1001 dispen—

1081 1014 1155 1042 satio
1171 1016 1225 1042 est.

1115 1063 1224 1090 Contra
1239 1060 1395 1097 praedictas
1406 1062 1461 1088 tres
1472 1059 1590 1095 regulas
1603 1060 1698 1095 potest
1712 1060 1790 1095 Papa
1802 1058 1859 1086 dis·

1079 1116 1205 1145 pensare
1220 1108 1250 1136 in
1263 1107 1345 1136 omni
1361 1115 1430 1135 casu
1446 1114 1481 1135 ex
1495 1106 1680 1142 plenitudine
1695 1105 1858 1142 potestatis,

1081 1155 1148 1183 licet
1169 1155 1268 1191 plures
1292 1162 1377 1182 casus
1398 1153 1455 1181 sint
1479 1153 1509 1180 in
1531 1153 1642 1189 quibus
1660 1153 1744 1180 nullo
1767 1151 1858 1180 modo

1082 1203 1250 1239 dispensat,
1271 1204 1303 1230 ut
1324 1202 1354 1229 in
1372 1200 1534 1233 homicidio
1550 1200 1718 1228 voluntario
1735 1200 1810 1236 (dist.
1826 1209 1858 1234 L,

1082 1251 1228 1283 c.Mir0r);
1246 1250 1275 1277 in
1290 1251 1418 1285 quatuor
1435 1247 1624 1284 casibus‚qui
1635 1246 1860 1276 continenturin

1081 1297 1128 1326 his
1142 1296 1277 1324 versibus
1291 1305 1298 1324 ι

1115 1359 1174 1384 Sive
1190 1359 1229 1382 bis
1244 1359 1307 1383 ordo
1323 1359 1406 1388 datur,
1420 1358 1473 1382 sive
1486 1358 1625 1389 baptismus
1637 1359 1777 1388 repetatur,

1114 1395 1184 1426 Sive,
1197 1397 1223 1418 ut
1236 1397 1364 1418 evertatur
1375 1394 1432 1418 fidei
1449 1397 1529 1418 status
1538 1412 1545 1422 ,
1560 1394 1623 1417 ordo
1637 1396 1737 1424 petatur
1746 1412 1752 1422 ,

1115 1431 1160 1456 Vel
1173 1431 1193 1455 si
1209 1433 1343 1462 prin-<tetur
1359 1433 1385 1454 ut
1400 1431 1517 1462 utrinque
1534 1430 1622 1455 Simon
1638 1431 1767 1460 operetur,

1117 1468 1147 1492 Ut
1159 1467 1318 1498 dispensetur
1334 1474 1392 1498 spes
1408 1466 1477 1490 irritu
1493 1473 1598 1497 prorsus
1609 1465 1724 1489 habetur.

1119 1533 1275 1566 Baptismus
1305 1534 1461 1567 repetatur,
1494 1530 1556 1558 sive
1587 1530 1772 1565 ignoranter,
1800 1529 1862 1557 sive

1084 1579 1217 1606 scienter.
1236 1579 1323 1605 Secus
1338 1580 1435 1606 tumen
1449 1579 1500 1610 est,
1514 1577 1536 1604 si
1549 1577 1656 1612 aliquis
1668 1576 1706 1604 ad
1717 1576 1863 1604 cautelam

1083 1626 1138 1654 sib
1160 1625 1330 1653 conditione
1354 1633 1384 1652 sc
1409 1624 1495 1652 iaciat
1521 1623 1679 1660 baptizari,
1701 1623 1772 1659 quia
1798 1623 1864 1650 talis

1085 1681 1145 1702 non
1169 1674 1290 1701 incurrit
1307 1673 1559 1708 irregularitatem.
1575 1673 1727 1704 liverentur,
1742 1671 1863 1708 quando

1085 1721 1195 1749 scilicet
1210 1721 1334 1756 aliquis,
1350 1729 1418 1747 eum
1433 1720 1526 1755 possit
1541 1719 1671 1747 ordinari
1686 1728 1703 1746 a
1719 1719 1863 1746 catholico

1086 1768 1243 1803 episcopo,
1259 1775 1289 1794 se
1304 1766 1372 1794 iacit
1389 1767 1426 1793 ab
1448 1766 1582 1793 haum-tico
1607 1765 1748 1793 ordinari.
1771 1767 1863 1793 t‘lrtn—

1086 1823 1135 1850 que
1150 1815 1256 1848 Simiou,
1273 1814 1304 1841 id
1320 1815 1361 1841 est
1371 1813 1393 1840 si
1407 1813 1534 1841 simonia
1549 1813 1723 1841 interveniat
1734 1822 1769 1840 cx
1782 1814 1863 1848 parte

1087 1861 1215 1890 ordinati
1230 1862 1257 1888 et
1272 1861 1461 1889 ordinatoris.
1481 1860 1537 1888 Sed
1558 1860 1635 1887 circa
1650 1859 1804 1895 episcopos
1819 1860 1862 1888 in-

1087 1909 1208 1936 teriores
1225 1907 1335 1943 duplex
1351 1909 1392 1934 est
1412 1907 1553 1934 solemnis
1568 1906 1670 1942 opinio
1685 1915 1691 1933 :
1709 1915 1768 1934 una
1784 1906 1864 1940 dicit,

1088 1955 1170 1991 quod
1190 1955 1346 1990 episcopus
1367 1955 1463 1990 potest
1486 1953 1655 1989 dispensare
1676 1955 1778 1981 contra
1792 1953 1866 1981 duas

1088 2001 1206 2036 regulas
1224 2001 1335 2037 primas
1357 2001 1387 2028 in
1406 2000 1551 2028 adulterio
1575 2002 1603 2028 et
1623 2000 1790 2027 minoribus
1809 2000 1866 2028 cri-

1089 2048 1232 2082 minibus;
1256 2047 1285 2075 in
1311 2048 1476 2083 majoribus
1495 2046 1639 2074 adulte-rto
1658 2054 1864 2082 nequaquam,

1090 2095 1145 2122 nisi
1170 2095 1200 2122 in
1225 2094 1341 2122 casibus
1365 2094 1459 2128 ajure
1482 2093 1642 2129 expressis,
1666 2093 1748 2128 quod
1771 2093 1802 2120 in
1825 2092 1866 2120 eis

1090 2142 1181 2177 possit
1201 2142 1357 2177 episcopus
1375 2141 1555 2176 dispensare.
1578 2140 1640 2168 Alia
1659 2139 1761 2175 opinio
1781 2140 1864 2174 dicit,

1091 2189 1174 2225 quod
1194 2191 1288 2225 potest
1304 2188 1459 2223 ep³sropus
1476 2188 1646 2223 dispensare
1665 2187 1695 2214 in
1715 2187 1795 2214 omni
1809 2187 1865 2214 cri-

1091 2236 1169 2263 mine
1185 2238 1285 2263 contra
1302 2235 1376 2262 duas
1390 2235 1506 2268 regulas
1521 2234 1646 2270 primas,
1662 2234 1716 2261 nisi
1730 2241 1865 2269 expresse

1092 2283 1146 2310 sibi
1156 2282 1348 2318 prohibeatur
1360 2290 1376 2308 a
1385 2281 1460 2316 jure.
1472 2282 1528 2308 lioc
1536 2281 1679 2316 probatur
1686 2281 1750 2308 dist.
1760 2288 1864 2314 Lxxxn,

1093 2338 1117 2356 e.
1138 2330 1284 2362 Presbyter,
1301 2331 1328 2355 et
1345 2328 1381 2355 de
1399 2328 1499 2355 [ni-nit.
1525 2327 1591 2354 dist.
1610 2335 1656 2360 vi,
1674 2335 1698 2354 c.
1716 2335 1735 2359 ι,
1752 2327 1780 2353 in
1796 2326 1866 2359 fine,

1092 2376 1184 2404 verbo
1202 2385 1208 2403 ε
1229 2386 1242 2401 α
1258 2377 1356 2411 ltaque
1373 2375 1502 2403 Pontifex
1516 2375 1610 2410 juttus
1624 2376 1710 2410 atque
1726 2373 1867 2401 dison-tus

1093 2430 1154 2450 non
1166 2421 1278 2457 cogitur
1289 2422 1455 2449 sacerdotes
1468 2430 1536 2448 suos
1546 2420 1868 2456 sempei·al›jiccre,nec

1094 2477 1162 2497 mox
1176 2469 1341 2503 restituere,
1359 2468 1415 2496 nisi
1436 2476 1453 2495 a
1473 2470 1604 2495 Romano
1625 2467 1762 2494 Pontitice
1785 2467 1870 2494 suerit

1094 2517 1242 2544 statutum.
1265 2526 1277 2541 >³
1297 2516 1373 2542 nunc
1396 2513 1559 2542 secundam
1581 2513 1753 2549 opinionem
1772 2515 1870 2541 tenent

1094 2561 1274 2596 LaurentiuS,
1287 2561 1463 2595 Vincentius
1474 2559 1627 2594 Tancred„
1643 2561 1780 2593 JoanneS,
1794 2560 1869 2594 Ray-

1094 2608 1240 2642 mundus,
1264 2609 1292 2635 et
1314 2607 1494 2641 Bernardu5‚
1519 2608 1552 2633 ut
1572 2608 1689 2634 notatur
1708 2607 1739 2633 in
1759 2609 1866 2641 Appar.

1094 2655 1173 2683 illius
1188 2663 1225 2690 c.,
1239 2656 1346 2690 Extra„
1359 2654 1507 2688 deJudic.,
1520 2661 1544 2681 c.
1557 2653 1595 2681 At
1609 2654 1743 2681 sicleriet.
1757 2652 1868 2685 Quibus

1096 2702 1321 2736 consentiendo,
1347 2702 1461 2729 dicatur
1485 2700 1567 2738 quod
1588 2700 1743 2738 episeopus
1767 2700 1867 2726 contra
