2004 3037
64 402 90 422 ln
104 406 145 421 σου
149 411 157 416 -

72 431 168 458 templa-

60 462 120 484 tione
125 463 169 484 tres

598 235 648 269 DE
670 235 815 270 TERTIO
837 234 1008 268 ITlNERE.
1032 236 1132 270 DIST.
1156 237 1207 270 IV.
1231 237 1322 271 ART.
1346 238 1370 271 Ι.

180 302 347 333 hierarchia
360 305 429 334 sunt
448 305 617 340 potestates,
631 303 757 333 Virtutes
772 304 801 332 et
815 303 955 332 Domina-

181 350 277 379 tiones
293 359 299 378 τ
315 359 369 388 per
383 350 438 380 hos
456 351 607 380 ordinatur
620 353 756 388 respectu
769 350 955 379 interiorum.

181 397 213 426 In
228 406 345 426 summa
358 398 464 427 mentis
482 397 648 427 hierarchia
661 399 729 426 sunt
742 397 851 426 Throni
861 419 869 432 ,
884 398 957 426 Che-

182 445 283 473 rubim
297 447 324 473 et
338 445 506 482 Seraphim:
518 453 572 482 per
581 445 637 474 hos
652 444 806 473 ordinatur
821 445 958 481 respectu

69 495 163 520 possunt
183 491 406 529 superiorum.»
422 493 455 521 Et
464 492 518 520 has
531 499 641 520 novem
656 491 858 520 ordinationes
872 493 961 520 vocat

61 524 168 552 distingui

73 555 160 576 hierar-

183 538 374 567 Vercellensis
404 546 515 567 novem
542 538 654 574 gradus
679 538 957 575 contemplationis,

62 587 124 613 ohim,
148 588 169 608 et
184 585 294 622 quibus
318 584 488 614 reducimur
516 585 548 613 in
569 585 703 613 divinam
726 585 898 613 monadem.
927 587 959 614 Et

62 617 85 638 in
96 617 168 644 quaii-

70 648 108 669 het
118 650 162 669 tres

183 631 372 668 prosequitur
390 631 432 660 ibi
448 631 485 660 de
501 631 627 668 singulis
647 631 806 668 gradibus,
828 632 958 668 praemit-

71 679 154 706 gradus
183 680 257 713 tens,
273 678 356 715 quod
370 678 474 707 infima
487 678 593 706 mentis
603 678 772 707 hierarchia
786 678 917 706 consistit
929 678 960 706 in

83 710 152 731 instar

61 741 156 762 coelestis
184 724 246 761 ejus
259 726 380 761 natura;
391 725 502 760 media,
517 725 549 753 in
561 725 720 761 industria3
736 725 832 760 tertia,
847 726 878 753 in
893 732 961 761 gra-

71 772 155 793 hierar-

84 804 147 825 chin.

183 772 234 808 tia,
250 780 316 809 quae
327 771 604 809 incomparabiliter
617 773 735 801 excedit
745 775 914 809 utramque.
929 775 962 802 In

182 819 280 856 prima
292 822 432 856 operatur
444 821 566 853 natura‚·
588 819 619 847 in
633 827 752 848 summa
767 820 831 848 sola
847 820 958 855 gratia;

183 866 214 895 in
228 866 339 900 media,
355 866 500 894 industria
515 867 543 894 et
558 866 661 902 gratia.
678 868 711 894 Et
726 867 859 903 sequitur
873 876 879 894 :
896 876 909 893 «
919 867 961 894 ln-

183 912 272 942 fimus
280 913 355 942 ordo
368 913 477 941 infimae
488 913 671 948 hierarchiae,
684 914 735 950 qui
751 913 857 942 dicitur
869 916 962 949 Ange-

182 959 272 995 licus,
287 960 417 988 continet
437 960 551 997 primas
576 961 604 988 et
627 959 774 996 simplices
797 961 962 997 apprehen-

183 1007 280 1035 siones
290 1006 450 1042 naturales,
461 1008 522 1035 tam
531 1007 706 1042 intellectus,
722 1015 813 1044 quam
828 1007 960 1043 affectus,

182 1053 245 1081 sine
255 1053 356 1090 aliqua
368 1053 526 1082 dictatione
542 1054 692 1082 commodi
703 1054 751 1082 vel
764 1054 961 1089 incommodi,

183 1108 249 1136 qum
270 1102 414 1136 tanquam
435 1100 557 1136 Angeli,
583 1100 692 1129 scilicet
713 1101 824 1136 nuntii,
847 1100 962 1137 aliquid

181 1147 353 1183 simpliciter
366 1147 552 1176 annuntiant.
567 1158 581 1174 »

218 1196 290 1222 Eece
303 1194 494 1223 Vercellensis
509 1194 653 1223 subtiliter
671 1194 774 1231 incipit
797 1195 836 1223 ab
857 1194 961 1224 infimo

184 1241 280 1277 gradu
298 1241 503 1270 intellectualis
524 1242 704 1278 operationis
728 1244 756 1269 et
777 1241 962 1278 affectionis,

184 1297 250 1325 quae
268 1290 336 1317 sunt
357 1289 460 1325 primae
483 1290 510 1317 et
524 1289 673 1325 simplices
695 1289 960 1325 apprehensiones;

185 1337 212 1364 et
227 1336 357 1363 ascendit
367 1335 512 1372 paulatim
524 1337 552 1363 et
566 1335 724 1371 gradatim,
739 1344 792 1372 per
807 1336 963 1364 cacumina

185 1383 307 1411 collium
325 1385 517 1418 aeternorum,
533 1392 628 1420 usque
650 1383 689 1411 ad
710 1392 843 1411 summos
865 1383 964 1420 apices

185 1430 351 1459 intellectus
367 1433 394 1458 et
409 1430 542 1465 affectus,
558 1433 590 1459 ut
604 1431 718 1467 patebit
732 1431 818 1459 infra.

225 1487 238 1503 «
252 1477 363 1506 Medius
380 1478 455 1506 ordo
466 1477 576 1505 infimae
588 1478 760 1506 hierarchiae
771 1477 900 1506 contInet
912 1485 964 1506 na—

184 1525 295 1552 turales
318 1525 493 1553 dictationes
509 1525 764 1561 apprehensorum
776 1546 785 1558 ‚
809 1527 909 1553 utrum
923 1524 965 1552 vi-

185 1571 311 1601 deantur
330 1572 492 1600 commoda
510 1571 559 1600 vel
578 1572 771 1600 incommoda
787 1581 794 1600 :
818 1581 853 1599 ex
872 1571 917 1599 his
932 1571 965 1599 fit

185 1619 369 1648 annuntiatio
384 1618 587 1655 principalior,
605 1627 696 1655 quam
711 1618 748 1646 sit
761 1618 868 1655 prima.

225 1676 239 1692 <‹
253 1667 365 1695 Tertius
390 1667 466 1695 ordo
481 1667 528 1695 vel
543 1667 654 1702 gradus
668 1667 777 1695 infimae
792 1666 964 1694 hierarchiae

185 1714 314 1742 continet
329 1714 490 1750 appetitus,
512 1714 562 1742 vel
580 1713 666 1750 fugas
689 1715 964 1750 apprehensorum,

185 1761 350 1789 secundum
375 1761 549 1789 dictationes
572 1761 745 1795 commodi,
773 1761 822 1789 vel
850 1761 963 1789 incom-

185 1807 278 1836 modi.
296 1810 376 1843 Fuga
389 1809 489 1835 autem
510 1809 551 1836 est
565 1808 647 1843 mali,
664 1809 691 1836 et
709 1808 854 1844 appetitus
868 1808 941 1836 boni
955 1817 961 1836 ε

187 1857 215 1882 et
229 1855 269 1882 ita
283 1854 335 1882 iste
352 1855 428 1882 ordo
443 1854 555 1890 praebet
572 1855 713 1882 ducatum
728 1855 918 1883 inferioribus
934 1856 964 1883 in

187 1901 305 1935 divina,
321 1901 405 1937 quod
425 1901 556 1936 signatur
571 1901 688 1929 nomine
704 1902 934 1938 Principatuuni.
948 1914 961 1929 »

190 1948 253 1975 Haec
276 1947 476 1975 vercellensis.
493 1949 563 1975 Ecce
578 1955 631 1983 per
654 1948 708 1976 hos
730 1950 786 1976 tres
802 1948 921 1976 ordines
937 1951 964 1978 et

187 1994 297 2030 gradus
316 1994 424 2021 infimae
445 1993 617 2021 hierarchiae
629 1995 736 2022 mentis
756 1995 911 2029 humanae,
932 1996 965 2024 fit

185 2041 276 2068 homo
289 2040 365 2068 bene
376 2040 529 2068 ordinatus
539 2043 672 2076 respectu
684 2041 874 2075 exteriorum,
891 2042 964 2071 dum

185 2087 274 2123 primi
289 2089 316 2115 et
330 2087 424 2114 infimi
436 2087 546 2122 gradus
556 2087 719 2114 intellectus
730 2089 757 2115 et
771 2088 890 2115 affectus
902 2088 964 2116 sue-

186 2134 243 2162 rint
256 2134 332 2161 bene
345 2134 472 2162 ordinati
489 2143 495 2161 ε
513 2134 596 2169 quod
615 2133 656 2169 fit,
676 2134 748 2161 dum
764 2134 821 2162 sibi
848 2135 965 2170 objecta

186 2180 357 2216 simpliciter
383 2180 613 2216 apprehendunt
629 2202 638 2215 ,
669 2180 824 2208 discretive
856 2181 964 2209 discer-

186 2229 267 2256 nunt.
283 2227 395 2255 sincere
411 2227 492 2256 bona
515 2230 668 2264 appetunt,
684 2229 712 2255 et
734 2228 814 2256 mala
837 2229 962 2263 fugiunt.

187 2274 267 2302 Unde
279 2274 455 2309 Bernardus,
475 2282 565 2310 super
590 2275 721 2309 Cantica,
738 2274 808 2302 dicit
825 2284 831 2302 :
850 2285 862 2300 ιι
878 2277 964 2303 Beata

186 2329 280 2355 meus.
296 2329 387 2357 quam
401 2322 494 2349 totam
517 2321 573 2348 sibi
596 2321 755 2349 vendicant
776 2330 864 2357 sapor
879 2321 963 2357 boni,

188 2369 215 2394 et
230 2367 333 2395 odium
356 2367 444 2395 mali!
462 2368 523 2396 Hoc
548 2369 590 2395 est
609 2367 763 2396 reformari
789 2368 827 2396 ad
849 2368 963 2404 sapien-

188 2413 269 2441 tiam.
284 2424 297 2439 n

226 2469 239 2485 α
253 2461 377 2493 Quartus
393 2460 468 2488 ordo
480 2460 527 2488 vel
538 2460 659 2495 gradus,
674 2461 727 2496 qui
742 2464 783 2489 est
798 2462 917 2489 infimus
932 2461 962 2489 in

188 2506 287 2533 media
301 2507 465 2535 hierarchia
488 2507 606 2541 mentis,
630 2508 760 2535 continet
779 2509 963 2536 voluntarios

187 2555 283 2579 motus
299 2553 462 2581 intellectus
477 2556 504 2581 ct
524 2553 656 2587 affectus,
672 2557 699 2581 et
722 2554 817 2582 libero
840 2555 962 2582 arbitrio

185 2599 247 2633 jam
262 2601 382 2634 accepta
392 2600 528 2628 distantia
544 2600 616 2628 boni
627 2602 654 2628 et
668 2601 748 2636 mali,
766 2610 833 2629 eum
850 2602 962 2629 delibe-

223 2662 327 2720 'liiugq
345 2669 400 2693 sup.
422 2664 479 2687 tert.
503 2670 559 2694 cap.
582 2663 644 2688 Coel.
668 2664 749 2694 Hier„
768 2664 811 2688 lib.
836 2664 878 2695 lV,
905 2667 962 2688 ante

188 2704 236 2721 uie(
250 2714 256 2720 .

1735 240 1795 272 425

1013 304 1128 333 ratione
1143 306 1266 334 rationis
1280 306 1476 335 examinantis
1492 308 1520 336 et
1531 307 1696 336 ordinantis
1708 315 1794 336 men-

1014 352 1084 387 tem,
1100 354 1245 388 quantum
1260 353 1343 381 estin
1357 353 1438 389 ipsis,
1452 361 1507 390 per
1521 353 1710 382 diffinitivam
1723 362 1791 383 sen-

1014 399 1153 433 tentiam,
1169 399 1207 427 ad
1221 399 1384 436 petendum
1399 402 1426 428 et
1438 401 1633 437 quaerendum
1648 401 1714 430 totis
1728 401 1797 430 viri-

1014 445 1071 474 bus
1086 445 1252 474 intelleotus
1275 447 1304 474 et
1318 446 1440 475 affectus
1454 455 1606 476 summum
1626 447 1752 483 bonum,
1765 450 1794 477 ct

1015 491 1055 520 ad
1078 492 1285 528 repellendum
1308 493 1410 522 omnia
1425 493 1588 522 obstacula.
1610 495 1724 523 Nomen
1742 503 1795 524 au-

1015 540 1075 567 tem
1090 539 1242 568 Potestatis
1254 539 1352 575 signat
1366 539 1515 576 ordinem,
1539 541 1704 570 secundum
1727 541 1795 570 Dio·

1016 586 1146 622 nysium.

1056 642 1069 658 «
1083 632 1205 666 Quintus
1220 633 1308 668 ordo,
1318 633 1370 670 qui
1383 635 1425 662 est
1437 633 1553 662 medius
1565 634 1672 663 mediae
1686 635 1797 664 hierar-

1016 678 1089 707 chiae
1103 679 1221 714 mentis,
1236 679 1367 708 continet
1390 680 1502 709 robora
1523 680 1666 709 virtutum
1685 681 1796 716 valida,

1017 725 1199 754 naturalium
1210 727 1238 755 et
1249 726 1454 762 gratuitarum,
1465 727 1505 756 ad
1515 727 1725 764 exequendum
1736 728 1796 756 for-

1015 773 1081 802 titer
1109 773 1193 810 quod
1216 781 1235 802 a
1254 773 1449 802 potestatibus
1475 775 1554 802 recte
1576 774 1729 803 decretum
1743 778 1795 810 est,

1017 819 1101 856 quod
1116 822 1234 848 notatur
1247 820 1369 848 nominc
1384 821 1539 849 Virtutum.

1056 877 1069 893 «
1085 868 1187 895 Sextus
1202 868 1290 902 ordo,
1307 867 1359 903 qui
1372 876 1506 896 summus
1519 869 1562 896 est
1579 868 1610 896 in
1625 868 1724 897 media
1736 869 1797 897 hie-

1016 915 1133 944 rarchia
1147 916 1263 951 mentis,
1280 915 1412 943 continet
1433 916 1602 944 authentica
1623 916 1799 952 imperiali-

1017 962 1081 991 bcri
1096 962 1217 997 arbitrii,
1230 962 1339 998 quihus
1350 962 1449 998 apices
1465 962 1629 991 intellectus
1639 965 1667 991 et
1678 964 1799 992 affectus

1017 1011 1079 1038 tota
1094 1010 1200 1037 virtute
1216 1010 1438 1046 suspenduntur
1461 1010 1499 1038 ad
1515 1010 1739 1046 suscipiendum
1754 1010 1798 1038 di-

1017 1057 1104 1085 vinos
1127 1057 1380 1093 superadventus,
1414 1059 1559 1093 quantum
1586 1057 1730 1093 possibile
1759 1060 1801 1086 cst

1017 1105 1113 1133 libero
1138 1105 1260 1133 arbitrio
1283 1105 1386 1141 adjuto
1409 1114 1428 1133 a
1450 1107 1552 1141 gratia.
1576 1107 1608 1133 Et
1627 1105 1801 1140 hujusmodi

1018 1152 1186 1188 suspendii,
1203 1154 1230 1180 et
1252 1152 1369 1188 imperii
1393 1160 1428 1180 ac
1450 1152 1594 1180 libertatIS
1617 1152 1798 1188 sublimitas,

1018 1201 1141 1227 vocatur
1163 1199 1285 1227 nomine
1301 1199 1601 1227 Dominationum.1n
1624 1199 1679 1227 isto
1700 1201 1800 1228 autem

1018 1246 1123 1275 ordine
1147 1254 1231 1274 mens
1257 1247 1356 1274 adhuc
1381 1246 1483 1274 sobria
1503 1246 1671 1274 extenditur
1691 1246 1730 1275 ad
1752 1255 1800 1275 ra-

1019 1292 1103 1320 dium
1118 1294 1303 1329 superiorem
1318 1302 1411 1329 usque
1427 1301 1560 1321 summos
1574 1295 1686 1321 naturae
1700 1293 1799 1322 termi-

1017 1347 1083 1367 nos.
1100 1350 1113 1365 »
1137 1341 1170 1367 Et
1184 1340 1283 1367 infra:
1310 1350 1323 1365 «
1345 1341 1424 1368 Mens
1438 1340 1537 1376 itaque
1553 1341 1798 1376 contemplativa,

1019 1386 1150 1414 decursis
1165 1386 1295 1414 seriatim
1307 1387 1440 1423 quinque
1458 1387 1601 1422 gradibus
1617 1387 1800 1423 contempla-

1020 1432 1108 1460 tionis
1123 1433 1280 1468 praedictis,
1295 1433 1326 1461 in
1341 1433 1469 1461 culmine
1490 1434 1563 1463 sexti
1578 1434 1673 1462 aciem
1693 1434 1798 1470 figens,

1019 1478 1050 1506 in
1061 1479 1164 1507 ordine
1178 1480 1419 1508 Dominationum
1430 1481 1547 1516 mentis,
1562 1481 1664 1509 nititur
1678 1481 1709 1509 in
1718 1481 1801 1509 theo-

1019 1527 1098 1554 ricos
1114 1534 1264 1561 excessus,
1281 1527 1402 1563 cupiens
1416 1528 1447 1555 in
1462 1528 1600 1555 ordinem
1613 1528 1800 1556 Thronorum

1020 1574 1126 1602 mentis
1141 1574 1263 1602 assumi.
1279 1585 1293 1600 i>
1309 1576 1373 1602 Haec
1388 1575 1590 1603 Vercellcnsis.

1059 1623 1129 1649 Ecce
1143 1629 1198 1657 per
1218 1621 1274 1649 hos
1297 1623 1355 1649 tres
1370 1621 1480 1656 gradus
1501 1622 1608 1649 mediae
1628 1621 1801 1651 hierarchiae

1021 1668 1128 1696 mentis
1148 1668 1304 1702 humanae,
1322 1668 1355 1696 fit
1376 1668 1469 1696 homo
1483 1669 1561 1697 bene
1583 1669 1736 1697 ordinatus
1756 1678 1800 1697 re-

1020 1717 1122 1751 spectu
1139 1715 1329 1751 interiorum,
1343 1716 1374 1743 id
1390 1717 1432 1743 est
1446 1715 1485 1743 ad
1500 1715 1640 1752 seipsum,
1656 1716 1696 1744 ita
1714 1719 1746 1744 ut
1760 1718 1802 1744 to-

1019 1766 1082 1791 tum
1098 1771 1224 1799 regnum
1241 1763 1347 1791 animae
1358 1763 1538 1799 pacificetur,
1550 1763 1622 1790 dum
1636 1763 1733 1799 primo
1749 1772 1801 1799 per

1019 1810 1147 1846 gradum
1175 1810 1313 1838 infimum
1337 1813 1478 1847 potestate
1499 1810 1636 1838 ordinata
1646 1831 1655 1845 ,
1680 1810 1801 1838 viriliter

1019 1857 1204 1894 repelluntur
1219 1857 1321 1885 omnia
1337 1857 1518 1885 offendicula
1539 1857 1645 1884 mentis
1660 1857 1737 1885 bene
1753 1865 1800 1885 or-

1020 1905 1135 1938 dinatae,
1153 1907 1180 1932 et
1193 1907 1250 1933 Deo
1264 1905 1456 1933 conformiter
1467 1905 1614 1940 operantis
1629 1905 1677 1940 (a),
1693 1907 1723 1933 ut
1738 1905 1800 1933 siue

1018 1952 1080 1980 ulla
1096 1952 1209 1979 ordinis
1225 1952 1398 1980 confusione
1415 1954 1443 1979 et
1460 1952 1683 1987 perturbatione
1700 1952 1801 1980 tendat

1018 1998 1057 2026 ad
1072 1999 1163 2026 finem
1179 1999 1328 2033 ultimum,
1343 1999 1381 2026 ad
1399 2007 1489 2034 quem
1506 2000 1604 2026 crema
1620 2000 1673 2032 est,
1685 2000 1713 2025 et
1728 1998 1799 2025 dum

1019 2044 1151 2072 secundo
1172 2053 1224 2080 per
1247 2045 1373 2080 gradum
1387 2044 1521 2072 medium
1540 2053 1624 2072 mens
1649 2044 1679 2071 in
1695 2044 1799 2072 virtute

1018 2091 1120 2119 valida
1129 2093 1157 2119 et
1172 2092 1349 2119 inconcussa
1364 2091 1522 2126 exequitur
1537 2099 1641 2118 omnes
1654 2091 1799 2126 operatio-

1018 2146 1070 2165 nes
1084 2138 1260 2172 intellectus,
1278 2140 1305 2165 et
1322 2137 1481 2165 voluntatis
1503 2137 1564 2165 sive
1586 2137 1719 2171 affectus,
1740 2139 1799 2165 Deo

1019 2184 1211 2211 conformiter
1226 2184 1377 2220 operantis
1399 2183 1448 2220 (α),
1466 2183 1504 2211 ad
1520 2185 1610 2211 Deum
1638 2192 1690 2212 seu
1708 2184 1800 2212 finem

1018 2230 1163 2258 intentum
1175 2230 1432 2266 consequendum,
1443 2232 1590 2266 quantum
1598 2232 1705 2267 potest,
1716 2231 1800 2266 Juxta

1018 2277 1143 2312 gratiam
1154 2279 1184 2305 et
1195 2277 1316 2305 virtutes
1328 2285 1344 2305 a
1355 2279 1411 2305 Deo
1422 2280 1557 2313 acceptas
1570 2287 1576 2304 :
1589 2279 1616 2305 et
1632 2278 1704 2305 dum
1715 2277 1798 2305 tertio

1017 2332 1070 2359 per
1085 2324 1213 2359 gradum
1229 2332 1380 2351 summum
1394 2324 1502 2352 mediae
1523 2324 1696 2352 hierarchiae
1710 2325 1799 2360 plena

1018 2370 1151 2398 libertate
1161 2371 1226 2398 etin
1240 2371 1323 2399 nullo
1340 2371 1493 2406 impedita,
1505 2374 1532 2398 et
1544 2373 1601 2398 Deo
1609 2371 1799 2398 conformiter

1018 2421 1169 2453 operante,
1185 2420 1217 2446 ut
1231 2418 1372 2453 possibile
1387 2421 1440 2451 est,
1460 2417 1626 2445 intellectus
1637 2420 1664 2445 et
1674 2415 1800 2445 affectus

1018 2472 1085 2492 cum
1111 2465 1193 2492 omui
1216 2465 1330 2493 familia
1346 2473 1399 2492 sua
1414 2465 1501 2492 liberi
1524 2465 1554 2492 in
1576 2466 1685 2492 oeterna
1699 2467 1798 2491 exten-

1019 2511 1128 2539 duntur
1144 2520 1150 2539 :
1168 2520 1239 2547 ergo
1261 2511 1410 2539 ordinatio
1433 2510 1578 2538 interioris
1601 2510 1729 2538 hominis
1754 2511 1798 2537 est

1018 2558 1194 2591 necessaria,
1210 2558 1292 2593 quia,
1303 2558 1377 2584 sicut
1393 2557 1463 2584 dicit
1476 2560 1559 2592 tingo
1573 2558 1580 2574 ¹
1597 2566 1604 2583 :
1620 2567 1633 2582 «
1644 2556 1721 2584 Sicut
1735 2556 1798 2583 sine

1019 2604 1112 2638 gratia
1128 2605 1244 2640 operari
1260 2611 1371 2631 vanum
1396 2606 1455 2638 est,
1472 2603 1511 2631 ita
1534 2605 1639 2640 praeter
1662 2602 1798 2633 ordinem

1049 2702 1079 2733 (a)
1099 2703 1160 2725 Cret.
1175 2701 1235 2724 mut.
1253 2703 1386 2732 operante.
