<?xml version="1.0" encoding="UTF-8"?>
<!DOCTYPE html PUBLIC "-//W3C//DTD XHTML 1.0 Transitional//EN"
    "http://www.w3.org/TR/xhtml1/DTD/xhtml1-transitional.dtd">
<html xmlns="http://www.w3.org/1999/xhtml" xml:lang="en" lang="en">
 <head>
  <title>
</title>
<meta http-equiv="Content-Type" content="text/html;charset=utf-8" />
  <meta name='ocr-system' content='tesseract 3.04.00' />
  <meta name='ocr-capabilities' content='ocr_page ocr_carea ocr_par ocr_line ocrx_word'/>
</head>
<body>
  <div class='ocr_page' id='page_1' title='image "./operaomniasixtiv08bonauoft/operaomniasixtiv08bonauoft_0044.png"; bbox 0 0 2004 3037; ppageno 0'>
   <div class='ocr_carea' id='block_1_1' title="bbox 155 250 1178 291">
    <p class='ocr_par' dir='ltr' id='par_1_1' title="bbox 155 250 1178 291">
     <span class='ocr_line' id='line_1_1' title="bbox 155 250 1178 291; baseline 0 -7"><span class='ocrx_word' id='word_1_1' title='bbox 155 259 195 291; x_wconf 69' lang='lat'><strong>24</strong></span> <span class='ocrx_word' id='word_1_2' title='bbox 746 250 918 284; x_wconf 79' lang='lat' dir='ltr'>MYSTIGA</span> <span class='ocrx_word' id='word_1_3' title='bbox 938 250 1178 284; x_wconf 79' lang='lat' dir='ltr'><strong>THEOLOGIA.</strong></span> 
     </span>
    </p>
   </div>
   <div class='ocr_carea' id='block_1_2' title="bbox 156 319 941 2641">
    <p class='ocr_par' dir='ltr' id='par_1_2' title="bbox 156 319 939 1896">
     <span class='ocr_line' id='line_1_2' title="bbox 156 319 934 362; baseline -0.009 -8"><span class='ocrx_word' id='word_1_4' title='bbox 156 325 275 362; x_wconf 88' lang='lat' dir='ltr'><strong>spiritus</strong></span> <span class='ocrx_word' id='word_1_5' title='bbox 289 323 505 353; x_wconf 76' lang='lat' dir='ltr'><strong>ordinatissime</strong></span> <span class='ocrx_word' id='word_1_6' title='bbox 515 320 592 350; x_wconf 82' lang='lat' dir='ltr'><strong>inira</strong></span> <span class='ocrx_word' id='word_1_7' title='bbox 608 320 644 358; x_wconf 87' lang='lat' dir='ltr'><strong>(a)</strong></span> <span class='ocrx_word' id='word_1_8' title='bbox 655 320 787 357; x_wconf 90' lang='lat' dir='ltr'><strong>seipsum</strong></span> <span class='ocrx_word' id='word_1_9' title='bbox 799 319 934 357; x_wconf 87' lang='lat' dir='ltr'><strong>disponi-</strong></span> 
     </span>
     <span class='ocr_line' id='line_1_3' title="bbox 156 366 934 408; baseline -0.01 -7"><span class='ocrx_word' id='word_1_10' title='bbox 156 375 204 401; x_wconf 82' lang='lat' dir='ltr'><strong>tur</strong></span> <span class='ocrx_word' id='word_1_11' title='bbox 224 382 231 399; x_wconf 92' lang='lat'>:</span> <span class='ocrx_word' id='word_1_12' title='bbox 248 371 320 408; x_wconf 86' lang='lat' dir='ltr'><strong>quia</strong></span> <span class='ocrx_word' id='word_1_13' title='bbox 332 370 409 399; x_wconf 91' lang='lat' dir='ltr'><strong>illud</strong></span> <span class='ocrx_word' id='word_1_14' title='bbox 423 369 542 404; x_wconf 87' lang='lat' dir='ltr'><strong>signum</strong></span> <span class='ocrx_word' id='word_1_15' title='bbox 556 366 784 396; x_wconf 85' lang='lat' dir='ltr'><strong>mendicationis</strong></span> <span class='ocrx_word' id='word_1_16' title='bbox 795 366 934 394; x_wconf 61' lang='lat' dir='ltr'><strong>humanae</strong></span> 
     </span>
     <span class='ocr_line' id='line_1_4' title="bbox 156 413 936 452; baseline -0.006 -5"><span class='ocrx_word' id='word_1_17' title='bbox 156 418 310 447; x_wconf 80' lang='lat' dir='ltr'><strong>infallibile</strong></span> <span class='ocrx_word' id='word_1_18' title='bbox 324 415 547 452; x_wconf 89' lang='lat' dir='ltr'><strong>comprobatur,</strong></span> <span class='ocrx_word' id='word_1_19' title='bbox 557 414 680 451; x_wconf 88' lang='lat' dir='ltr'><strong>quando</strong></span> <span class='ocrx_word' id='word_1_20' title='bbox 691 413 722 441; x_wconf 91' lang='lat' dir='ltr'><strong>in</strong></span> <span class='ocrx_word' id='word_1_21' title='bbox 735 413 793 441; x_wconf 88' lang='lat' dir='ltr'><strong>alia</strong></span> <span class='ocrx_word' id='word_1_22' title='bbox 802 414 936 442; x_wconf 87' lang='lat' dir='ltr'><strong>creatura</strong></span> 
     </span>
     <span class='ocr_line' id='line_1_5' title="bbox 157 459 935 500; baseline -0.009 -6"><span class='ocrx_word' id='word_1_23' title='bbox 157 468 239 494; x_wconf 82' lang='lat' dir='ltr'><strong>extra</strong></span> <span class='ocrx_word' id='word_1_24' title='bbox 251 464 380 500; x_wconf 78' lang='lat' dir='ltr'><strong>seipsam</strong></span> <span class='ocrx_word' id='word_1_25' title='bbox 394 462 567 498; x_wconf 84' lang='lat' dir='ltr'><strong>egrediens,</strong></span> <span class='ocrx_word' id='word_1_26' title='bbox 588 461 745 490; x_wconf 83' lang='lat' dir='ltr'><strong>tendentiae</strong></span> <span class='ocrx_word' id='word_1_27' title='bbox 765 468 826 488; x_wconf 79' lang='lat' dir='ltr'><strong>suae</strong></span> <span class='ocrx_word' id='word_1_28' title='bbox 847 461 874 488; x_wconf 89' lang='lat' dir='ltr'><strong>et</strong></span> <span class='ocrx_word' id='word_1_29' title='bbox 889 459 935 488; x_wconf 89' lang='lat' dir='ltr'><strong>sui</strong></span> 
     </span>
     <span class='ocr_line' id='line_1_6' title="bbox 157 506 932 547; baseline -0.009 -6"><span class='ocrx_word' id='word_1_30' title='bbox 157 513 245 541; x_wconf 89' lang='lat' dir='ltr'><strong>etiam</strong></span> <span class='ocrx_word' id='word_1_31' title='bbox 270 510 418 547; x_wconf 86' lang='lat' dir='ltr'><strong>appetitus</strong></span> <span class='ocrx_word' id='word_1_32' title='bbox 445 509 579 545; x_wconf 86' lang='lat' dir='ltr'><strong>regimen</strong></span> <span class='ocrx_word' id='word_1_33' title='bbox 614 507 760 536; x_wconf 86' lang='lat' dir='ltr'><strong>existimat</strong></span> <span class='ocrx_word' id='word_1_34' title='bbox 785 506 932 543; x_wconf 87' lang='lat' dir='ltr'><strong>reperire,</strong></span> 
     </span>
     <span class='ocr_line' id='line_1_7' title="bbox 158 553 936 595; baseline -0.009 -8"><span class='ocrx_word' id='word_1_35' title='bbox 158 559 229 595; x_wconf 89' lang='lat' dir='ltr'><strong>quia</strong></span> <span class='ocrx_word' id='word_1_36' title='bbox 239 565 307 586; x_wconf 88' lang='lat' dir='ltr'><strong>cum</strong></span> <span class='ocrx_word' id='word_1_37' title='bbox 319 564 403 585; x_wconf 88' lang='lat' dir='ltr'><strong>mens</strong></span> <span class='ocrx_word' id='word_1_38' title='bbox 411 556 545 584; x_wconf 87' lang='lat' dir='ltr'><strong>humana</strong></span> <span class='ocrx_word' id='word_1_39' title='bbox 555 555 665 584; x_wconf 78' lang='lat' dir='ltr'><strong>caeteris</strong></span> <span class='ocrx_word' id='word_1_40' title='bbox 676 553 846 582; x_wconf 84' lang='lat' dir='ltr'><strong>visibilibus</strong></span> <span class='ocrx_word' id='word_1_41' title='bbox 857 560 936 580; x_wconf 84' lang='lat' dir='ltr'><strong>crea-</strong></span> 
     </span>
     <span class='ocr_line' id='line_1_8' title="bbox 157 599 936 638; baseline -0.009 -5"><span class='ocrx_word' id='word_1_42' title='bbox 157 605 229 633; x_wconf 84' lang='lat' dir='ltr'><strong>turis</strong></span> <span class='ocrx_word' id='word_1_43' title='bbox 248 603 439 633; x_wconf 85' lang='lat' dir='ltr'><strong>excellentior</strong></span> <span class='ocrx_word' id='word_1_44' title='bbox 461 602 620 638; x_wconf 88' lang='lat' dir='ltr'><strong>judicetur,</strong></span> <span class='ocrx_word' id='word_1_45' title='bbox 642 601 739 637; x_wconf 84' lang='lat' dir='ltr'><strong>ipsam</strong></span> <span class='ocrx_word' id='word_1_46' title='bbox 759 599 936 628; x_wconf 87' lang='lat' dir='ltr'><strong>eminentius</strong></span> 
     </span>
     <span class='ocr_line' id='line_1_9' title="bbox 158 646 935 688; baseline -0.009 -8"><span class='ocrx_word' id='word_1_47' title='bbox 158 653 187 680; x_wconf 84' lang='lat' dir='ltr'><strong>et</strong></span> <span class='ocrx_word' id='word_1_48' title='bbox 213 651 333 688; x_wconf 84' lang='lat' dir='ltr'><strong>plenius</strong></span> <span class='ocrx_word' id='word_1_49' title='bbox 357 649 501 686; x_wconf 87' lang='lat' dir='ltr'><strong>sapientia</strong></span> <span class='ocrx_word' id='word_1_50' title='bbox 525 647 740 685; x_wconf 86' lang='lat' dir='ltr'><strong>supercoelestis</strong></span> <span class='ocrx_word' id='word_1_51' title='bbox 766 646 912 675; x_wconf 84' lang='lat' dir='ltr'><strong>inhabitat</strong></span> <span class='ocrx_word' id='word_1_52' title='bbox 926 667 935 680; x_wconf 95' lang='lat'><strong>,</strong></span> 
     </span>
     <span class='ocr_line' id='line_1_10' title="bbox 159 694 935 735; baseline -0.008 -9"><span class='ocrx_word' id='word_1_53' title='bbox 159 698 230 735; x_wconf 91' lang='lat' dir='ltr'><strong>quia</strong></span> <span class='ocrx_word' id='word_1_54' title='bbox 242 699 285 726; x_wconf 86' lang='lat' dir='ltr'><strong>est</strong></span> <span class='ocrx_word' id='word_1_55' title='bbox 295 698 406 733; x_wconf 85' lang='lat' dir='ltr'><strong>imago,</strong></span> <span class='ocrx_word' id='word_1_56' title='bbox 420 699 524 725; x_wconf 71' lang='lat' dir='ltr'><strong>caetera</strong></span> <span class='ocrx_word' id='word_1_57' title='bbox 535 703 606 724; x_wconf 88' lang='lat' dir='ltr'><strong>vero</strong></span> <span class='ocrx_word' id='word_1_58' title='bbox 621 694 755 730; x_wconf 80' lang='lat' dir='ltr'><strong>vestigia.</strong></span> <span class='ocrx_word' id='word_1_59' title='bbox 770 695 850 722; x_wconf 55' lang='lat' dir='ltr'><strong>&#39;lime</strong></span> <span class='ocrx_word' id='word_1_60' title='bbox 864 701 935 728; x_wconf 89' lang='lat' dir='ltr'><strong>ergo</strong></span> 
     </span>
     <span class='ocr_line' id='line_1_11' title="bbox 159 739 936 779; baseline -0.008 -6"><span class='ocrx_word' id='word_1_61' title='bbox 159 753 229 773; x_wconf 90' lang='lat' dir='ltr'><strong>cum</strong></span> <span class='ocrx_word' id='word_1_62' title='bbox 245 745 417 773; x_wconf 85' lang='lat' dir='ltr'><strong>thesaurum</strong></span> <span class='ocrx_word' id='word_1_63' title='bbox 431 743 539 772; x_wconf 86' lang='lat' dir='ltr'><strong>divinae</strong></span> <span class='ocrx_word' id='word_1_64' title='bbox 553 741 723 779; x_wconf 72' lang='lat' dir='ltr'><strong>sapientiae,</strong></span> <span class='ocrx_word' id='word_1_65' title='bbox 739 742 825 769; x_wconf 89' lang='lat' dir='ltr'><strong>antea</strong></span> <span class='ocrx_word' id='word_1_66' title='bbox 839 739 936 768; x_wconf 90' lang='lat' dir='ltr'><strong>occul-</strong></span> 
     </span>
     <span class='ocr_line' id='line_1_12' title="bbox 159 787 938 827; baseline -0.009 -7"><span class='ocrx_word' id='word_1_67' title='bbox 159 793 264 827; x_wconf 90' lang='lat' dir='ltr'><strong>tatum,</strong></span> <span class='ocrx_word' id='word_1_68' title='bbox 277 791 442 819; x_wconf 84' lang='lat' dir='ltr'><strong>reseratum</strong></span> <span class='ocrx_word' id='word_1_69' title='bbox 456 789 559 818; x_wconf 89' lang='lat' dir='ltr'><strong>divina</strong></span> <span class='ocrx_word' id='word_1_70' title='bbox 570 788 702 817; x_wconf 89' lang='lat' dir='ltr'><strong>bonitate</strong></span> <span class='ocrx_word' id='word_1_71' title='bbox 715 787 746 815; x_wconf 91' lang='lat' dir='ltr'><strong>in</strong></span> <span class='ocrx_word' id='word_1_72' title='bbox 761 787 858 823; x_wconf 84' lang='lat' dir='ltr'><strong>seipsa</strong></span> <span class='ocrx_word' id='word_1_73' title='bbox 870 794 938 823; x_wconf 91' lang='lat' dir='ltr'><strong>per-</strong></span> 
     </span>
     <span class='ocr_line' id='line_1_13' title="bbox 159 833 937 874; baseline -0.008 -8"><span class='ocrx_word' id='word_1_74' title='bbox 159 838 245 874; x_wconf 82' lang='lat' dir='ltr'><strong>cepit,</strong></span> <span class='ocrx_word' id='word_1_75' title='bbox 257 838 321 874; x_wconf 88' lang='lat' dir='ltr'><strong>jam</strong></span> <span class='ocrx_word' id='word_1_76' title='bbox 334 845 397 866; x_wconf 90' lang='lat' dir='ltr'><strong>non</strong></span> <span class='ocrx_word' id='word_1_77' title='bbox 411 845 506 873; x_wconf 86' lang='lat' dir='ltr'><strong>egena</strong></span> <span class='ocrx_word' id='word_1_78' title='bbox 518 835 638 864; x_wconf 89' lang='lat' dir='ltr'><strong>alterius</strong></span> <span class='ocrx_word' id='word_1_79' title='bbox 658 833 842 863; x_wconf 88' lang='lat' dir='ltr'><strong>delectabilis</strong></span> <span class='ocrx_word' id='word_1_80' title='bbox 857 841 937 861; x_wconf 92' lang='lat' dir='ltr'><strong>men-</strong></span> 
     </span>
     <span class='ocr_line' id='line_1_14' title="bbox 160 880 938 920; baseline -0.008 -7"><span class='ocrx_word' id='word_1_81' title='bbox 160 885 276 913; x_wconf 83' lang='lat' dir='ltr'><strong>dicitate</strong></span> <span class='ocrx_word' id='word_1_82' title='bbox 290 884 421 919; x_wconf 80' lang='lat' dir='ltr'><strong>fulcitur,</strong></span> <span class='ocrx_word' id='word_1_83' title='bbox 433 884 497 920; x_wconf 63' lang='lat' dir='ltr'><strong>,iam</strong></span> <span class='ocrx_word' id='word_1_84' title='bbox 511 891 574 911; x_wconf 90' lang='lat' dir='ltr'><strong>non</strong></span> <span class='ocrx_word' id='word_1_85' title='bbox 588 890 606 910; x_wconf 89' lang='lat' dir='ltr'><strong>a</strong></span> <span class='ocrx_word' id='word_1_86' title='bbox 619 890 674 910; x_wconf 87' lang='lat' dir='ltr'><strong>sua</strong></span> <span class='ocrx_word' id='word_1_87' title='bbox 685 880 871 918; x_wconf 83' lang='lat' dir='ltr'><strong>primordiali</strong></span> <span class='ocrx_word' id='word_1_88' title='bbox 886 888 938 908; x_wconf 91' lang='lat' dir='ltr'><strong>no-</strong></span> 
     </span>
     <span class='ocr_line' id='line_1_15' title="bbox 160 927 937 966; baseline -0.009 -6"><span class='ocrx_word' id='word_1_89' title='bbox 160 931 272 959; x_wconf 90' lang='lat' dir='ltr'><strong>bilitate</strong></span> <span class='ocrx_word' id='word_1_90' title='bbox 281 931 476 966; x_wconf 84' lang='lat' dir='ltr'><strong>degenerans,</strong></span> <span class='ocrx_word' id='word_1_91' title='bbox 486 929 562 958; x_wconf 82' lang='lat' dir='ltr'><strong>inira</strong></span> <span class='ocrx_word' id='word_1_92' title='bbox 574 929 612 965; x_wconf 86' lang='lat' dir='ltr'><strong>(a)</strong></span> <span class='ocrx_word' id='word_1_93' title='bbox 627 929 755 965; x_wconf 85' lang='lat' dir='ltr'><strong>seipsam</strong></span> <span class='ocrx_word' id='word_1_94' title='bbox 767 927 881 955; x_wconf 91' lang='lat' dir='ltr'><strong>inclusa</strong></span> <span class='ocrx_word' id='word_1_95' title='bbox 890 927 937 963; x_wconf 76' lang='lat' dir='ltr'><strong>(b),</strong></span> 
     </span>
     <span class='ocr_line' id='line_1_16' title="bbox 161 973 939 1014; baseline -0.008 -8"><span class='ocrx_word' id='word_1_96' title='bbox 161 978 293 1014; x_wconf 87' lang='lat' dir='ltr'><strong>quadam</strong></span> <span class='ocrx_word' id='word_1_97' title='bbox 305 977 489 1013; x_wconf 84' lang='lat' dir='ltr'><strong>jucunditate</strong></span> <span class='ocrx_word' id='word_1_98' title='bbox 503 976 622 1010; x_wconf 87' lang='lat' dir='ltr'><strong>relicta,</strong></span> <span class='ocrx_word' id='word_1_99' title='bbox 647 983 683 1003; x_wconf 82' lang='lat' dir='ltr'><strong>ex</strong></span> <span class='ocrx_word' id='word_1_100' title='bbox 704 974 851 1002; x_wconf 81' lang='lat' dir='ltr'><strong>intimiore</strong></span> <span class='ocrx_word' id='word_1_101' title='bbox 873 973 939 1001; x_wconf 92' lang='lat' dir='ltr'><strong>uni-</strong></span> 
     </span>
     <span class='ocr_line' id='line_1_17' title="bbox 159 1020 937 1058; baseline -0.006 -6"><span class='ocrx_word' id='word_1_102' title='bbox 159 1025 239 1052; x_wconf 85' lang='lat' dir='ltr'><strong>tione</strong></span> <span class='ocrx_word' id='word_1_103' title='bbox 264 1032 334 1052; x_wconf 88' lang='lat' dir='ltr'><strong>cum</strong></span> <span class='ocrx_word' id='word_1_104' title='bbox 357 1025 416 1052; x_wconf 89' lang='lat' dir='ltr'><strong>Deo</strong></span> <span class='ocrx_word' id='word_1_105' title='bbox 444 1023 585 1051; x_wconf 88' lang='lat' dir='ltr'><strong>continua</strong></span> <span class='ocrx_word' id='word_1_106' title='bbox 604 1021 790 1058; x_wconf 85' lang='lat' dir='ltr'><strong>jucunditate</strong></span> <span class='ocrx_word' id='word_1_107' title='bbox 814 1020 937 1053; x_wconf 76' lang='lat' dir='ltr'><strong>laetatur,</strong></span> 
     </span>
     <span class='ocr_line' id='line_1_18' title="bbox 160 1067 938 1104; baseline -0.006 -5"><span class='ocrx_word' id='word_1_108' title='bbox 160 1071 262 1099; x_wconf 89' lang='lat' dir='ltr'><strong>dicens</strong></span> <span class='ocrx_word' id='word_1_109' title='bbox 276 1078 345 1099; x_wconf 88' lang='lat' dir='ltr'><strong>cum</strong></span> <span class='ocrx_word' id='word_1_110' title='bbox 361 1070 463 1098; x_wconf 84' lang='lat' dir='ltr'><strong>divino</strong></span> <span class='ocrx_word' id='word_1_111' title='bbox 477 1069 532 1098; x_wconf 82' lang='lat' dir='ltr'><strong>Job</strong></span> <span class='ocrx_word' id='word_1_112' title='bbox 542 1091 551 1104; x_wconf 93' lang='lat'><strong>,</strong></span> <span class='ocrx_word' id='word_1_113' title='bbox 566 1069 673 1097; x_wconf 91' lang='lat' dir='ltr'><strong>nolens</strong></span> <span class='ocrx_word' id='word_1_114' title='bbox 686 1068 725 1096; x_wconf 91' lang='lat' dir='ltr'><strong>ab</strong></span> <span class='ocrx_word' id='word_1_115' title='bbox 740 1068 805 1104; x_wconf 90' lang='lat' dir='ltr'><strong>ipso</strong></span> <span class='ocrx_word' id='word_1_116' title='bbox 823 1067 860 1095; x_wconf 87' lang='lat' dir='ltr'><strong>de</strong></span> <span class='ocrx_word' id='word_1_117' title='bbox 884 1074 938 1094; x_wconf 81' lang='lat' dir='ltr'><strong>cae—</strong></span> 
     </span>
     <span class='ocr_line' id='line_1_19' title="bbox 159 1115 938 1153; baseline -0.006 -7"><span class='ocrx_word' id='word_1_118' title='bbox 159 1119 222 1146; x_wconf 89' lang='lat' dir='ltr'><strong>tero</strong></span> <span class='ocrx_word' id='word_1_119' title='bbox 245 1116 377 1153; x_wconf 88' lang='lat' dir='ltr'><strong>separari</strong></span> <span class='ocrx_word' id='word_1_120' title='bbox 392 1117 400 1133; x_wconf 90' lang='lat'><strong>¹</strong></span> <span class='ocrx_word' id='word_1_121' title='bbox 417 1126 424 1144; x_wconf 91' lang='lat'>:</span> <span class='ocrx_word' id='word_1_122' title='bbox 443 1118 473 1144; x_wconf 81' lang='lat' dir='ltr'><strong>In</strong></span> <span class='ocrx_word' id='word_1_123' title='bbox 494 1116 590 1143; x_wconf 81' lang='lat' dir='ltr'><strong>nidulo</strong></span> <span class='ocrx_word' id='word_1_124' title='bbox 613 1123 670 1142; x_wconf 88' lang='lat' dir='ltr'><strong>meo</strong></span> <span class='ocrx_word' id='word_1_125' title='bbox 686 1116 797 1147; x_wconf 82' lang='lat' dir='ltr'><strong>moriar,</strong></span> <span class='ocrx_word' id='word_1_126' title='bbox 821 1117 846 1142; x_wconf 89' lang='lat' dir='ltr'><strong>et</strong></span> <span class='ocrx_word' id='word_1_127' title='bbox 867 1115 938 1142; x_wconf 77' lang='lat' dir='ltr'><strong>sicut</strong></span> 
     </span>
     <span class='ocr_line' id='line_1_20' title="bbox 159 1160 939 1199; baseline -0.005 -8"><span class='ocrx_word' id='word_1_128' title='bbox 159 1165 253 1199; x_wconf 83' lang='lat' dir='ltr'><strong>palma</strong></span> <span class='ocrx_word' id='word_1_129' title='bbox 266 1164 451 1198; x_wconf 73' lang='lat' dir='ltr'><strong>multiplicabo</strong></span> <span class='ocrx_word' id='word_1_130' title='bbox 467 1163 534 1190; x_wconf 82' lang='lat' dir='ltr'><strong>dies.</strong></span> <span class='ocrx_word' id='word_1_131' title='bbox 552 1164 584 1190; x_wconf 84' lang='lat' dir='ltr'><strong>Et</strong></span> <span class='ocrx_word' id='word_1_132' title='bbox 599 1169 660 1190; x_wconf 90' lang='lat' dir='ltr'><strong>non</strong></span> <span class='ocrx_word' id='word_1_133' title='bbox 679 1163 793 1189; x_wconf 88' lang='lat' dir='ltr'><strong>tantum</strong></span> <span class='ocrx_word' id='word_1_134' title='bbox 809 1160 939 1196; x_wconf 87' lang='lat' dir='ltr'><strong>disponit</strong></span> 
     </span>
     <span class='ocr_line' id='line_1_21' title="bbox 161 1206 938 1246; baseline -0.006 -8"><span class='ocrx_word' id='word_1_135' title='bbox 161 1211 307 1243; x_wconf 89' lang='lat' dir='ltr'><strong>animam,</strong></span> <span class='ocrx_word' id='word_1_136' title='bbox 321 1209 352 1237; x_wconf 90' lang='lat' dir='ltr'><strong>in</strong></span> <span class='ocrx_word' id='word_1_137' title='bbox 368 1211 512 1246; x_wconf 86' lang='lat' dir='ltr'><strong>quantum</strong></span> <span class='ocrx_word' id='word_1_138' title='bbox 524 1209 591 1236; x_wconf 81' lang='lat' dir='ltr'><strong>facit</strong></span> <span class='ocrx_word' id='word_1_139' title='bbox 605 1209 702 1244; x_wconf 83' lang='lat' dir='ltr'><strong>ipsam</strong></span> <span class='ocrx_word' id='word_1_140' title='bbox 716 1207 792 1235; x_wconf 81' lang='lat' dir='ltr'><strong>intra</strong></span> <span class='ocrx_word' id='word_1_141' title='bbox 810 1208 846 1242; x_wconf 72' lang='lat' dir='ltr'><strong>(a)</strong></span> <span class='ocrx_word' id='word_1_142' title='bbox 863 1206 938 1242; x_wconf 86' lang='lat' dir='ltr'><strong>seip-</strong></span> 
     </span>
     <span class='ocr_line' id='line_1_22' title="bbox 161 1254 936 1292; baseline -0.004 -9"><span class='ocrx_word' id='word_1_143' title='bbox 161 1265 225 1285; x_wconf 91' lang='lat' dir='ltr'><strong>sam</strong></span> <span class='ocrx_word' id='word_1_144' title='bbox 237 1256 398 1292; x_wconf 80' lang='lat' dir='ltr'><strong>quiescere,</strong></span> <span class='ocrx_word' id='word_1_145' title='bbox 409 1256 538 1284; x_wconf 89' lang='lat' dir='ltr'><strong>alienam</strong></span> <span class='ocrx_word' id='word_1_146' title='bbox 545 1254 763 1283; x_wconf 89' lang='lat' dir='ltr'><strong>mendicitatem</strong></span> <span class='ocrx_word' id='word_1_147' title='bbox 773 1254 936 1289; x_wconf 74' lang='lat' dir='ltr'><strong>extirpan55</strong></span> 
     </span>
     <span class='ocr_line' id='line_1_23' title="bbox 160 1300 939 1338; baseline -0.005 -7"><span class='ocrx_word' id='word_1_148' title='bbox 160 1303 214 1332; x_wconf 88' lang='lat' dir='ltr'><strong>sed</strong></span> <span class='ocrx_word' id='word_1_149' title='bbox 228 1302 317 1331; x_wconf 89' lang='lat' dir='ltr'><strong>etiam</strong></span> <span class='ocrx_word' id='word_1_150' title='bbox 334 1302 446 1330; x_wconf 87' lang='lat' dir='ltr'><strong>ratione</strong></span> <span class='ocrx_word' id='word_1_151' title='bbox 471 1302 659 1338; x_wconf 87' lang='lat' dir='ltr'><strong>pretiositatis</strong></span> <span class='ocrx_word' id='word_1_152' title='bbox 683 1301 727 1329; x_wconf 93' lang='lat' dir='ltr'><strong>sui</strong></span> <span class='ocrx_word' id='word_1_153' title='bbox 748 1301 840 1337; x_wconf 83' lang='lat' dir='ltr'><strong>ipsius</strong></span> <span class='ocrx_word' id='word_1_154' title='bbox 864 1300 939 1328; x_wconf 82' lang='lat' dir='ltr'><strong>exis-</strong></span> 
     </span>
     <span class='ocr_line' id='line_1_24' title="bbox 159 1347 938 1384; baseline -0.005 -6"><span class='ocrx_word' id='word_1_155' title='bbox 159 1350 246 1378; x_wconf 89' lang='lat' dir='ltr'><strong>tentis</strong></span> <span class='ocrx_word' id='word_1_156' title='bbox 259 1350 289 1377; x_wconf 95' lang='lat' dir='ltr'><strong>in</strong></span> <span class='ocrx_word' id='word_1_157' title='bbox 304 1351 411 1377; x_wconf 88' lang='lat' dir='ltr'><strong>mente.</strong></span> <span class='ocrx_word' id='word_1_158' title='bbox 433 1350 465 1377; x_wconf 93' lang='lat' dir='ltr'><strong>In</strong></span> <span class='ocrx_word' id='word_1_159' title='bbox 480 1351 592 1384; x_wconf 90' lang='lat' dir='ltr'><strong>quanto</strong></span> <span class='ocrx_word' id='word_1_160' title='bbox 612 1348 691 1376; x_wconf 90' lang='lat' dir='ltr'><strong>enim</strong></span> <span class='ocrx_word' id='word_1_161' title='bbox 706 1347 860 1382; x_wconf 86' lang='lat' dir='ltr'><strong>&#39;nobilior,</strong></span> <span class='ocrx_word' id='word_1_162' title='bbox 885 1355 938 1374; x_wconf 87' lang='lat' dir='ltr'><strong>seu</strong></span> 
     </span>
     <span class='ocr_line' id='line_1_25' title="bbox 160 1393 938 1432; baseline -0.005 -8"><span class='ocrx_word' id='word_1_163' title='bbox 160 1397 256 1432; x_wconf 88' lang='lat' dir='ltr'><strong>magis</strong></span> <span class='ocrx_word' id='word_1_164' title='bbox 279 1404 368 1424; x_wconf 81' lang='lat' dir='ltr'><strong>sanus</strong></span> <span class='ocrx_word' id='word_1_165' title='bbox 389 1403 541 1432; x_wconf 89' lang='lat' dir='ltr'><strong>possessus</strong></span> <span class='ocrx_word' id='word_1_166' title='bbox 559 1395 693 1430; x_wconf 86' lang='lat' dir='ltr'><strong>habitus,</strong></span> <span class='ocrx_word' id='word_1_167' title='bbox 715 1394 745 1422; x_wconf 86' lang='lat' dir='ltr'><strong>in</strong></span> <span class='ocrx_word' id='word_1_168' title='bbox 768 1396 848 1422; x_wconf 88' lang='lat' dir='ltr'><strong>tanto</strong></span> <span class='ocrx_word' id='word_1_169' title='bbox 870 1393 938 1429; x_wconf 88' lang='lat' dir='ltr'><strong>plus</strong></span> 
     </span>
     <span class='ocr_line' id='line_1_26' title="bbox 160 1440 937 1479; baseline -0.004 -9"><span class='ocrx_word' id='word_1_170' title='bbox 160 1443 278 1479; x_wconf 88' lang='lat' dir='ltr'><strong>spiritus</strong></span> <span class='ocrx_word' id='word_1_171' title='bbox 300 1442 450 1478; x_wconf 82' lang='lat' dir='ltr'><strong>angelicus</strong></span> <span class='ocrx_word' id='word_1_172' title='bbox 474 1451 480 1469; x_wconf 93' lang='lat'>:</span> <span class='ocrx_word' id='word_1_173' title='bbox 504 1442 576 1478; x_wconf 86' lang='lat' dir='ltr'><strong>quia</strong></span> <span class='ocrx_word' id='word_1_174' title='bbox 603 1442 627 1469; x_wconf 89' lang='lat' dir='ltr'><strong>si</strong></span> <span class='ocrx_word' id='word_1_175' title='bbox 657 1449 761 1469; x_wconf 87' lang='lat' dir='ltr'><strong>omnes</strong></span> <span class='ocrx_word' id='word_1_176' title='bbox 788 1440 937 1473; x_wconf 90' lang='lat' dir='ltr'><strong>thesauri,</strong></span> 
     </span>
     <span class='ocr_line' id='line_1_27' title="bbox 161 1487 938 1526; baseline -0.004 -9"><span class='ocrx_word' id='word_1_177' title='bbox 161 1497 250 1517; x_wconf 89' lang='lat' dir='ltr'><strong>omne</strong></span> <span class='ocrx_word' id='word_1_178' title='bbox 264 1489 426 1526; x_wconf 90' lang='lat' dir='ltr'><strong>pretiosum</strong></span> <span class='ocrx_word' id='word_1_179' title='bbox 436 1510 445 1524; x_wconf 93' lang='lat'>‚</span> <span class='ocrx_word' id='word_1_180' title='bbox 462 1488 652 1523; x_wconf 82' lang='lat' dir='ltr'><strong>delectabile,</strong></span> <span class='ocrx_word' id='word_1_181' title='bbox 668 1487 818 1524; x_wconf 90' lang='lat' dir='ltr'><strong>quidquid</strong></span> <span class='ocrx_word' id='word_1_182' title='bbox 833 1487 938 1515; x_wconf 89' lang='lat' dir='ltr'><strong>oculus</strong></span> 
     </span>
     <span class='ocr_line' id='line_1_28' title="bbox 160 1534 937 1572; baseline -0.004 -8"><span class='ocrx_word' id='word_1_183' title='bbox 160 1537 256 1572; x_wconf 86' lang='lat' dir='ltr'><strong>potest</strong></span> <span class='ocrx_word' id='word_1_184' title='bbox 270 1536 382 1570; x_wconf 85' lang='lat' dir='ltr'><strong>videre,</strong></span> <span class='ocrx_word' id='word_1_185' title='bbox 397 1536 472 1564; x_wconf 91' lang='lat' dir='ltr'><strong>ratio</strong></span> <span class='ocrx_word' id='word_1_186' title='bbox 488 1535 675 1570; x_wconf 83' lang='lat' dir='ltr'><strong>investigare,</strong></span> <span class='ocrx_word' id='word_1_187' title='bbox 692 1534 855 1562; x_wconf 88' lang='lat' dir='ltr'><strong>intellectus</strong></span> <span class='ocrx_word' id='word_1_188' title='bbox 869 1541 937 1570; x_wconf 85' lang='lat' dir='ltr'><strong>per-</strong></span> 
     </span>
     <span class='ocr_line' id='line_1_29' title="bbox 161 1581 937 1619; baseline -0.005 -8"><span class='ocrx_word' id='word_1_189' title='bbox 161 1583 275 1619; x_wconf 85' lang='lat' dir='ltr'><strong>cipere,</strong></span> <span class='ocrx_word' id='word_1_190' title='bbox 291 1582 366 1610; x_wconf 89' lang='lat' dir='ltr'><strong>nihil</strong></span> <span class='ocrx_word' id='word_1_191' title='bbox 380 1582 444 1618; x_wconf 77' lang='lat' dir='ltr'><strong>ipsa</strong></span> <span class='ocrx_word' id='word_1_192' title='bbox 458 1589 542 1610; x_wconf 90' lang='lat' dir='ltr'><strong>mens</strong></span> <span class='ocrx_word' id='word_1_193' title='bbox 556 1582 671 1610; x_wconf 89' lang='lat' dir='ltr'><strong>ratione</strong></span> <span class='ocrx_word' id='word_1_194' title='bbox 686 1581 796 1617; x_wconf 86' lang='lat' dir='ltr'><strong>ipsius,</strong></span> <span class='ocrx_word' id='word_1_195' title='bbox 813 1588 873 1616; x_wconf 88' lang='lat' dir='ltr'><strong>qua</strong></span> <span class='ocrx_word' id='word_1_196' title='bbox 887 1587 937 1608; x_wconf 91' lang='lat' dir='ltr'><strong>so-</strong></span> 
     </span>
     <span class='ocr_line' id='line_1_30' title="bbox 161 1627 938 1665; baseline -0.004 -8"><span class='ocrx_word' id='word_1_197' title='bbox 161 1630 206 1657; x_wconf 89' lang='lat' dir='ltr'><strong>lus</strong></span> <span class='ocrx_word' id='word_1_198' title='bbox 221 1631 294 1657; x_wconf 81' lang='lat' dir='ltr'><strong>Deus</strong></span> <span class='ocrx_word' id='word_1_199' title='bbox 309 1629 340 1657; x_wconf 91' lang='lat' dir='ltr'><strong>in</strong></span> <span class='ocrx_word' id='word_1_200' title='bbox 356 1629 448 1657; x_wconf 86' lang='lat' dir='ltr'><strong>corde</strong></span> <span class='ocrx_word' id='word_1_201' title='bbox 463 1629 642 1665; x_wconf 81' lang='lat' dir='ltr'><strong>possidetur,</strong></span> <span class='ocrx_word' id='word_1_202' title='bbox 663 1629 779 1664; x_wconf 86' lang='lat' dir='ltr'><strong>reputat</strong></span> <span class='ocrx_word' id='word_1_203' title='bbox 795 1637 802 1655; x_wconf 93' lang='lat'>:</span> <span class='ocrx_word' id='word_1_204' title='bbox 819 1627 872 1655; x_wconf 86' lang='lat' dir='ltr'><strong>sed</strong></span> <span class='ocrx_word' id='word_1_205' title='bbox 892 1635 938 1654; x_wconf 90' lang='lat' dir='ltr'><strong>co-</strong></span> 
     </span>
     <span class='ocr_line' id='line_1_31' title="bbox 160 1675 937 1711; baseline -0.006 -7"><span class='ocrx_word' id='word_1_206' title='bbox 160 1685 225 1705; x_wconf 84' lang='lat' dir='ltr'><strong>ram</strong></span> <span class='ocrx_word' id='word_1_207' title='bbox 241 1675 323 1704; x_wconf 88' lang='lat' dir='ltr'><strong>omni</strong></span> <span class='ocrx_word' id='word_1_208' title='bbox 339 1676 474 1711; x_wconf 86' lang='lat' dir='ltr'><strong>sapiente</strong></span> <span class='ocrx_word' id='word_1_209' title='bbox 500 1675 625 1703; x_wconf 85' lang='lat' dir='ltr'><strong>affirmat</strong></span> <span class='ocrx_word' id='word_1_210' title='bbox 640 1677 649 1692; x_wconf 67' lang='lat'><strong>²</strong></span> <span class='ocrx_word' id='word_1_211' title='bbox 665 1684 671 1702; x_wconf 89' lang='lat'>:</span> <span class='ocrx_word' id='word_1_212' title='bbox 689 1676 829 1709; x_wconf 76' lang='lat' dir='ltr'><strong>Tanquam</strong></span> <span class='ocrx_word' id='word_1_213' title='bbox 851 1675 937 1700; x_wconf 77' lang='lat' dir='ltr'><strong>lutum</strong></span> 
     </span>
     <span class='ocr_line' id='line_1_32' title="bbox 161 1720 938 1756; baseline -0.005 -7"><span class='ocrx_word' id='word_1_214' title='bbox 161 1723 340 1750; x_wconf 67' lang='lat' dir='ltr'><strong>oestcmabitm·</strong></span> <span class='ocrx_word' id='word_1_215' title='bbox 355 1730 449 1749; x_wconf 62' lang='lat' dir='ltr'><strong>attium</strong></span> <span class='ocrx_word' id='word_1_216' title='bbox 464 1724 493 1749; x_wconf 76' lang='lat' dir='ltr'><strong>in</strong></span> <span class='ocrx_word' id='word_1_217' title='bbox 508 1723 709 1756; x_wconf 76' lang='lat' dir='ltr'><strong>comparatione</strong></span> <span class='ocrx_word' id='word_1_218' title='bbox 721 1722 809 1748; x_wconf 82' lang='lat' dir='ltr'><strong>illius.</strong></span> <span class='ocrx_word' id='word_1_219' title='bbox 825 1720 938 1753; x_wconf 72' lang='lat' dir='ltr'><strong>Quare?</strong></span> 
     </span>
     <span class='ocr_line' id='line_1_33' title="bbox 161 1766 939 1804; baseline -0.004 -8"><span class='ocrx_word' id='word_1_220' title='bbox 161 1769 232 1804; x_wconf 85' lang='lat' dir='ltr'><strong>quia</strong></span> <span class='ocrx_word' id='word_1_221' title='bbox 251 1770 330 1796; x_wconf 82' lang='lat' dir='ltr'><strong>tanta</strong></span> <span class='ocrx_word' id='word_1_222' title='bbox 346 1770 388 1795; x_wconf 90' lang='lat' dir='ltr'><strong>est</strong></span> <span class='ocrx_word' id='word_1_223' title='bbox 403 1768 544 1796; x_wconf 80' lang='lat' dir='ltr'><strong>nobilitas</strong></span> <span class='ocrx_word' id='word_1_224' title='bbox 562 1768 592 1795; x_wconf 89' lang='lat' dir='ltr'><strong>in</strong></span> <span class='ocrx_word' id='word_1_225' title='bbox 617 1767 681 1803; x_wconf 85' lang='lat' dir='ltr'><strong>ipsa</strong></span> <span class='ocrx_word' id='word_1_226' title='bbox 696 1769 724 1794; x_wconf 93' lang='lat' dir='ltr'><strong>et</strong></span> <span class='ocrx_word' id='word_1_227' title='bbox 743 1766 889 1802; x_wconf 83' lang='lat' dir='ltr'><strong>dignitas,</strong></span> <span class='ocrx_word' id='word_1_228' title='bbox 911 1767 939 1793; x_wconf 86' lang='lat' dir='ltr'><strong>et</strong></span> 
     </span>
     <span class='ocr_line' id='line_1_34' title="bbox 161 1813 938 1849; baseline -0.004 -7"><span class='ocrx_word' id='word_1_229' title='bbox 161 1814 351 1849; x_wconf 82' lang='lat' dir='ltr'><strong>attrahentia,</strong></span> <span class='ocrx_word' id='word_1_230' title='bbox 367 1816 399 1842; x_wconf 91' lang='lat' dir='ltr'><strong>ut</strong></span> <span class='ocrx_word' id='word_1_231' title='bbox 413 1816 505 1842; x_wconf 72' lang='lat' dir='ltr'><strong>omnia</strong></span> <span class='ocrx_word' id='word_1_232' title='bbox 520 1822 579 1849; x_wconf 82' lang='lat' dir='ltr'><strong>quoe</strong></span> <span class='ocrx_word' id='word_1_233' title='bbox 593 1813 795 1846; x_wconf 80' lang='lat' dir='ltr'><strong>desiderantur,</strong></span> <span class='ocrx_word' id='word_1_234' title='bbox 811 1814 872 1840; x_wconf 76' lang='lat' dir='ltr'><strong>huic</strong></span> <span class='ocrx_word' id='word_1_235' title='bbox 886 1820 938 1839; x_wconf 77' lang='lat' dir='ltr'><strong>non</strong></span> 
     </span>
     <span class='ocr_line' id='line_1_35' title="bbox 160 1862 443 1896; baseline 0 -8"><span class='ocrx_word' id='word_1_236' title='bbox 160 1862 268 1888; x_wconf 79' lang='lat' dir='ltr'><strong>valeant</strong></span> <span class='ocrx_word' id='word_1_237' title='bbox 283 1863 443 1896; x_wconf 80' lang='lat' dir='ltr'><strong>comparari.</strong></span> 
     </span>
    </p>

    <p class='ocr_par' dir='ltr' id='par_1_3' title="bbox 160 1907 941 2641">
     <span class='ocr_line' id='line_1_36' title="bbox 195 1907 939 1943; baseline -0.003 -8"><span class='ocrx_word' id='word_1_238' title='bbox 195 1907 338 1935; x_wconf 86' lang='lat' dir='ltr'><strong>Nobilitas</strong></span> <span class='ocrx_word' id='word_1_239' title='bbox 361 1907 449 1935; x_wconf 88' lang='lat' dir='ltr'><strong>etiam</strong></span> <span class='ocrx_word' id='word_1_240' title='bbox 472 1907 564 1943; x_wconf 88' lang='lat' dir='ltr'><strong>ipsius</strong></span> <span class='ocrx_word' id='word_1_241' title='bbox 587 1915 648 1934; x_wconf 91' lang='lat' dir='ltr'><strong>non</strong></span> <span class='ocrx_word' id='word_1_242' title='bbox 675 1908 790 1934; x_wconf 89' lang='lat' dir='ltr'><strong>tantum</strong></span> <span class='ocrx_word' id='word_1_243' title='bbox 814 1908 939 1941; x_wconf 88' lang='lat' dir='ltr'><strong>apparet</strong></span> 
     </span>
     <span class='ocr_line' id='line_1_37' title="bbox 160 1952 939 1989; baseline -0.004 -7"><span class='ocrx_word' id='word_1_244' title='bbox 160 1954 274 1982; x_wconf 90' lang='lat' dir='ltr'><strong>ratione</strong></span> <span class='ocrx_word' id='word_1_245' title='bbox 295 1954 340 1981; x_wconf 89' lang='lat' dir='ltr'><strong>sui</strong></span> <span class='ocrx_word' id='word_1_246' title='bbox 361 1953 451 1989; x_wconf 85' lang='lat' dir='ltr'><strong>ipsius</strong></span> <span class='ocrx_word' id='word_1_247' title='bbox 475 1953 624 1981; x_wconf 84' lang='lat' dir='ltr'><strong>existentis</strong></span> <span class='ocrx_word' id='word_1_248' title='bbox 646 1954 676 1981; x_wconf 91' lang='lat' dir='ltr'><strong>in</strong></span> <span class='ocrx_word' id='word_1_249' title='bbox 698 1953 817 1989; x_wconf 90' lang='lat' dir='ltr'><strong>spiritu,</strong></span> <span class='ocrx_word' id='word_1_250' title='bbox 837 1952 890 1980; x_wconf 91' lang='lat' dir='ltr'><strong>sed</strong></span> <span class='ocrx_word' id='word_1_251' title='bbox 911 1955 939 1979; x_wconf 86' lang='lat' dir='ltr'><strong>et</strong></span> 
     </span>
     <span class='ocr_line' id='line_1_38' title="bbox 160 1998 938 2035; baseline -0.004 -7"><span class='ocrx_word' id='word_1_252' title='bbox 160 2000 274 2029; x_wconf 87' lang='lat' dir='ltr'><strong>ratione</strong></span> <span class='ocrx_word' id='word_1_253' title='bbox 303 2000 431 2028; x_wconf 87' lang='lat' dir='ltr'><strong>aliorum</strong></span> <span class='ocrx_word' id='word_1_254' title='bbox 458 2000 622 2028; x_wconf 86' lang='lat' dir='ltr'><strong>multorum</strong></span> <span class='ocrx_word' id='word_1_255' title='bbox 647 1999 842 2035; x_wconf 86' lang='lat' dir='ltr'><strong>gratuitorum</strong></span> <span class='ocrx_word' id='word_1_256' title='bbox 854 2020 862 2033; x_wconf 90' lang='lat'><strong>,</strong></span> <span class='ocrx_word' id='word_1_257' title='bbox 890 1998 938 2026; x_wconf 83' lang='lat' dir='ltr'><strong>vel</strong></span> 
     </span>
     <span class='ocr_line' id='line_1_39' title="bbox 162 2045 939 2082; baseline -0.003 -8"><span class='ocrx_word' id='word_1_258' title='bbox 162 2047 251 2082; x_wconf 84' lang='lat' dir='ltr'><strong>gratis</strong></span> <span class='ocrx_word' id='word_1_259' title='bbox 267 2046 420 2081; x_wconf 89' lang='lat' dir='ltr'><strong>datorum,</strong></span> <span class='ocrx_word' id='word_1_260' title='bbox 435 2047 483 2074; x_wconf 85' lang='lat' dir='ltr'><strong>vel</strong></span> <span class='ocrx_word' id='word_1_261' title='bbox 503 2046 718 2082; x_wconf 88' lang='lat' dir='ltr'><strong>acquisitorum</strong></span> <span class='ocrx_word' id='word_1_262' title='bbox 730 2067 739 2080; x_wconf 93' lang='lat'><strong>,</strong></span> <span class='ocrx_word' id='word_1_263' title='bbox 756 2054 822 2081; x_wconf 71' lang='lat' dir='ltr'><strong>quae</strong></span> <span class='ocrx_word' id='word_1_264' title='bbox 845 2045 939 2080; x_wconf 79' lang='lat' dir='ltr'><strong>magis</strong></span> 
     </span>
     <span class='ocr_line' id='line_1_40' title="bbox 161 2092 938 2129; baseline -0.004 -8"><span class='ocrx_word' id='word_1_265' title='bbox 161 2095 236 2121; x_wconf 88' lang='lat' dir='ltr'><strong>inter</strong></span> <span class='ocrx_word' id='word_1_266' title='bbox 251 2095 354 2121; x_wconf 79' lang='lat' dir='ltr'><strong>coetera</strong></span> <span class='ocrx_word' id='word_1_267' title='bbox 376 2093 549 2129; x_wconf 83' lang='lat' dir='ltr'><strong>appetibilia</strong></span> <span class='ocrx_word' id='word_1_268' title='bbox 566 2092 747 2128; x_wconf 78' lang='lat' dir='ltr'><strong>judicantur.</strong></span> <span class='ocrx_word' id='word_1_269' title='bbox 770 2093 824 2119; x_wconf 88' lang='lat' dir='ltr'><strong>Per</strong></span> <span class='ocrx_word' id='word_1_270' title='bbox 843 2092 938 2127; x_wconf 84' lang='lat' dir='ltr'><strong>ipsam</strong></span> 
     </span>
     <span class='ocr_line' id='line_1_41' title="bbox 162 2139 939 2174; baseline -0.004 -7"><span class='ocrx_word' id='word_1_271' title='bbox 162 2140 242 2167; x_wconf 90' lang='lat' dir='ltr'><strong>enim</strong></span> <span class='ocrx_word' id='word_1_272' title='bbox 262 2139 437 2167; x_wconf 85' lang='lat' dir='ltr'><strong>certificatur</strong></span> <span class='ocrx_word' id='word_1_273' title='bbox 452 2139 545 2173; x_wconf 79' lang='lat' dir='ltr'><strong>sides,</strong></span> <span class='ocrx_word' id='word_1_274' title='bbox 570 2139 781 2167; x_wconf 83' lang='lat' dir='ltr'><strong>corroboratur</strong></span> <span class='ocrx_word' id='word_1_275' title='bbox 803 2146 887 2174; x_wconf 81' lang='lat' dir='ltr'><strong>spes,</strong></span> <span class='ocrx_word' id='word_1_276' title='bbox 912 2141 939 2165; x_wconf 90' lang='lat' dir='ltr'><strong>et</strong></span> 
     </span>
     <span class='ocr_line' id='line_1_42' title="bbox 163 2184 939 2213; baseline -0.001 -1"><span class='ocrx_word' id='word_1_277' title='bbox 163 2186 288 2213; x_wconf 85' lang='lat' dir='ltr'><strong>charitas</strong></span> <span class='ocrx_word' id='word_1_278' title='bbox 302 2185 512 2213; x_wconf 83' lang='lat' dir='ltr'><strong>inflammatur.</strong></span> <span class='ocrx_word' id='word_1_279' title='bbox 530 2186 709 2213; x_wconf 79' lang='lat' dir='ltr'><strong>certificatur</strong></span> <span class='ocrx_word' id='word_1_280' title='bbox 725 2185 804 2212; x_wconf 88' lang='lat' dir='ltr'><strong>enim</strong></span> <span class='ocrx_word' id='word_1_281' title='bbox 818 2184 894 2212; x_wconf 87' lang='lat' dir='ltr'><strong>fides</strong></span> <span class='ocrx_word' id='word_1_282' title='bbox 909 2185 939 2212; x_wconf 89' lang='lat' dir='ltr'><strong>in</strong></span> 
     </span>
     <span class='ocr_line' id='line_1_43' title="bbox 163 2231 937 2269; baseline -0.004 -8"><span class='ocrx_word' id='word_1_283' title='bbox 163 2234 219 2261; x_wconf 88' lang='lat' dir='ltr'><strong>hoc</strong></span> <span class='ocrx_word' id='word_1_284' title='bbox 231 2254 240 2267; x_wconf 91' lang='lat'><strong>,</strong></span> <span class='ocrx_word' id='word_1_285' title='bbox 256 2233 339 2269; x_wconf 87' lang='lat' dir='ltr'><strong>quod</strong></span> <span class='ocrx_word' id='word_1_286' title='bbox 358 2241 442 2260; x_wconf 86' lang='lat' dir='ltr'><strong>mens</strong></span> <span class='ocrx_word' id='word_1_287' title='bbox 457 2233 632 2260; x_wconf 81' lang='lat' dir='ltr'><strong>sensibiliter</strong></span> <span class='ocrx_word' id='word_1_288' title='bbox 652 2241 681 2259; x_wconf 89' lang='lat' dir='ltr'><strong>sc</strong></span> <span class='ocrx_word' id='word_1_289' title='bbox 703 2232 788 2259; x_wconf 84' lang='lat' dir='ltr'><strong>sentit</strong></span> <span class='ocrx_word' id='word_1_290' title='bbox 803 2231 877 2259; x_wconf 87' lang='lat' dir='ltr'><strong>trahi</strong></span> <span class='ocrx_word' id='word_1_291' title='bbox 892 2231 937 2258; x_wconf 84' lang='lat' dir='ltr'><strong>in-</strong></span> 
     </span>
     <span class='ocr_line' id='line_1_44' title="bbox 163 2277 938 2314; baseline -0.004 -7"><span class='ocrx_word' id='word_1_292' title='bbox 163 2279 280 2307; x_wconf 84' lang='lat' dir='ltr'><strong>fallibili</strong></span> <span class='ocrx_word' id='word_1_293' title='bbox 295 2279 398 2307; x_wconf 87' lang='lat' dir='ltr'><strong>notitia</strong></span> <span class='ocrx_word' id='word_1_294' title='bbox 412 2279 443 2306; x_wconf 90' lang='lat' dir='ltr'><strong>in</strong></span> <span class='ocrx_word' id='word_1_295' title='bbox 459 2279 543 2306; x_wconf 89' lang='lat' dir='ltr'><strong>illum</strong></span> <span class='ocrx_word' id='word_1_296' title='bbox 553 2300 560 2310; x_wconf 78' lang='grc'>,</span> <span class='ocrx_word' id='word_1_297' title='bbox 576 2279 628 2314; x_wconf 85' lang='lat' dir='ltr'><strong>qui</strong></span> <span class='ocrx_word' id='word_1_298' title='bbox 651 2281 692 2305; x_wconf 89' lang='lat' dir='ltr'><strong>est</strong></span> <span class='ocrx_word' id='word_1_299' title='bbox 707 2278 787 2305; x_wconf 87' lang='lat' dir='ltr'><strong>solus</strong></span> <span class='ocrx_word' id='word_1_300' title='bbox 802 2277 938 2305; x_wconf 85' lang='lat' dir='ltr'><strong>desiderii</strong></span> 
     </span>
     <span class='ocr_line' id='line_1_45' title="bbox 165 2324 940 2362; baseline -0.005 -8"><span class='ocrx_word' id='word_1_301' title='bbox 165 2326 357 2362; x_wconf 79' lang='lat' dir='ltr'><strong>quietaiivus‚</strong></span> <span class='ocrx_word' id='word_1_302' title='bbox 378 2327 406 2353; x_wconf 88' lang='lat' dir='ltr'><strong>et</strong></span> <span class='ocrx_word' id='word_1_303' title='bbox 427 2326 484 2352; x_wconf 87' lang='lat' dir='ltr'><strong>hoc</strong></span> <span class='ocrx_word' id='word_1_304' title='bbox 509 2325 561 2352; x_wconf 89' lang='lat' dir='ltr'><strong>scit</strong></span> <span class='ocrx_word' id='word_1_305' title='bbox 583 2325 622 2352; x_wconf 88' lang='lat' dir='ltr'><strong>ita</strong></span> <span class='ocrx_word' id='word_1_306' title='bbox 643 2333 729 2359; x_wconf 87' lang='lat' dir='ltr'><strong>vere,</strong></span> <span class='ocrx_word' id='word_1_307' title='bbox 749 2325 797 2352; x_wconf 83' lang='lat' dir='ltr'><strong>vel</strong></span> <span class='ocrx_word' id='word_1_308' title='bbox 820 2324 918 2352; x_wconf 85' lang='lat' dir='ltr'><strong>verius</strong></span> <span class='ocrx_word' id='word_1_309' title='bbox 931 2346 940 2359; x_wconf 83' lang='lat'>‚</span> 
     </span>
     <span class='ocr_line' id='line_1_46' title="bbox 166 2371 940 2408; baseline -0.003 -8"><span class='ocrx_word' id='word_1_310' title='bbox 166 2381 257 2408; x_wconf 87' lang='lat' dir='ltr'><strong>quam</strong></span> <span class='ocrx_word' id='word_1_311' title='bbox 272 2372 376 2400; x_wconf 86' lang='lat' dir='ltr'><strong>oculus</strong></span> <span class='ocrx_word' id='word_1_312' title='bbox 392 2372 552 2399; x_wconf 87' lang='lat' dir='ltr'><strong>materialis</strong></span> <span class='ocrx_word' id='word_1_313' title='bbox 564 2371 664 2399; x_wconf 68' lang='lat' dir='ltr'><strong>videat</strong></span> <span class='ocrx_word' id='word_1_314' title='bbox 678 2371 830 2399; x_wconf 83' lang='lat' dir='ltr'><strong>materiale</strong></span> <span class='ocrx_word' id='word_1_315' title='bbox 844 2371 940 2405; x_wconf 87' lang='lat' dir='ltr'><strong>objec-</strong></span> 
     </span>
     <span class='ocr_line' id='line_1_47' title="bbox 166 2417 939 2454; baseline -0.004 -7"><span class='ocrx_word' id='word_1_316' title='bbox 166 2422 238 2447; x_wconf 88' lang='lat' dir='ltr'><strong>tum.</strong></span> <span class='ocrx_word' id='word_1_317' title='bbox 254 2419 281 2447; x_wconf 87' lang='lat' dir='ltr'><strong>Si</strong></span> <span class='ocrx_word' id='word_1_318' title='bbox 297 2427 367 2453; x_wconf 83' lang='lat' dir='ltr'><strong>ergo</strong></span> <span class='ocrx_word' id='word_1_319' title='bbox 384 2419 478 2452; x_wconf 86' lang='lat' dir='ltr'><strong>illum,</strong></span> <span class='ocrx_word' id='word_1_320' title='bbox 495 2419 523 2445; x_wconf 92' lang='lat' dir='ltr'><strong>in</strong></span> <span class='ocrx_word' id='word_1_321' title='bbox 538 2426 627 2454; x_wconf 89' lang='lat' dir='ltr'><strong>quem</strong></span> <span class='ocrx_word' id='word_1_322' title='bbox 642 2418 735 2445; x_wconf 88' lang='lat' dir='ltr'><strong>tendit</strong></span> <span class='ocrx_word' id='word_1_323' title='bbox 747 2417 806 2445; x_wconf 84' lang='lat' dir='ltr'><strong>istis</strong></span> <span class='ocrx_word' id='word_1_324' title='bbox 821 2425 939 2445; x_wconf 89' lang='lat' dir='ltr'><strong>consur-</strong></span> 
     </span>
     <span class='ocr_line' id='line_1_48' title="bbox 166 2464 940 2500; baseline -0.003 -8"><span class='ocrx_word' id='word_1_325' title='bbox 166 2465 346 2493; x_wconf 88' lang='lat' dir='ltr'><strong>rectionibns</strong></span> <span class='ocrx_word' id='word_1_326' title='bbox 360 2486 369 2498; x_wconf 88' lang='lat'><strong>,</strong></span> <span class='ocrx_word' id='word_1_327' title='bbox 395 2465 587 2492; x_wconf 83' lang='lat' dir='ltr'><strong>infallibiliter</strong></span> <span class='ocrx_word' id='word_1_328' title='bbox 613 2465 653 2492; x_wconf 85' lang='lat' dir='ltr'><strong>sic</strong></span> <span class='ocrx_word' id='word_1_329' title='bbox 684 2464 854 2500; x_wconf 84' lang='lat' dir='ltr'><strong>cognoscit,</strong></span> <span class='ocrx_word' id='word_1_330' title='bbox 878 2464 940 2499; x_wconf 86' lang='lat' dir='ltr'><strong>jam</strong></span> 
     </span>
     <span class='ocr_line' id='line_1_49' title="bbox 166 2510 941 2546; baseline -0.003 -7"><span class='ocrx_word' id='word_1_331' title='bbox 166 2511 389 2546; x_wconf 85' lang='lat' dir='ltr'><strong>quodaminodo</strong></span> <span class='ocrx_word' id='word_1_332' title='bbox 406 2519 489 2539; x_wconf 86' lang='lat' dir='ltr'><strong>mens</strong></span> <span class='ocrx_word' id='word_1_333' title='bbox 510 2511 694 2545; x_wconf 85' lang='lat' dir='ltr'><strong>certificatur,</strong></span> <span class='ocrx_word' id='word_1_334' title='bbox 720 2510 803 2546; x_wconf 88' lang='lat' dir='ltr'><strong>quod</strong></span> <span class='ocrx_word' id='word_1_335' title='bbox 826 2510 875 2538; x_wconf 91' lang='lat' dir='ltr'><strong>ille</strong></span> <span class='ocrx_word' id='word_1_336' title='bbox 899 2512 941 2537; x_wconf 87' lang='lat' dir='ltr'><strong>est</strong></span> 
     </span>
     <span class='ocr_line' id='line_1_50' title="bbox 166 2557 938 2594; baseline -0.001 -9"><span class='ocrx_word' id='word_1_337' title='bbox 166 2566 252 2585; x_wconf 87' lang='lat' dir='ltr'><strong>verus</strong></span> <span class='ocrx_word' id='word_1_338' title='bbox 271 2559 359 2593; x_wconf 87' lang='lat' dir='ltr'><strong>Deus,</strong></span> <span class='ocrx_word' id='word_1_339' title='bbox 385 2566 469 2585; x_wconf 90' lang='lat' dir='ltr'><strong>verus</strong></span> <span class='ocrx_word' id='word_1_340' title='bbox 489 2558 646 2591; x_wconf 86' lang='lat' dir='ltr'><strong>Dominus,</strong></span> <span class='ocrx_word' id='word_1_341' title='bbox 663 2566 751 2594; x_wconf 81' lang='lat' dir='ltr'><strong>quein</strong></span> <span class='ocrx_word' id='word_1_342' title='bbox 770 2557 829 2584; x_wconf 85' lang='lat' dir='ltr'><strong>fide</strong></span> <span class='ocrx_word' id='word_1_343' title='bbox 845 2557 914 2585; x_wconf 81' lang='lat' dir='ltr'><strong>colit</strong></span> <span class='ocrx_word' id='word_1_344' title='bbox 932 2566 938 2584; x_wconf 89' lang='lat'>:</span> 
     </span>
     <span class='ocr_line' id='line_1_51' title="bbox 166 2603 940 2641; baseline -0.003 -9"><span class='ocrx_word' id='word_1_345' title='bbox 166 2604 214 2632; x_wconf 87' lang='lat' dir='ltr'><strong>vel</strong></span> <span class='ocrx_word' id='word_1_346' title='bbox 230 2605 317 2632; x_wconf 90' lang='lat' dir='ltr'><strong>etiam</strong></span> <span class='ocrx_word' id='word_1_347' title='bbox 332 2613 400 2632; x_wconf 89' lang='lat' dir='ltr'><strong>cum</strong></span> <span class='ocrx_word' id='word_1_348' title='bbox 414 2605 586 2641; x_wconf 86' lang='lat' dir='ltr'><strong>incipientes</strong></span> <span class='ocrx_word' id='word_1_349' title='bbox 601 2607 628 2632; x_wconf 90' lang='lat' dir='ltr'><strong>et</strong></span> <span class='ocrx_word' id='word_1_350' title='bbox 647 2604 834 2641; x_wconf 86' lang='lat' dir='ltr'><strong>proficientes</strong></span> <span class='ocrx_word' id='word_1_351' title='bbox 849 2603 887 2631; x_wconf 90' lang='lat' dir='ltr'><strong>ad</strong></span> <span class='ocrx_word' id='word_1_352' title='bbox 901 2603 940 2630; x_wconf 89' lang='lat' dir='ltr'><strong>is-</strong></span> 
     </span>
    </p>
   </div>
   <div class='ocr_carea' id='block_1_3' title="bbox 168 2666 937 2734">
    <p class='ocr_par' dir='ltr' id='par_1_4' title="bbox 168 2666 937 2734">
     <span class='ocr_line' id='line_1_52' title="bbox 199 2666 937 2698; baseline 0.001 -8"><span class='ocrx_word' id='word_1_353' title='bbox 199 2666 282 2697; x_wconf 74' lang='lat' dir='ltr'><strong>¹J0l1.,</strong></span> <span class='ocrx_word' id='word_1_354' title='bbox 297 2669 424 2695; x_wconf 77' lang='lat' dir='ltr'><strong>xxix,18.</strong></span> <span class='ocrx_word' id='word_1_355' title='bbox 437 2681 466 2685; x_wconf 91' lang='lat'>—</span> <span class='ocrx_word' id='word_1_356' title='bbox 479 2668 487 2682; x_wconf 76' lang='lat'><em>²</em></span> <span class='ocrx_word' id='word_1_357' title='bbox 501 2667 570 2698; x_wconf 76' lang='lat' dir='ltr'><strong>Sap..</strong></span> <span class='ocrx_word' id='word_1_358' title='bbox 586 2674 632 2697; x_wconf 72' lang='lat' dir='ltr'><strong>Vll,</strong></span> <span class='ocrx_word' id='word_1_359' title='bbox 648 2668 671 2691; x_wconf 78' lang='lat'><strong>0.</strong></span> <span class='ocrx_word' id='word_1_360' title='bbox 683 2667 758 2691; x_wconf 66' lang='lat'><strong>-31</strong></span> <span class='ocrx_word' id='word_1_361' title='bbox 777 2668 882 2696; x_wconf 68' lang='lat' dir='ltr'><strong>Tz&#39;m.,1‚</strong></span> <span class='ocrx_word' id='word_1_362' title='bbox 901 2669 937 2691; x_wconf 64' lang='grc'><strong>12.</strong></span> 
     </span>
     <span class='ocr_line' id='line_1_53' title="bbox 168 2703 937 2734; baseline -0.001 -8"><span class='ocrx_word' id='word_1_363' title='bbox 168 2715 196 2721; x_wconf 91' lang='grc'>-</span> <span class='ocrx_word' id='word_1_364' title='bbox 212 2703 219 2716; x_wconf 72' lang='lat'>⁴</span> <span class='ocrx_word' id='word_1_365' title='bbox 237 2703 312 2732; x_wconf 73' lang='lat' dir='ltr'><strong>Rom..</strong></span> <span class='ocrx_word' id='word_1_366' title='bbox 329 2708 387 2734; x_wconf 69' lang='lat' dir='ltr'><strong>vui,</strong></span> <span class='ocrx_word' id='word_1_367' title='bbox 403 2705 441 2727; x_wconf 63' lang='grc'><strong>33.</strong></span> <span class='ocrx_word' id='word_1_368' title='bbox 455 2716 484 2720; x_wconf 96' lang='grc'><strong>-</strong></span> <span class='ocrx_word' id='word_1_369' title='bbox 500 2704 509 2719; x_wconf 62' lang='grc' dir='ltr'><strong>δ’</strong></span> <span class='ocrx_word' id='word_1_370' title='bbox 525 2704 658 2734; x_wconf 73' lang='lat' dir='ltr'><strong>Deut.,1V‚</strong></span> <span class='ocrx_word' id='word_1_371' title='bbox 673 2705 717 2733; x_wconf 61' lang='lat'><strong>:255</strong></span> <span class='ocrx_word' id='word_1_372' title='bbox 735 2703 820 2732; x_wconf 63' lang='lat' dir='ltr'><strong>Helm,</strong></span> <span class='ocrx_word' id='word_1_373' title='bbox 836 2709 882 2733; x_wconf 71' lang='lat' dir='ltr'><strong>Mi,</strong></span> <span class='ocrx_word' id='word_1_374' title='bbox 899 2704 937 2726; x_wconf 74' lang='lat'><strong>20.</strong></span> 
     </span>
    </p>
   </div>
   <div class='ocr_carea' id='block_1_4' title="bbox 988 319 1773 2638">
    <p class='ocr_par' dir='ltr' id='par_1_5' title="bbox 988 319 1772 1334">
     <span class='ocr_line' id='line_1_54' title="bbox 989 319 1767 358; baseline 0.004 -11"><span class='ocrx_word' id='word_1_375' title='bbox 989 321 1051 348; x_wconf 87' lang='lat' dir='ltr'><strong>tam</strong></span> <span class='ocrx_word' id='word_1_376' title='bbox 1063 319 1241 356; x_wconf 82' lang='lat' dir='ltr'><strong>sapientiam</strong></span> <span class='ocrx_word' id='word_1_377' title='bbox 1253 320 1386 349; x_wconf 86' lang='lat' dir='ltr'><strong>habeant</strong></span> <span class='ocrx_word' id='word_1_378' title='bbox 1402 328 1457 358; x_wconf 88' lang='lat' dir='ltr'><strong>per</strong></span> <span class='ocrx_word' id='word_1_379' title='bbox 1470 320 1618 350; x_wconf 82' lang='lat' dir='ltr'><strong>beneficia</strong></span> <span class='ocrx_word' id='word_1_380' title='bbox 1631 320 1767 350; x_wconf 83' lang='lat' dir='ltr'><strong>incarna-</strong></span> 
     </span>
     <span class='ocr_line' id='line_1_55' title="bbox 988 365 1768 404; baseline 0.004 -11"><span class='ocrx_word' id='word_1_381' title='bbox 988 365 1077 394; x_wconf 84' lang='lat' dir='ltr'><strong>tionis</strong></span> <span class='ocrx_word' id='word_1_382' title='bbox 1091 367 1119 394; x_wconf 85' lang='lat' dir='ltr'><strong>et</strong></span> <span class='ocrx_word' id='word_1_383' title='bbox 1133 366 1280 403; x_wconf 86' lang='lat' dir='ltr'><strong>passionis</strong></span> <span class='ocrx_word' id='word_1_384' title='bbox 1291 367 1469 404; x_wconf 84' lang='lat' dir='ltr'><strong>pertingere,</strong></span> <span class='ocrx_word' id='word_1_385' title='bbox 1485 369 1514 396; x_wconf 89' lang='lat' dir='ltr'><strong>et</strong></span> <span class='ocrx_word' id='word_1_386' title='bbox 1529 375 1584 404; x_wconf 88' lang='lat' dir='ltr'><strong>per</strong></span> <span class='ocrx_word' id='word_1_387' title='bbox 1596 367 1686 404; x_wconf 71' lang='lat' dir='ltr'><strong>huius</strong></span> <span class='ocrx_word' id='word_1_388' title='bbox 1699 376 1768 396; x_wconf 88' lang='lat' dir='ltr'><strong>con-</strong></span> 
     </span>
     <span class='ocr_line' id='line_1_56' title="bbox 990 411 1768 450; baseline 0.003 -10"><span class='ocrx_word' id='word_1_389' title='bbox 990 411 1202 441; x_wconf 84' lang='lat' dir='ltr'><strong>siderationem</strong></span> <span class='ocrx_word' id='word_1_390' title='bbox 1221 413 1253 441; x_wconf 92' lang='lat' dir='ltr'><strong>in</strong></span> <span class='ocrx_word' id='word_1_391' title='bbox 1267 414 1333 450; x_wconf 87' lang='lat' dir='ltr'><strong>ipsa</strong></span> <span class='ocrx_word' id='word_1_392' title='bbox 1354 413 1507 442; x_wconf 86' lang='lat' dir='ltr'><strong>divinitate</strong></span> <span class='ocrx_word' id='word_1_393' title='bbox 1530 414 1653 442; x_wconf 84' lang='lat' dir='ltr'><strong>affectus</strong></span> <span class='ocrx_word' id='word_1_394' title='bbox 1672 415 1768 450; x_wconf 83' lang='lat' dir='ltr'><strong>magis</strong></span> 
     </span>
     <span class='ocr_line' id='line_1_57' title="bbox 990 459 1767 498; baseline 0.003 -12"><span class='ocrx_word' id='word_1_395' title='bbox 990 466 1025 487; x_wconf 86' lang='lat' dir='ltr'><strong>ac</strong></span> <span class='ocrx_word' id='word_1_396' title='bbox 1044 459 1142 495; x_wconf 85' lang='lat' dir='ltr'><strong>magis</strong></span> <span class='ocrx_word' id='word_1_397' title='bbox 1166 459 1385 496; x_wconf 56' lang='lat' dir='ltr'><strong>inflammatum</strong></span> <span class='ocrx_word' id='word_1_398' title='bbox 1405 462 1538 498; x_wconf 85' lang='lat' dir='ltr'><strong>oportet,</strong></span> <span class='ocrx_word' id='word_1_399' title='bbox 1559 461 1642 497; x_wconf 91' lang='lat' dir='ltr'><strong>quod</strong></span> <span class='ocrx_word' id='word_1_400' title='bbox 1665 468 1767 496; x_wconf 88' lang='lat' dir='ltr'><strong>mens,</strong></span> 
     </span>
     <span class='ocr_line' id='line_1_58' title="bbox 989 506 1764 544; baseline 0.003 -10"><span class='ocrx_word' id='word_1_401' title='bbox 989 514 1059 534; x_wconf 85' lang='lat' dir='ltr'><strong>cum</strong></span> <span class='ocrx_word' id='word_1_402' title='bbox 1068 506 1132 541; x_wconf 84' lang='lat' dir='ltr'><strong>jam</strong></span> <span class='ocrx_word' id='word_1_403' title='bbox 1146 506 1230 534; x_wconf 89' lang='lat' dir='ltr'><strong>estin</strong></span> <span class='ocrx_word' id='word_1_404' title='bbox 1243 507 1307 544; x_wconf 89' lang='lat' dir='ltr'><strong>ipsa</strong></span> <span class='ocrx_word' id='word_1_405' title='bbox 1317 507 1463 544; x_wconf 88' lang='lat' dir='ltr'><strong>sapientia</strong></span> <span class='ocrx_word' id='word_1_406' title='bbox 1472 508 1625 536; x_wconf 86' lang='lat' dir='ltr'><strong>actualiter</strong></span> <span class='ocrx_word' id='word_1_407' title='bbox 1637 508 1764 542; x_wconf 84' lang='lat' dir='ltr'><strong>elevata,</strong></span> 
     </span>
     <span class='ocr_line' id='line_1_59' title="bbox 990 552 1768 591; baseline 0.003 -11"><span class='ocrx_word' id='word_1_408' title='bbox 990 552 1074 589; x_wconf 88' lang='lat' dir='ltr'><strong>quod</strong></span> <span class='ocrx_word' id='word_1_409' title='bbox 1088 555 1168 581; x_wconf 87' lang='lat' dir='ltr'><strong>recto</strong></span> <span class='ocrx_word' id='word_1_410' title='bbox 1183 553 1288 582; x_wconf 89' lang='lat' dir='ltr'><strong>ordine</strong></span> <span class='ocrx_word' id='word_1_411' title='bbox 1302 554 1342 582; x_wconf 86' lang='lat' dir='ltr'><strong>ad</strong></span> <span class='ocrx_word' id='word_1_412' title='bbox 1356 554 1432 582; x_wconf 88' lang='lat' dir='ltr'><strong>illud</strong></span> <span class='ocrx_word' id='word_1_413' title='bbox 1446 555 1612 591; x_wconf 86' lang='lat' dir='ltr'><strong>pertingat,</strong></span> <span class='ocrx_word' id='word_1_414' title='bbox 1630 556 1658 582; x_wconf 89' lang='lat' dir='ltr'><strong>et</strong></span> <span class='ocrx_word' id='word_1_415' title='bbox 1676 554 1718 582; x_wconf 90' lang='lat' dir='ltr'><strong>sic</strong></span> <span class='ocrx_word' id='word_1_416' title='bbox 1731 562 1768 582; x_wconf 88' lang='lat' dir='ltr'><strong>ex</strong></span> 
     </span>
     <span class='ocr_line' id='line_1_60' title="bbox 990 599 1769 636; baseline 0.003 -10"><span class='ocrx_word' id='word_1_417' title='bbox 990 599 1182 636; x_wconf 85' lang='lat' dir='ltr'><strong>consequenti</strong></span> <span class='ocrx_word' id='word_1_418' title='bbox 1201 601 1420 629; x_wconf 86' lang='lat' dir='ltr'><strong>connexionem</strong></span> <span class='ocrx_word' id='word_1_419' title='bbox 1441 601 1602 629; x_wconf 81' lang='lat' dir='ltr'><strong>divinitatis</strong></span> <span class='ocrx_word' id='word_1_420' title='bbox 1615 602 1644 629; x_wconf 91' lang='lat' dir='ltr'><strong>et</strong></span> <span class='ocrx_word' id='word_1_421' title='bbox 1663 601 1769 629; x_wconf 85' lang='lat' dir='ltr'><strong>huma·</strong></span> 
     </span>
     <span class='ocr_line' id='line_1_61' title="bbox 990 646 1769 684; baseline 0.003 -11"><span class='ocrx_word' id='word_1_422' title='bbox 990 646 1087 674; x_wconf 88' lang='lat' dir='ltr'><strong>nitatis</strong></span> <span class='ocrx_word' id='word_1_423' title='bbox 1111 649 1279 682; x_wconf 85' lang='lat' dir='ltr'><strong>cognoscat.</strong></span> <span class='ocrx_word' id='word_1_424' title='bbox 1300 647 1358 675; x_wconf 90' lang='lat' dir='ltr'><strong>Sed</strong></span> <span class='ocrx_word' id='word_1_425' title='bbox 1377 649 1488 676; x_wconf 91' lang='lat' dir='ltr'><strong>etcum</strong></span> <span class='ocrx_word' id='word_1_426' title='bbox 1504 655 1589 676; x_wconf 89' lang='lat' dir='ltr'><strong>mens</strong></span> <span class='ocrx_word' id='word_1_427' title='bbox 1611 655 1665 684; x_wconf 87' lang='lat' dir='ltr'><strong>per</strong></span> <span class='ocrx_word' id='word_1_428' title='bbox 1682 647 1769 675; x_wconf 87' lang='lat' dir='ltr'><strong>istam</strong></span> 
     </span>
     <span class='ocr_line' id='line_1_62' title="bbox 989 693 1769 730; baseline 0.003 -10"><span class='ocrx_word' id='word_1_429' title='bbox 989 693 1165 729; x_wconf 85' lang='lat' dir='ltr'><strong>sapientiam</strong></span> <span class='ocrx_word' id='word_1_430' title='bbox 1180 693 1217 721; x_wconf 89' lang='lat' dir='ltr'><strong>de</strong></span> <span class='ocrx_word' id='word_1_431' title='bbox 1232 693 1350 728; x_wconf 86' lang='lat' dir='ltr'><strong>multis,</strong></span> <span class='ocrx_word' id='word_1_432' title='bbox 1365 702 1431 730; x_wconf 71' lang='lat' dir='ltr'><strong>qum</strong></span> <span class='ocrx_word' id='word_1_433' title='bbox 1445 694 1485 722; x_wconf 86' lang='lat' dir='ltr'><strong>ad</strong></span> <span class='ocrx_word' id='word_1_434' title='bbox 1505 694 1598 722; x_wconf 87' lang='lat' dir='ltr'><strong>fidem</strong></span> <span class='ocrx_word' id='word_1_435' title='bbox 1610 694 1769 730; x_wconf 85' lang='lat' dir='ltr'><strong>pertinent,</strong></span> 
     </span>
     <span class='ocr_line' id='line_1_63' title="bbox 990 739 1770 777; baseline 0.001 -10"><span class='ocrx_word' id='word_1_436' title='bbox 990 740 1058 767; x_wconf 89' lang='lat' dir='ltr'><strong>licet</strong></span> <span class='ocrx_word' id='word_1_437' title='bbox 1071 739 1169 768; x_wconf 90' lang='lat' dir='ltr'><strong>adhuc</strong></span> <span class='ocrx_word' id='word_1_438' title='bbox 1181 741 1299 776; x_wconf 89' lang='lat' dir='ltr'><strong>misera,</strong></span> <span class='ocrx_word' id='word_1_439' title='bbox 1313 740 1486 769; x_wconf 84' lang='lat' dir='ltr'><strong>certificetur</strong></span> <span class='ocrx_word' id='word_1_440' title='bbox 1496 740 1536 768; x_wconf 92' lang='lat' dir='ltr'><strong>ad</strong></span> <span class='ocrx_word' id='word_1_441' title='bbox 1549 741 1684 777; x_wconf 88' lang='lat' dir='ltr'><strong>plenum,</strong></span> <span class='ocrx_word' id='word_1_442' title='bbox 1697 740 1770 769; x_wconf 86' lang='lat' dir='ltr'><strong>sciat</strong></span> 
     </span>
     <span class='ocr_line' id='line_1_64' title="bbox 991 786 1769 824; baseline 0.001 -10"><span class='ocrx_word' id='word_1_443' title='bbox 991 786 1133 822; x_wconf 87' lang='lat' dir='ltr'><strong>quaelibet</strong></span> <span class='ocrx_word' id='word_1_444' title='bbox 1146 787 1242 815; x_wconf 85' lang='lat' dir='ltr'><strong>fidelis</strong></span> <span class='ocrx_word' id='word_1_445' title='bbox 1257 787 1376 822; x_wconf 89' lang='lat' dir='ltr'><strong>anima,</strong></span> <span class='ocrx_word' id='word_1_446' title='bbox 1392 787 1476 824; x_wconf 86' lang='lat' dir='ltr'><strong>quod</strong></span> <span class='ocrx_word' id='word_1_447' title='bbox 1495 795 1532 816; x_wconf 84' lang='lat' dir='ltr'><strong>ex</strong></span> <span class='ocrx_word' id='word_1_448' title='bbox 1546 795 1607 824; x_wconf 88' lang='lat' dir='ltr'><strong>qno</strong></span> <span class='ocrx_word' id='word_1_449' title='bbox 1624 795 1708 815; x_wconf 86' lang='lat' dir='ltr'><strong>mens</strong></span> <span class='ocrx_word' id='word_1_450' title='bbox 1729 787 1769 816; x_wconf 88' lang='lat' dir='ltr'><strong>ad</strong></span> 
     </span>
     <span class='ocr_line' id='line_1_65' title="bbox 990 833 1770 870; baseline 0.001 -9"><span class='ocrx_word' id='word_1_451' title='bbox 990 833 1076 861; x_wconf 88' lang='lat' dir='ltr'><strong>istam</strong></span> <span class='ocrx_word' id='word_1_452' title='bbox 1091 833 1265 870; x_wconf 88' lang='lat' dir='ltr'><strong>sapientiam</strong></span> <span class='ocrx_word' id='word_1_453' title='bbox 1279 834 1434 870; x_wconf 85' lang='lat' dir='ltr'><strong>pertingit,</strong></span> <span class='ocrx_word' id='word_1_454' title='bbox 1448 834 1472 861; x_wconf 90' lang='lat' dir='ltr'><strong>si</strong></span> <span class='ocrx_word' id='word_1_455' title='bbox 1487 833 1591 862; x_wconf 85' lang='lat' dir='ltr'><strong>omnes</strong></span> <span class='ocrx_word' id='word_1_456' title='bbox 1605 834 1709 862; x_wconf 88' lang='lat' dir='ltr'><strong>mundi</strong></span> <span class='ocrx_word' id='word_1_457' title='bbox 1725 842 1770 862; x_wconf 82' lang='lat' dir='ltr'><strong>sa-</strong></span> 
     </span>
     <span class='ocr_line' id='line_1_66' title="bbox 991 880 1770 916; baseline 0.001 -9"><span class='ocrx_word' id='word_1_458' title='bbox 991 880 1123 916; x_wconf 87' lang='lat' dir='ltr'><strong>pientes,</strong></span> <span class='ocrx_word' id='word_1_459' title='bbox 1149 888 1253 908; x_wconf 89' lang='lat' dir='ltr'><strong>omnes</strong></span> <span class='ocrx_word' id='word_1_460' title='bbox 1275 880 1448 916; x_wconf 88' lang='lat' dir='ltr'><strong>philosophi</strong></span> <span class='ocrx_word' id='word_1_461' title='bbox 1468 881 1716 916; x_wconf 83' lang='lat' dir='ltr'><strong>protestarentur,</strong></span> <span class='ocrx_word' id='word_1_462' title='bbox 1742 882 1770 908; x_wconf 89' lang='lat' dir='ltr'><strong>et</strong></span> 
     </span>
     <span class='ocr_line' id='line_1_67' title="bbox 991 925 1770 960; baseline 0 -6"><span class='ocrx_word' id='word_1_463' title='bbox 991 926 1210 960; x_wconf 86' lang='lat' dir='ltr'><strong>confiterentur,</strong></span> <span class='ocrx_word' id='word_1_464' title='bbox 1236 929 1264 954; x_wconf 90' lang='lat' dir='ltr'><strong>et</strong></span> <span class='ocrx_word' id='word_1_465' title='bbox 1285 926 1416 954; x_wconf 88' lang='lat' dir='ltr'><strong>dicerent</strong></span> <span class='ocrx_word' id='word_1_466' title='bbox 1434 937 1441 954; x_wconf 90' lang='lat'>:</span> <span class='ocrx_word' id='word_1_467' title='bbox 1461 928 1520 954; x_wconf 86' lang='lat' dir='ltr'><strong>Tua</strong></span> <span class='ocrx_word' id='word_1_468' title='bbox 1542 925 1618 954; x_wconf 87' lang='lat' dir='ltr'><strong>fides</strong></span> <span class='ocrx_word' id='word_1_469' title='bbox 1639 934 1702 954; x_wconf 91' lang='lat' dir='ltr'><strong>non</strong></span> <span class='ocrx_word' id='word_1_470' title='bbox 1727 928 1770 954; x_wconf 89' lang='lat' dir='ltr'><strong>est</strong></span> 
     </span>
     <span class='ocr_line' id='line_1_68' title="bbox 991 972 1770 1009; baseline 0.001 -9"><span class='ocrx_word' id='word_1_471' title='bbox 991 981 1063 1001; x_wconf 87' lang='lat' dir='ltr'><strong>vera</strong></span> <span class='ocrx_word' id='word_1_472' title='bbox 1081 973 1173 1007; x_wconf 87' lang='lat' dir='ltr'><strong>fides,</strong></span> <span class='ocrx_word' id='word_1_473' title='bbox 1189 973 1262 1009; x_wconf 88' lang='lat' dir='ltr'><strong>quin</strong></span> <span class='ocrx_word' id='word_1_474' title='bbox 1276 973 1337 1000; x_wconf 90' lang='lat' dir='ltr'><strong>imo</strong></span> <span class='ocrx_word' id='word_1_475' title='bbox 1362 972 1525 1008; x_wconf 86' lang='lat' dir='ltr'><strong>deciperis;</strong></span> <span class='ocrx_word' id='word_1_476' title='bbox 1542 973 1608 1009; x_wconf 90' lang='lat' dir='ltr'><strong>ipsa</strong></span> <span class='ocrx_word' id='word_1_477' title='bbox 1622 973 1770 1001; x_wconf 83' lang='lat' dir='ltr'><strong>contrario</strong></span> 
     </span>
     <span class='ocr_line' id='line_1_69' title="bbox 991 1019 1771 1056; baseline 0.001 -9"><span class='ocrx_word' id='word_1_478' title='bbox 991 1019 1184 1056; x_wconf 87' lang='lat' dir='ltr'><strong>responderet</strong></span> <span class='ocrx_word' id='word_1_479' title='bbox 1200 1029 1205 1046; x_wconf 92' lang='lat'>:</span> <span class='ocrx_word' id='word_1_480' title='bbox 1223 1021 1278 1047; x_wconf 78' lang='lat' dir='ltr'><strong>Vos</strong></span> <span class='ocrx_word' id='word_1_481' title='bbox 1294 1027 1397 1047; x_wconf 88' lang='lat' dir='ltr'><strong>omnes</strong></span> <span class='ocrx_word' id='word_1_482' title='bbox 1411 1019 1559 1054; x_wconf 80' lang='lat' dir='ltr'><strong>fallimini,</strong></span> <span class='ocrx_word' id='word_1_483' title='bbox 1576 1022 1603 1047; x_wconf 90' lang='lat' dir='ltr'><strong>et</strong></span> <span class='ocrx_word' id='word_1_484' title='bbox 1617 1027 1673 1055; x_wconf 85' lang='lat' dir='ltr'><strong>ego</strong></span> <span class='ocrx_word' id='word_1_485' title='bbox 1689 1020 1771 1048; x_wconf 88' lang='lat' dir='ltr'><strong>solus</strong></span> 
     </span>
     <span class='ocr_line' id='line_1_70' title="bbox 992 1065 1771 1102; baseline -0.001 -8"><span class='ocrx_word' id='word_1_486' title='bbox 992 1074 1093 1094; x_wconf 89' lang='lat' dir='ltr'><strong>veram</strong></span> <span class='ocrx_word' id='word_1_487' title='bbox 1114 1066 1206 1094; x_wconf 87' lang='lat' dir='ltr'><strong>fidem</strong></span> <span class='ocrx_word' id='word_1_488' title='bbox 1224 1067 1310 1094; x_wconf 87' lang='lat' dir='ltr'><strong>teneo</strong></span> <span class='ocrx_word' id='word_1_489' title='bbox 1335 1065 1429 1094; x_wconf 88' lang='lat' dir='ltr'><strong>multo</strong></span> <span class='ocrx_word' id='word_1_490' title='bbox 1451 1065 1583 1100; x_wconf 81' lang='lat' dir='ltr'><strong>felicius,</strong></span> <span class='ocrx_word' id='word_1_491' title='bbox 1604 1074 1696 1102; x_wconf 90' lang='lat' dir='ltr'><strong>quam</strong></span> <span class='ocrx_word' id='word_1_492' title='bbox 1717 1074 1771 1102; x_wconf 88' lang='lat' dir='ltr'><strong>per</strong></span> 
     </span>
     <span class='ocr_line' id='line_1_71' title="bbox 992 1112 1769 1149; baseline 0 -9"><span class='ocrx_word' id='word_1_493' title='bbox 992 1113 1121 1141; x_wconf 89' lang='lat' dir='ltr'><strong>rationes</strong></span> <span class='ocrx_word' id='word_1_494' title='bbox 1135 1114 1163 1140; x_wconf 85' lang='lat' dir='ltr'><strong>et</strong></span> <span class='ocrx_word' id='word_1_495' title='bbox 1177 1113 1432 1148; x_wconf 80' lang='lat' dir='ltr'><strong>investigationes,</strong></span> <span class='ocrx_word' id='word_1_496' title='bbox 1452 1120 1507 1149; x_wconf 88' lang='lat' dir='ltr'><strong>per</strong></span> <span class='ocrx_word' id='word_1_497' title='bbox 1528 1112 1638 1140; x_wconf 89' lang='lat' dir='ltr'><strong>amoris</strong></span> <span class='ocrx_word' id='word_1_498' title='bbox 1659 1112 1769 1141; x_wconf 91' lang='lat' dir='ltr'><strong>unitio-</strong></span> 
     </span>
     <span class='ocr_line' id='line_1_72' title="bbox 992 1159 1768 1193; baseline 0 -6"><span class='ocrx_word' id='word_1_499' title='bbox 992 1167 1072 1193; x_wconf 88' lang='lat' dir='ltr'><strong>nem,</strong></span> <span class='ocrx_word' id='word_1_500' title='bbox 1080 1159 1193 1188; x_wconf 91' lang='lat' dir='ltr'><strong>habens</strong></span> <span class='ocrx_word' id='word_1_501' title='bbox 1208 1159 1238 1187; x_wconf 93' lang='lat' dir='ltr'><strong>in</strong></span> <span class='ocrx_word' id='word_1_502' title='bbox 1254 1159 1344 1187; x_wconf 87' lang='lat' dir='ltr'><strong>corde</strong></span> <span class='ocrx_word' id='word_1_503' title='bbox 1360 1159 1514 1187; x_wconf 81' lang='lat' dir='ltr'><strong>infallibile</strong></span> <span class='ocrx_word' id='word_1_504' title='bbox 1528 1159 1749 1187; x_wconf 86' lang='lat' dir='ltr'><strong>firmamentum</strong></span> <span class='ocrx_word' id='word_1_505' title='bbox 1762 1168 1768 1187; x_wconf 94' lang='lat'><strong>:</strong></span> 
     </span>
     <span class='ocr_line' id='line_1_73' title="bbox 993 1205 1771 1242; baseline -0.003 -8"><span class='ocrx_word' id='word_1_506' title='bbox 993 1208 1024 1234; x_wconf 91' lang='lat' dir='ltr'><strong>ut</strong></span> <span class='ocrx_word' id='word_1_507' title='bbox 1039 1206 1117 1234; x_wconf 82' lang='lat' dir='ltr'><strong>dicat</strong></span> <span class='ocrx_word' id='word_1_508' title='bbox 1131 1214 1198 1234; x_wconf 88' lang='lat' dir='ltr'><strong>cum</strong></span> <span class='ocrx_word' id='word_1_509' title='bbox 1212 1206 1353 1242; x_wconf 79' lang='lat' dir='ltr'><strong>Apostolo</strong></span> <span class='ocrx_word' id='word_1_510' title='bbox 1365 1207 1386 1233; x_wconf 82' lang='lat'><strong>³:</strong></span> <span class='ocrx_word' id='word_1_511' title='bbox 1403 1206 1463 1234; x_wconf 80' lang='lat' dir='ltr'><strong>Scio</strong></span> <span class='ocrx_word' id='word_1_512' title='bbox 1475 1207 1518 1233; x_wconf 70' lang='lat' dir='ltr'><strong>eui</strong></span> <span class='ocrx_word' id='word_1_513' title='bbox 1532 1205 1639 1233; x_wconf 76' lang='lat' dir='ltr'><strong>credidi</strong></span> <span class='ocrx_word' id='word_1_514' title='bbox 1651 1227 1659 1240; x_wconf 96' lang='lat'><strong>,</strong></span> <span class='ocrx_word' id='word_1_515' title='bbox 1675 1208 1701 1233; x_wconf 81' lang='lat' dir='ltr'><strong>et</strong></span> <span class='ocrx_word' id='word_1_516' title='bbox 1716 1214 1771 1233; x_wconf 82' lang='lat' dir='ltr'><strong>cer-</strong></span> 
     </span>
     <span class='ocr_line' id='line_1_74' title="bbox 993 1251 1772 1288; baseline 0.001 -9"><span class='ocrx_word' id='word_1_517' title='bbox 993 1255 1036 1280; x_wconf 83' lang='lat' dir='ltr'><strong>tus</strong></span> <span class='ocrx_word' id='word_1_518' title='bbox 1050 1260 1107 1280; x_wconf 86' lang='lat' dir='ltr'><strong>sum</strong></span> <span class='ocrx_word' id='word_1_519' title='bbox 1118 1273 1127 1286; x_wconf 94' lang='lat'><strong>,</strong></span> <span class='ocrx_word' id='word_1_520' title='bbox 1148 1254 1200 1281; x_wconf 88' lang='lat' dir='ltr'><strong>etc.</strong></span> <span class='ocrx_word' id='word_1_521' title='bbox 1218 1252 1263 1280; x_wconf 86' lang='lat' dir='ltr'><strong>Sic</strong></span> <span class='ocrx_word' id='word_1_522' title='bbox 1283 1252 1459 1280; x_wconf 85' lang='lat' dir='ltr'><strong>certificatur</strong></span> <span class='ocrx_word' id='word_1_523' title='bbox 1473 1251 1548 1280; x_wconf 89' lang='lat' dir='ltr'><strong>fides</strong></span> <span class='ocrx_word' id='word_1_524' title='bbox 1567 1260 1621 1288; x_wconf 87' lang='lat' dir='ltr'><strong>per</strong></span> <span class='ocrx_word' id='word_1_525' title='bbox 1635 1252 1712 1280; x_wconf 89' lang='lat' dir='ltr'><strong>hanc</strong></span> <span class='ocrx_word' id='word_1_526' title='bbox 1726 1260 1772 1280; x_wconf 84' lang='lat' dir='ltr'><strong>sa-</strong></span> 
     </span>
     <span class='ocr_line' id='line_1_75' title="bbox 993 1299 1146 1334; baseline 0.026 -11"><span class='ocrx_word' id='word_1_527' title='bbox 993 1299 1146 1334; x_wconf 80' lang='lat' dir='ltr'><strong>pientiam.</strong></span> 
     </span>
    </p>

    <p class='ocr_par' dir='ltr' id='par_1_6' title="bbox 992 1345 1772 2264">
     <span class='ocr_line' id='line_1_76' title="bbox 1028 1345 1772 1382; baseline -0.001 -8"><span class='ocrx_word' id='word_1_528' title='bbox 1028 1345 1085 1373; x_wconf 88' lang='lat' dir='ltr'><strong>Sed</strong></span> <span class='ocrx_word' id='word_1_529' title='bbox 1100 1348 1127 1374; x_wconf 87' lang='lat' dir='ltr'><strong>et</strong></span> <span class='ocrx_word' id='word_1_530' title='bbox 1150 1346 1361 1374; x_wconf 87' lang='lat' dir='ltr'><strong>corroboratur</strong></span> <span class='ocrx_word' id='word_1_531' title='bbox 1381 1353 1448 1382; x_wconf 85' lang='lat' dir='ltr'><strong>spes</strong></span> <span class='ocrx_word' id='word_1_532' title='bbox 1460 1367 1468 1380; x_wconf 88' lang='lat'><strong>,</strong></span> <span class='ocrx_word' id='word_1_533' title='bbox 1485 1346 1556 1382; x_wconf 90' lang='lat' dir='ltr'><strong>quia</strong></span> <span class='ocrx_word' id='word_1_534' title='bbox 1571 1354 1639 1374; x_wconf 89' lang='lat' dir='ltr'><strong>cum</strong></span> <span class='ocrx_word' id='word_1_535' title='bbox 1654 1353 1721 1382; x_wconf 87' lang='lat' dir='ltr'><strong>spes</strong></span> <span class='ocrx_word' id='word_1_536' title='bbox 1735 1346 1772 1373; x_wconf 84' lang='lat' dir='ltr'><strong>sit</strong></span> 
     </span>
     <span class='ocr_line' id='line_1_77' title="bbox 993 1392 1771 1428; baseline 0 -8"><span class='ocrx_word' id='word_1_537' title='bbox 993 1394 1071 1420; x_wconf 88' lang='lat' dir='ltr'><strong>certa</strong></span> <span class='ocrx_word' id='word_1_538' title='bbox 1087 1393 1248 1428; x_wconf 83' lang='lat' dir='ltr'><strong>expectatio</strong></span> <span class='ocrx_word' id='word_1_539' title='bbox 1263 1393 1368 1420; x_wconf 72' lang='lat' dir='ltr'><strong>futuras</strong></span> <span class='ocrx_word' id='word_1_540' title='bbox 1389 1392 1597 1427; x_wconf 87' lang='lat' dir='ltr'><strong>beatitudinis,</strong></span> <span class='ocrx_word' id='word_1_541' title='bbox 1613 1393 1643 1420; x_wconf 91' lang='lat' dir='ltr'><strong>in</strong></span> <span class='ocrx_word' id='word_1_542' title='bbox 1657 1394 1771 1427; x_wconf 72' lang='lat' dir='ltr'><strong>tantum</strong></span> 
     </span>
     <span class='ocr_line' id='line_1_78' title="bbox 992 1438 1771 1475; baseline -0.001 -8"><span class='ocrx_word' id='word_1_543' title='bbox 992 1446 1045 1475; x_wconf 85' lang='lat' dir='ltr'><strong>per</strong></span> <span class='ocrx_word' id='word_1_544' title='bbox 1055 1439 1140 1466; x_wconf 85' lang='lat' dir='ltr'><strong>istam</strong></span> <span class='ocrx_word' id='word_1_545' title='bbox 1151 1439 1326 1474; x_wconf 86' lang='lat' dir='ltr'><strong>sapientiam</strong></span> <span class='ocrx_word' id='word_1_546' title='bbox 1338 1439 1559 1474; x_wconf 89' lang='lat' dir='ltr'><strong>corroboratur,</strong></span> <span class='ocrx_word' id='word_1_547' title='bbox 1565 1441 1603 1466; x_wconf 71' lang='lat' dir='ltr'><strong>nt</strong></span> <span class='ocrx_word' id='word_1_548' title='bbox 1610 1439 1673 1474; x_wconf 85' lang='lat' dir='ltr'><strong>jam</strong></span> <span class='ocrx_word' id='word_1_549' title='bbox 1684 1438 1771 1475; x_wconf 88' lang='lat' dir='ltr'><strong>quasi</strong></span> 
     </span>
     <span class='ocr_line' id='line_1_79' title="bbox 994 1485 1772 1521; baseline 0 -8"><span class='ocrx_word' id='word_1_550' title='bbox 994 1485 1031 1513; x_wconf 91' lang='lat' dir='ltr'><strong>de</strong></span> <span class='ocrx_word' id='word_1_551' title='bbox 1051 1485 1214 1513; x_wconf 89' lang='lat' dir='ltr'><strong>obtinenda</strong></span> <span class='ocrx_word' id='word_1_552' title='bbox 1234 1485 1333 1513; x_wconf 86' lang='lat' dir='ltr'><strong>futura</strong></span> <span class='ocrx_word' id='word_1_553' title='bbox 1356 1485 1452 1521; x_wconf 82' lang='lat' dir='ltr'><strong>gloria</strong></span> <span class='ocrx_word' id='word_1_554' title='bbox 1472 1493 1534 1513; x_wconf 93' lang='lat' dir='ltr'><strong>non</strong></span> <span class='ocrx_word' id='word_1_555' title='bbox 1555 1485 1655 1513; x_wconf 89' lang='lat' dir='ltr'><strong>timeat</strong></span> <span class='ocrx_word' id='word_1_556' title='bbox 1673 1495 1679 1513; x_wconf 72' lang='grc' dir='ltr'>ε</span> <span class='ocrx_word' id='word_1_557' title='bbox 1702 1485 1772 1521; x_wconf 87' lang='lat' dir='ltr'><strong>quia</strong></span> 
     </span>
     <span class='ocr_line' id='line_1_80' title="bbox 993 1531 1771 1568; baseline 0 -9"><span class='ocrx_word' id='word_1_558' title='bbox 993 1532 1034 1559; x_wconf 86' lang='lat' dir='ltr'><strong>sic</strong></span> <span class='ocrx_word' id='word_1_559' title='bbox 1046 1531 1195 1566; x_wconf 84' lang='lat' dir='ltr'><strong>videmus,</strong></span> <span class='ocrx_word' id='word_1_560' title='bbox 1208 1532 1291 1568; x_wconf 87' lang='lat' dir='ltr'><strong>quod</strong></span> <span class='ocrx_word' id='word_1_561' title='bbox 1304 1533 1415 1568; x_wconf 87' lang='lat' dir='ltr'><strong>quanto</strong></span> <span class='ocrx_word' id='word_1_562' title='bbox 1428 1531 1577 1560; x_wconf 87' lang='lat' dir='ltr'><strong>domicelli</strong></span> <span class='ocrx_word' id='word_1_563' title='bbox 1593 1531 1681 1559; x_wconf 88' lang='lat' dir='ltr'><strong>alicui</strong></span> <span class='ocrx_word' id='word_1_564' title='bbox 1692 1532 1771 1568; x_wconf 88' lang='lat' dir='ltr'><strong>prin-</strong></span> 
     </span>
     <span class='ocr_line' id='line_1_81' title="bbox 993 1577 1771 1614; baseline -0.001 -8"><span class='ocrx_word' id='word_1_565' title='bbox 993 1578 1050 1614; x_wconf 89' lang='lat' dir='ltr'><strong>cipi</strong></span> <span class='ocrx_word' id='word_1_566' title='bbox 1067 1577 1245 1606; x_wconf 89' lang='lat' dir='ltr'><strong>diuturniori</strong></span> <span class='ocrx_word' id='word_1_567' title='bbox 1261 1578 1399 1606; x_wconf 88' lang='lat' dir='ltr'><strong>exercitio</strong></span> <span class='ocrx_word' id='word_1_568' title='bbox 1415 1577 1588 1606; x_wconf 83' lang='lat' dir='ltr'><strong>familiarius</strong></span> <span class='ocrx_word' id='word_1_569' title='bbox 1603 1578 1771 1613; x_wconf 88' lang='lat' dir='ltr'><strong>obsequun-</strong></span> 
     </span>
     <span class='ocr_line' id='line_1_82' title="bbox 993 1623 1771 1660; baseline -0.001 -8"><span class='ocrx_word' id='word_1_570' title='bbox 993 1627 1049 1659; x_wconf 89' lang='lat' dir='ltr'><strong>tur,</strong></span> <span class='ocrx_word' id='word_1_571' title='bbox 1065 1625 1097 1652; x_wconf 82' lang='lat' dir='ltr'><strong>fit</strong></span> <span class='ocrx_word' id='word_1_572' title='bbox 1114 1626 1145 1652; x_wconf 88' lang='lat' dir='ltr'><strong>ut</strong></span> <span class='ocrx_word' id='word_1_573' title='bbox 1158 1647 1165 1659; x_wconf 91' lang='lat'><strong>,</strong></span> <span class='ocrx_word' id='word_1_574' title='bbox 1180 1633 1272 1660; x_wconf 88' lang='lat' dir='ltr'><strong>quem</strong></span> <span class='ocrx_word' id='word_1_575' title='bbox 1286 1625 1383 1660; x_wconf 89' lang='lat' dir='ltr'><strong>primo</strong></span> <span class='ocrx_word' id='word_1_576' title='bbox 1398 1624 1542 1652; x_wconf 81' lang='lat' dir='ltr'><strong>timebant</strong></span> <span class='ocrx_word' id='word_1_577' title='bbox 1556 1626 1587 1651; x_wconf 91' lang='lat' dir='ltr'><strong>ut</strong></span> <span class='ocrx_word' id='word_1_578' title='bbox 1603 1623 1771 1660; x_wconf 88' lang='lat' dir='ltr'><strong>dominum,</strong></span> 
     </span>
     <span class='ocr_line' id='line_1_83' title="bbox 994 1671 1771 1706; baseline 0.001 -8"><span class='ocrx_word' id='word_1_579' title='bbox 994 1679 1029 1699; x_wconf 87' lang='lat' dir='ltr'><strong>ex</strong></span> <span class='ocrx_word' id='word_1_580' title='bbox 1052 1671 1185 1706; x_wconf 87' lang='lat' dir='ltr'><strong>quadam</strong></span> <span class='ocrx_word' id='word_1_581' title='bbox 1206 1671 1405 1699; x_wconf 88' lang='lat' dir='ltr'><strong>familiaritate</strong></span> <span class='ocrx_word' id='word_1_582' title='bbox 1425 1671 1487 1706; x_wconf 88' lang='lat' dir='ltr'><strong>jam</strong></span> <span class='ocrx_word' id='word_1_583' title='bbox 1508 1671 1606 1705; x_wconf 89' lang='lat' dir='ltr'><strong>timor,</strong></span> <span class='ocrx_word' id='word_1_584' title='bbox 1628 1671 1667 1698; x_wconf 89' lang='lat' dir='ltr'><strong>ad</strong></span> <span class='ocrx_word' id='word_1_585' title='bbox 1689 1679 1771 1699; x_wconf 85' lang='lat' dir='ltr'><strong>reve-</strong></span> 
     </span>
     <span class='ocr_line' id='line_1_84' title="bbox 993 1717 1771 1753; baseline 0 -9"><span class='ocrx_word' id='word_1_586' title='bbox 993 1718 1117 1745; x_wconf 85' lang='lat' dir='ltr'><strong>rentiam</strong></span> <span class='ocrx_word' id='word_1_587' title='bbox 1133 1717 1291 1752; x_wconf 85' lang='lat' dir='ltr'><strong>majestatis</strong></span> <span class='ocrx_word' id='word_1_588' title='bbox 1306 1717 1458 1751; x_wconf 87' lang='lat' dir='ltr'><strong>resiliens,</strong></span> <span class='ocrx_word' id='word_1_589' title='bbox 1473 1717 1590 1753; x_wconf 90' lang='lat' dir='ltr'><strong>penitus</strong></span> <span class='ocrx_word' id='word_1_590' title='bbox 1605 1717 1771 1752; x_wconf 84' lang='lat' dir='ltr'><strong>evanescit,</strong></span> 
     </span>
     <span class='ocr_line' id='line_1_85' title="bbox 993 1764 1770 1801; baseline 0 -9"><span class='ocrx_word' id='word_1_591' title='bbox 993 1767 1024 1792; x_wconf 89' lang='lat' dir='ltr'><strong>ut</strong></span> <span class='ocrx_word' id='word_1_592' title='bbox 1048 1764 1085 1792; x_wconf 86' lang='lat' dir='ltr'><strong>de</strong></span> <span class='ocrx_word' id='word_1_593' title='bbox 1115 1765 1207 1801; x_wconf 85' lang='lat' dir='ltr'><strong>ipsius</strong></span> <span class='ocrx_word' id='word_1_594' title='bbox 1233 1765 1429 1793; x_wconf 84' lang='lat' dir='ltr'><strong>familiaritate</strong></span> <span class='ocrx_word' id='word_1_595' title='bbox 1462 1767 1489 1792; x_wconf 88' lang='lat' dir='ltr'><strong>et</strong></span> <span class='ocrx_word' id='word_1_596' title='bbox 1517 1765 1648 1793; x_wconf 85' lang='lat' dir='ltr'><strong>bonitate</strong></span> <span class='ocrx_word' id='word_1_597' title='bbox 1677 1764 1770 1792; x_wconf 85' lang='lat' dir='ltr'><strong>confi-</strong></span> 
     </span>
     <span class='ocr_line' id='line_1_86' title="bbox 993 1811 1770 1847; baseline -0.001 -8"><span class='ocrx_word' id='word_1_598' title='bbox 993 1811 1110 1842; x_wconf 88' lang='lat' dir='ltr'><strong>dentes,</strong></span> <span class='ocrx_word' id='word_1_599' title='bbox 1128 1812 1297 1839; x_wconf 88' lang='lat' dir='ltr'><strong>nullatenus</strong></span> <span class='ocrx_word' id='word_1_600' title='bbox 1311 1820 1341 1839; x_wconf 88' lang='lat' dir='ltr'><strong>se</strong></span> <span class='ocrx_word' id='word_1_601' title='bbox 1357 1812 1478 1840; x_wconf 88' lang='lat' dir='ltr'><strong>credant</strong></span> <span class='ocrx_word' id='word_1_602' title='bbox 1490 1811 1528 1839; x_wconf 93' lang='lat' dir='ltr'><strong>ab</strong></span> <span class='ocrx_word' id='word_1_603' title='bbox 1541 1812 1603 1847; x_wconf 87' lang='lat' dir='ltr'><strong>ipso</strong></span> <span class='ocrx_word' id='word_1_604' title='bbox 1616 1811 1652 1838; x_wconf 91' lang='lat' dir='ltr'><strong>de</strong></span> <span class='ocrx_word' id='word_1_605' title='bbox 1666 1813 1770 1839; x_wconf 82' lang='lat' dir='ltr'><strong>coetero</strong></span> 
     </span>
     <span class='ocr_line' id='line_1_87' title="bbox 993 1858 1771 1894; baseline -0.003 -8"><span class='ocrx_word' id='word_1_606' title='bbox 993 1858 1133 1894; x_wconf 83' lang='lat' dir='ltr'><strong>separari.</strong></span> <span class='ocrx_word' id='word_1_607' title='bbox 1150 1859 1205 1886; x_wconf 78' lang='lat' dir='ltr'><strong>Isto</strong></span> <span class='ocrx_word' id='word_1_608' title='bbox 1221 1858 1312 1886; x_wconf 89' lang='lat' dir='ltr'><strong>modo</strong></span> <span class='ocrx_word' id='word_1_609' title='bbox 1327 1858 1365 1886; x_wconf 87' lang='lat' dir='ltr'><strong>ad</strong></span> <span class='ocrx_word' id='word_1_610' title='bbox 1377 1858 1557 1886; x_wconf 88' lang='lat' dir='ltr'><strong>intellectum</strong></span> <span class='ocrx_word' id='word_1_611' title='bbox 1571 1858 1771 1893; x_wconf 86' lang='lat' dir='ltr'><strong>anagogicum</strong></span> 
     </span>
     <span class='ocr_line' id='line_1_88' title="bbox 993 1904 1772 1940; baseline -0.001 -8"><span class='ocrx_word' id='word_1_612' title='bbox 993 1904 1160 1939; x_wconf 83' lang='lat' dir='ltr'><strong>referendo,</strong></span> <span class='ocrx_word' id='word_1_613' title='bbox 1173 1912 1257 1932; x_wconf 87' lang='lat' dir='ltr'><strong>mens</strong></span> <span class='ocrx_word' id='word_1_614' title='bbox 1271 1904 1352 1940; x_wconf 85' lang='lat' dir='ltr'><strong>prius</strong></span> <span class='ocrx_word' id='word_1_615' title='bbox 1368 1904 1479 1940; x_wconf 86' lang='lat' dir='ltr'><strong>tepida,</strong></span> <span class='ocrx_word' id='word_1_616' title='bbox 1490 1912 1542 1940; x_wconf 90' lang='lat' dir='ltr'><strong>per</strong></span> <span class='ocrx_word' id='word_1_617' title='bbox 1558 1904 1728 1932; x_wconf 81' lang='lat' dir='ltr'><strong>affectiones</strong></span> <span class='ocrx_word' id='word_1_618' title='bbox 1743 1906 1772 1932; x_wconf 84' lang='lat' dir='ltr'><strong>et</strong></span> 
     </span>
     <span class='ocr_line' id='line_1_89' title="bbox 995 1951 1771 1986; baseline -0.001 -7"><span class='ocrx_word' id='word_1_619' title='bbox 995 1951 1153 1985; x_wconf 84' lang='lat' dir='ltr'><strong>desideria,</strong></span> <span class='ocrx_word' id='word_1_620' title='bbox 1167 1951 1312 1979; x_wconf 87' lang='lat' dir='ltr'><strong>unitivam</strong></span> <span class='ocrx_word' id='word_1_621' title='bbox 1325 1951 1554 1978; x_wconf 83' lang='lat' dir='ltr'><strong>familiaritatem</strong></span> <span class='ocrx_word' id='word_1_622' title='bbox 1570 1951 1771 1986; x_wconf 87' lang='lat' dir='ltr'><strong>consequitur,</strong></span> 
     </span>
     <span class='ocr_line' id='line_1_90' title="bbox 994 1997 1772 2033; baseline 0 -8"><span class='ocrx_word' id='word_1_623' title='bbox 994 2000 1026 2025; x_wconf 90' lang='lat' dir='ltr'><strong>ut</strong></span> <span class='ocrx_word' id='word_1_624' title='bbox 1051 1997 1142 2033; x_wconf 83' lang='lat' dir='ltr'><strong>ipsius</strong></span> <span class='ocrx_word' id='word_1_625' title='bbox 1165 1997 1264 2024; x_wconf 87' lang='lat' dir='ltr'><strong>dilecti</strong></span> <span class='ocrx_word' id='word_1_626' title='bbox 1289 1997 1370 2025; x_wconf 90' lang='lat' dir='ltr'><strong>dono</strong></span> <span class='ocrx_word' id='word_1_627' title='bbox 1396 1997 1426 2024; x_wconf 90' lang='lat' dir='ltr'><strong>in</strong></span> <span class='ocrx_word' id='word_1_628' title='bbox 1447 1997 1510 2032; x_wconf 88' lang='lat' dir='ltr'><strong>ipsa</strong></span> <span class='ocrx_word' id='word_1_629' title='bbox 1531 1997 1669 2032; x_wconf 54' lang='lat' dir='ltr'><strong>quaedam</strong></span> <span class='ocrx_word' id='word_1_630' title='bbox 1690 2005 1772 2025; x_wconf 90' lang='lat' dir='ltr'><strong>mera</strong></span> 
     </span>
     <span class='ocr_line' id='line_1_91' title="bbox 995 2043 1771 2079; baseline 0 -9"><span class='ocrx_word' id='word_1_631' title='bbox 995 2043 1175 2071; x_wconf 86' lang='lat' dir='ltr'><strong>confidentia</strong></span> <span class='ocrx_word' id='word_1_632' title='bbox 1189 2044 1384 2079; x_wconf 84' lang='lat' dir='ltr'><strong>relinquatur,</strong></span> <span class='ocrx_word' id='word_1_633' title='bbox 1401 2045 1433 2070; x_wconf 92' lang='lat' dir='ltr'><strong>ut</strong></span> <span class='ocrx_word' id='word_1_634' title='bbox 1447 2043 1544 2071; x_wconf 90' lang='lat' dir='ltr'><strong>omnis</strong></span> <span class='ocrx_word' id='word_1_635' title='bbox 1559 2043 1647 2071; x_wconf 88' lang='lat' dir='ltr'><strong>timor</strong></span> <span class='ocrx_word' id='word_1_636' title='bbox 1663 2043 1771 2079; x_wconf 75' lang='lat' dir='ltr'><strong>pungi·</strong></span> 
     </span>
     <span class='ocr_line' id='line_1_92' title="bbox 995 2089 1772 2125; baseline 0 -8"><span class='ocrx_word' id='word_1_637' title='bbox 995 2090 1089 2123; x_wconf 86' lang='lat' dir='ltr'><strong>tivus,</strong></span> <span class='ocrx_word' id='word_1_638' title='bbox 1104 2090 1159 2117; x_wconf 88' lang='lat' dir='ltr'><strong>nisi</strong></span> <span class='ocrx_word' id='word_1_639' title='bbox 1174 2098 1229 2125; x_wconf 88' lang='lat' dir='ltr'><strong>per</strong></span> <span class='ocrx_word' id='word_1_640' title='bbox 1243 2089 1369 2117; x_wconf 89' lang='lat' dir='ltr'><strong>modum</strong></span> <span class='ocrx_word' id='word_1_641' title='bbox 1383 2090 1516 2124; x_wconf 79' lang='lat' dir='ltr'><strong>cautelae,</strong></span> <span class='ocrx_word' id='word_1_642' title='bbox 1533 2090 1571 2117; x_wconf 92' lang='lat' dir='ltr'><strong>ab</strong></span> <span class='ocrx_word' id='word_1_643' title='bbox 1589 2090 1653 2125; x_wconf 89' lang='lat' dir='ltr'><strong>ipsa</strong></span> <span class='ocrx_word' id='word_1_644' title='bbox 1667 2090 1772 2118; x_wconf 92' lang='lat' dir='ltr'><strong>radici-</strong></span> 
     </span>
     <span class='ocr_line' id='line_1_93' title="bbox 995 2136 1772 2172; baseline -0.001 -8"><span class='ocrx_word' id='word_1_645' title='bbox 995 2139 1040 2164; x_wconf 86' lang='lat' dir='ltr'><strong>tus</strong></span> <span class='ocrx_word' id='word_1_646' title='bbox 1063 2137 1234 2172; x_wconf 78' lang='lat' dir='ltr'><strong>extirpetur,</strong></span> <span class='ocrx_word' id='word_1_647' title='bbox 1258 2139 1290 2164; x_wconf 79' lang='lat' dir='ltr'><strong>ut</strong></span> <span class='ocrx_word' id='word_1_648' title='bbox 1312 2136 1390 2164; x_wconf 87' lang='lat' dir='ltr'><strong>dicat</strong></span> <span class='ocrx_word' id='word_1_649' title='bbox 1414 2145 1480 2164; x_wconf 85' lang='lat' dir='ltr'><strong>cum</strong></span> <span class='ocrx_word' id='word_1_650' title='bbox 1502 2137 1684 2172; x_wconf 67' lang='lat' dir='ltr'><strong>Apostolo⁵2</strong></span> <span class='ocrx_word' id='word_1_651' title='bbox 1705 2136 1772 2168; x_wconf 78' lang='lat' dir='ltr'><strong>Quis</strong></span> 
     </span>
     <span class='ocr_line' id='line_1_94' title="bbox 995 2184 1771 2219; baseline -0.001 -8"><span class='ocrx_word' id='word_1_652' title='bbox 995 2193 1035 2211; x_wconf 82' lang='lat' dir='ltr'><strong>me</strong></span> <span class='ocrx_word' id='word_1_653' title='bbox 1059 2185 1195 2219; x_wconf 75' lang='lat' dir='ltr'><strong>separabit</strong></span> <span class='ocrx_word' id='word_1_654' title='bbox 1214 2192 1231 2210; x_wconf 84' lang='lat' dir='ltr'><strong>a</strong></span> <span class='ocrx_word' id='word_1_655' title='bbox 1250 2185 1383 2211; x_wconf 68' lang='lat' dir='ltr'><strong>charitate</strong></span> <span class='ocrx_word' id='word_1_656' title='bbox 1405 2184 1525 2212; x_wconf 71' lang='lat' dir='ltr'><strong>Christi?</strong></span> <span class='ocrx_word' id='word_1_657' title='bbox 1543 2184 1637 2217; x_wconf 72' lang='lat' dir='ltr'><strong>sames,</strong></span> <span class='ocrx_word' id='word_1_658' title='bbox 1661 2192 1696 2210; x_wconf 81' lang='lat' dir='ltr'><strong>an</strong></span> <span class='ocrx_word' id='word_1_659' title='bbox 1711 2185 1771 2219; x_wconf 66' lang='lat' dir='ltr'><strong>yla-</strong></span> 
     </span>
     <span class='ocr_line' id='line_1_95' title="bbox 996 2230 1770 2264; baseline 0 -7"><span class='ocrx_word' id='word_1_660' title='bbox 996 2231 1058 2258; x_wconf 77' lang='lat' dir='ltr'><strong>dius</strong></span> <span class='ocrx_word' id='word_1_661' title='bbox 1070 2252 1077 2264; x_wconf 93' lang='lat'><em>‚</em></span> <span class='ocrx_word' id='word_1_662' title='bbox 1094 2232 1147 2258; x_wconf 78' lang='lat' dir='ltr'><strong>etc.</strong></span> <span class='ocrx_word' id='word_1_663' title='bbox 1167 2240 1173 2257; x_wconf 89' lang='lat'>:</span> <span class='ocrx_word' id='word_1_664' title='bbox 1189 2230 1250 2257; x_wconf 90' lang='lat' dir='ltr'><strong>imo</strong></span> <span class='ocrx_word' id='word_1_665' title='bbox 1267 2230 1354 2257; x_wconf 86' lang='lat' dir='ltr'><strong>etiam</strong></span> <span class='ocrx_word' id='word_1_666' title='bbox 1369 2238 1414 2256; x_wconf 79' lang='lat' dir='ltr'><strong>nec</strong></span> <span class='ocrx_word' id='word_1_667' title='bbox 1438 2231 1590 2263; x_wconf 73' lang='lat' dir='ltr'><strong>instantia,</strong></span> <span class='ocrx_word' id='word_1_668' title='bbox 1606 2238 1651 2257; x_wconf 76' lang='lat' dir='ltr'><strong>nec</strong></span> <span class='ocrx_word' id='word_1_669' title='bbox 1665 2232 1770 2263; x_wconf 74' lang='lat' dir='ltr'><strong>fatum.</strong></span> 
     </span>
    </p>

    <p class='ocr_par' dir='ltr' id='par_1_7' title="bbox 996 2276 1773 2638">
     <span class='ocr_line' id='line_1_96' title="bbox 1032 2276 1773 2311; baseline 0 -7"><span class='ocrx_word' id='word_1_670' title='bbox 1032 2279 1083 2304; x_wconf 84' lang='lat' dir='ltr'><strong>Per</strong></span> <span class='ocrx_word' id='word_1_671' title='bbox 1097 2277 1184 2304; x_wconf 88' lang='lat' dir='ltr'><strong>istam</strong></span> <span class='ocrx_word' id='word_1_672' title='bbox 1200 2276 1288 2303; x_wconf 89' lang='lat' dir='ltr'><strong>etiam</strong></span> <span class='ocrx_word' id='word_1_673' title='bbox 1303 2276 1478 2311; x_wconf 86' lang='lat' dir='ltr'><strong>sapientiam</strong></span> <span class='ocrx_word' id='word_1_674' title='bbox 1498 2276 1708 2311; x_wconf 82' lang='lat' dir='ltr'><strong>inflammatur,</strong></span> <span class='ocrx_word' id='word_1_675' title='bbox 1730 2277 1773 2304; x_wconf 89' lang='lat' dir='ltr'><strong>in-</strong></span> 
     </span>
     <span class='ocr_line' id='line_1_97' title="bbox 996 2322 1772 2359; baseline -0.001 -7"><span class='ocrx_word' id='word_1_676' title='bbox 996 2326 1124 2359; x_wconf 82' lang='lat' dir='ltr'><strong>tegratur</strong></span> <span class='ocrx_word' id='word_1_677' title='bbox 1144 2325 1171 2350; x_wconf 87' lang='lat' dir='ltr'><strong>et</strong></span> <span class='ocrx_word' id='word_1_678' title='bbox 1192 2322 1342 2357; x_wconf 87' lang='lat' dir='ltr'><strong>perficitur</strong></span> <span class='ocrx_word' id='word_1_679' title='bbox 1362 2322 1502 2355; x_wconf 83' lang='lat' dir='ltr'><strong>charitas,</strong></span> <span class='ocrx_word' id='word_1_680' title='bbox 1528 2323 1598 2358; x_wconf 89' lang='lat' dir='ltr'><strong>quia</strong></span> <span class='ocrx_word' id='word_1_681' title='bbox 1617 2331 1684 2350; x_wconf 88' lang='lat' dir='ltr'><strong>cum</strong></span> <span class='ocrx_word' id='word_1_682' title='bbox 1709 2323 1772 2359; x_wconf 89' lang='lat' dir='ltr'><strong>ipse</strong></span> 
     </span>
     <span class='ocr_line' id='line_1_98' title="bbox 997 2368 1772 2403; baseline -0.001 -5"><span class='ocrx_word' id='word_1_683' title='bbox 997 2373 1071 2398; x_wconf 76' lang='lat' dir='ltr'><strong>Deus</strong></span> <span class='ocrx_word' id='word_1_684' title='bbox 1094 2368 1279 2397; x_wconf 88' lang='lat' dir='ltr'><strong>beatissimus</strong></span> <span class='ocrx_word' id='word_1_685' title='bbox 1300 2369 1335 2396; x_wconf 92' lang='lat' dir='ltr'><strong>sit</strong></span> <span class='ocrx_word' id='word_1_686' title='bbox 1349 2370 1358 2385; x_wconf 80' lang='lat'>⁵</span> <span class='ocrx_word' id='word_1_687' title='bbox 1379 2370 1452 2403; x_wconf 73' lang='lat' dir='ltr'><strong>iquis</strong></span> <span class='ocrx_word' id='word_1_688' title='bbox 1470 2377 1638 2402; x_wconf 72' lang='lat' dir='ltr'><strong>consumens,</strong></span> <span class='ocrx_word' id='word_1_689' title='bbox 1659 2369 1689 2396; x_wconf 92' lang='lat' dir='ltr'><strong>in</strong></span> <span class='ocrx_word' id='word_1_690' title='bbox 1709 2372 1772 2397; x_wconf 78' lang='lat' dir='ltr'><strong>tan-</strong></span> 
     </span>
     <span class='ocr_line' id='line_1_99' title="bbox 996 2415 1770 2452; baseline -0.003 -7"><span class='ocrx_word' id='word_1_691' title='bbox 996 2420 1059 2445; x_wconf 89' lang='lat' dir='ltr'><strong>tum</strong></span> <span class='ocrx_word' id='word_1_692' title='bbox 1074 2425 1091 2444; x_wconf 91' lang='lat' dir='ltr'><strong>a</strong></span> <span class='ocrx_word' id='word_1_693' title='bbox 1105 2416 1208 2452; x_wconf 85' lang='lat' dir='ltr'><strong>spiritu</strong></span> <span class='ocrx_word' id='word_1_694' title='bbox 1223 2415 1344 2442; x_wconf 81' lang='lat' dir='ltr'><strong>viatoris</strong></span> <span class='ocrx_word' id='word_1_695' title='bbox 1359 2415 1566 2442; x_wconf 86' lang='lat' dir='ltr'><strong>omnimodam</strong></span> <span class='ocrx_word' id='word_1_696' title='bbox 1581 2415 1770 2449; x_wconf 79' lang='lat' dir='ltr'><strong>frigiditatem</strong></span> 
     </span>
     <span class='ocr_line' id='line_1_100' title="bbox 997 2461 1770 2500; baseline -0.005 -8"><span class='ocrx_word' id='word_1_697' title='bbox 997 2463 1133 2500; x_wconf 82' lang='lat' dir='ltr'><strong>expellit,</strong></span> <span class='ocrx_word' id='word_1_698' title='bbox 1158 2462 1188 2489; x_wconf 91' lang='lat' dir='ltr'><strong>in</strong></span> <span class='ocrx_word' id='word_1_699' title='bbox 1213 2463 1358 2497; x_wconf 83' lang='lat' dir='ltr'><strong>quantum</strong></span> <span class='ocrx_word' id='word_1_700' title='bbox 1380 2469 1433 2496; x_wconf 88' lang='lat' dir='ltr'><strong>per</strong></span> <span class='ocrx_word' id='word_1_701' title='bbox 1453 2461 1563 2489; x_wconf 86' lang='lat' dir='ltr'><strong>amoris</strong></span> <span class='ocrx_word' id='word_1_702' title='bbox 1586 2461 1770 2489; x_wconf 85' lang='lat' dir='ltr'><strong>extensiones</strong></span> 
     </span>
     <span class='ocr_line' id='line_1_101' title="bbox 996 2507 1771 2546; baseline -0.005 -8"><span class='ocrx_word' id='word_1_703' title='bbox 996 2511 1051 2546; x_wconf 87' lang='lat' dir='ltr'><strong>ipsi</strong></span> <span class='ocrx_word' id='word_1_704' title='bbox 1067 2509 1186 2537; x_wconf 89' lang='lat' dir='ltr'><strong>interius</strong></span> <span class='ocrx_word' id='word_1_705' title='bbox 1202 2508 1471 2543; x_wconf 82' lang='lat' dir='ltr'><strong>appropinquatur.</strong></span> <span class='ocrx_word' id='word_1_706' title='bbox 1492 2508 1565 2541; x_wconf 81' lang='lat' dir='ltr'><strong>Quia</strong></span> <span class='ocrx_word' id='word_1_707' title='bbox 1580 2516 1647 2535; x_wconf 87' lang='lat' dir='ltr'><strong>cum</strong></span> <span class='ocrx_word' id='word_1_708' title='bbox 1662 2507 1702 2534; x_wconf 90' lang='lat' dir='ltr'><strong>sic</strong></span> <span class='ocrx_word' id='word_1_709' title='bbox 1718 2516 1771 2543; x_wconf 89' lang='lat' dir='ltr'><strong>per</strong></span> 
     </span>
     <span class='ocr_line' id='line_1_102' title="bbox 996 2553 1770 2590; baseline -0.005 -5"><span class='ocrx_word' id='word_1_710' title='bbox 996 2559 1094 2585; x_wconf 88' lang='lat' dir='ltr'><strong>motus</strong></span> <span class='ocrx_word' id='word_1_711' title='bbox 1109 2555 1286 2589; x_wconf 80' lang='lat' dir='ltr'><strong>anagogicos</strong></span> <span class='ocrx_word' id='word_1_712' title='bbox 1304 2554 1341 2581; x_wconf 84' lang='lat' dir='ltr'><strong>ad</strong></span> <span class='ocrx_word' id='word_1_713' title='bbox 1363 2554 1455 2590; x_wconf 85' lang='lat' dir='ltr'><strong>ipsius</strong></span> <span class='ocrx_word' id='word_1_714' title='bbox 1470 2554 1648 2581; x_wconf 88' lang='lat' dir='ltr'><strong>intimiorem</strong></span> <span class='ocrx_word' id='word_1_715' title='bbox 1662 2553 1770 2581; x_wconf 89' lang='lat' dir='ltr'><strong>unitio-</strong></span> 
     </span>
     <span class='ocr_line' id='line_1_103' title="bbox 997 2600 1771 2638; baseline -0.003 -8"><span class='ocrx_word' id='word_1_716' title='bbox 997 2611 1065 2630; x_wconf 88' lang='lat' dir='ltr'><strong>nem</strong></span> <span class='ocrx_word' id='word_1_717' title='bbox 1080 2602 1203 2638; x_wconf 87' lang='lat' dir='ltr'><strong>aspirat,</strong></span> <span class='ocrx_word' id='word_1_718' title='bbox 1221 2601 1296 2629; x_wconf 87' lang='lat' dir='ltr'><strong>Solis</strong></span> <span class='ocrx_word' id='word_1_719' title='bbox 1311 2601 1470 2636; x_wconf 85' lang='lat' dir='ltr'><strong>spiritualis</strong></span> <span class='ocrx_word' id='word_1_720' title='bbox 1489 2600 1526 2635; x_wconf 82' lang='lat' dir='ltr'><strong>(d)</strong></span> <span class='ocrx_word' id='word_1_721' title='bbox 1542 2600 1632 2627; x_wconf 90' lang='lat' dir='ltr'><strong>radiis</strong></span> <span class='ocrx_word' id='word_1_722' title='bbox 1647 2607 1771 2628; x_wconf 82' lang='lat' dir='ltr'><strong>exuren-</strong></span> 
     </span>
    </p>
   </div>
   <div class='ocr_carea' id='block_1_5' title="bbox 997 2661 1768 2733">
    <p class='ocr_par' dir='ltr' id='par_1_8' title="bbox 997 2661 1768 2733">
     <span class='ocr_line' id='line_1_104' title="bbox 1031 2661 1768 2696; baseline -0.005 -7"><span class='ocrx_word' id='word_1_723' title='bbox 1031 2665 1062 2696; x_wconf 83' lang='lat' dir='ltr'><strong>(a)</strong></span> <span class='ocrx_word' id='word_1_724' title='bbox 1079 2665 1134 2695; x_wconf 78' lang='lat' dir='ltr'><strong>Leq.</strong></span> <span class='ocrx_word' id='word_1_725' title='bbox 1150 2664 1225 2687; x_wconf 83' lang='lat' dir='ltr'><strong>intra.</strong></span> <span class='ocrx_word' id='word_1_726' title='bbox 1238 2677 1268 2680; x_wconf 97' lang='lat'><strong>—</strong></span> <span class='ocrx_word' id='word_1_727' title='bbox 1282 2663 1313 2692; x_wconf 81' lang='grc' dir='ltr'><strong>(ὁ)</strong></span> <span class='ocrx_word' id='word_1_728' title='bbox 1331 2663 1392 2687; x_wconf 83' lang='lat' dir='ltr'><strong>Coet.</strong></span> <span class='ocrx_word' id='word_1_729' title='bbox 1410 2662 1470 2686; x_wconf 71' lang='lat' dir='ltr'><strong>edit.</strong></span> <span class='ocrx_word' id='word_1_730' title='bbox 1491 2662 1624 2686; x_wconf 81' lang='lat' dir='ltr'><strong>inclusam.</strong></span> <span class='ocrx_word' id='word_1_731' title='bbox 1636 2674 1666 2680; x_wconf 90' lang='lat'><em>-</em></span> <span class='ocrx_word' id='word_1_732' title='bbox 1680 2661 1710 2692; x_wconf 87' lang='lat' dir='ltr'><strong>(c)</strong></span> <span class='ocrx_word' id='word_1_733' title='bbox 1728 2661 1768 2687; x_wconf 74' lang='lat' dir='ltr'><strong>Al.</strong></span> 
     </span>
     <span class='ocr_line' id='line_1_105' title="bbox 997 2698 1506 2733; baseline -0.008 -8"><span class='ocrx_word' id='word_1_734' title='bbox 997 2702 1058 2733; x_wconf 81' lang='lat' dir='ltr'><strong>ipsc.</strong></span> <span class='ocrx_word' id='word_1_735' title='bbox 1075 2714 1104 2718; x_wconf 91' lang='grc'>-</span> <span class='ocrx_word' id='word_1_736' title='bbox 1118 2699 1154 2729; x_wconf 75' lang='lat' dir='ltr'><strong>(d)</strong></span> <span class='ocrx_word' id='word_1_737' title='bbox 1174 2700 1234 2723; x_wconf 75' lang='lat' dir='ltr'><strong>Coet.</strong></span> <span class='ocrx_word' id='word_1_738' title='bbox 1250 2698 1309 2722; x_wconf 74' lang='lat' dir='ltr'><strong>edit.</strong></span> <span class='ocrx_word' id='word_1_739' title='bbox 1326 2698 1506 2729; x_wconf 78' lang='lat' dir='ltr'><strong>spiritualibus.</strong></span> 
     </span>
    </p>
   </div>
  </div>
 </body>
</html>
