2004 3037
484 227 534 259 DE
556 225 793 259 GRATIARUM
815 223 1182 256 SANCTIFICATIONE.
1206 223 1293 256 CAP.
1317 223 1412 256 v-vl.

147 295 231 323 tertia
251 295 294 323 est
317 295 415 332 operis
437 294 569 330 virtutis,
595 295 624 322 et
646 293 748 322 causat
770 291 919 321 meritum.

146 341 242 370 Prima
256 341 396 378 perfectio
409 340 523 378 perficit
537 340 686 376 animam;
706 339 838 368 secunda
851 346 922 376 per-

146 387 207 416 ficit
225 388 331 416 animae
348 387 493 424 potentias
502 397 512 423 ς
533 386 618 416 tertia
635 386 751 423 perficit
773 386 854 423 ipsos
872 393 921 414 ac-

146 436 202 463 tus.

405 512 583 547 CAPUT
621 512 660 546 V.

222 593 260 620 De
277 591 439 623 virtutibus,
461 592 485 618 et
500 592 590 626 primo
609 590 678 625 quid
693 592 729 618 sit
748 592 848 618 virtus.

181 670 262 696 Nunc
283 667 321 695 de
345 666 503 695 virtutibus
522 667 565 694 est
584 666 756 702 agendum,
777 667 806 694 et
823 665 921 701 primo

146 714 220 751 quid
233 713 270 741 sit
282 713 386 741 virtus.
401 713 501 749 ‚Virtus
516 715 572 748 est,
594 714 626 741 ut
648 712 688 741 ait
709 712 886 748 Augustinus
901 712 921 746 ¹,

146 761 227 789 bona
248 759 374 796 qualitas
392 759 515 795 mentis,
541 768 602 796 qua
620 759 697 787 bene
721 759 838 793 vivitur,
861 767 922 795 qua

145 806 244 834 nullus
259 805 336 834 male
349 806 451 841 utitur,
463 814 556 842 quam
570 806 650 834 solus
666 807 740 834 Deus
755 806 786 833 in
800 805 921 833 homine

146 855 294 890 operatur.
309 855 374 882 Haec
389 853 526 881 diffinitio
543 853 629 880 datur
649 853 680 880 in
700 852 921 888 comparatione

146 900 185 929 ad
193 901 340 936 agentem.
352 901 433 935 Item,
442 900 607 928 secundum
615 899 825 934 Augustinum²
836 899 922 927 :«Vir-

147 949 192 975 tus
219 948 261 975 est
284 946 402 975 habitus
426 946 532 974 mentis
558 947 635 974 bene
656 946 817 974 constitutae
830 956 838 982 3
851 957 864 973 n
895 948 923 974 et

146 994 207 1022 haec
221 994 308 1022 datur
320 993 352 1021 in
366 993 586 1029 comparatione
602 993 642 1021 ad
655 993 786 1027 bonum,
811 993 842 1020 in
861 1000 921 1028 quo

147 1042 198 1069 est.
213 1042 284 1069 Item
299 1040 368 1067 dicit
382 1039 578 1075 Philosophus
592 1040 603 1057 ³
617 1048 624 1066 ε
645 1040 764 1067 «Virtus
780 1042 823 1067 est
835 1039 921 1067 habi-

146 1089 192 1114 tus
219 1086 404 1114 voluntarius
422 1107 432 1120 ,
469 1086 500 1113 in
526 1086 728 1114 mediocritate
762 1086 922 1114 consistens

146 1132 248 1169 quoad
257 1140 322 1167 nos,
330 1132 525 1160 determinata
533 1132 569 1168 (a)
577 1132 702 1166 rati0ne,
710 1135 799 1168 prout
805 1132 922 1168 sapiens

146 1179 362 1207 determinavit.
377 1189 391 1205 »
409 1180 473 1206 Haec
494 1178 630 1207 diffinitio
647 1179 734 1206 datur
753 1179 785 1206 in
800 1187 921 1215 compa-

145 1226 258 1254 ratione
279 1225 318 1253 ad
337 1226 436 1253 actum
457 1225 534 1253 circa
556 1233 646 1261 quem
661 1227 715 1253 est.
740 1227 811 1253 Item
830 1225 923 1254 Philo-

145 1273 256 1309 sophus
269 1273 279 1289 ⁴
291 1281 318 1300 :«
324 1272 419 1300 Virtus
431 1274 474 1300 est
487 1271 640 1308 dispositio
654 1272 774 1308 perfecti
789 1273 829 1300 ad
844 1273 922 1309 opti-

145 1328 229 1347 mum
245 1328 251 1346 z
267 1329 281 1345 »
298 1319 360 1347 haec
375 1319 462 1347 datur
477 1319 643 1346 secundum
668 1319 922 1355 comparationem

145 1367 185 1394 ad
208 1365 309 1394 finem.
329 1367 400 1393 Item
425 1365 555 1394 Isidorus
576 1375 582 1392 :
604 1365 726 1393 «Virtus
747 1368 789 1393 est
809 1367 922 1394 naturae

145 1413 278 1447 habitus,
295 1412 401 1440 animae
414 1412 520 1447 decus,
537 1412 603 1440 vitae
616 1412 709 1446 ratio,
724 1420 844 1440 morum
858 1413 921 1448 pie-

145 1462 205 1493 tas,
221 1459 315 1487 cultus
331 1459 507 1492 divinitatis,
522 1459 620 1486 honor
638 1459 787 1494 hominis,
809 1462 923 1488 aeternae

145 1505 335 1534 beatitudinis
355 1506 496 1533 meritum
513 1514 519 1532 :
536 1516 549 1531 »
566 1506 627 1533 haec
643 1506 730 1533 datur
750 1506 780 1533 in
803 1514 923 1542 compa-

140 1552 259 1581 ratione
274 1552 313 1580 ad
328 1552 476 1580 effectum.

183 1598 319 1626 Diffinitio
341 1597 495 1633 Augustini
517 1598 557 1625 sie
572 1597 730 1634 exponitur
746 1608 752 1626 :
769 1600 864 1626 Virtus
884 1603 923 1626 est

146 1645 212 1672 bona
232 1646 352 1680 qualitas
362 1666 371 1676 ,
386 1644 434 1672 hic
449 1644 570 1680 ponitur
586 1644 712 1680 qualitas
726 1653 781 1680 pro
797 1653 902 1680 genere
911 1656 920 1681 3

146 1692 213 1718 bona
224 1699 295 1718 vero
310 1691 414 1718 dicitur
427 1691 466 1718 ad
481 1690 677 1718 differentiam
687 1691 836 1719 malarum
851 1700 922 1727 qua-

146 1737 261 1765 litatum
274 1737 389 1765 animae.
405 1737 513 1765 Dicitur
528 1745 649 1773 quoque
670 1738 737 1764 bona
747 1758 756 1772 ,
777 1739 922 1773 quoniam

147 1793 164 1812 a
178 1784 260 1812 bono
277 1785 334 1811 Deo
350 1784 447 1819 datur,
465 1786 493 1811 et
506 1784 603 1811 bonos
622 1785 736 1811 tantum
757 1785 902 1813 inhabitat
913 1808 921 1818 ,

146 1833 174 1858 et
187 1831 284 1858 bonos
299 1830 381 1865 facit,
398 1833 425 1858 et
448 1830 487 1858 ad
512 1830 628 1858 bonum
651 1830 796 1866 perducit.
823 1832 923 1859 Mentis

146 1877 266 1913 ponitur
280 1878 319 1905 ad
338 1877 535 1905 differentiam
550 1877 742 1913 qualitatum,
766 1887 833 1914 quae
856 1883 924 1908 sunt

146 1923 178 1951 in
192 1931 324 1959 corpore.
344 1924 404 1956 Qua
420 1925 482 1951 bene
503 1925 617 1959 vivitur,
638 1924 759 1960 ponitur
779 1925 819 1953 ad
839 1926 922 1953 difle-

147 1970 272 1997 rentiam
291 1969 484 2005 qualitatum,
508 1969 618 2005 quibus
640 1972 718 1998 recte
738 1971 921 2007 intelligitur,

147 2018 221 2045 sicut
235 2019 276 2044 est
290 2017 418 2044 scientia.
445 2017 505 2049 Qua
519 2019 609 2044 nullus
629 2020 697 2045 male
715 2020 816 2053 utitur,
836 2020 923 2055 poni-

148 2066 194 2091 tur
209 2063 248 2091 ad
262 2063 458 2090 differentiam
470 2063 663 2098 qualitatum,
680 2064 789 2099 quibus
803 2065 880 2092 bene
896 2068 924 2093 et

148 2110 225 2137 male
240 2109 282 2137 uti
296 2117 464 2145 possumus.
479 2110 565 2142 Quam
577 2111 649 2137 solus
665 2112 733 2137 Deus
753 2113 880 2144 operatur
894 2114 923 2138 in

148 2157 261 2189 homine,
277 2156 397 2191 ponitur
412 2156 451 2183 ad
465 2156 661 2183 differentiam
676 2156 816 2184 virtutum
832 2157 924 2184 cardi-

148 2202 262 2230 nalium
277 2211 343 2238 quae
358 2202 504 2230 habentur
518 2211 571 2238 per
587 2202 821 2238 acquisitionem.

185 2250 267 2277 Circa
279 2249 368 2276 aliam
378 2248 585 2276 diffinitionem
595 2249 747 2283 Augustini
758 2250 924 2278 notandum

150 2298 208 2330 est,
225 2295 308 2331 quod
329 2295 370 2322 ibi
385 2295 504 2330 ponitur
519 2295 627 2322 habitus
651 2297 747 2323 mentis
771 2297 922 2331 institutae,

150 2344 178 2369 et
191 2342 248 2369 hoc
263 2342 302 2369 ad
318 2341 541 2369 similitudinem
554 2342 649 2377 regni,
666 2342 749 2377 quod
761 2344 831 2370 tunc
846 2343 922 2371 bene

150 2388 324 2429 ipstituitur,
347 2388 468 2423 quando
496 2390 572 2415 recte
595 2388 767 2423 consulitur,
796 2391 823 2416 et
849 2389 924 2418 bene

150 2434 320 2469 imperatur,
334 2436 362 2461 et
373 2435 450 2469 juste
461 2434 607 2462 obeditur.
620 2435 731 2463 Eodem
743 2436 836 2463 modo
848 2437 923 2464 bene

151 2480 280 2508 instituta
294 2482 336 2508 est
349 2489 443 2515 mens,
458 2481 482 2508 si
497 2481 571 2508 ratio
587 2483 663 2508 recte
679 2481 817 2516 consulit,
834 2482 857 2509 si
872 2491 923 2510 vo-

185 2566 190 2578 ·
209 2564 338 2595 Colligitur
356 2572 387 2589 ex
406 2566 482 2595 Aug„
498 2565 526 2588 [Ie
543 2564 597 2588 Lib.
613 2565 687 2590 Arb..
701 2565 743 2590 lib.
762 2566 798 2596 II,
814 2573 836 2590 c.
857 2572 923 2590 xv111

152 2602 177 2624 et
192 2605 245 2624 xxx.
257 2613 287 2617 —
300 2601 309 2614 ²
327 2601 381 2624 lmo
395 2602 492 2624 auctor.
510 2600 554 2624 lib.
569 2600 599 2623 de
613 2600 680 2631 sz'r.
697 2602 721 2624 et
736 2601 830 2631 Arum„
847 2609 868 2626 c.
888 2607 923 2632 iv,

153 2636 217 2659 inter
241 2636 316 2665 Oper.
337 2637 362 2659 S.
384 2637 458 2667 Aug,
477 2638 538 2660 tom.
560 2636 608 2664 VI,
623 2636 738 2666 Append.
761 2650 787 2654 —
808 2637 817 2653 ³
837 2637 923 2667 Arist„

154 2671 246 2700 Etlzic„
261 2670 304 2693 lii).
322 2671 352 2700 ll,
364 2678 387 2694 c.
404 2678 438 2694 vx.
451 2684 481 2690 -—-
494 2672 503 2688 ὅ
514 2671 562 2701 Id.,
576 2670 662 2701 Phys„
678 2671 720 2695 lib.
737 2672 792 2702 Vll,
808 2674 869 2696 text.
886 2674 921 2696 17.

1697 222 1749 250 ΓΗ

977 291 1074 320 luntas
1088 291 1165 319 bene
1180 291 1305 328 imperet
1314 312 1324 326 ,
1343 290 1367 319 si
1381 290 1554 319 sensualitas
1569 287 1672 317 debito
1687 295 1754 315 mo—

979 338 1019 367 do
1035 338 1233 374 obtemperat.

1014 384 1200 421 Etymologia
1212 385 1326 412 virtutis
1341 386 1383 413 est
1398 393 1405 412 :
1424 387 1519 414 Virtus
1534 385 1650 421 dicitur,
1668 383 1754 421 quasi

977 433 1018 459 vis
1031 433 1126 459 intus:
1143 432 1171 459 et
1184 431 1245 459 haec
1260 431 1305 459 vis
1320 431 1450 460 consistit
1462 432 1493 460 in
1508 431 1693 468 aggressione
1709 439 1753 459 ar-

978 478 1108 506 duorum
1118 498 1127 512 ,
1142 478 1172 506 in
1185 478 1342 506 tolerantia
1353 478 1564 514 adversorum,
1581 481 1609 507 et
1622 479 1653 506 in
1666 477 1754 506 absti-

977 525 1078 553 nentia
1091 525 1277 561 placitorum.
1289 526 1360 553 Item
1375 525 1482 553 dicitur
1496 526 1593 560 virtus,
1609 524 1694 561 quasi
1709 525 1753 551 vi-

977 580 1023 599 ror
1039 574 1136 599 nitens.
1150 573 1221 600 Item
1239 571 1346 600 dicitur
1355 573 1455 606 virtus,
1465 571 1550 608 quasi
1559 573 1648 599 virum
1665 573 1752 598 tuens.

977 620 1048 648 Item
1068 619 1174 647 dicitur
1198 621 1302 653 virtus,
1319 619 1403 655 quasi
1429 620 1534 647 viribus
1559 621 1656 648 nitens.
1682 620 1752 647 Item

979 666 1086 694 dicitur
1103 668 1204 701 virtus,
1220 666 1305 703 quasi
1319 667 1374 693 viri
1387 668 1486 694 status.

1253 760 1395 794 CAPUT
1419 761 1477 794 VI.

1179 834 1217 859 De
1234 833 1396 867 perfectione
1413 833 1552 860 virtutum.

1013 901 1086 928 Cum
1095 900 1187 928 virtus
1200 900 1232 928 in
1245 900 1346 928 medio
1362 900 1501 928 consistat
1515 900 1680 928 secundum
1691 901 1755 929 Phi—

977 947 1139 983 losophum
1149 948 1170 982 ⁵,
1184 947 1260 974 illud
1273 947 1406 975 medium
1421 949 1464 975 est
1476 947 1508 975 in
1523 947 1632 980 tribus,
1647 947 1756 975 seilicet

977 994 1008 1021 in
1022 993 1159 1029 agendis,
1175 993 1206 1021 in
1221 994 1380 1028 habendis,
1413 996 1441 1021 et
1459 994 1490 1022 in
1513 994 1701 1022 sustinendis.
1723 995 1755 1022 ln

977 1040 1115 1076 agendis,
1131 1040 1239 1068 scilicet
1254 1041 1346 1074 intra,
1363 1049 1469 1076 supra,
1486 1043 1514 1068 et
1529 1041 1601 1068 citra
1614 1041 1752 1068 modum.

976 1087 1133 1123 Apostolus
1148 1089 1157 1104 Β
1175 1096 1181 1114 :
1198 1088 1369 1115 Rationabile
1394 1089 1432 1114 sit
1452 1088 1607 1122 obsequium
1626 1091 1753 1115 vestrum.

977 1135 1009 1162 In
1025 1134 1188 1168 habendis,
1212 1134 1320 1162 scilicet
1335 1133 1411 1161 inter
1425 1133 1610 1170 superfluum
1633 1136 1661 1161 et
1679 1134 1756 1162 indi-

977 1181 1107 1215 gentiam
1128 1181 1139 1198 ⁷
1165 1190 1171 1208 :
1194 1182 1316 1208 Divitias
1337 1184 1361 1208 et
1380 1183 1569 1215 paupertatem
1584 1184 1626 1214 'ste
1649 1181 1755 1209 dederis

977 1228 1054 1254 mihi.
1079 1229 1111 1255 In
1135 1227 1330 1261 sustinendis,
1354 1226 1464 1254 scilicet
1489 1227 1564 1254 inter
1592 1226 1702 1254 elevari
1723 1227 1755 1254 in

977 1273 1127 1309 prosperis
1139 1295 1147 1308 ,
1164 1275 1192 1301 et
1214 1273 1302 1308 dejici
1325 1273 1356 1300 in
1371 1273 1519 1307 adversis,
1534 1273 1615 1301 unde
1630 1273 1707 1300 illud
1720 1272 1730 1288 ⁸
1747 1282 1754 1300 ι

977 1322 1038 1348 Non
1053 1320 1225 1347 declinabitis
1235 1342 1244 1352 ,
1259 1328 1342 1355 neque
1355 1320 1391 1347 ad
1407 1320 1556 1351 dez-teram,
1571 1328 1654 1355 neque
1667 1320 1703 1347 ad
1717 1322 1754 1347 si-

977 1369 1100 1394 nistram.
1117 1367 1267 1402 Multiplex
1283 1369 1326 1394 est
1345 1366 1504 1403 perfectio,
1522 1366 1631 1394 scilicet
1647 1369 1671 1394 1.
1697 1366 1756 1393 suf-

977 1413 1110 1441 ficientiae
1122 1422 1128 1441 ε
1142 1414 1220 1441 hanc
1232 1413 1343 1440 habent
1357 1421 1462 1441 omnes
1474 1413 1628 1440 existentes
1642 1413 1673 1440 in
1687 1413 1755 1441 cha-

977 1461 1071 1488 ritate.
1086 1461 1113 1487 2.
1135 1460 1251 1488 Ordinis
1267 1469 1274 1487 ε
1290 1460 1379 1494 hujus
1397 1459 1554 1495 proprium
1575 1461 1617 1487 est
1637 1467 1754 1487 servare

978 1506 1199 1534 continentiam.
1222 1508 1248 1533 3.
1274 1506 1435 1541 Religionis
1458 1515 1464 1532 :
1488 1506 1575 1540 hujus
1598 1506 1754 1541 proprium

978 1555 1019 1581 est
1028 1553 1197 1580 renuntiare
1207 1553 1357 1580 omnibus.
1372 1554 1398 1579 4.
1415 1551 1609 1579 Pras-lationis:
1624 1552 1663 1579 ad
1676 1552 1753 1579 hanc

976 1600 1102 1635 pertinet
1117 1607 1228 1635 ponere
1244 1599 1376 1626 animam
1389 1607 1444 1634 pro
1460 1599 1567 1626 ovibus
1582 1599 1651 1626 suis.
1669 1600 1694 1625 5.
1707 1599 1755 1626 Se-

978 1646 1106 1674 curitatis
1127 1646 1237 1681 :hujus
1257 1645 1411 1681 proprium
1436 1646 1478 1672 est
1496 1645 1606 1672 habere
1627 1646 1754 1672 mortem

979 1694 1010 1721 in
1025 1692 1188 1727 desiderio,
1205 1694 1233 1720 et
1247 1692 1339 1719 vitam
1355 1692 1385 1719 in
1399 1692 1550 1727 patientia.
1567 1692 1611 1719 Ad
1625 1691 1754 1727 primam

978 1739 1190 1776 perfectionem
1203 1740 1317 1766 tenetur
1328 1738 1468 1774 quilibet,
1482 1738 1521 1766 ad
1532 1738 1668 1766 ultimam
1682 1746 1753 1765 vero

978 1786 1077 1814 nullus
1090 1787 1220 1820 tenetur3
1238 1785 1290 1813 sed
1302 1785 1341 1813 ad
1355 1786 1412 1813 tres
1426 1785 1540 1812 medias
1554 1786 1690 1813 tenentur
1705 1784 1755 1812 ali-

978 1833 1030 1869 qui
1045 1841 1081 1860 ex
1096 1832 1202 1860 causis.

1015 1879 1109 1906 Virtus
1120 1880 1308 1914 eomparatur
1319 1878 1418 1906 multis
1427 1879 1532 1912 rebuS,
1541 1878 1651 1906 scilieet
1664 1881 1690 1906 1.
1705 1885 1755 1905 au-

977 1934 1011 1953 ro
1022 1927 1032 1943 ⁹
1049 1935 1055 1952 :
1072 1926 1178 1952 Aurum
1191 1926 1290 1960 probat
1302 1926 1410 1958 sornam.
1427 1927 1452 1952 2.
1467 1925 1614 1952 Thesauro
1629 1925 1755 1952 abscon-

979 1973 1040 2000 dito
1048 1973 1069 1989 ¹0
1080 1982 1086 2000 :
1098 1973 1192 2000 Simile
1205 1975 1243 1999 est
1253 1980 1364 2006 regnum
1377 1973 1497 1999 coelorum
1510 1972 1632 1999 thesauro
1648 1973 1753 1998 abscon-

979 2020 1047 2046 dito.
1064 2022 1089 2048 3.
1106 2018 1234 2046 Gemmis
1251 2019 1270 2035 ¹¹
1289 2028 1295 2045 :
1313 2019 1398 2051 Quasi
1416 2026 1463 2045 vas
1479 2020 1542 2045 auri
1556 2018 1673 2045 solidum
1684 2038 1693 2052 ,
1714 2026 1754 2044 or—

978 2068 1071 2092 natum
1086 2068 1159 2092 omui
1169 2066 1262 2100 lapide
1272 2067 1396 2100 pretioso.
1414 2067 1441 2092 4.
1456 2065 1549 2092 Armis
1562 2064 1582 2081 ¹²
1599 2073 1604 2090 :
1620 2064 1754 2096 Quomodo

978 2112 1129 2138 ceciderunt
1145 2113 1227 2144 fortes
1242 2113 1272 2137 in
1285 2112 1381 2145 praelz'o
1391 2132 1400 2142 ,
1417 2113 1442 2137 et
1455 2112 1594 2145 perierunt
1609 2118 1686 2136 arma
1700 2111 1754 2136 bel-

979 2159 1046 2184 lica?
1061 2159 1086 2184 5.
1104 2157 1267 2184 Arboribus
1283 2157 1304 2174 ¹³
1321 2166 1326 2183 :
1348 2157 1441 2183 Omnis
1464 2157 1542 2183 arbor
1567 2157 1633 2183 bona
1647 2157 1752 2189 fructus

979 2204 1056 2230 bonos
1071 2205 1151 2236 facit.
1169 2204 1206 2230 De
1222 2203 1278 2230 hoc
1294 2204 1376 2237 Ilugo
1395 2203 1432 2230 de
1445 2203 1471 2230 S.
1483 2203 1597 2230 Victore
1613 2211 1619 2229 z
1638 2202 1755 2229 «Arbor

978 2249 1128 2285 sapientiae
1142 2257 1195 2285 per
1214 2249 1352 2276 timorem
1369 2249 1540 2283 seminatur,
1557 2257 1611 2284 per
1631 2249 1755 2284 gratiam

978 2295 1124 2330 irrigatur,
1145 2303 1198 2331 per
1212 2296 1303 2323 fidem
1317 2295 1477 2329 radicatur,
1496 2303 1549 2330 per
1565 2295 1755 2322 devotionem

979 2342 1138 2376 germinat,
1154 2350 1207 2378 per
1223 2342 1404 2369 desiderium
1424 2342 1539 2375 crescit,
1560 2350 1614 2377 per
1629 2342 1754 2369 charlta-

978 2389 1038 2415 tem
1053 2388 1222 2422 roboratur,
1235 2396 1289 2424 per
1300 2396 1383 2424 spem
1398 2388 1481 2421 viret,
1492 2395 1545 2423 per
1560 2388 1753 2423 circumspec<

979 2434 1090 2461 tionem
1100 2434 1232 2469 frondet,
1245 2442 1299 2470 per
1311 2434 1498 2470 disciplinam
1509 2434 1607 2467 floret,
1620 2441 1674 2469 per
1685 2433 1753 2460 doc-
1804 2441 1807 2442 ⁷

978 2480 1085 2508 trinam
1107 2481 1277 2515 fructificat,
1298 2489 1351 2516 per
1374 2481 1547 2516 patientiam
1566 2480 1751 2514 maturescit,

979 2579 1009 2583 —
1023 2567 1033 2583 5
1048 2567 1134 2597 Arist„
1151 2566 1244 2596 Elhz'c„
1262 2566 1306 2589 lib.
1324 2567 1354 2596 II,
1370 2573 1392 2589 c.
1409 2572 1443 2590 Vl.
1463 2580 1489 2583 —
1508 2567 1516 2580 ⁵
1531 2566 1606 2594 Rom,
1623 2571 1670 2596 1411,
1688 2568 1708 2589 1.
1726 2578 1751 2582 —

980 2603 986 2615 ⁷
1003 2602 1086 2632 Prov„
1101 2608 1168 2632 xxx,
1183 2603 1238 2625 8.—
1250 2602 1257 2615 Β
1275 2602 1359 2626 Dent..
1373 2607 1397 2632 v,
1409 2603 1478 2626 353.—
1491 2603 1500 2618 ‘³
1520 2602 1602 2630 Proin,
1618 2606 1702 2629 xxvn,
1713 2602 1752 2624 21.

979 2650 1008 2654 -
1023 2638 1040 2654 ¹⁰
1054 2637 1159 2667 Mutllz„
1174 2643 1240 2665 xm,
1256 2638 1327 2660 44.—
1343 2638 1357 2651 ¹¹
1375 2637 1464 2666 Eccli„
1478 2644 1507 2667 L,
1524 2638 1595 2660 10.—
1609 2637 1629 2652 ¹2²
1645 2636 1663 2659 ll
1683 2636 1752 2666 Κεφ,

980 2679 997 2702 1,
1015 2674 1053 2697 27.
1066 2686 1096 2691 —
1117 2674 1134 2690 ¹³
1149 2672 1254 2703 Mami„
1273 2678 1318 2703 vu,
1336 2675 1413 2697 sl.—
1425 2674 1457 2703 (a)
1472 2672 1512 2696 Al.
1529 2672 1672 2696 terminata.
