2004 3037
339 268 397 297 196

598 377 741 412 CAPUT
766 376 852 411 LVI.

522 451 560 477 De
579 449 704 478 Sensibus
721 449 922 485 spiritualibus.

376 521 429 547 Per
451 527 554 547 sensus
575 518 741 555 spirituales
758 517 884 554 percipit
907 517 1008 546 anima
1029 517 1114 554 spiri-

339 565 449 601 tualia,
466 574 532 602 quoe
551 565 582 593 in
597 565 699 602 sponsi
714 565 760 593 sui
779 564 1000 601 pulchritudine
1020 564 1116 600 perci-

339 619 409 648 pere
423 612 468 640 fas
482 614 533 640 est.
548 611 608 640 Sub
622 612 735 640 ratione
745 611 914 648 splendoris
928 610 1011 639 audit
1025 619 1115 638 amoe-

339 658 492 687 nissimam
505 659 710 694 harmoniam;
722 659 777 687 suh
792 659 905 687 ratione
919 658 1003 686 verbi
1020 657 1116 685 incar-

339 705 400 734 nati
416 707 512 741 gustat
525 713 675 734 summam
694 705 885 733 dulcedinem
900 713 906 732 :
931 704 986 733 sub
1001 705 1115 732 ratione

339 752 489 789 sapientiae
516 752 794 788 comprehendentis
812 754 983 788 utrumque,
1008 751 1117 778 scilicet

339 799 466 827 verbum
489 801 517 827 et
537 798 743 835 splendorem,
764 798 872 827 odorat
894 805 1043 826 summam
1057 797 1117 824 fra-

341 846 486 881 grantiam
497 856 506 881 3
521 845 576 874 sub
592 845 706 874 ratione
721 845 805 873 verbi
825 844 958 881 inspirati
981 845 1012 871 in
1026 842 1116 871 corde

340 893 433 928 tangit
447 900 595 920 summam
609 892 797 927 suavitatem;
821 891 876 919 sub
896 891 1010 918 ratione
1031 889 1116 918 verbi

339 940 496 972 incarnati,
513 941 540 967 et
564 939 639 967 inter
652 947 707 967 nos
731 937 924 975 corporaliter
938 936 1117 971 habitantis,

338 986 489 1014 reddentis
504 994 534 1014 se
549 985 636 1014 nobis
650 985 835 1022 palpabilem
859 987 887 1012 et
901 983 1116 1018 osculabilem‚

337 1033 462 1069 percipit
476 1032 714 1060 ardentissimam
723 1031 905 1059 charitatem.
919 1033 959 1059 Ex
969 1030 1117 1067 praedictis

337 1081 418 1117 patet
434 1079 517 1116 quod
532 1087 634 1107 sensus
649 1078 815 1114 spirituales
831 1078 970 1106 dicuntur
985 1085 1116 1114 concep-

338 1127 431 1155 tiones
441 1126 582 1154 mentales
593 1126 670 1154 circa
677 1125 830 1153 veritatem
841 1125 1114 1161 contemplandam,

339 1182 404 1210 quae
420 1173 543 1210 quidem
564 1172 775 1208 contemplatio
798 1172 900 1208 incipit
923 1180 940 1199 a
959 1179 1066 1205 sensu,
1090 1172 1118 1198 et

338 1220 473 1256 pervenit
488 1219 527 1248 ad
542 1219 797 1254 imaginationem,
813 1222 841 1246 et
855 1219 893 1246 de
904 1218 1117 1254 imaginatione

338 1267 377 1295 ad
391 1267 556 1300 rationem,
572 1268 600 1294 et
622 1265 659 1294 de
673 1266 787 1294 ratione
807 1265 847 1293 ad
868 1265 1064 1299 intellectum,
1089 1266 1118 1292 et

339 1313 376 1342 de
400 1313 548 1342 intellectu
567 1312 606 1340 ad
630 1312 854 1348 intelligentiam
865 1334 874 1347 ,
898 1315 926 1340 ct
950 1312 986 1340 de
1011 1312 1117 1340 intelli-

338 1361 437 1396 gentia
460 1360 500 1388 ad
523 1359 714 1396 sapientiam,
745 1359 806 1387 sive
830 1359 966 1387 notitiam
993 1359 1117 1387 excessi-

337 1415 407 1435 vam
418 1427 427 1441 ,
443 1415 509 1443 quae
525 1407 628 1442 incipit
648 1406 696 1434 hic
720 1406 750 1434 in
765 1406 813 1434 via
825 1427 833 1440 ,
852 1407 879 1434 et
894 1406 1118 1434 consummatur

339 1454 369 1482 in
383 1453 488 1489 gloria.

594 1534 737 1568 CAPUT
761 1533 862 1567 LVII.

515 1614 554 1640 De
571 1613 713 1640 Fructibus
732 1612 936 1648 spiritualibus.

378 1691 497 1717 Fructus
521 1688 682 1716 duodecim
707 1687 873 1724 spirituales
900 1696 960 1715 non
983 1688 1121 1715 dicuntur

343 1736 414 1763 novi
427 1735 556 1769 habitus,
571 1735 623 1762 sed
638 1736 729 1762 status
743 1734 994 1768 consolationum,
1011 1734 1121 1770 quibus

344 1782 514 1810 consolatur
529 1781 646 1817 spiritus
668 1781 816 1816 justorum
834 1790 840 1808 ε
864 1783 891 1807 et
904 1781 964 1808 islae
984 1781 1120 1808 consola-

344 1829 438 1856 tiones
460 1829 682 1864 consequuntur
702 1835 794 1863 opera
816 1826 953 1862 perlecta.
972 1828 1044 1855 Sunt
1065 1835 1119 1854 au·

344 1877 404 1903 tem
430 1875 475 1902 isti
502 1874 632 1902 fructus¹
652 1875 786 1905 charitas,
805 1874 952 1908 qaudium,
978 1882 1050 1909 pax,
1068 1882 1121 1908 pa-

346 1923 458 1954 utentia,
476 1922 687 1955 lonqam'mz‘tas,
709 1922 832 1953 bonnas,
855 1921 1023 1954 benignitas,
1045 1929 1122 1948 man-

345 1969 456 1996 suetudo
467 1989 476 2003 ,
491 1969 572 2002 fides,
586 1968 734 2002 modestia,
751 1969 804 1994 etc.

593 2061 735 2095 CAPUT
759 2061 875 2094 Lvffl.

563 2134 600 2160 De
626 2134 726 2167 Dulia,
754 2135 778 2160 et
805 2133 909 2159 Lau-ia.

386 2202 480 2231 Latria
490 2203 532 2230 est
541 2202 675 2233 servitus,
687 2203 714 2228 et
725 2200 888 2228 reverentia
903 2201 962 2228 Deo
975 2201 1105 2229 exhibita
1118 2210 1124 2229 ι

351 2249 430 2277 uude
446 2249 468 2276 si
486 2249 624 2276 creaturae
640 2247 795 2275 exhibetur
810 2247 907 2274 honor
922 2248 979 2275 Deo
993 2247 1126 2282 debitus,

352 2297 395 2323 est
431 2294 611 2322 idololatria.
645 2293 740 2320 Latria
771 2294 869 2320 autem
905 2294 1129 2329 comprehcndit

353 2342 500 2378 quinque,
518 2341 628 2368 scilicet
648 2340 756 2373 fidem,
773 2339 969 2375 sapientiam,
993 2348 1129 2368 reveren-

351 2389 437 2423 tiam,
459 2386 653 2419 sacrificium,
678 2387 706 2413 et
728 2385 892 2413 orationem
915 2395 921 2412 :
948 2387 1044 2421 prima
1066 2387 1127 2415 duo

354 2436 421 2462 sunt
434 2433 546 2467 cordis:
564 2433 622 2460 alia
637 2432 697 2460 duo
716 2433 784 2459 sunt
800 2432 916 2467 operis3
933 2433 1072 2461 ultimum
1087 2435 1130 2461 est

355 2481 423 2509 oris.
441 2480 524 2508 Dulia
539 2479 664 2507 debetur
679 2480 837 2513 creaturae,
864 2478 895 2506 in
919 2481 1063 2513 quantum
1090 2482 1132 2507 cst

356 2528 455 2562 imago
472 2526 520 2554 Dei
536 2535 543 2554 τ
560 2525 639 2554 unde
656 2525 738 2553 dulia
752 2525 795 2552 cst
808 2525 916 2559 honor,
937 2525 988 2561 qui
1006 2526 1131 2555 debetur

357 2574 474 2602 sanctis.
490 2572 572 2601 Unde
591 2572 628 2599 de
643 2571 730 2599 beata
748 2571 865 2606 Virgine
887 2571 1042 2599 sciendum
1069 2575 1130 2608 cst,

358 2620 441 2657 quod
455 2620 484 2648 in
500 2620 646 2656 quantum
668 2620 712 2646 cst
725 2625 852 2653 persona
874 2619 974 2645 sancta
984 2639 993 2652 ,
1009 2618 1132 2647 debetur

392 2721 399 2735 ¹
417 2719 486 2748 Gau,
501 2724 525 2749 v,
541 2720 579 2742 22.

672 261 930 296 COMPENDIUM
949 260 1210 296 THEOLOGICAE
1230 259 1454 294 VERITATIS.
1477 258 1553 292 LlB.
1576 259 1614 292 V.

1171 329 1198 358 ei
1212 329 1311 364 dulia;
1328 328 1382 357 sed
1397 328 1429 356 in
1452 328 1598 365 quantum
1617 328 1712 356 mater
1726 327 1797 363 Dei,
1820 328 1947 358 debetur

1171 375 1198 404 ei
1211 375 1406 413 hyperdulia,
1427 374 1459 403 id
1479 376 1522 403 est
1527 395 1537 410 ,
1557 373 1693 411 superior
1711 373 1805 403 dulia.
1823 375 1898 404 Sane
1922 376 1946 404 si

1169 429 1315 458 persona,
1342 422 1390 450 cui
1411 421 1537 450 debetur
1551 421 1649 456 dulia,
1665 422 1709 449 est
1729 421 1761 449 in
1774 421 1946 457 praelatione

1171 470 1342 504 constituta,
1358 468 1483 497 debetur
1497 468 1524 496 ei
1537 468 1703 496 reverentia
1712 488 1721 503 ‚
1736 476 1802 505 quae
1817 468 1948 498 consistit

1171 515 1202 544 in
1225 515 1396 544 obedientia
1421 515 1634 544 mandatorum
1645 536 1654 550 ,
1670 516 1699 542 et
1719 515 1750 543 in
1765 514 1947 544 exhibitione

1170 562 1330 590 honorum.
1346 563 1374 591 Si
1389 563 1490 590 autem
1503 563 1546 590 est
1559 569 1688 599 persona
1702 561 1840 598 simplex,
1856 561 1947 589 debe-

1170 611 1218 637 tur
1231 609 1396 638 reverentia
1413 611 1546 644 tantum,
1561 617 1629 645 quae
1644 608 1775 637 consistit
1788 609 1819 636 in
1831 608 1948 637 exhibi-

1170 656 1251 684 tione
1261 655 1420 684 honorum.
1431 656 1613 693 Hyperdulia
1623 657 1723 684 autem
1733 655 1859 684 debetur
1869 663 1949 684 crea-

1171 705 1243 732 turae
1267 703 1441 738 excellenti,
1465 704 1539 732 sicut
1560 705 1603 732 est
1628 711 1697 732 caro
1719 703 1839 738 Christi,
1861 703 1947 731 beata

1171 751 1280 787 Virgo,
1295 759 1367 779 crux
1382 750 1496 779 Christi.
1519 750 1602 778 Unde
1624 750 1779 778 sciendum
1803 752 1845 778 est
1865 749 1949 786 quod

1171 797 1254 832 ligno
1269 805 1347 825 verae
1361 797 1455 824 crucis
1470 797 1592 832 Christi,
1607 797 1643 830 ‚in
1667 805 1728 834 quo
1749 797 1909 834 pependit,
1924 796 1949 824 si

1172 845 1209 873 sit
1227 845 1446 881 configuratum
1469 845 1554 880 signo
1576 844 1728 880 crucifixi,
1748 844 1875 873 debetur
1894 844 1949 880 hy-

1170 892 1326 929 perdulia,
1347 892 1418 929 quia
1439 891 1494 920 suit
1517 891 1746 920 instrumentum
1770 893 1877 920 nostrae
1901 899 1947 919 re-

1172 938 1361 976 demptionis.
1377 939 1521 968 Crucibus
1536 940 1635 967 autem
1649 938 1742 974 factis,
1757 938 1788 966 in
1802 941 1948 975 quantum

1172 988 1240 1014 sunt
1259 986 1338 1021 ligna
1362 986 1423 1014 sive
1447 994 1494 1014 res
1515 985 1604 1020 tales,
1626 985 1700 1014 nihil
1719 985 1844 1014 debetur
1864 995 1871 1013 :
1896 985 1949 1014 sed

1172 1033 1309 1061 crucibus
1323 1032 1406 1061 factis
1420 1033 1451 1060 in
1465 1033 1584 1067 signum
1603 1032 1706 1060 Christi
1722 1032 1871 1066 crucifixi,
1895 1032 1948 1060 de-

1171 1079 1257 1108 betur
1278 1079 1369 1107 dulia.
1393 1079 1574 1114 Imaginibus
1594 1079 1673 1107 enim
1697 1079 1803 1108 eadem
1825 1079 1950 1108 debetur

1172 1126 1325 1160 adoratio,
1350 1134 1416 1163 quoe
1438 1126 1565 1154 debetur
1587 1129 1614 1154 et
1628 1126 1705 1161 illis,
1727 1135 1858 1163 quorum
1881 1127 1950 1154 sunt

1172 1173 1317 1209 imagines
1331 1182 1336 1201 :
1353 1181 1415 1201 non
1427 1173 1511 1209 quod
1525 1173 1555 1200 in
1566 1175 1711 1209 quantum
1725 1181 1771 1202 res
1783 1173 1866 1202 sactae
1878 1173 1949 1201 ado-

1172 1221 1292 1255 rantur-3
1309 1219 1361 1248 sed
1373 1219 1457 1256 quod
1479 1219 1540 1255 illa,
1556 1227 1685 1256 quorum
1701 1222 1770 1248 sunt
1785 1220 1950 1256 imagines,

1173 1266 1343 1295 adoramus.

1433 1349 1576 1383 CAPUT
1601 1349 1687 1383 LlX.

1378 1429 1415 1456 De
1433 1412 1587 1464 Proeceptis-
1595 1430 1624 1456 in
1643 1436 1745 1463 qenere.

1211 1505 1387 1540 Praeceptum
1401 1506 1443 1531 est
1455 1503 1614 1540 imperium
1628 1503 1755 1532 faciendi
1767 1503 1892 1540 aliquid,
1903 1503 1951 1533 vel

1174 1558 1236 1579 non
1257 1550 1394 1578 faciendi.
1415 1551 1630 1587 Praeceptorum
1655 1550 1713 1579 alia
1735 1552 1803 1578 sunt
1823 1549 1953 1579 affirma-

1174 1598 1243 1631 tiva,
1259 1600 1290 1625 ut
1306 1607 1312 1625 z
1331 1599 1439 1625 Honora
1453 1601 1574 1633 patrem3
1591 1597 1649 1625 alia
1661 1598 1810 1633 negativa,
1825 1599 1876 1625 ut:
1893 1598 1954 1626 Non

1174 1645 1286 1672 occides.
1310 1645 1456 1680 Praecepta
1474 1644 1665 1679 affirmativa,
1691 1644 1786 1672 stricte
1806 1644 1954 1673 sumendo

1176 1691 1315 1718 dicuntur
1324 1694 1474 1726 1>roeceptn;
1490 1691 1542 1719 sed
1559 1691 1697 1726 negativa
1712 1690 1849 1719 dicuntur
1863 1691 1956 1726 prohi-

1175 1738 1298 1764 bitiones.
1316 1739 1461 1773 Praecepta
1481 1737 1657 1765 affirmativa
1674 1737 1808 1772 obligant
1828 1746 1954 1773 semper,

1175 1783 1227 1811 sed
1254 1792 1314 1811 non
1336 1783 1375 1811 ad
1396 1792 1530 1819 semper3
1556 1784 1694 1819 negativa
1716 1791 1788 1811 vero
1821 1784 1956 1820 obligant

1176 1838 1303 1866 semper,
1324 1832 1352 1857 et
1373 1830 1411 1857 ad
1430 1838 1556 1866 semper.
1574 1832 1719 1866 Proecepta
1733 1830 1871 1866 Decalogi
1884 1839 1954 1867 pos-

1176 1879 1243 1904 sunt
1258 1876 1315 1904 dici
1331 1876 1414 1911 data,
1431 1876 1478 1904 vel
1493 1877 1602 1905 innata.
1619 1877 1716 1904 Primo
1735 1877 1827 1905 modo
1842 1879 1956 1906 tantum

1175 1923 1323 1958 pertinent
1347 1923 1386 1950 ad
1413 1923 1560 1959 populum
1588 1923 1777 1951 israeliticum
1787 1933 1795 1959 3
1825 1924 1956 1952 secundo

1177 1970 1270 1998 modo
1290 1977 1394 1997 omnes
1409 1969 1559 2005 obligant:
1580 1971 1651 2006 quia
1665 1970 1815 2006 quidquid
1829 1971 1958 1999 continet

1180 2017 1343 2053 Decalogus
1365 2017 1516 2053 explicite,
1535 2017 1593 2045 hoe
1613 2017 1742 2045 continet
1762 2017 1810 2046 lex
1833 2019 1957 2052 naturae,

1180 2073 1246 2101 quie
1265 2065 1373 2100 scripta
1395 2066 1436 2092 est
1454 2065 1484 2092 in
1503 2063 1593 2092 corde
1613 2064 1786 2100 cujuslibet,
1806 2064 1955 2100 implicite.

1180 2112 1258 2141 istud
1280 2113 1358 2140 enim
1385 2115 1565 2149 praeceptum
1589 2111 1663 2147 legis
1687 2113 1816 2139 naturae:
1840 2111 1958 2145 «Quod

1181 2159 1233 2187 tibi
1249 2167 1310 2187 non
1325 2159 1369 2186 vis
1384 2159 1458 2193 lieri,
1475 2159 1540 2185 aliis
1555 2166 1591 2186 ne
1606 2158 1743 2192 sece1¹iS,»
1759 2157 1884 2185 includit
1897 2158 1958 2186 haec

1180 2208 1346 2242 praecepta:
1371 2206 1431 2232 Non
1454 2205 1569 2237 occides,
1592 2205 1653 2232 Νοη
1679 2206 1786 2238 furtum
1808 2206 1907 2238 facies,
1932 2206 1959 2232 ct

1182 2251 1365 2286 hujusmodi,
1377 2259 1443 2287 quae
1456 2250 1617 2286 Decalogus
1631 2250 1715 2286 ponit
1727 2250 1959 2286 explicite.Quae-

1182 2298 1252 2325 dam
1267 2300 1412 2333 praecepta
1427 2298 1579 2333 ponuntur
1593 2297 1776 2333 imperative,
1790 2297 1841 2324 illa
1852 2297 1961 2325 scilicet

1183 2352 1249 2380 quse
1264 2346 1331 2371 sunt
1349 2343 1540 2379 affirmativa;
1561 2344 1698 2379 quaedam
1717 2343 1889 2378 indicative,
1905 2343 1960 2371 sci-

1183 2390 1250 2418 licet
1263 2390 1418 2425 negativa:
1441 2393 1470 2418 et
1491 2390 1548 2418 hoc
1569 2390 1652 2425 ideo,
1673 2390 1743 2426 quia
1759 2389 1907 2417 difficilius
1919 2392 1962 2418 est

1183 2438 1279 2466 facere
1294 2438 1423 2471 bonum,
1444 2445 1535 2474 quam
1554 2437 1703 2465 declinare
1718 2436 1845 2471 malum;
1861 2437 1961 2473 plures

1185 2484 1263 2511 enim
1287 2483 1317 2511 in
1336 2484 1472 2512 faciendo
1494 2484 1608 2512 honum
1628 2483 1818 2519 requiruntur
1836 2483 1960 2511 circum-

1185 2530 1306 2558 stantiae.
1330 2531 1361 2557 In
1388 2530 1569 2567 quibusdam
1592 2530 1744 2566 praeceptis
1768 2530 1962 2566 prohibentur

1186 2579 1282 2611 actus,
1298 2576 1416 2605 habitus
1438 2579 1465 2605 et
1479 2577 1601 2605 affectus
1609 2597 1618 2611 ,
1633 2578 1665 2604 ut
1679 2579 1758 2613 patet
1772 2577 1802 2604 in
1816 2576 1861 2604 his
1874 2586 1880 2603 :
1901 2577 1962 2605 Non

1186 2624 1371 2656 moechaberis,
1386 2625 1447 2652 Non
1461 2624 1627 2659 concupisces
1644 2631 1753 2651 uxorem
1770 2625 1891 2658 proximi
1904 2624 1960 2656 tui,

1188 2669 1260 2706 quia
1274 2670 1419 2706 appetitus
1433 2671 1476 2698 est
1491 2669 1580 2698 nimis
1595 2669 1781 2698 inordinatus
1797 2669 1836 2697 ad
1853 2669 1915 2698 illa.
1931 2671 1963 2698 ln

1191 2716 1372 2751 quibusdam
1391 2716 1583 2745 solummodo
1601 2716 1795 2753 prohibentur
1814 2719 1911 2751 actus,
1932 2719 1964 2744 ut
