2004 3037
24 1075 56 1096 Ad
63 1077 102 1098 lx.

776 198 959 236 QUAESi'io
983 198 1113 230 UNiCA.
1716 204 1754 234 53

135 270 195 298 Deo
219 269 350 305 cogitare
373 275 434 296 non
461 266 613 300 debeam,
637 273 692 294 nec
717 266 754 294 de
777 266 914 301 angelis?

136 316 313 350 dicendum,
324 314 408 351 quod
419 313 518 342 solum
532 312 643 355 aspiret
659 313 704 349 (a),
719 314 746 341 et
761 313 914 349 cogitabit.

135 364 216 392 Unde
231 362 301 391 tunc
315 362 378 390 sine
397 361 500 398 aliqua
522 359 701 396 cogitatione
723 359 760 388 de
776 361 852 395 Deo,
867 360 916 388 vel

135 411 172 440 de
196 411 276 445 aliis,
295 410 320 438 si
340 417 424 438 mens
445 408 612 437 secundum
631 407 714 436 viam
726 407 915 444 purgativam

134 460 177 487 est
198 458 384 494 aliquatenus
399 457 581 493 praeparata,
605 454 629 482 si
653 454 779 482 nesciret
799 454 858 482 alia
873 454 915 482 di-

134 513 199 534 cere
222 504 279 533 nisi
302 505 360 532 hoc
381 503 474 531 modo
499 509 678 537 consurgere
692 523 701 535 ,
726 501 828 530 dicens
847 501 913 530 sic:

133 553 155 581 Ο
170 551 311 585 Domine,
325 550 449 587 quando
461 551 488 578 te
504 549 650 585 diligam?
664 548 788 585 quando
804 550 831 576 te
846 557 915 577 con-

132 599 296 634 stringam?
311 598 335 626 si
349 598 405 625 hoc
424 597 584 633 saepissime
598 596 813 632 frequentaret,
830 595 914 624 citius

131 654 163 674 se
177 645 263 674 sciret
278 643 548 681 experimentaliter
568 643 764 678 inflammari,
783 651 875 679 quam
890 643 914 671 si

132 693 169 721 de
191 691 390 720 secretissimis
406 690 592 725 coelestibuS,
610 691 638 718 et
657 691 766 718 aeterna
787 698 914 725 genera-

131 739 226 773 tione,
240 738 289 766 vel
310 738 502 775 processione
522 737 632 765 millies
655 736 807 772 cogitaret.
832 736 913 765 Unde

130 785 186 814 ista
210 787 252 814 est
272 785 385 822 optima
408 784 547 819 stultitia,
572 784 609 812 de
633 792 694 820 qua
720 783 790 811 dicit
807 784 913 811 beatus

131 832 288 869 Dionysius
303 832 344 860 sic
357 834 386 860 ¹:
409 842 422 858 α
438 833 517 859 Hanc
537 831 628 867 igitur
649 831 768 858 stultam
791 833 818 858 et
839 830 913 858 irra-

131 879 305 907 tionabilem
313 900 322 914 ,
338 881 365 906 et
379 880 528 907 amentem
543 877 720 914 sapientiam
735 877 912 905 excedenter

130 925 286 954 laudantes
297 947 305 961 ,
322 926 464 960 dicimus,
477 925 562 961 quod
577 925 675 952 omnis
690 926 732 952 est
746 924 868 959 mentis,
885 926 913 952 et

130 973 268 1007 rationis,
283 974 310 1000 et
323 972 490 1008 prudentiae
505 979 610 1007 causa,
626 982 639 998 »
654 971 729 999 51001
744 971 856 999 dictum
870 973 912 998 est

130 1019 265 1056 superius
280 1019 312 1047 in
326 1019 520 1056 opponendo.

165 1067 210 1095 Ad
223 1075 338 1095 nonum
353 1067 530 1101 dicendum,
547 1066 632 1102 quod
652 1067 727 1093 Deus
746 1066 911 1094 secundum

130 1114 402 1142 consurrectionem
416 1113 496 1141 illius
511 1113 662 1149 sapientiae
676 1113 911 1149 apprehenditur

129 1169 182 1197 per
202 1161 329 1189 modum
343 1161 427 1196 entis,
443 1169 498 1189 nec
509 1162 540 1188 ut
552 1168 658 1194 unum,
674 1167 729 1187 nec
744 1161 776 1187 ut
792 1168 908 1194 verum,

129 1216 184 1236 nee
199 1210 231 1236 ut
243 1208 370 1236 bonum.
387 1207 444 1235 Sed
468 1207 590 1243 quando
605 1206 660 1234 ista
674 1206 719 1234 vis
735 1207 842 1234 animae
859 1215 909 1234 su-

129 1263 248 1291 prema,
262 1263 327 1291 quae
342 1256 384 1282 est
396 1263 471 1290 apex
488 1254 624 1289 affectus,
641 1253 771 1289 tangitur
786 1253 824 1281 ab
839 1254 909 1289 igne

130 1301 240 1329 amoris
255 1323 263 1336 ,
288 1301 342 1329 illo
366 1303 450 1329 motu
475 1302 503 1328 et
527 1303 605 1328 tactu
630 1300 768 1328 scintillat
788 1300 910 1328 affectus

130 1348 290 1385 aspirando
303 1349 333 1376 in
349 1350 450 1376 Deum.
466 1348 535 1376 Ideo
550 1348 656 1375 beatus
671 1347 828 1383 Dionysius
838 1347 909 1375 istos

130 1395 267 1423 doctores
283 1395 473 1422 scholasticos
492 1397 520 1422 et
539 1394 738 1430 speculativos
760 1394 907 1429 confutat,

130 1442 182 1478 qui
197 1442 299 1470 omnia
314 1450 343 1469 se
365 1442 439 1469 scire
460 1441 644 1473 existimant,
662 1450 730 1468 cum
752 1443 852 1468 tamen
872 1441 909 1468 de

129 1497 200 1517 vera
224 1488 385 1525 sapientia,
406 1496 467 1524 qua
489 1496 573 1515 mens
598 1488 637 1515 ad
661 1490 752 1515 Deum
769 1488 908 1520 trahitur,

128 1543 236 1571 parum
259 1537 309 1562 aut
332 1535 420 1569 nihil,
437 1534 493 1562 nisi
514 1534 588 1562 sorte
611 1534 843 1570 conjectet-ando
861 1535 910 1562 vel

130 1581 298 1618 opinando,
315 1583 512 1617 cognoscant,
532 1583 560 1609 et
582 1581 692 1608 talibus
712 1589 774 1609 non
798 1581 908 1609 debere

129 1629 277 1657 ullatenus
299 1629 385 1656 istam
409 1636 513 1656 veram
537 1627 713 1664 sapientiam
737 1627 908 1664 propalari,

129 1676 168 1704 ad
198 1676 384 1704 Timotheum
407 1675 560 1710 scribens,
587 1674 657 1702 dicit
682 1675 722 1702 sic
748 1676 758 1690 2
781 1684 787 1701 ι
811 1674 908 1703 «Vide

130 1724 228 1751 autem
242 1731 279 1750 ne
295 1722 361 1758 quis
381 1722 572 1750 indoctorum
591 1721 646 1749 ista
667 1721 787 1754 audiat,
803 1721 908 1749 indoc-

129 1772 174 1798 tos
189 1770 256 1798 dico
267 1791 276 1803 ,
293 1770 345 1806 qui
359 1770 551 1797 existentibus
574 1770 641 1796 sunt
661 1768 785 1803 firmati,
800 1780 813 1794 n
832 1771 885 1796 ete.
899 1779 907 1804 ς

129 1819 157 1845 01
182 1817 213 1845 10
238 1817 311 1844 tales
334 1817 460 1844 irridens
477 1838 486 1851 ‚
514 1816 554 1843 sic
580 1816 667 1843 infert
695 1816 792 1843 statim
814 1818 905 1852 post:

132 1874 145 1889 ι(
160 1863 215 1897 Qui
230 1871 283 1891 sua
293 1863 486 1890 aestimatione
498 1863 622 1890 credunt
638 1862 739 1890 divina
754 1863 906 1899 percipere

129 1910 263 1945 ingenio,
278 1910 326 1938 vel
346 1910 472 1938 scientiae
491 1909 687 1946 plenitudine.
707 1910 751 1938 Sic
771 1909 907 1937 indoctos

129 1960 228 1986 autem
253 1958 339 1992 (1100,
356 1969 368 1984 »
388 1960 454 1993 etc.;
477 1960 544 1994 post
566 1968 572 1985 z
591 1959 688 1985 «Vere
713 1960 848 1994 putantes
872 1967 907 1986 ea

130 2013 196 2041 quae
206 2004 370 2032 secundum
380 2005 460 2041 ipsos
476 2005 512 2031 de
526 2005 694 2040 cognitione
705 2005 778 2032 scire
791 2014 857 2033 cum
872 2006 904 2041 (b)

130 2052 181 2088 qui
199 2051 284 2087 ponit
309 2051 446 2079 tenebras
468 2051 628 2078 latibulum
648 2060 735 2078 suum
748 2073 755 2085 ‚
771 2062 783 2077 n
804 2054 857 2079 etc.
876 2055 909 2080 Et

129 2099 186 2126 hoc
206 2101 262 2132 est,
279 2098 349 2134 quia
372 2098 427 2126 ista
450 2097 578 2132 cognitio
604 2100 646 2125 est
671 2098 796 2125 totaliter
819 2107 909 2135 supra

129 2147 276 2179 mentem,
293 2147 321 2172 et
344 2145 397 2172 ubi
419 2144 515 2172 omnis
536 2144 700 2172 intellectus
723 2145 837 2179 deticit,
856 2146 908 2181 qui

130 2200 191 2219 non
206 2191 403 2227 apprehendit
412 2191 468 2219 nisi
481 2191 536 2219 sub
552 2191 667 2218 ratione
680 2191 741 2219 veri
754 2192 801 2219 vel
814 2192 888 2219 boni
898 2202 906 2227 3

129 2237 253 2274 mystica
268 2246 340 2265 vero
356 2238 508 2273 theologia
530 2246 584 2273 per
604 2238 719 2274 apicem
746 2238 908 2266 affectionis

131 2284 217 2312 docet
232 2284 394 2320 discipulos
408 2284 538 2312 veritatis
559 2292 738 2320 consurgere
759 2293 812 2321 per
825 2293 907 2312 amo-

163 2348 194 2378 (α)
218 2348 277 2372 Coet.
294 2348 354 2371 edit.
371 2348 474 2378 aspirat.
491 2360 520 2364 —-
541 2347 573 2377 (b)
597 2348 635 2371 ΑΙ.
659 2349 763 2378 interpr.
789 2348 908 2372 lndoctos

132 2383 202 2414 (1100,
218 2383 261 2415 qui
276 2384 365 2414 rebus,
382 2384 478 2407 scilicet
492 2383 656 2414 manualibus,
675 2384 866 2414 adhaerescunt,
884 2386 907 2408 et

950 407 1188 444 ,deprimeretur
1212 415 1230 436 a
1252 415 1307 435 sua
1330 407 1495 436 elevatione
1525 408 1640 437 affectio
1667 419 1673 437 :

971 274 1051 301 rem3
1067 267 1140 301 imo,
1156 267 1239 303 quod
1258 268 1325 303 plus
1349 269 1404 303 est,
1423 275 1578 304 nunquam
1601 269 1755 298 actualiter

971 320 1056 341 mens
1081 315 1180 349 posset
1203 314 1265 342 istis
1288 314 1420 342 motibus
1440 322 1635 350 consurgere,
1655 316 1679 343 si
1699 316 1754 344 ali-

972 360 1047 396 quid
1070 360 1213 396 cogitaret
1236 369 1435 396 consurgens,
1459 361 1521 389 imo
1545 362 1754 391 miserabiliter

1700 410 1753 438 sed

970 454 1069 490 potius
1092 454 1301 483 intellectivam
1328 455 1413 490 quasi
1440 455 1652 491 pedissequam
1678 457 1750 485 sub-

971 503 1093 530 tractam
1106 501 1248 538 relinquit
1270 501 1407 534 inferius,
1423 503 1451 530 et
1465 502 1528 530 sine
1542 502 1587 530 sui
1603 503 1750 540 obsequio

971 549 1010 576 ad
1032 549 1130 577 dilecti
1145 549 1289 577 unionem
1309 549 1462 585 consurgit
1482 549 1613 578 motibus
1634 558 1752 579 sursum

970 595 1087 630 activis,
1102 596 1140 623 ab
1156 596 1221 632 ipsa
1243 595 1420 624 eminentius
1436 596 1564 631 elevata,
1581 597 1649 632 plus
1664 597 1753 626 distat

970 642 1009 670 ab
1032 650 1081 677 ea,
1108 651 1200 679 quam
1221 643 1260 670 ab
1285 645 1351 670 ortu
1374 643 1445 670 solis
1466 643 1621 679 meridies;
1648 646 1676 672 et
1694 645 1752 673 hoc

970 689 1217 726 quotiescumque
1231 689 1313 724 vult,
1329 689 1366 717 de
1382 689 1430 718 die
1445 689 1507 718 sive
1522 692 1626 725 nocte,
1642 691 1751 719 centies

969 736 1018 764 vel
1040 736 1204 772 millesies,
1229 736 1253 764 si
1280 744 1387 772 corpus
1414 739 1514 773 posset
1538 737 1691 766 sustinere.
1718 740 1751 766 Et

970 783 1054 819 quod
1078 784 1119 811 ita
1143 784 1194 818 sit,
1221 783 1359 820 exemplo
1384 783 1530 811 materiali
1556 784 1595 812 ad
1620 793 1749 820 praesens

969 832 1045 865 utar,
1067 833 1100 858 ut
1122 831 1224 859 valeas
1246 831 1420 867 intelligere.
1446 831 1609 859 Considero
1634 833 1749 860 motum

968 877 1077 913 lapidis
1105 886 1159 905 suo
1187 878 1320 913 pondere
1345 878 1518 906 naturaliter
1543 878 1749 907 descendentis

969 924 1008 952 ad
1033 926 1176 952 centrum.
1204 924 1248 952 Sic
1272 933 1325 961 per
1350 925 1470 960 pondus
1494 926 1605 954 amoris
1628 926 1749 954 affectus

968 972 1128 1009 dispositus
1144 973 1176 1001 in
1195 975 1303 1008 Deum,
1320 974 1383 1001 5100
1404 973 1487 1001 omni
1508 974 1685 1008 cogitatione
1701 974 1750 1002 vel

968 1020 1198 1055 deliberatione,
1219 1021 1390 1055 consurgit,
1406 1020 1496 1048 veluti
1520 1020 1550 1047 in
1572 1029 1660 1048 suum
1683 1029 1748 1048 cen-

967 1068 1045 1094 trum
1058 1075 1088 1094 se
1104 1067 1281 1102 extendens,
1295 1069 1322 1095 et
1336 1067 1467 1095 motibus
1481 1067 1544 1095 istis
1560 1075 1590 1094 50
1607 1067 1703 1095 elevat
1717 1068 1748 1096 in

967 1114 1108 1142 continuo
1133 1114 1280 1142 desiderio
1299 1136 1308 1149 ,
1331 1115 1415 1150 cujus
1443 1115 1697 1150 complementum
1721 1117 1749 1142 et

966 1161 1088 1189 intuitus
1107 1161 1238 1197 quietem
1253 1161 1284 1188 in
1300 1163 1410 1189 aeterna
1429 1161 1613 1189 beatitudine
1630 1161 1747 1190 obtine·

966 1209 1026 1243 bit,
1051 1209 1108 1236 nisi
1134 1208 1319 1245 quandoque
1345 1209 1385 1236 ad
1407 1209 1562 1236 modicum
1585 1210 1746 1246 temporis,

965 1255 1040 1284 sicut
1062 1258 1103 1283 est
1123 1255 1154 1283 in
1178 1258 1283 1292 raptu,
1303 1255 1406 1283 divina
1429 1256 1635 1284 sublevatione
1658 1265 1748 1293 supra

965 1303 1096 1338 seipsum
1124 1310 1187 1330 non
1214 1305 1336 1337 natura,
1362 1302 1415 1330 sed
1441 1303 1536 1338 gratia
1560 1303 1745 1331 sublimetur.

965 1350 1022 1378 Sed
1037 1350 1061 1377 si
1078 1350 1135 1378 hoe
1149 1358 1211 1377 non
1225 1351 1321 1386 potest
1344 1350 1495 1386 percipere
1521 1350 1625 1378 doctor
1643 1358 1747 1386 specu-

965 1397 1086 1431 lativus,
1100 1397 1149 1425 vel
1166 1397 1358 1425 scholasticus
1380 1397 1559 1432 discipulus,
1582 1397 1684 1426 audiat
1707 1398 1745 1425 ab

965 1444 1121 1480 Apostolo,
1139 1444 1190 1480 qui
1205 1444 1260 1472 t'uit
1273 1444 1446 1480 principalis
1461 1444 1616 1472 hierarcha
1631 1445 1745 1480 sapien-

965 1490 1024 1524 tiae,
1042 1499 1133 1526 qnam
1146 1491 1246 1518 nullus
1263 1491 1440 1526 sapientium
1457 1499 1621 1525 grzecorum
1636 1491 1744 1519 intelli-

965 1545 1033 1572 gere
1064 1538 1183 1573 potuit,
1215 1537 1359 1573 quoniam
1385 1537 1446 1564 haec
1474 1537 1617 1573 sapientia
1645 1538 1745 1565 solum

965 1584 1108 1620 spirituali
1133 1584 1352 1612 examinatione
1381 1585 1589 1619 cognoscitur,
1617 1584 1654 1612 dc
1684 1593 1745 1620 qua

964 1631 1097 1666 loquitur
1111 1630 1267 1659 Corinthiis
1282 1631 1384 1658 dicens
1399 1632 1409 1648 ³
1427 1640 1433 1658 :
1454 1641 1467 1656 ιι
1484 1631 1606 1667 Spiritus
1625 1633 1744 1665 noster,

964 1677 1079 1713 spiritui
1095 1677 1197 1705 divino
1220 1678 1336 1712 unitus,
1353 1677 1438 1705 sentit
1459 1686 1525 1714 quoe
1545 1680 1612 1706 sunt
1629 1678 1710 1713 ejus3
1728 1689 1740 1703 n

965 1727 992 1753 et
1006 1725 1069 1752 haee
1085 1725 1230 1761 sapientia
1252 1726 1308 1759 est,
1326 1733 1418 1760 quam
1439 1725 1514 1752 inter
1536 1725 1683 1760 perfectos
1697 1725 1743 1753 lo-

965 1772 1122 1808 quebatur.
1147 1772 1229 1799 Unde
1252 1772 1310 1799 hoc
1333 1774 1375 1799 est
1395 1772 1471 1799 illud
1496 1772 1580 1808 quod
1602 1772 1741 1799 Dominus

964 1819 1100 1855 promisit
1115 1818 1275 1855 apostolis,
1292 1827 1360 1846 cum
1380 1817 1472 1846 dixit⁵
1487 1828 1492 1846 :
1511 1819 1665 1846 Induz‘mt‘m'
1685 1821 1744 1846 vir-

964 1870 1021 1894 tute
1041 1875 1074 1894 em
1099 1868 1163 1894 alto.
1188 1866 1269 1893 Unde
1293 1866 1368 1893 51001
1391 1866 1529 1893 sacerdos
1553 1866 1650 1893 induit
1675 1874 1705 1893 50
1726 1875 1743 1894 a

965 1913 1075 1949 capite,
1092 1913 1132 1941 sie
1147 1913 1247 1941 anima
1261 1912 1395 1940 induitur
1407 1921 1422 1940 a
1435 1915 1517 1948 parte
1532 1914 1641 1940 summi
1656 1914 1744 1941 affec-

965 1963 1019 1988 tus.
1036 1960 1117 1988 Unde
1138 1961 1236 1996 primo
1259 1960 1388 1995 tangitur
1403 1960 1471 1994 igne
1494 1960 1616 1995 Spiritus
1631 1960 1741 1995 sancti,

965 2015 1057 2042 quam
1070 2007 1171 2042 aliqua
1181 2006 1319 2041 cogitatio
1333 2006 1440 2033 veniat.
1455 2008 1533 2034 Patet
1544 2014 1615 2041 ergo
1627 2007 1745 2034 eviden-

944 2049 1018 2087 ter,
1039 2053 1122 2089 quod
1147 2053 1247 2080 anima
1271 2061 1340 2080 vere
1369 2061 1472 2080 amans
1499 2055 1596 2088 potest
1624 2061 1746 2081 consur-

965 2108 1033 2134 gere
1049 2100 1079 2127 in
1094 2102 1185 2127 Deum
1199 2108 1253 2135 per
1273 2099 1411 2126 affectum
1426 2107 1551 2127 accenso
1567 2101 1677 2128 amoris
1693 2100 1745 2127 de-

965 2146 1075 2174 siderio
1087 2167 1096 2180 ,
1113 2146 1174 2173 sine
1190 2145 1291 2181 aliqua
1307 2145 1485 2181 cogitatione
1500 2147 1625 2181 prcevia,
1642 2148 1695 2174 etc.

966 2202 1028 2226 nihil
1041 2202 1107 2226 ultra
1118 2201 1243 2226 naturalia
1256 2201 1482 2232 supernaturaliter
1493 2208 1548 2225 csse
1562 2202 1744 2233 imaginantur,

966 2238 1026 2269 quin
1042 2238 1093 2262 imo
1109 2237 1263 2261 arbitrantur
1278 2244 1324 2261 sua
1338 2237 1484 2268 cognitione
1499 2244 1576 2261 nosse
1591 2244 1659 2261 cuni.
1677 2238 1744 2262 Bc'bl.

965 2274 1009 2298 SS⁴
1027 2275 1075 2298 ΡΙ),
1094 2274 1184 2305 Lugd.,
1200 2280 1240 2297 an.
1256 2274 1323 2297 1677.

999 2314 1004 2328 ¹
1022 2314 1107 2344 Dion,
1125 2314 1154 2336 (le
1176 2314 1249 2343 Mysi.
1271 2313 1359 2339 Tlteol..
1380 2320 1402 2336 c.
1419 2318 1445 2336 11.
1464 2327 1494 2330 —
1514 2314 1522 2326 ²
1544 2313 1616 2342 thid„
1637 2320 1659 2336 0.
1682 2320 1698 2337 1.
1715 2327 1746 2331 —

966 2350 975 2363 ³
997 2350 1004 2373 Ι
1031 2350 1098 2378 cmx,
1122 2355 1160 2379 11,
1184 2351 1196 2372 e·
1222 2351 1247 2372 01
1268 2356 1334 2379 seq„
1354 2348 1438 2379 quoad
1463 2355 1575 2372 sensum.
1596 2362 1626 2366 —-
1653 2349 1661 2364 t
1678 2349 1744 2375 Luca,

967 2390 1038 2415 xxiv,
1055 2386 1092 2409 49.
