2004 3037
229 294 289 326 378

267 370 282 387 α
296 361 305 378 ¹
323 360 384 388 Hoc
399 366 574 396 quanquam
593 358 632 388 de
650 358 855 388 sacerdotibus
867 358 1004 386 videatur

227 407 393 445 specialiter
408 406 535 442 dictum,
550 406 727 443 generaliter
741 408 843 434 tamen
856 405 894 434 de
908 405 1005 434 omni-

226 455 283 484 bus
296 453 508 491 poenitentibus
523 455 639 490 oportet
653 453 786 488 intelligi.
801 452 846 481 Ad
863 452 1004 480 imitatio-

225 510 294 530 nem
307 509 438 537 namque
454 501 534 529 illius
549 500 657 529 divinoe
676 499 840 534 sententiae,
857 499 951 527 David
966 498 1003 527 de

226 547 375 577 adulterio
392 549 419 576 et
432 547 596 576 homicidio
613 547 819 584 reprehensus,
828 545 919 574 unius
933 545 1005 574 heb-

226 595 364 624 domadae
390 594 540 630 jejunium
565 594 597 622 in
625 593 856 622 satisfactionem
882 592 1004 620 admissi

225 642 357 676 sceleris,
371 643 431 669 Deo
452 641 559 676 legitur
579 641 732 669 obtulisse.
757 640 829 668 Hinc
850 639 939 668 etiam
954 647 1004 667 ec-

225 688 388 717 clesiastica
403 687 617 716 consuetudine
632 689 674 716 est
688 689 879 723 usurpatum,
896 688 928 714 ut
940 693 1003 714 ma-

222 736 325 772 jorum
344 734 503 763 criminum
523 733 697 770 poenitentia
721 736 834 770 septem
855 740 1003 761 annorum

225 783 320 819 spatio
337 781 548 816 concludatur,
567 781 624 809 nisi
640 781 686 809 vel
707 780 797 809 officii
812 779 1002 815 excellentia,

225 830 274 858 vel
289 829 447 857 criminum
461 828 653 864 magnitudo,
676 827 831 863 vulgarem
844 829 1003 855 consuetu—

226 877 328 905 dinem
351 876 511 909 excedens,
527 875 620 903 veluti
645 875 717 902 dum
739 876 842 902 contra
865 875 1004 901 naturam

225 924 362 952 humanae
384 922 547 957 societatis,
561 921 734 958 parentibus
754 921 803 949 vel
817 920 934 955 liberis,
955 919 1003 947 vel

226 970 290 998 aliis
309 969 456 1006 ejusmodi
471 968 605 1005 personis
623 967 774 1004 impudice
793 967 1001 996 adhaeremus:

226 1017 274 1045 vel
289 1016 362 1044 dum
376 1016 479 1044 relicto
498 1014 628 1043 naturali
642 1022 708 1049 usu,
726 1016 831 1043 contra
844 1016 982 1042 naturam
994 1035 1003 1048 ,

226 1071 310 1091 more
333 1062 528 1097 sodomitico,
548 1061 753 1095 fornicamur,
773 1061 820 1089 vel
843 1069 938 1097 usque
964 1060 1003 1089 ad

227 1110 338 1138 coitum
352 1109 510 1137 brutorum
525 1108 701 1136 animalium
715 1107 913 1144 prolabimur,
928 1115 1003 1144 prae-

227 1157 351 1184 missum
375 1156 504 1192 spatium
526 1154 736 1183 transcendere
769 1157 864 1191 cogat.
893 1165 906 1181 n
938 1156 1003 1184 llaec

226 1203 389 1231 Gratianus.

469 1267 647 1292 PARTlCULA
668 1267 766 1292 XLVll.

242 1330 277 1354 De
293 1328 443 1360 poenitentia
462 1328 562 1360 patroni
574 1347 580 1358 ,
601 1327 644 1359 qui
661 1327 783 1359 dilapidat
798 1334 838 1351 res
856 1327 985 1352 Ecclesiae.

260 1391 423 1425 sedecima,
442 1392 545 1426 qurest.
561 1398 599 1418 vu
615 1391 626 1408 ²
643 1399 649 1418 z
665 1390 765 1418 «Filiis
781 1390 828 1418 vel
844 1390 1003 1426 nepotibus

224 1446 258 1466 ac
282 1437 502 1465 honestioribus
530 1437 707 1473 propinquis
734 1437 817 1471 ejus,
842 1437 894 1473 qui
919 1445 1003 1465 cons-

223 1485 313 1513 truxit
336 1484 383 1512 vel
408 1484 511 1511 ditavit
535 1484 708 1518 ecc-tesiam,
730 1484 842 1511 licitum
867 1484 903 1512 sit
926 1484 1003 1512 hane

223 1532 333 1559 habere
348 1531 513 1565 solertiam,
532 1533 563 1558 ut
577 1531 600 1558 si
615 1531 799 1559 sacerdotem
810 1551 818 1565 ,
834 1539 885 1558 seu
902 1531 1002 1558 minis-

224 1582 301 1606 trum
316 1578 430 1614 aliquid
446 1586 480 1605 ex
498 1578 610 1606 collatis
625 1578 715 1605 rebus
734 1578 912 1606 defraudare
927 1586 1001 1614 prze-

224 1625 363 1659 viderint,
384 1627 434 1652 aut
456 1625 697 1653 commonitionis
718 1625 849 1653 honestae
871 1633 1002 1653 conven-

225 1673 303 1700 tione
339 1675 529 1708 compescant
544 1693 553 1706 ,
583 1674 633 1699 aut
661 1672 801 1708 episcopo
835 1672 882 1699 vel
908 1672 1002 1707 judici

226 1719 403 1752 corrigenda
419 1719 600 1746 denuntient.
619 1719 706 1752 Quod
721 1720 744 1746 si
761 1719 918 1754 episcopus
934 1719 1002 1747 talia

225 1774 311 1801 agere
328 1768 432 1799 tcntct,
448 1766 676 1801 nwtropolitano
693 1766 756 1800 ejus
776 1766 836 1793 licre
853 1766 1001 1793 insinuare

224 1814 393 1848 procurent.
413 1813 439 1839 Si
457 1814 554 1839 autem
564 1813 810 1848 metropolitanus
827 1812 895 1839 talia
909 1815 1000 1847 gerat,

224 1859 302 1893 regis
322 1859 383 1886 hmc
397 1859 519 1886 auribus
534 1859 669 1885 intimare
688 1867 749 1886 non
765 1859 910 1886 ditl'crant.
932 1859 1002 1894 lpsis

225 1909 324 1935 tamen
342 1907 510 1935 haeredibus
530 1907 560 1933 in
585 1906 697 1933 eisdem
719 1906 809 1934 rebus
832 1915 893 1933 non
918 1907 1003 1934 liccat

226 1954 309 1989 quasi
333 1954 447 1990 proprii
466 1953 541 1989 juris
565 1956 738 1988 potestatem
761 1953 918 1989 proet'crrc,
942 1961 1003 1981 non

225 2001 376 2036 rapinam,
390 2008 451 2028 non
475 2000 610 2027 fraudem
631 2000 761 2035 ingerere
777 2022 784 2034 ,
804 2008 865 2027 non
890 2000 1003 2028 violen-

227 2047 296 2074 tiam
313 2055 533 2083 quamcumque
549 2055 744 2083 praesnmere,
763 2047 813 2074 scd
829 2048 884 2075 hoe
905 2047 1003 2074 solum

226 2094 255 2121 in
269 2094 427 2121 salutarem
439 2094 668 2122 sollicitudinem
684 2094 825 2121 adhibere
835 2115 842 2127 ‚
856 2094 938 2130 quod
954 2096 1005 2122 aut

226 2141 340 2168 nullam
364 2149 474 2168 noxam
499 2141 631 2176 operatio
657 2149 767 2168 nocens
793 2141 933 2175 attingat,
956 2144 1005 2169 aut

228 2187 366 2220 multam,
385 2188 433 2215 vel
454 2187 585 2223 aliquam
607 2190 720 2223 partem
743 2188 878 2215 salutaris
893 2196 1004 2215 mercc-

229 2234 273 2261 dis
289 2235 427 2261 assumat.
444 2234 471 2261 Si
487 2235 553 2269 quis
573 2243 644 2262 vcro
660 2235 799 2271 deinceps
815 2235 875 2262 lucc
892 2235 1005 2263 monita

230 2283 370 2307 temerare
386 2281 614 2316 praesumpserit,
627 2284 653 2308 ct
668 2282 743 2309 male
759 2284 843 2317 rapta
854 2291 920 2309 cu1n
935 2290 1005 2309 con-

229 2326 354 2353 fessione
369 2327 512 2360 restituet,
526 2330 553 2354 et
569 2328 884 2356 excommunicationis
900 2337 1005 2357 annuae

230 2373 403 2400 sententiam
418 2373 581 2401 sustinebit.
598 2384 610 2399 »
629 2375 692 2400 tlaec
708 2382 813 2402 canon.

467 2455 643 2479 l‘ARTlCULA
663 2456 774 2480 XLVlll.

232 2512 268 2535 De
285 2510 436 2541 poenitentia
452 2510 506 2541 ejus
517 2529 523 2539 ‚
540 2511 581 2541 qui
600 2511 705 2534 domum
729 2518 801 2535 suam
828 2518 884 2535 cum
903 2511 1008 2541 magicis

435 2549 460 2570 et
475 2547 689 2570 incantationibus
706 2547 803 2570 lustrat.

270 2606 511 2641 Vigesiniasexta,
528 2607 660 2643 qnaestio.
678 2616 710 2641 v,
728 2616 763 2634 ex
779 2607 923 2635 Ancirano
939 2616 1010 2634 con-

235 2652 304 2680 cilio
320 2654 328 2667 ³
344 2662 349 2679 :
367 2664 379 2678 ι(
394 2653 447 2686 Qui
463 2654 657 2681 divinatione<
671 2657 825 2689 expetunt,
842 2654 929 2681 etiam
947 2663 1008 2681 mo·

869 289 940 322 CON
945 289 1198 323 FESSIONALE.

1059 365 1124 386 rem
1138 356 1293 393 gentilium
1306 356 1542 394 subsequuntur,
1550 357 1600 386 vel
1609 357 1642 386 in
1651 357 1758 387 domos
1767 367 1836 388 suas

1058 403 1231 440 hujusmodi
1252 403 1388 432 homines
1407 403 1600 433 introducunt
1613 406 1625 423 ⁶
1633 426 1643 441 ,
1659 406 1837 442 exquirendi

1059 451 1176 488 aliquid
1198 452 1259 479 arte
1282 450 1437 485 malefica,
1461 452 1513 479 aut
1535 451 1675 488 expiandi
1690 451 1702 468 ⁸
1724 459 1835 488 causa,

1059 498 1115 526 sub
1142 498 1247 534 regula
1275 497 1472 534 quinquennii
1497 498 1615 534 jaceant
1633 520 1642 534 ,
1671 499 1837 528 seeundum

1058 545 1169 581 gradus
1182 544 1363 582 poenitentiae
1383 544 1535 573 diffinitos.
1550 555 1564 572 »
1579 547 1644 574 lloec
1657 553 1764 574 canon.

1305 626 1487 651 PARTlCULA
1505 626 1593 652 Xle.

1090 683 1127 708 De
1152 682 1308 714 poenitentia
1330 683 1445 715 episcopi
1471 683 1514 708 vel
1541 683 1624 709 cleriei
1648 690 1739 716 magos
1765 684 1807 709 vel

1291 719 1422 750 aruspices
1436 719 1603 744 consulentis.

1093 777 1324 814 Vigesimasexta
1334 798 1344 812 ‚
1360 786 1390 815 q.
1399 787 1473 812 v,ex
1487 779 1619 808 Concilio
1633 780 1774 808 Toletano
1788 781 1834 816 lv,

1056 832 1112 860 cap
1131 832 1202 852 xxx.
1227 834 1242 851 ci
1256 825 1283 853 Si
1304 824 1371 861 quis
1395 825 1568 861 episcopus,
1593 828 1643 854 aut
1663 827 1832 863 presbyter,

1058 872 1110 899 aut
1128 871 1272 899 diaconus
1284 892 1293 906 ,
1310 874 1361 899 aut
1383 871 1510 908 quilibet
1529 880 1565 900 ex
1586 873 1693 901 ordine
1717 874 1838 902 clerico-

1055 925 1142 952 rum,
1159 925 1283 953 magos,
1300 920 1350 946 aut
1363 919 1531 955 aruspices,
1552 921 1603 947 aut
1617 919 1814 949 incantatores
1825 942 1835 956 ‚

1059 967 1109 993 aut
1123 964 1252 999 ariolos,
1268 968 1319 992 aut
1333 967 1410 992 certe
1428 973 1557 1001 augures
1567 987 1576 1001 ,
1596 966 1645 994 vel
1659 966 1815 1002 sortilegos
1826 988 1836 1002 ‚

1058 1012 1104 1040 vel
1120 1011 1170 1048 qui
1186 1011 1361 1047 profitentur
1372 1013 1464 1040 artem
1478 1013 1638 1048 magicam,
1655 1015 1706 1041 aut
1719 1013 1837 1049 aliquos

1059 1067 1164 1087 eorum
1184 1058 1293 1086 similia
1314 1061 1500 1094 exercentes,
1525 1060 1709 1088 consuluisse
1734 1060 1837 1097 depre-

1058 1106 1168 1134 hensus
1191 1105 1296 1139 fuerit,
1315 1105 1354 1133 ab
1379 1105 1494 1134 honore
1518 1106 1668 1142 dignitatis
1687 1115 1748 1135 suae
1772 1115 1836 1135 sus-

1058 1160 1188 1189 pensus,
1215 1152 1386 1180 monasterii
1413 1160 1516 1181 curam
1542 1153 1707 1189 suscipiat,
1733 1153 1836 1190 ibique

1058 1199 1235 1235 poenitentioe
1249 1201 1399 1236 perpetuae
1413 1199 1548 1234 deditus,
1563 1200 1658 1229 scelus
1672 1200 1836 1228 admissum

1058 1246 1204 1282 sacrilegii
1218 1246 1324 1274 solvat.
1337 1255 1350 1271 n
1367 1247 1431 1274 llaec
1447 1253 1553 1274 canon.

1335 1329 1515 1354 PAnthULA
1535 1330 1564 1354 L.

1121 1387 1157 1410 De
1182 1385 1332 1418 paenitentia
1350 1385 1490 1410 sacerdotis
1501 1404 1507 1416 ‚
1529 1385 1601 1417 cujus
1618 1386 1774 1418 negligentia

1233 1422 1385 1446 sacrificium
1399 1430 1413 1446 a
1427 1422 1503 1446 bruto
1520 1422 1672 1447 comeditur.

1096 1486 1133 1512 De
1149 1483 1374 1512 Consecratione
1386 1504 1394 1518 ,
1410 1483 1475 1511 dist.
1493 1490 1528 1518 11,
1544 1491 1581 1510 ex
1599 1483 1728 1511 Concilio
1743 1485 1837 1512 Aure-

1060 1531 1185 1559 liancnsi
1210 1540 1217 1558 :
1246 1541 1258 1555 «
1273 1530 1326 1564 Qui
1352 1530 1428 1558 bene
1452 1537 1513 1558 non
1534 1530 1704 1558 custodierit
1724 1529 1835 1558 sacrifi-

1058 1579 1146 1612 cium,
1164 1580 1192 1605 ct
1207 1585 1273 1605 mus
1283 1577 1329 1605 vel
1345 1577 1428 1604 aliud
1442 1576 1565 1612 aliquod
1577 1577 1687 1604 animal
1702 1577 1777 1604 illud
1788 1585 1837 1605 co-

1058 1625 1198 1659 mederit,
1214 1624 1411 1660 quadraginta
1426 1623 1489 1651 dies
1504 1624 1652 1660 poeniteat.
1670 1624 1724 1658 Qui
1739 1626 1837 1652 autem

1058 1671 1221 1708 perdiderit
1236 1671 1309 1698 illud
1324 1671 1353 1698 in
1370 1671 1511 1705 eeclesia,
1527 1673 1577 1698 aut
1596 1679 1666 1706 pars
1681 1671 1743 1706 ejus
1763 1670 1837 1698 ceci-

1059 1719 1147 1752 derit,
1161 1721 1188 1746 et
1203 1726 1263 1746 non
1279 1718 1399 1745 inventa
1414 1717 1517 1752 suerit,
1534 1718 1653 1753 triginta
1668 1717 1731 1745 dics
1745 1717 1837 1753 poeni-

1059 1767 1125 1793 teat.
1143 1776 1155 1790 n
1177 1767 1239 1792 llaec
1255 1772 1362 1792 canon.

1331 1847 1512 1871 PAR'l'lCULA
1531 1848 1571 1872 Ll.

1060 1906 1096 1930 De
1114 1905 1266 1936 poenitcntia
1293 1904 1450 1935 sacerdotis,
1468 1904 1511 1935 qui
1533 1904 1634 1929 incaute
1655 1903 1837 1929 Eucharistiam

1398 1940 1502 1963 dimisit.

1096 2005 1205 2036 Extra„
1217 2001 1253 2029 de
1266 2003 1338 2029 cust.
1351 2001 1488 2035 Euchar„
1500 2002 1599 2029 lnnoc.
1614 2002 1656 2036 lll,
1668 2001 1698 2029 in
1708 2001 1838 2030 Concilio

1061 2048 1191 2085 generali
1215 2057 1221 2075 :
1251 2047 1439 2075 «statuimus
1462 2049 1494 2074 ut
1520 2047 1551 2074 in
1576 2048 1687 2075 cunctis
1710 2048 1838 2076 ecclesiis

1062 2096 1188 2124 chrisma
1203 2098 1230 2122 ct
1245 2094 1419 2122 eucharistia
1433 2094 1488 2121 sub
1503 2094 1583 2121 fideli
1599 2094 1734 2122 custodia
1750 2094 1838 2122 clavi-

1063 2144 1118 2171 bus
1140 2142 1279 2170 adhibitis
1300 2142 1522 2174 conserventur,
1547 2149 1583 2168 nc
1607 2141 1700 2177 possit
1723 2141 1762 2169 ad
1788 2141 1838 2169 illa

1062 2188 1216 2217 temeraria
1231 2196 1336 2215 manus
1352 2187 1481 2221 extendi,
1498 2187 1535 2215 ad
1552 2187 1652 2223 aliqua
1667 2188 1836 2222 horribilia,

1062 2236 1109 2264 vel
1134 2235 1245 2263 nefaria
1271 2234 1446 2261 exercenda.
1475 2234 1503 2261 Si
1529 2242 1600 2262 vcro
1624 2235 1665 2269 is,
1689 2235 1728 2262 ad
1749 2243 1838 2271 quem

1063 2280 1175 2314 spectat
1188 2277 1341 2310 custodia,
1363 2284 1398 2303 ea
1420 2276 1536 2303 incaute
1552 2277 1722 2313 reliquerit,
1745 2277 1838 2305 tribus

1063 2324 1214 2353 mensibus
1228 2324 1265 2351 ab
1283 2322 1381 2350 officio
1403 2323 1609 2358 suspendatur,
1629 2326 1655 2352 ct
1671 2323 1694 2350 si
1709 2331 1761 2359 per
1776 2323 1838 2358 ejus

1065 2373 1209 2401 incuriam
1223 2370 1337 2406 aliquid
1361 2370 1481 2398 nefandi
1496 2371 1566 2399 inde
1581 2370 1748 2406 contigerit,
1772 2378 1838 2405 gra-

1064 2420 1139 2448 viori
1154 2419 1304 2453 subJaceat
1319 2418 1433 2445 ultioni.
1446 2427 1461 2444 ³>
1480 2419 1542 2445 llaec
1557 2426 1662 2446 canon.

1098 2482 1105 2497 ¹
1133 2481 1193 2504 llaec
1218 2486 1274 2510 quae
1300 2481 1456 2510 sequnntur,
1481 2480 1539 2502 sunt
1564 2479 1641 2503 verba
1667 2481 1788 2506 Gratiani.
1810 2496 1839 2500 —

1065 2518 1075 2533 ‘-'
1088 2517 1158 2541 Cone.
1176 2515 1249 2539 Tolfft.
1265 2521 1300 2544 lx,
1318 2522 1340 2538 e.
1358 2521 1374 2539 1.
1389 2528 1419 2532 —
1436 2516 1444 2528 ³
1458 2515 1494 2538 Ex
1511 2515 1582 2538 Cone.
1606 2516 1706 2546 Αηεψκ,
1726 2525 1782 2542 ran.
1800 2520 1839 2549 22,

1067 2553 1098 2576 al.
1117 2554 1155 2576 et.
1170 2565 1201 2569 -
1223 2554 1229 2565 ‘¹
1251 2551 1395 2575 seeundum
1418 2551 1487 2581 teges
1511 2550 1551 2574 isti
1572 2555 1777 2583 eouerenuiutur,
1796 2554 1840 2578 sed

1067 2588 1106 2611 iile
1125 2588 1149 2610 in
1165 2587 1236 2618 cujus
1252 2587 1329 2610 domo
1351 2587 1403 2609 lucc
1417 2586 1494 2615 liunt,
1509 2588 1566 2615 post
1580 2587 1778 2616 publicationi-in
1795 2589 1839 2613 bo-

1067 2630 1158 2646 norum
1174 2622 1196 2645 iu
1215 2622 1318 2645 vxlliuui
1335 2622 1448 2649 mittitur,
1461 2624 1495 2649 ut,
1510 2621 1540 2644 ilc
1557 2622 1686 2653 Maleficis,
1698 2630 1719 2646 c.
1737 2624 1838 2647 Nullus.

1068 2672 1096 2675 -—
1118 2660 1124 2672 ⁵
1143 2658 1166 2681 ld
1184 2660 1234 2687 12³1,
1254 2657 1405 2681 infirmitatis
1420 2656 1566 2687 purganilzn.
