2004 3037
249 305 308 337 298

246 371 346 401 Talem
366 371 462 399 fidem
485 371 591 400 hahuit
613 371 722 400 mulier
747 369 930 406 cnananaea,
957 377 1024 407 quae

246 420 520 456 quantumcumque
533 418 636 447 fuisset
649 426 668 447 a
681 418 794 447 Christo
808 417 946 454 repulsa,
961 424 1024 445 non

245 465 359 503 quievit
372 473 390 494 a
408 473 513 502 prece,
529 473 686 502 quousque
701 465 756 493 fuit
776 464 926 493 exaudita.
942 464 1024 493 Unde

245 512 317 541 dicit
330 512 357 541 ei
371 512 506 541 Salvator
521 513 530 530 ¹
551 521 558 540 :
579 514 693 546 Mulier,
710 519 810 547 maana
823 514 863 540 est
876 511 942 547 fides
958 514 1023 547 tua,

243 562 294 595 fiat
307 561 358 587 {ibi
368 561 438 588 sicut
445 561 553 596 petisti,
566 560 649 596 quia,
664 561 696 588 ut
705 558 797 595 vulgo
809 558 926 594 dicitur,
939 558 1024 595 quod

244 606 395 641 differtur,
410 614 472 635 non
488 606 631 635 aufertur.

280 655 351 682 item
365 653 440 682 fides
461 653 550 682 debet
568 653 679 682 habere
694 653 911 690 professionem
925 651 1024 680 catho-

242 700 342 729 licam.
363 703 395 729 Et
409 701 574 729 notandum
586 721 594 735 ,
610 700 694 737 quod
713 700 859 728 catholica
879 699 1024 735 professio

243 748 402 776 christiana
432 748 562 776 continet
585 747 747 776 duodecim
769 746 910 775 articulos
935 746 1022 782 fidei,

243 795 295 832 qui
317 795 348 823 in
372 794 517 832 symbolo
537 793 700 831 apostolico
724 794 926 828 continentur,
947 793 1023 822 scili-

243 844 288 871 cet
303 851 310 870 :
329 842 413 870 Credo
428 844 457 870 in
470 844 570 876 Deum,
585 844 640 870 etc.
661 842 734 870 Sunt
747 842 847 869 autem
862 840 1024 868 duodecim

243 889 373 925 articuli,
389 889 460 926 quia
479 889 639 917 duodecim
657 890 726 916 sunt
741 887 879 924 apostoli.
895 886 1025 921 Quilibet

244 938 342 964 autem
364 936 524 964 duodecim
548 936 754 972 apostolorum
772 934 872 971 posuit
894 934 924 961 in
939 934 1023 970 Sym-

243 983 315 1012 bolo
330 991 418 1011 suum
432 982 600 1011 articulum.

279 1032 386 1059 paraus
409 1033 507 1059 autem
532 1031 542 1048 ²
570 1029 645 1058 dixit
665 1038 672 1057 ε
695 1028 779 1057 Credo
805 1030 835 1056 in
861 1029 945 1056 Deum
970 1028 1024 1056 Pa-

243 1079 326 1112 trem,
343 1079 397 1105 etc.
415 1079 468 1105 iste
487 1076 627 1104 articulus
647 1076 773 1112 pertinet
787 1076 827 1103 ad
849 1077 974 1104 Patrem.
993 1077 1025 1104 Et

243 1126 286 1152 est
295 1124 464 1159 sciendum,
481 1123 564 1160 quod
581 1123 664 1152 aliud
679 1125 720 1151 est
736 1123 857 1151 credere
873 1122 903 1150 in
920 1124 1024 1157 Deum,

243 1173 271 1199 et
295 1171 379 1199 aliud
405 1171 525 1199 credere
554 1172 623 1199 Deo.
651 1170 775 1198 Credere
798 1171 872 1203 Deo,
898 1172 940 1197 est
961 1177 1024 1197 cre-

243 1217 313 1246 dere
335 1218 419 1255 quod
438 1227 508 1246 vera
534 1220 612 1251 sunt,
638 1226 704 1254 quoe
721 1217 860 1245 dicuntur
885 1216 921 1244 de
944 1217 1022 1252 Deo3

242 1267 271 1293 et
298 1265 339 1293 sic
367 1273 526 1301 possumus
547 1265 686 1299 credere,
716 1266 743 1292 ct
764 1264 914 1292 credimus
940 1265 1023 1291 Petro

242 1314 270 1340 et
289 1312 389 1340 Paulo.
414 1312 471 1340 Sed
496 1312 616 1340 credere
637 1312 666 1339 in
691 1313 781 1339 Deum
794 1332 802 1345 ,
822 1313 854 1338 ut
878 1310 948 1338 dicit
968 1313 1024 1338 Au-

243 1359 388 1394 gustinus,
398 1361 440 1387 est
454 1359 605 1387 credendo
621 1366 732 1392 amare,
744 1358 894 1386 credendo
909 1357 940 1385 in
956 1365 1024 1385 eum

242 1413 295 1442 per
321 1414 456 1434 amorem
478 1406 540 1440 ire,
567 1406 596 1434 in
619 1414 654 1434 eo
682 1405 718 1442 (a)
740 1405 787 1433 vel
803 1405 866 1441 ejus
882 1404 1024 1432 membris

242 1453 435 1489 incorporari.
458 1455 532 1481 Nota
553 1453 590 1480 de
612 1453 666 1480 isto
687 1452 810 1480 articulo
829 1461 836 1480 :
861 1460 929 1480 cnm
951 1451 1023 1479 dici-

242 1501 311 1527 tur:
329 1502 433 1528 Patrem
457 1502 684 1535 omnipotentem,
706 1499 778 1535 quia
800 1499 863 1534 ipse
886 1501 928 1526 est
951 1500 1025 1526 Deus

242 1548 344 1581 Pater,
370 1555 432 1575 non
457 1547 539 1575 deest
567 1547 624 1574 sibi
655 1547 734 1574 bona
762 1546 927 1573 voluntas:
954 1545 1025 1581 quia

242 1596 424 1629 omnipotens.
448 1603 509 1622 non
534 1594 616 1622 deest
637 1594 694 1621 sibi
721 1595 851 1630 potestas·
879 1592 1024 1629 implendi

243 1641 326 1677 quod
351 1641 505 1678 promittit,
535 1641 606 1677 quia
629 1641 736 1669 dicitur
759 1641 769 1657 ³
795 1649 802 1668 :
832 1640 930 1668 Omnia
956 1648 1026 1675 quae-

243 1696 353 1723 cumque
368 1690 466 1723 voluit,
481 1691 558 1723 fecit.

279 1737 410 1763 Annuus
437 1735 511 1763 dixit
534 1744 539 1762 :
563 1736 596 1762 Et
621 1737 650 1761 in
671 1736 760 1762 Jesnm
783 1734 919 1761 Christum
938 1735 1026 1767 filium

244 1782 301 1816 ejus
328 1784 437 1809 unicum
468 1784 609 1809 Dominum
639 1785 768 1809 nostrum.
807 1783 858 1808 iste
887 1779 1026 1808 articulus

243 1829 369 1864 pertinet
383 1829 421 1856 ad
437 1828 621 1856 divinitatem
636 1828 708 1855 Filii.
727 1829 758 1855 Et
775 1829 845 1855 nota
859 1827 942 1862 quod
961 1834 1027 1862 spc-

244 1875 356 1903 cialiter
378 1875 506 1903 Christus
530 1875 636 1903 dicitur
655 1875 796 1902 Dominus
819 1876 933 1907 noster,
955 1873 1026 1909 quia

244 1922 364 1958 proprie
384 1922 556 1950 dominatur
578 1922 665 1950 nobis
685 1921 797 1957 duplici
817 1921 881 1956 jure
894 1942 902 1955 ‚
918 1920 1027 1948 scilicet

241 1969 307 2003 Jure
323 1969 489 2004 creationis,
506 1969 578 2005 quia
591 1977 646 1996 nos
662 1968 772 1996 creavit
785 1970 813 1996 et
828 1968 908 2002 fecit3
922 1968 1026 2002 etjure

244 2014 472 2051 redemptionis,
497 2016 567 2052 quia
589 2024 643 2043 nos
668 2022 777 2050 magno
793 2014 901 2051 pretio,
919 2014 1027 2042 scilicet

243 2062 388 2097 sanguine
417 2070 472 2090 suo
499 2063 639 2097 redemit,
667 2064 698 2089 ut
726 2061 766 2089 ait
796 2061 954 2097 Apostolus
979 2061 986 2076 '⁷
1018 2069 1024 2088 ε

244 2110 339 2144 Empti
350 2112 419 2137 enim
436 2112 500 2138 estis
515 2112 604 2145 pretio
620 2117 726 2143 ηιαῃιιο.

279 2157 398 2184 JAcoeus
412 2157 501 2191 Major
517 2156 590 2184 dixit
610 2165 616 2183 ε
633 2157 688 2189 Qui
707 2158 846 2190 conceptus
862 2158 899 2182 est
915 2156 947 2182 de
961 2155 1025 2190 Spi-

245 2205 303 2229 ritu
318 2206 419 2237 sancto,
433 2207 511 2231 natus
522 2212 554 2230 em
570 2205 661 2230 Marta,
678 2204 800 2237 Vimine.
818 2204 869 2229 iste
886 2202 1026 2229 articulus

246 2252 288 2277 est
310 2250 440 2285 primus,
462 2251 513 2286 qui
537 2250 663 2286 pertinet
686 2249 725 2276 ad
750 2249 973 2276 humanitatem.
996 2250 1027 2276 Et

246 2299 333 2330 nota,
351 2297 432 2332 quod
451 2298 538 2325 Maria
559 2299 650 2324 mater
673 2296 720 2323 Dei
739 2296 833 2323 caruit
850 2296 879 2323 in
902 2304 1027 2332 concep-

246 2343 326 2371 tione
342 2344 429 2379 culpa
445 2353 450 2371 :
469 2346 497 2371 et
512 2343 580 2371 ideo
597 2342 703 2370 dicitur
718 2342 846 2369 Christus
863 2342 899 2370 de
919 2343 1027 2378 Spiritu

247 2392 347 2418 sancto
372 2392 548 2426 conceptus,
572 2390 642 2425 quia
662 2389 724 2416 sine
744 2388 831 2424 culpa
850 2389 919 2423 fuit,
943 2389 1026 2425 quod

246 2437 368 2472 Spiritus
387 2439 504 2465 sanctus
522 2436 589 2463 fecit
609 2436 637 2463 in
662 2435 811 2463 nativitate
836 2436 909 2463 Filii.
932 2436 1028 2464 Caruit

247 2484 336 2511 etiam
349 2491 439 2520 poena
454 2493 460 2511 :
477 2486 504 2511 et
518 2483 587 2510 ideo
603 2483 709 2510 dicitur
722 2482 850 2509 Christus
860 2482 896 2510 de
909 2483 1026 2518 Virgine

247 2532 343 2565 natus,
359 2531 430 2566 quia
439 2530 553 2558 nullam
566 2537 686 2565 poenam
699 2529 799 2563 sensit,
813 2537 867 2556 nec
882 2529 1027 2557 damnum

247 2577 399 2611 sustinuit;
423 2577 494 2613 quia
513 2577 596 2611 virgo
620 2576 753 2612 peperit,
770 2578 797 2603 ct
820 2578 886 2611 post
910 2579 1027 2612 partum

248 2624 332 2660 virgo
348 2625 519 2660 permansit.
530 2626 562 2652 Et
575 2624 604 2651 in
619 2624 675 2651 hoc
691 2623 820 2650 Christus
835 2623 917 2650 dedit
931 2632 1028 2651 exem-

280 2699 287 2715 ¹
305 2699 407 2731 Malla,
429 2706 472 2731 rw,
493 2701 531 2724 28.
548 2713 578 2717 —
598 2700 606 2714 ²
622 2699 691 2724 idem
706 2699 815 2723 habetur
833 2699 859 2723 in
879 2700 1027 2731 Heroemeu,

249 2741 325 2759 serm.
338 2742 394 2765 vni,
407 2739 468 2760 tom.
481 2743 555 2767 prox.
574 2743 640 2767 seq.,
655 2738 718 2760 tom.
736 2736 789 2765 vti,
805 2743 862 2767 pag.
879 2736 938 2766 4075
954 2738 978 2760 et
1001 2736 1026 2760 in

250 2770 383 2803 Ceutiloq„
397 2775 461 2803 part.
479 2773 520 2802 tlt,
534 2774 596 2797 sect.
613 2773 658 2802 385
675 2774 700 2795 et
716 2771 820 2803 quidem
836 2773 978 2796 mutuatum
996 2778 1027 2796 ex

809 300 951 335 DIAETAE
972 299 1137 333 SALUTIS
1158 299 1237 332 TlT.
1261 299 1299 332 V.

1079 368 1166 406 plum
1176 368 1246 398 filiis
1259 368 1400 398 omnibus
1410 389 1420 403 ,
1432 371 1467 398 ut
1479 369 1598 398 nullum
1609 369 1755 400 damnum
1767 371 1857 400 nntri-

1081 416 1176 450 cibus,
1190 415 1239 444 vel
1252 415 1494 452 progenitoribus
1507 416 1568 444 suis
1579 416 1729 446 inferrent.

1115 465 1237 492 lomnes
1250 463 1324 491 dixit
1338 472 1345 491 :
1362 464 1464 491 Passus
1478 464 1525 491 sub
1539 465 1636 492 Pontio
1649 465 1758 499 Pilato,
1771 467 1858 494 eruci-

1079 513 1162 546 fioeus,
1178 513 1312 542 mortuus,
1328 512 1354 538 et
1367 512 1498 546 sepultae.
1515 512 1568 539 iste
1579 511 1720 541 articulus
1733 512 1860 549 pertinet

1081 558 1121 587 ad
1133 557 1357 586 humanitatem.
1378 559 1410 586 Et
1428 560 1499 586 nota
1519 560 1650 594 quatuor
1666 559 1698 587 in
1715 559 1773 587 hoc
1792 559 1860 587 arti-

1081 606 1164 641 culo,
1178 614 1233 642 pro
1248 605 1358 642 quibus
1374 608 1403 634 et
1421 605 1452 634 in
1470 606 1581 642 quibus
1594 614 1656 634 non
1671 607 1771 635 solum
1786 607 1860 643 grati

1081 662 1143 682 esse
1171 654 1316 682 debemus
1340 653 1530 690 Redemptori
1556 657 1672 688 nostro,
1696 654 1749 682 sed
1771 654 1860 682 etiam

1080 701 1245 737 specialiter
1254 700 1285 728 in
1296 700 1341 728 his
1353 703 1483 737 quatuor
1492 701 1590 737 ipsum
1602 701 1720 729 imitari.
1732 701 1861 729 Christus

1081 747 1161 775 enim
1175 749 1219 775 est
1235 755 1354 784 passus,
1369 749 1402 775 ut
1422 755 1476 775 nos
1496 748 1660 784 patiamur,
1678 748 1788 776 scilicet
1807 748 1861 776 ba-

1082 793 1184 822 bendo
1199 794 1371 830 patientiam
1393 794 1423 822 in
1446 795 1673 824 adversitatibus
1692 797 1721 823 et
1740 795 1861 824 tribula-

1080 840 1212 868 tionibus
1231 841 1349 869 nostris.
1374 841 1504 869 Christus
1521 836 1610 870 etiam
1628 842 1786 870 crucifixus
1806 844 1860 878 est,

1080 890 1112 916 ut
1132 895 1187 916 nos
1209 896 1263 924 per
1285 888 1488 924 poenitentiam
1510 889 1720 925 crucifigamus
1741 897 1861 918 carnem

1080 937 1213 963 nostram
1228 943 1297 962 cum
1318 935 1396 963 vitiis
1418 937 1445 963 et
1460 935 1716 972 concupiscentiis.
1733 936 1862 965 Christus

1081 982 1169 1010 etiam
1186 985 1320 1010 mortuus
1335 985 1391 1016 est,
1406 983 1514 1011 scilicet
1526 983 1557 1010 in
1572 991 1670 1018 cruce,
1683 985 1715 1010 ut
1729 983 1760 1011 in
1775 991 1861 1012 cruce

1081 1029 1258 1065 poenitentiae
1281 1038 1376 1066 usque
1405 1030 1444 1058 ad
1473 1033 1600 1058 mortem
1626 1038 1859 1066 perseveremus·

1080 1076 1209 1104 Christus
1224 1076 1419 1104 nihilominus
1428 1077 1561 1113 sepultus
1575 1080 1628 1111 est,
1638 1079 1670 1105 ut
1683 1085 1738 1105 nos
1753 1079 1861 1106 terram

1080 1126 1187 1152 nostrae
1202 1123 1387 1152 mortalitatis
1402 1124 1640 1158 consideremus,
1655 1126 1683 1152 et
1699 1132 1768 1152 cum
1783 1125 1861 1153 cine-

1080 1178 1111 1198 re
1127 1171 1235 1198 nostrae
1256 1170 1441 1199 mortalitatis
1461 1171 1501 1199 ad
1519 1171 1645 1199 modum
1665 1171 1761 1200 carnis
1777 1171 1861 1200 selsoe

1080 1217 1251 1254 superbiam
1262 1217 1438 1245 condiamus
1453 1227 1459 1245 :
1477 1217 1548 1253 quia
1561 1225 1663 1246 carnes
1677 1218 1735 1246 cito
1748 1220 1860 1254 putres-

1081 1268 1151 1293 cunt
1166 1268 1193 1293 et
1208 1268 1450 1302 corrumpuntur,
1465 1265 1520 1293 nisi
1534 1265 1594 1293 sale
1608 1265 1797 1294 condiantur.

1115 1314 1229 1341 Tuoms
1246 1312 1321 1340 dixit
1337 1322 1342 1340 :
1362 1313 1503 1340 Descendit
1525 1313 1561 1339 (ul
1576 1314 1696 1346 inferna.
1713 1313 1767 1340 iste
1781 1312 1862 1341 enim

1080 1359 1221 1387 articulus
1236 1362 1279 1387 est
1294 1359 1327 1394 (h)
1344 1359 1444 1387 tertius
1459 1359 1608 1394 pertinens
1625 1358 1657 1394 (c)
1673 1359 1712 1387 ad
1726 1359 1862 1387 humani-

1081 1408 1179 1434 tatem.
1211 1406 1363 1434 Descendit
1397 1408 1497 1434 autem
1525 1406 1653 1434 Christus
1683 1406 1723 1434 ad
1752 1406 1862 1434 inferos

1081 1452 1246 1481 secundum
1261 1453 1393 1480 animam
1403 1473 1412 1487 ‚
1429 1456 1461 1480 ut
1481 1453 1645 1480 extraheret
1659 1460 1729 1481 suos
1742 1452 1779 1481 de
1794 1453 1862 1480 lim-

1081 1500 1132 1528 ho.
1144 1501 1216 1528 Nota
1227 1499 1314 1527 etiam
1328 1507 1467 1535 magnam
1483 1499 1704 1535 perversitatem
1718 1502 1860 1535 nostram,

1082 1547 1153 1583 quia
1173 1555 1228 1574 nos
1243 1547 1292 1574 vix
1314 1546 1453 1574 volumus
1470 1546 1553 1582 sequi
1575 1546 1721 1574 Christum
1743 1545 1782 1574 ad
1803 1554 1861 1574 coe-

1081 1593 1155 1625 lum,
1181 1596 1459 1630 quantumcumque
1484 1593 1613 1621 sciamus
1636 1593 1719 1629 quod
1734 1592 1862 1621 Christus

1081 1643 1197 1669 secutus
1219 1643 1261 1668 est
1284 1641 1438 1668 hominem
1463 1648 1556 1676 usque
1572 1640 1610 1668 ad
1625 1639 1791 1675 infernum,
1807 1639 1862 1668 sci·

1082 1687 1149 1715 licet
1163 1687 1202 1715 ad
1219 1695 1286 1714 eum
1304 1687 1504 1715 liberandum.

1117 1736 1236 1762 Jaconus
1259 1734 1352 1761 Minor
1374 1734 1467 1761 dixit:
1494 1735 1585 1760 Tertia
1609 1733 1654 1760 die
1674 1734 1823 1760 resurrexit
1845 1742 1862 1761 a

1082 1783 1205 1808 mortuis.
1222 1782 1274 1808 lste
1298 1783 1340 1808 est
1361 1782 1483 1816 quartus
1502 1780 1643 1807 articulus
1658 1780 1807 1815 pertinens
1823 1780 1862 1808 ad

1081 1828 1308 1856 humanitatem.
1324 1829 1355 1855 Et
1369 1829 1440 1855 nota
1461 1827 1544 1863 quod
1560 1827 1689 1855 Christus
1703 1827 1862 1856 resurrexit

1082 1875 1166 1903 tertia
1182 1874 1245 1910 die,
1261 1877 1292 1902 ut
1307 1882 1361 1902 nos
1376 1882 1393 1902 a
1414 1876 1535 1910 peccato
1555 1881 1745 1910 resurgamus
1759 1874 1789 1901 in
1804 1876 1860 1902 ter-

1082 1922 1122 1950 tia
1144 1921 1209 1956 die,
1235 1921 1345 1949 scilicet
1368 1920 1546 1957 poenitentiae
1570 1920 1632 1956 (d):
1659 1920 1859 1956 confessione,

1082 1969 1257 1997 contritione
1273 1970 1300 1995 et
1314 1968 1521 1995 satisfactione.

1119 2017 1264 2044 Pumrrrs
1290 2014 1386 2043 dixit:
1408 2015 1541 2042 Ascendit
1567 2014 1603 2041 ad
1625 2014 1719 2047 coelos,
1738 2013 1811 2042 sedet
1825 2015 1861 2041 ad

1082 2064 1220 2091 desieram
1241 2063 1291 2089 Dei
1313 2062 1407 2088 Patris
1426 2062 1632 2096 omnipotentis,
1653 2061 1717 2088 inde
1734 2064 1860 2088 venturus

1083 2114 1120 2137 cst
1138 2110 1264 2144 judicare
1286 2110 1359 2135 rivos
1383 2112 1405 2135 et
1430 2111 1557 2135 mortuos.
1581 2108 1632 2134 Iste
1657 2107 1797 2134 articulus
1819 2109 1861 2135 est

1082 2157 1202 2193 quintus
1229 2155 1378 2191 pertinens
1401 2154 1440 2182 ad
1465 2154 1687 2181 humanitatem.
1714 2155 1745 2181 Et
1770 2157 1840 2182 nota
1850 2175 1858 2189 ,

1082 2203 1165 2239 quod
1180 2203 1242 2230 haec
1257 2202 1317 2230 duo
1330 2209 1395 2237 ‹111ae
1409 2203 1476 2228 sunt
1490 2201 1518 2227 in
1532 2201 1587 2227 isto
1600 2199 1736 2235 articulo,
1751 2201 1861 2229 scilicet

1082 2258 1220 2278 ascensus
1237 2249 1338 2276 Christi
1354 2248 1392 2275 ad
1411 2248 1502 2275 coelos
1525 2249 1553 2274 et
1567 2247 1712 2275 adventus
1726 2247 1765 2275 ad
1777 2247 1858 2283 judi-

1083 2298 1162 2325 cium
1173 2318 1182 2331 ,
1197 2304 1336 2331 magnam
1359 2294 1499 2322 fiduciam
1520 2294 1608 2321 nobis
1621 2294 1772 2329 ingerunt,
1789 2294 1860 2329 quia

1082 2344 1190 2371 scimus
1200 2342 1283 2378 quod
1298 2349 1418 2369 causam
1432 2343 1562 2369 nostram
1574 2341 1662 2368 irater
1674 2343 1772 2368 noster
1782 2340 1858 2376 judi—

1082 2390 1170 2419 cabit.

1118 2439 1346 2465 BARTROLOMAEUS
1365 2435 1458 2462 dixit:
1481 2434 1564 2462 Credo
1585 2436 1614 2461 in
1628 2434 1765 2467 Spiritum
1780 2442 1857 2462 sanc·

1083 2488 1160 2516 tum,
1178 2486 1202 2510 et
1223 2486 1343 2509 sanctam
1359 2483 1513 2509 Ecclesiam.
1534 2481 1566 2508 ld
1580 2483 1642 2508 est:
1662 2480 1755 2508 Credo
1775 2481 1858 2517 quod

1083 2530 1204 2567 Spiritus
1222 2531 1339 2556 sanctus
1357 2531 1398 2556 est
1418 2528 1447 2555 in
1463 2536 1492 2555 se
1503 2549 1512 2562 ‚
1534 2529 1562 2555 et
1577 2527 1607 2555 in
1622 2527 1720 2555 electis
1736 2528 1815 2562 suis;
1831 2530 1859 2555 et

1083 2577 1166 2613 quod
1185 2584 1246 2604 non
1261 2576 1360 2603 solum
1376 2577 1418 2603 est
1433 2577 1548 2603 sanctus
1560 2595 1568 2609 ‚
1591 2574 1643 2602 sed
1658 2574 1747 2602 etiam
1760 2574 1857 2602 Eccle-

1083 2664 1110 2686 S.
1127 2663 1200 2691 Aug..
1217 2660 1246 2684 dc
1263 2661 1386 2692 Tempore,
1402 2667 1478 2684 serm.
1499 2665 1555 2683 ch.
1576 2659 1645 2684 Facit
1658 2659 1732 2684 etiam
1747 2666 1794 2691 pro
1808 2659 1857 2684 hoc

1085 2699 1136 2723 Leo
1147 2699 1263 2728 Magnus,
1276 2697 1350 2727 epist.
1365 2703 1465 2721 xCV1.—
1481 2696 1491 2712 ³
1507 2696 1574 2720 Psal.
1591 2697 1729 2726 cx111,3.—
1743 2695 1752 2712 δ
1765 2696 1770 2719 1
1788 2695 1855 2722 Gor„

1085 2741 1120 2765 vx,
1135 2735 1206 2758 3o.—
1224 2734 1255 2763 (a)
1272 2733 1332 2757 Coet.
1348 2732 1407 2756 edit.
1427 2739 1527 2756 eum.—
1543 2731 1577 2762 (b)
1593 2732 1654 2756 Item
1669 2734 1735 2756 et.—
1749 2731 1779 2762 (r)
1796 2731 1856 2754 Item

1084 2770 1254 2802 pertinent.—-
1271 2768 1311 2798 (d)
1328 2768 1388 2792 Item
1402 2767 1560 2799 poenitentia.
