2004 3037
845 220 974 254 CAPUT
995 219 1098 253 CXIV.

149 294 256 322 verunt
270 299 340 322 cum
353 291 516 329 Chaldaeis,
531 291 585 330 qui
603 299 655 322 eos
672 290 714 321 ad
727 289 933 320 idololatriam

150 338 312 376 inducere,
326 341 355 369 et
367 349 386 370 a
401 340 482 369 cultu
495 339 560 368 veri
578 338 629 368 Dei
650 337 800 368 retrahere
814 337 934 366 labora-

151 386 234 416 bant.
254 388 336 421 Dan„
351 395 402 424 111,
416 395 448 416 vi
462 388 490 416 et
502 395 564 416 xw.

187 434 323 462 Suzanna
338 433 394 463 fuit
408 434 570 463 castissima
584 433 615 462 in
632 432 804 470 Babylone,
818 430 872 460 ubi
888 439 933 460 se-

151 488 205 509 nes
215 481 383 518 presbyteri
397 483 480 511 erant
491 480 652 518 impudici,
663 482 692 509 et
699 479 816 517 judices
826 478 933 516 iniqui.

153 529 237 564 Dan„
252 536 315 558 xm.

188 575 350 604 Videbatur
364 577 499 612 tempore
511 574 647 604 Antiochi
661 573 837 611 EpiphaniS,
852 573 936 610 quod

152 622 245 651 Judaei
257 624 353 651 essent
368 623 469 658 occisi,
479 622 529 651 vel
544 622 584 650 ad
597 622 688 650 ritum
700 621 834 657 gentium
844 621 938 648 trans-

153 669 205 698 lati
213 679 222 705 3
239 670 293 698 sed
306 669 418 698 inventi
433 671 501 697 sunt
510 668 698 703 Mathathias,
709 671 737 696 et
750 667 802 696 filii
813 668 847 704 (α)
863 667 937 703 ejus,

153 716 327 752 Eleazarus,
343 718 372 745 et
384 716 471 745 multi
486 716 536 744 alii
551 716 582 745 in
597 717 663 752 lege
680 716 729 744 Dei
743 715 832 744 valde
847 715 938 743 stabi-

154 763 197 793 les
211 767 238 793 et
252 764 341 793 firmi.
356 765 379 793 ll
389 765 493 800 Mach„
508 773 540 793 vr
554 766 583 793 et
596 773 648 793 vn.

191 811 413 840 commendans
426 812 568 841 Dominus
588 812 680 840 fidem
701 813 730 840 et
748 811 940 840 devotionem

155 859 340 887 Centurionis
364 859 401 887 de
423 859 648 896 capharnaum,
664 858 756 894 dixit,
773 858 857 895 quod
878 866 941 886 non

155 906 270 935 invenit
290 908 401 935 tantam
420 906 514 935 fidem
533 907 564 935 in
579 906 678 936 Israel.
695 906 809 941 Manli„
824 913 895 940 vm,
913 907 942 933 et

156 954 218 982 Luc.
228 975 237 990 ,
253 962 305 983 vn.

193 1001 372 1030 Nicodemus
390 1001 529 1038 princeps
547 1001 719 1030 Judaeorum
737 1000 816 1029 venit
834 1000 874 1028 ad
895 1001 942 1028 Je-

158 1057 225 1077 sum
248 1051 351 1084 nocte,
373 1051 402 1078 et
422 1050 511 1086 plane
536 1049 689 1078 confessus
709 1051 751 1076 est
774 1057 781 1076 :
798 1058 811 1075 «
827 1047 941 1080 Rabbi,

159 1097 286 1132 seimus,
309 1097 381 1133 quia
395 1105 413 1125 a
437 1098 496 1125 Deo
520 1096 628 1125 venisti
652 1096 805 1131 magister.
821 1105 835 1122 1)
852 1096 943 1130 Joan.,

159 1151 207 1178 111,
221 1145 248 1171 2.
269 1145 389 1180 Postea,
413 1144 503 1172 etiam
529 1143 671 1172 crucifixo
697 1143 841 1178 Domino,
864 1142 946 1171 venit

160 1190 200 1219 ad
223 1191 430 1228 sepeliendum
451 1199 536 1227 eum,
561 1193 683 1227 portans
710 1192 830 1219 centum
853 1189 946 1218 libras

160 1238 306 1273 unguenti
320 1239 453 1275 pretiosi.
468 1240 561 1274 Joan„
575 1247 626 1266 xx.

197 1285 325 1322 Joseph,
339 1285 449 1314 nobilis
466 1285 604 1320 decurio,
620 1284 659 1313 ab
678 1284 869 1320 Arimathaea,
883 1284 946 1312 dis-

163 1333 279 1370 cipulus
294 1336 356 1362 erat
369 1335 453 1369 Jesu,
469 1333 602 1362 occultus
623 1334 724 1362 autem
744 1333 867 1369 propter
887 1340 948 1360 me-

161 1381 226 1409 tum
241 1380 413 1409 Judaeorum
423 1392 431 1417 ;
446 1381 581 1417 deposito
602 1382 702 1409 autem
720 1382 818 1416 metu,
838 1379 947 1408 audac-

162 1428 207 1456 ter
220 1428 334 1456 introiit
348 1428 389 1456 ad
403 1428 530 1456 Pilatum
546 1428 687 1456 devotam
709 1427 883 1464 petitionem
898 1435 948 1463 pe-

163 1475 243 1510 tens,
259 1475 370 1504 scilicet
384 1483 493 1512 corpus
506 1477 575 1504 Jesu
589 1475 627 1504 ab
641 1475 785 1503 indevoto
800 1475 928 1511 tyranno
937 1495 946 1509 ,

165 1522 280 1557 Matth.,
294 1530 387 1551 xxvii.

202 1570 392 1599 Honorabilis
406 1570 511 1598 doctor
528 1569 603 1606 legis
617 1568 761 1598 Gamaliel
776 1570 838 1597 erat
850 1568 948 1597 Phari-

142 1639 149 1647 .
166 1624 241 1645 saeus
255 1638 265 1652 ,
292 1620 320 1646 et
343 1617 426 1646 dedit
454 1617 571 1646 bonum
594 1619 623 1646 et
644 1616 823 1645 rationabile
856 1616 950 1644 consi-

166 1663 255 1700 lium,
275 1673 331 1702 pro
352 1665 501 1702 Apostolis
525 1666 557 1702 (b)
574 1685 585 1700 ,
603 1664 791 1702 principibus
815 1663 951 1692 sacerdo-

166 1713 241 1740 tum.
256 1713 334 1748 Act„
349 1721 378 1741 v.

202 1759 252 1787 Vir
267 1759 394 1795 quidam
412 1762 475 1788 erat
488 1759 520 1788 in
534 1760 685 1794 Caesarea,
699 1758 821 1787 nomine
845 1761 951 1787 Corne-

166 1804 238 1842 lius,
249 1805 406 1842 religiosus
417 1809 445 1836 et
456 1807 562 1835 timens
575 1808 668 1834 Deum
678 1814 747 1834 eum
760 1804 843 1833 omni
858 1804 951 1832 domo

167 1861 239 1888 sua,
254 1853 364 1881 faciens
386 1854 594 1890 eleemosynas
607 1853 716 1881 multas
736 1852 834 1889 plebi,
851 1853 879 1880 et
897 1851 951 1880 de-

166 1908 293 1937 precans
312 1902 472 1931 Dominum
486 1909 614 1938 semper.
630 1901 707 1936 Act„
723 1908 757 1936 x,
775 1903 800 1935 l,
813 1901 841 1928 Ξ.

419 1995 563 2030 CAPUT
587 1995 704 2029 CXIV.

391 2069 429 2096 De
452 2068 604 2096 mobilitate
622 2067 734 2103 populi.

207 2137 335 2166 Rediens
348 2139 462 2175 Moyses
477 2137 515 2166 de
528 2139 607 2166 terra
617 2136 735 2165 Madian
749 2136 780 2164 in
794 2135 956 2172 AEgyptum

171 2185 303 2213 narravit
317 2185 418 2214 omnia
436 2185 530 2214 verba
543 2184 680 2218 Domini,
698 2191 754 2220 pro
776 2181 886 2219 quibus
900 2182 957 2209 mi·

171 2233 250 2260 serat
264 2240 344 2260 eum.
360 2232 510 2268 Sequitur:
528 2242 542 2259 ι(
556 2233 590 2260 Et
603 2230 730 2259 credidit
746 2229 889 2267 populus,
904 2237 958 2257 au-

172 2279 350 2316 dieruntque
361 2280 445 2316 quod
454 2279 602 2308 visitasset
612 2279 754 2307 Dominus
764 2277 843 2305 filios
853 2276 952 2311 lsrael,

173 2328 202 2354 et
211 2327 300 2363 proni
310 2327 521 2363 adoraverunt,
534 2338 546 2353 »
555 2327 702 2361 Eaeod.,1v,
712 2327 757 2353 31.
770 2326 874 2353 Postea
885 2332 958 2353 vero

173 2382 242 2402 eum
263 2376 359 2403 essent
381 2375 481 2403 afflicti
504 2375 542 2403 ab
566 2373 756 2402 exactoribus
779 2372 960 2408 Pharaonis,

174 2421 311 2450 dixerunt
325 2423 416 2459 Moysi
434 2424 462 2451 et
478 2426 595 2452 Aaron:
615 2432 629 2449 «
643 2422 748 2451 Videat
763 2421 916 2454 Dominus,
933 2421 961 2448 et

172 2468 302 2504 Judicet,
324 2470 470 2506 quoniam
489 2470 592 2498 foetere
614 2470 720 2498 fecistis
745 2468 871 2497 odorem
892 2475 961 2495 nos-

177 2516 255 2544 trum
277 2525 379 2546 coram
399 2518 552 2547 Pharaone
576 2520 604 2546 et
625 2518 717 2546 servis
737 2517 818 2552 ejus,
834 2516 861 2543 et
883 2522 961 2551 prce-

176 2561 282 2591 buistis
300 2565 327 2593 ei
349 2565 499 2601 gladium,
519 2567 551 2594 ut
575 2565 722 2594 occideret
741 2572 807 2592 nos.
829 2573 843 2590 »
860 2561 960 2596 Exod„

179 2617 208 2645 v,
223 2611 269 2639 21.

217 2710 250 2741 (α)
270 2711 331 2737 Coet.
344 2713 404 2737 edit.
420 2714 495 2739 filius.
508 2727 537 2733 -
552 2714 586 2747 (b)
603 2715 662 2739 Coet.
677 2713 737 2739 edit.
752 2712 878 2745 praemitt.
893 2713 926 2736 et.

1714 215 1774 246 623

1024 290 1099 317 Cum
1117 288 1186 324 post
1200 286 1311 315 multas
1329 285 1448 323 AEgypti
1468 284 1576 322 plagas
1590 282 1675 312 ditati
1687 283 1716 311 et
1728 289 1776 311 ar·

988 335 1061 365 mati
1081 335 1293 372 egrederentur
1315 333 1369 362 filii
1391 332 1481 362 Israel
1499 332 1537 361 de
1555 333 1700 369 AEgypto,
1722 332 1778 359 Do-

988 383 1072 413 mino
1081 383 1281 421 praecedente,
1290 382 1374 411 viam
1383 381 1425 410 eis
1440 389 1495 419 per
1505 381 1621 410 nubem
1635 381 1663 408 et
1676 380 1778 416 ignem

990 431 1181 466 ostendente,
1202 429 1343 459 viderunt
1359 430 1428 466 post
1450 436 1482 457 se
1506 427 1676 465 AEgyptios,
1697 428 1726 455 et
1744 426 1779 455 ti-

990 480 1130 507 muerunt
1142 477 1232 506 valde
1242 499 1252 513 ,
1266 479 1294 506 et
1319 477 1460 505 dixerunt
1474 476 1514 505 ad
1528 477 1665 512 Moysen:
1679 483 1693 501 ι(
1708 475 1779 504 For-

991 526 1067 555 sitan
1086 534 1149 554 non
1167 527 1251 554 erant
1268 525 1407 561 sepulcra
1425 524 1456 552 in
1475 524 1621 560 AEgypto;
1642 522 1713 550 ideo
1733 523 1779 550 tu-

990 573 1049 602 listi
1063 581 1135 608 1105,
1151 574 1183 601 ut
1197 580 1385 601 moreremur
1398 571 1429 600 in
1447 571 1619 600 solitudine.
1639 579 1653 596 ν
1667 567 1778 597 Deinde

993 620 1150 649 confortati
1165 621 1233 648 sunt
1246 627 1301 656 per
1314 621 1446 656 Moysen,
1459 627 1529 647 cum
1538 617 1682 646 Dominus
1696 622 1779 644 mare

994 668 1130 696 Rubrum
1145 667 1303 701 divisisset,
1314 669 1342 695 et
1357 666 1491 704 populus
1505 665 1585 694 sicco
1601 664 1679 702 pede
1689 665 1781 692 trans-

993 715 1078 743 isset:
1094 714 1269 743 submersus
1283 715 1326 742 est
1340 713 1382 742 ibi
1400 713 1545 742 exercitus
1560 710 1723 741 Pharaonis
1729 719 1738 746 3
1754 711 1782 738 et

994 762 1092 791 timuit
1113 761 1247 799 populus
1266 760 1442 793 Dominum,
1467 761 1496 788 et
1517 759 1708 788 crediderunt
1727 758 1782 785 Do-

995 810 1077 838 mino
1094 809 1237 845 gloriose,
1249 814 1303 837 etc.
1320 808 1421 841 Emori„
1437 815 1488 835 xiv
1503 809 1530 834 et
1544 814 1592 835 xv.

1033 857 1106 885 Satis
1119 858 1219 886 autem
1233 856 1292 884 cito
1307 857 1387 892 post,
1397 854 1523 883 veniens
1536 854 1568 882 in
1582 852 1694 888 Marah,
1705 859 1784 880 mur-

996 905 1126 933 muravit
1139 903 1271 941 populus
1285 903 1410 940 propter
1424 910 1518 938 aquas
1535 900 1624 929 nimis
1644 907 1781 929 amaras:

998 953 1108 990 quibus
1125 960 1180 989 per
1196 951 1314 987 lignum
1329 949 1502 987 appositum
1521 948 1700 983 dulcoratis,
1716 954 1785 976 oon-

998 1001 1156 1036 sequenter
1184 998 1448 1026 murmuraverunt
1475 1004 1532 1033 pro
1561 995 1679 1023 defectu
1705 994 1764 1022 eibi
1775 1015 1785 1029 ‚

1002 1047 1202 1083 dixeruntque
1231 1045 1271 1074 ad
1296 1046 1418 1082 Moysen
1441 1045 1470 1072 et
1492 1046 1615 1072 Aaron:
1639 1042 1787 1070 «Utinam

999 1094 1110 1122 mortui
1124 1101 1255 1122 essemus
1269 1093 1301 1121 in
1315 1093 1456 1129 AEgypto,
1471 1090 1594 1128 quando
1607 1089 1787 1118 sedebamus

1000 1150 1091 1179 super
1105 1141 1181 1170 ollas
1196 1141 1342 1175 carnium,
1354 1150 1368 1165 n
1379 1141 1435 1167 eie.
1450 1140 1484 1168 Et
1498 1138 1578 1166 misit
1591 1137 1632 1166 eis
1645 1136 1788 1165 Dominus

1001 1198 1124 1226 vespere
1146 1188 1326 1223 coturnices,
1349 1188 1378 1215 et
1394 1194 1483 1215 mane
1503 1185 1580 1223 pluit
1599 1185 1657 1213 illis
1675 1191 1788 1213 manna

1003 1238 1040 1265 de
1056 1237 1142 1265 ccelo.
1157 1236 1258 1268 Emod„
1275 1242 1333 1263 xvi.

1038 1286 1105 1312 Post
1117 1283 1195 1318 haec,
1212 1291 1281 1311 cum
1296 1282 1421 1311 daturus
1436 1282 1511 1309 esset
1526 1279 1553 1308 ei
1572 1279 1687 1315 legem,
1703 1278 1787 1306 dixe-

1002 1333 1087 1360 runt:
1102 1341 1115 1357 «
1129 1332 1241 1359 Cuncta
1257 1338 1324 1366 quae
1337 1329 1460 1358 locutus
1474 1330 1517 1357 est
1531 1327 1685 1361 Dominus,
1699 1325 1789 1354 facie-

1003 1387 1080 1408 mus.
1097 1389 1111 1404 »
1134 1378 1236 1411 Emod„
1254 1386 1313 1406 11111.
1338 1378 1371 1405 Et
1389 1375 1499 1405 similia
1522 1375 1617 1403 verba
1635 1374 1789 1408 dixerunt,

1004 1434 1073 1454 cum
1092 1426 1243 1454 narrasset
1265 1425 1306 1452 eis
1328 1426 1442 1461 Moyses
1463 1423 1557 1451 verba
1577 1424 1605 1450 et
1627 1422 1789 1458 praecepta,

1005 1481 1071 1510 quae
1087 1481 1105 1501 a
1120 1472 1245 1500 Domino
1260 1473 1424 1508 acceperat.
1439 1470 1541 1505 Emod„
1555 1477 1633 1498 xxiv.

1041 1521 1114 1548 Cum
1129 1521 1228 1548 autem
1246 1527 1365 1547 moram
1385 1518 1494 1546 faceret
1513 1518 1627 1553 Moyses
1643 1516 1675 1544 in
1690 1517 1792 1543 monte

1005 1576 1075 1596 eum
1095 1566 1220 1595 Domino
1236 1566 1267 1594 in
1282 1565 1482 1602 descriptione
1502 1563 1704 1598 tabernaculi,
1720 1570 1792 1591 con-

1006 1616 1146 1651 gregatus
1166 1616 1209 1642 est
1226 1613 1358 1651 populus
1373 1614 1535 1642 adversum
1546 1613 1662 1647 Aaron,
1682 1612 1711 1639 et
1732 1610 1790 1638 ait:

1009 1672 1023 1688 «
1044 1663 1100 1691 Fac
1122 1662 1211 1690 nobis
1234 1661 1308 1690 deos
1336 1661 1389 1698 qui
1416 1668 1471 1689 nos
1495 1659 1681 1697 praecedant,
1699 1668 1713 1685 n
1737 1659 1791 1686 etc.

1006 1710 1109 1744 Emod„
1126 1717 1218 1738 xxxn.

1043 1757 1169 1792 Deinde,
1185 1764 1254 1785 cum
1269 1757 1400 1784 erectum
1419 1755 1494 1783 esset
1507 1753 1751 1788 tabernaculum,
1767 1753 1797 1780 et

1007 1804 1090 1833 factae
1105 1804 1310 1832 ordinationes
1327 1801 1514 1840 principum,
1533 1803 1602 1838 post
1615 1799 1796 1828 numeratio-

1008 1859 1079 1880 nem
1096 1851 1278 1880 bellatorum
1297 1851 1326 1878 et
1339 1849 1509 1884 levitarum,
1532 1856 1601 1877 cum
1620 1848 1716 1876 essent
1732 1855 1798 1875 om·

1008 1900 1060 1928 nia
1074 1899 1229 1935 ordinata,
1253 1898 1410 1935 quomodo
1430 1897 1584 1926 debebant
1601 1895 1751 1933 proficisci
1766 1895 1798 1923 in

1009 1947 1070 1981 via,
1089 1948 1158 1983 post
1173 1946 1328 1974 modicum
1343 1947 1386 1973 est
1404 1946 1503 1973 ortum
1522 1951 1660 1972 murmur
1673 1941 1797 1979 populi,

1011 1993 1097 2029 quasi
1112 1993 1279 2021 dolentium
1293 2000 1350 2029 pro
1365 1991 1481 2020 labore.
1496 1992 1593 2025 Num„
1607 1998 1648 2019 xi.

1047 2040 1243 2068 Postmodum
1266 2039 1368 2068 audita
1389 2038 1535 2067 relatione
1555 2037 1798 2074 exploratorum,

1012 2087 1213 2116 murmuravit
1226 2086 1359 2124 populus
1375 2088 1402 2114 et
1416 2085 1508 2121 flevit,
1523 2086 1620 2120 Num„
1633 2092 1696 2120 x1v;
1714 2084 1799 2112 dixe-

1011 2136 1141 2171 runtque
1153 2143 1230 2162 unus
1241 2134 1280 2162 ad
1293 2134 1435 2162 alterum:
1448 2143 1461 2159 «
1475 2133 1694 2161 Constituamus
1708 2131 1798 2160 nobis

1014 2182 1134 2216 ducem,
1148 2183 1177 2209 et
1191 2183 1376 2209 revertamur
1390 2180 1421 2208 in
1436 2182 1606 2216 AEgyptum.
1619 2188 1635 2206 >v

1049 2229 1209 2258 Audientes
1241 2230 1342 2256 autem
1376 2227 1458 2264 quod
1494 2226 1644 2263 displicuit
1673 2225 1798 2253 Domino

1014 2284 1152 2305 murmur
1167 2284 1284 2310 eorum,
1296 2275 1458 2303 voluerunt
1471 2274 1643 2308 ascendere,
1656 2274 1684 2301 et
1698 2274 1802 2301 contra

1014 2324 1201 2352 voluntatem
1216 2322 1310 2359 Moysi
1324 2330 1475 2359 pugnare3
1497 2323 1526 2350 et
1544 2324 1613 2349 tunc
1628 2320 1748 2348 fuerunt
1762 2319 1801 2348 ab

1015 2371 1151 2400 hostibus
1167 2370 1319 2399 debellati.
1335 2371 1432 2404 Num„
1448 2377 1509 2398 xlv.

1053 2421 1181 2454 Rursus,
1196 2419 1228 2446 in
1242 2418 1385 2446 seditione
1399 2419 1485 2452 Core,
1506 2415 1592 2444 multi
1612 2416 1803 2443 surrexerunt

1020 2468 1123 2495 contra
1135 2468 1255 2502 Moysen
1268 2467 1295 2493 et
1307 2467 1421 2501 Aar0n3
1438 2464 1548 2501 quibus
1561 2462 1730 2491 terribiliter
1742 2469 1803 2489 eas-

1018 2514 1130 2549 tigatis,
1143 2525 1157 2540 «
1172 2512 1371 2541 murmuravit
1386 2512 1483 2540 omnis
1497 2510 1657 2539 multitudo
1672 2509 1808 2537 filiorum*

1018 2561 1108 2590 Israel
1123 2562 1226 2589 contra
1241 2561 1362 2596 Moysen
1377 2560 1405 2587 et
1418 2560 1532 2593 Aaron,
1549 2557 1669 2586 dicens:
1686 2558 1743 2584 Vos
1759 2556 1804 2584 in-

1019 2608 1170 2637 terfecistis
1191 2607 1341 2645 populum
1369 2605 1496 2634 Domini.
1517 2606 1652 2641 Cumque
1678 2603 1804 2631 oriretur

1019 2656 1141 2689 seditio,
1163 2657 1191 2683 et
1211 2653 1358 2682 tumultus
1381 2653 1596 2687 incresceret‚n
1626 2653 1683 2680 etc.
1707 2651 1804 2686 Num.,

1020 2711 1080 2737 xvi,
1096 2705 1126 2730 41
1146 2704 1174 2730 et
1188 2710 1251 2737 seq.
