2004 3037
197 223 257 253 474

196 290 292 317 rectus
311 295 366 324 per
384 288 494 315 rectam
517 286 664 315 rationem
690 286 740 315 vel
762 285 974 321 intentionem.;

197 342 266 364 cum
287 333 374 362 fuerit
401 333 432 362 in
453 333 608 362 itineribus
629 333 796 362 aeternitatis
819 333 976 370 expeditus

197 390 250 420 per
267 381 453 419 frequentem
471 381 714 418 meditationem,
737 389 807 410 cum
826 381 914 410 fuerit
936 380 976 409 ad

197 431 305 458 oeterna
329 429 457 458 directus
483 437 539 465 per
565 429 723 466 limpidam
749 429 976 465 contemplatIo-

196 484 283 511 nem3
299 484 368 505 cum
385 476 472 505 fuerit
490 476 529 505 ad
547 478 657 505 aeterna
677 476 836 505 inclinatus
853 483 908 513 per
921 475 977 504 fer-

196 523 300 552 vidam
317 523 523 560 dilectionem3
540 532 608 553 cum
628 523 716 552 suerit
735 523 772 552 de
789 523 906 551 oeternis
919 523 978 551 ins-

196 572 307 598 tructus
337 578 391 607 per
422 570 618 608 multiplicem
645 570 877 606 revelationem3
908 578 977 598 cum

197 616 284 646 fuerit
296 620 405 647 aeterna
419 621 556 655 expertus
570 626 623 655 per
637 618 758 646 dulcem
773 617 978 655 praegustatio-

197 673 281 700 nem,
301 667 333 694 ut
347 665 384 694 de
400 665 540 694 omnibus
559 665 653 702 patuit
667 673 775 702 supra:
794 665 868 702 quid
883 665 977 693 modo

197 714 301 748 restat,
321 712 378 740 nisi
396 714 504 741 aeterna
521 712 703 749 ingrediatur
723 720 778 749 per
800 712 978 741 deiformem

198 761 225 787 et
239 759 421 788 meritoriam
436 759 661 796 operationem?
677 759 825 794 Quidnam
837 759 979 796 praedieta

198 807 300 835 omnia
317 806 464 843 valerent,
486 807 510 835 si
531 815 566 835 ea
588 806 740 836 deiformis
760 806 895 843 operatio
917 814 979 834 non

198 855 440 882 consummaret?
461 855 525 882 Non
548 853 628 882 enim
652 853 819 890 perfeetum
839 853 909 881 facit
932 861 980 881 co-

199 901 291 937 gnitio
312 901 459 935 veritatis,
482 901 538 929 nisi
561 901 759 937 subsequatur
782 900 902 928 habitus
923 900 981 928 vir-

198 948 266 976 tutis
286 948 315 976 in
335 948 522 984 operatione,
538 948 578 976 ait
592 949 675 984 Hugo
692 950 699 966 ¹
715 955 805 984 super
819 947 980 984 septimum

198 995 337 1030 Anqelicae
352 996 528 1023 Hieran-chire.
540 997 573 1023 Et
586 995 617 1023 in
631 995 709 1023 libro
722 995 755 1022 de
768 995 863 1022 Tribus
880 996 978 1030 Dictis,

199 1042 270 1070 dicit
286 1041 345 1070 sie:
365 1042 470 1076 «Quid
490 1042 578 1070 nobis
597 1042 736 1079 prodest,
753 1042 777 1070 si
798 1042 829 1070 in
851 1043 909 1070 Deo
930 1050 980 1070 co—

198 1089 369 1124 gnoscimus
392 1089 552 1125 majestatis
572 1089 796 1124 celsitudinem,
817 1091 846 1117 et
864 1088 979 1117 nullam

198 1136 286 1165 nobis
310 1136 380 1165 inde
403 1137 571 1173 colligimus
589 1137 767 1165 utilitatem?
791 1137 821 1165 Si
841 1137 921 1164 enim
940 1136 977 1164 de

199 1183 250 1211 illo
272 1183 376 1212 intimo
399 1184 507 1212 divinae
528 1184 787 1220 contemplationis
802 1187 913 1212 secreto
935 1192 980 1212 re-

200 1231 354 1266 vertimur,
385 1232 458 1267 quid
484 1232 648 1260 nobiscum⁴
666 1231 770 1259 asscrre
800 1231 979 1268 poterimus,

199 1278 255 1305 nisi
267 1278 368 1306 lumen
380 1279 558 1315 exemplaris
571 1278 771 1315 operationis?
781 1290 793 1304 n
810 1281 877 1312 etc.‚
893 1283 923 1306 ut
935 1286 981 1306 su-

199 1333 254 1361 pra
270 1325 298 1353 iu
313 1325 452 1361 Prologo,
467 1326 653 1354 distinctione
669 1326 773 1362 quinta
781 1325 800 1353 ².
813 1327 908 1360 Quare
926 1326 980 1353 iter

200 1372 357 1400 meritoriae
388 1373 568 1409 operationis
596 1373 810 1401 rationabiliter
838 1373 980 1409 praedicta

200 1419 342 1455 sequitur.

436 1499 677 1534 DISTlNCTIO
705 1500 743 1533 ΙΙ.

204 1580 293 1614 Quare
306 1583 407 1608 natura
422 1583 568 1609 rationalis
587 1583 682 1609 adhoc
696 1583 774 1616 facta
788 1584 826 1609 sit
848 1582 893 1617 (a),
911 1582 983 1617 quod

237 1628 372 1661 operetur,
383 1629 406 1654 et
417 1629 542 1654 aetm'num
552 1628 628 1661 finem
641 1635 689 1662 per
700 1627 747 1654 hoc
760 1629 946 1662 consequatur.

238 1704 374 1732 Secundo
398 1704 552 1733 sciendum
576 1708 632 1739 est,
657 1705 740 1741 quod
760 1707 864 1733 natura
890 1705 980 1733 ratio-

203 1751 276 1779 nalis
292 1751 331 1779 ad
346 1752 402 1779 hoc
418 1751 494 1779 sacta
509 1753 565 1786 est,
587 1754 617 1779 ut
640 1752 826 1788 operationes
846 1753 982 1788 proprias

203 1800 355 1834 operetur,
384 1800 419 1829 et,
435 1806 487 1834 per
512 1798 568 1826 hoc
594 1799 688 1833 gratia
718 1799 866 1827 mediante
890 1800 981 1826 tinem

203 1853 290 1873 suum
304 1845 441 1873 ultimum
452 1848 659 1881 consequatur.
673 1847 792 1882 Propter
808 1846 887 1873 hunc
901 1846 981 1874 enim

204 1891 295 1919 finem
310 1892 446 1920 conditus
457 1894 499 1920 est
511 1892 613 1927 homo,
625 1894 657 1920 ut
667 1900 753 1928 opus,
765 1894 886 1928 propter
899 1893 983 1929 quod

205 1939 298 1967 factus
321 1941 380 1974 est,
408 1941 557 1976 operetur,
580 1942 607 1967 et
630 1947 691 1967 non
713 1939 811 1968 solum
832 1948 868 1967 ne
889 1948 907 1968 a
924 1940 985 1968 vita

205 1988 312 2014 aeterna
325 1986 386 2014 sive
401 1994 418 2014 a
430 1994 484 2014 suo
501 1987 558 2014 tine
575 1987 759 2021 excludatur,
776 1987 828 2014 sed
843 1987 931 2014 etiam
947 1995 984 2015 ne

206 2033 289 2069 quasi
316 2033 440 2061 naturali
461 2042 515 2061 sua
538 2034 716 2070 perfectione
737 2034 877 2070 privetur.
898 2035 983 2069 Quod

207 2080 404 2108 Linconiensis
419 2082 639 2109 tlomuxentator
655 2089 743 2117 super
758 2082 874 2109 tertium
896 2083 984 2117 Auffe-

208 2128 265 2155 liccr
280 2128 445 2155 Hierurrlu‘oe
461 2128 501 2155 sic
517 2128 658 2161 ostendit,
676 2128 795 2156 dicens:
815 2139 828 2154 «
844 2131 929 2156 Facta
945 2131 986 2156 est

207 2175 359 2203 rationalis
381 2178 485 2202 natura
505 2183 565 2202 nou
585 2175 682 2202 solum
703 2179 823 2211 propter
845 2176 985 2204 inhaerere

209 2223 266 2249 Deo
295 2230 348 2257 per
374 2222 561 2249 dilectionem
583 2222 645 2253 Dei,
673 2223 725 2250 sed
754 2223 842 2250 etiam
865 2226 985 2259 propter

210 2270 326 2306 operari
346 2270 510 2297 secundum
527 2278 624 2297 sacras
641 2270 842 2297 ordinationes
857 2271 932 2297 bene
949 2271 987 2298 ad

208 2316 380 2353 proximum
391 2324 425 2344 cx
440 2316 596 2343 dilectione
607 2317 745 2352 proximi.
764 2318 794 2344 Et
808 2316 831 2343 si
846 2317 987 2352 praedicto

210 2363 302 2391 modo
322 2371 383 2391 non
405 2366 552 2398 operatur,
574 2366 640 2390 tunc
663 2363 736 2395 tine,
759 2365 879 2399 propter
894 2372 983 2399 quem

210 2409 286 2438 facta
300 2411 356 2444 est,
374 2411 469 2437 caret:
486 2417 553 2436 cum
568 2412 672 2437 neutra
687 2409 805 2437 dileetio
821 2410 881 2437 sine
896 2410 988 2438 altera

211 2459 398 2493 permaneat,
413 2463 447 2484 ac
460 2464 512 2492 per
526 2456 583 2484 lioc
598 2463 679 2484 cassa
695 2459 721 2483 et
736 2465 813 2483 vana
829 2459 886 2491 est,
903 2459 930 2484 et
945 2457 989 2484 id-

212 2504 289 2532 eirco
305 2503 429 2539 indigna
448 2503 605 2531 subsistere
629 2503 717 2530 etiam
734 2503 897 2531 secundum
912 2504 989 2531 exis-

212 2550 332 2579 tentiam
353 2550 518 2578 naturalem
535 2550 561 2578 ei
583 2550 724 2577 divinitus
748 2550 848 2578 datam
868 2553 989 2586 propter

212 2597 385 2633 hujusmodi
398 2598 500 2625 finem.
516 2597 594 2626 Sicut
608 2597 702 2632 enim,
719 2597 883 2626 secundum
898 2601 989 2634 Apos-

248 2665 251 2676 '
274 2664 350 2694 ling,
367 2664 393 2688 in
407 2670 462 2693 cap.
485 2665 549 2693 sept.
571 2662 659 2693 Anqel.
676 2662 756 2691 Hier„
772 2661 816 2684 lib.
838 2661 892 2691 vu,
913 2661 988 2691 paulo

216 2700 272 2729 post
286 2699 352 2722 med.
362 2712 391 2716 ——-
402 2699 475 2723 wal.
487 2706 554 2730 sup.,
566 2705 624 2730 pag.
635 2699 690 2729 309,
703 2698 751 2721 cel.
762 2699 783 2721 2.
797 2710 826 2714 -
841 2696 849 2710 ³
867 2697 885 2720 ll
898 2696 988 2724 Thess„

606 219 656 252 DE
680 217 839 251 SEPTEM
859 215 1086 250 ITlNERlBUS
1105 215 1398 250 AETERNITATIS.

1029 283 1126 313 tolum
1134 284 1156 320 ³,
1171 285 1221 321 qui
1233 293 1287 314 non
1301 286 1418 321 laborat,
1431 293 1485 314 non
1495 285 1648 319 manducet,
1663 285 1706 315 sic
1718 294 1808 316 omne

1031 330 1113 368 quod
1125 334 1246 368 propter
1260 339 1336 369 opus
1346 331 1456 361 factum
1471 332 1527 367 est,
1544 332 1569 361 si
1582 340 1642 361 suae
1654 332 1808 370 negligen-

1031 379 1078 407 tiae
1092 379 1164 408 vitio
1179 387 1239 408 non
1255 378 1334 414 facit,
1350 379 1510 409 existentiae
1525 388 1586 408 suae
1598 379 1742 408 naturalis
1754 379 1810 409 rul-

1032 426 1160 455 cimento
1171 426 1283 463 privari
1292 426 1393 462 habet,
1402 428 1436 455 ut
1444 426 1581 455 videlicet
1593 426 1810 463 plenitudinem

1031 473 1189 509 integram,
1199 474 1228 502 et
1241 473 1438 509 integritatem
1451 473 1572 510 plenam
1585 473 1744 502 existentiae
1756 481 1810 503 na-

1032 520 1135 548 turalis
1149 527 1211 548 non
1225 520 1359 549 retineat.
1375 520 1421 549 Sic
1435 521 1548 557 primus
1564 520 1698 556 angelus,
1711 522 1740 549 et
1752 520 1812 557 pri·
1857 536 1865 542 -

1032 575 1100 595 mus
1123 567 1232 602 homo,
1257 575 1319 596 non
1342 568 1500 604 operantes
1522 567 1688 596 secundum
1711 574 1810 596 sacras

1033 613 1236 642 ordinationes
1250 615 1350 650 gratiae
1363 615 1506 651 propriae,
1521 614 1691 643 recedentes
1702 613 1811 642 volun-

1033 660 1116 695 tarie,
1139 662 1167 698 et
1180 660 1354 697 elongantes
1372 669 1403 689 se
1425 669 1443 690 a
1455 669 1509 698 per
1523 669 1553 689 se
1567 663 1650 696 ente,
1667 662 1695 689 et
1711 668 1766 698 per
1779 669 1810 689 se

1034 715 1109 742 esse,
1125 707 1300 736 deciderunt
1309 708 1340 736 in
1352 708 1572 745 corruptionem
1582 708 1726 737 naturalis
1739 707 1812 736 exis—

1033 754 1144 789 tentiae,
1159 762 1221 782 non
1236 754 1319 791 quod
1340 754 1405 791 ipsa
1420 755 1560 783 caderent
1573 755 1604 783 in
1618 755 1735 792 penitus
1749 763 1810 784 non

1034 809 1113 836 esse,
1128 801 1181 829 sed
1200 801 1284 838 quod
1298 801 1378 838 ipsa,
1398 803 1430 830 ut
1443 803 1618 838 praetactum
1632 804 1688 838 est,
1704 810 1722 832 a
1737 811 1810 840 pro-

1033 849 1105 886 priae
1113 849 1285 884 integritatis
1295 849 1480 886 plenitudine
1492 849 1676 884 deciderunt,
1687 852 1715 879 et
1723 857 1812 887 prop-

1033 898 1078 925 ter
1092 897 1278 926 aversionem
1293 897 1332 925 ab
1347 897 1410 933 illo,
1427 897 1478 934 qui
1496 897 1577 925 solus
1590 905 1643 934 per
1658 905 1688 925 se
1708 899 1765 933 est,
1785 899 1814 926 et

1035 945 1260 973 conversionem
1279 944 1319 973 ad
1338 944 1440 979 aliud,
1462 944 1546 981 quod
1566 952 1620 981 per
1640 952 1671 973 se
1690 952 1751 973 non
1771 946 1813 973 est

1035 992 1086 1019 aut
1104 991 1275 1020 deficienter
1295 993 1354 1026 est,
1373 991 1488 1020 dicatur
1505 991 1602 1027 magis
1615 999 1677 1019 non
1691 991 1812 1020 existere

1035 1046 1126 1075 quam
1150 1037 1281 1067 existere.
1304 1049 1317 1063 ι)
1340 1040 1404 1066 lioec
1426 1038 1486 1066 ille.
1514 1040 1545 1066 Et
1568 1038 1636 1066 ideo
1663 1046 1724 1067 non
1745 1038 1814 1067 licet

1035 1086 1120 1116 otiari
1141 1095 1159 1115 a
1176 1086 1258 1114 hono
1279 1094 1378 1122 opere.
1403 1086 1499 1114 Otium
1522 1085 1602 1114 enim
1623 1086 1686 1114 sine
1710 1086 1813 1114 litteris

1037 1141 1118 1162 mors
1137 1135 1196 1168 est,
1219 1133 1259 1161 ait
1277 1133 1386 1161 Seneca
1399 1132 1421 1167 ⁴,
1441 1135 1469 1161 et
1487 1132 1546 1161 vivi
1566 1132 1696 1161 hominis
1711 1133 1812 1169 sepul-

1035 1183 1109 1210 tura.
1127 1182 1158 1209 Et
1177 1181 1357 1216 Bernardus,
1381 1181 1410 1209 in
1426 1182 1570 1209 ‘sermone
1589 1180 1628 1208 ad
1647 1180 1810 1208 solitarios:

1038 1228 1142 1257 «Nihil
1160 1228 1317 1265 pretiosius
1337 1231 1488 1264 tempore,
1511 1227 1582 1264 quia
1601 1228 1675 1256 sicut
1689 1227 1814 1264 capillus

1035 1284 1096 1304 non
1111 1275 1219 1312 peribit
1234 1275 1271 1303 de
1289 1275 1395 1311 capite,
1411 1274 1452 1302 sic
1469 1282 1524 1302 nec
1539 1277 1724 1302 momentum
1739 1275 1813 1311 peri-

1036 1323 1077 1350 bit
1097 1322 1134 1350 dc
1155 1324 1302 1358 tempore,
1325 1322 1396 1358 quin
1421 1323 1556 1358 oporteat
1577 1321 1702 1349 reddere
1725 1321 1814 1350 ratio-

1036 1379 1115 1399 nem.
1131 1380 1144 1396 n
1160 1370 1247 1405 igitur
1262 1372 1366 1397 natura
1384 1369 1448 1397 talis
1461 1369 1537 1397 sacta
1550 1371 1602 1403 est,
1618 1370 1651 1397 ut
1665 1370 1813 1406 operetur,

1037 1421 1064 1446 et
1079 1426 1132 1455 per
1146 1417 1202 1446 hoc
1215 1417 1306 1445 finem
1319 1425 1406 1445 suum
1421 1418 1629 1453 consequatur.

1267 1512 1505 1548 DISTINCTIO
1530 1513 1585 1546 111.

1038 1590 1126 1623 Quare
1145 1588 1219 1615 homo
1238 1587 1380 1615 secimdum
1399 1587 1533 1622 duplicem
1552 1588 1679 1614 naturam
1707 1588 1816 1622 operari

1362 1634 1494 1659 teneatur.

1075 1703 1169 1730 Tertio
1182 1701 1348 1729 videndum
1363 1703 1405 1729 est
1419 1701 1501 1737 quod
1517 1710 1584 1729 cum
1599 1702 1690 1730 homo
1705 1704 1817 1731 constet

1039 1757 1075 1777 ex
1088 1748 1197 1784 duplici
1213 1750 1330 1782 natura,
1343 1748 1490 1784 corporali
1502 1748 1611 1776 seilicet
1624 1750 1651 1776 et
1661 1748 1816 1784 spirituali,

1039 1796 1108 1824 ideo
1135 1795 1269 1832 duplices
1297 1796 1485 1831 operationes
1514 1795 1603 1823 <lebet
1627 1795 1761 1832 operari,
1786 1798 1818 1824 ut

1039 1844 1204 1872 secundum
1218 1846 1375 1879 utramque
1396 1844 1533 1870 naturam
1548 1842 1587 1870 ad
1601 1844 1710 1870 aeterna
1724 1842 1817 1878 passi-

1039 1891 1095 1919 bus
1123 1890 1330 1927 operationum
1363 1889 1508 1925 dirigatur
1539 1897 1593 1926 per
1625 1889 1818 1917 intentionem

1039 1941 1150 1968 rectam
1170 1938 1200 1966 in
1222 1938 1314 1965 finem
1335 1937 1488 1972 ultimum,
1509 1937 1561 1973 qui
1581 1938 1623 1964 cst
1642 1938 1716 1965 Deus
1740 1938 1818 1965 aeter-

1040 1995 1105 2021 nus,
1121 1988 1153 2013 ut
1167 1985 1207 2012 sic
1223 1987 1298 2013 totus
1313 1984 1404 2012 homo
1420 1992 1487 2012 cum
1500 1986 1560 2011 tota
1573 1983 1685 2011 familia
1696 1991 1750 2011 sua
1763 1983 1819 2020 spi-

1040 2033 1136 2062 rituali
1160 2032 1236 2060 bcne
1259 2031 1421 2064 ordinetur,
1442 2030 1626 2066 pacificetur,
1646 2032 1674 2058 et
1694 2038 1819 2066 regnum

1042 2081 1185 2109 efficiatur
1203 2081 1311 2107 aeterno
1332 2080 1399 2105 beo.
1419 2077 1476 2105 Nisi
1498 2077 1576 2105 enini
1599 2078 1673 2105 Deus
1693 2085 1819 2112 regnum

1042 2136 1128 2156 suum
1152 2128 1182 2155 in
1204 2126 1290 2154 nobis
1304 2125 1415 2153 habere
1436 2126 1551 2160 posset,
1568 2132 1628 2151 nou
1651 2123 1770 2152 dixisset
1783 2125 1793 2141 ⁸
1811 2134 1817 2152 :

1043 2178 1160 2210 aequum
1183 2175 1232 2201 Det?
1252 2175 1327 2200 iutra
1345 2180 1389 2199 ros
1413 2174 1461 2198 cst.
1484 2172 1541 2198 lloc
1564 2173 1661 2198 autem
1677 2171 1687 2187 ⁶
1709 2179 1819 2206 reanum

1043 2231 1095 2250 non
1110 2224 1148 2249 est
1166 2229 1224 2249 esca
1240 2221 1280 2247 rc!
1293 2221 1383 2254 polus,
1398 2218 1444 2245 sed
1456 2218 1575 2252 justili'u,
1592 2221 1616 2245 ec
1629 2226 1696 2252 pua),
1713 2220 1737 2245 et
1751 2226 1818 2252 qau-

1043 2270 1117 2296 di'urn
1142 2270 1170 2294 iu
1193 2267 1302 2302 Spiritu
1325 2268 1436 2292 sancto:
1456 2265 1570 2298 justitia
1590 2264 1753 2299 justificans
1773 2264 1819 2299 ju-

1044 2315 1122 2344 dicia
1141 2314 1238 2342 cordis
1258 2313 1318 2340 sive
1334 2312 1471 2344 rationis,
1486 2320 1542 2346 pum
1558 2311 1751 2347 tranquillans
1766 2310 1820 2338 im-

1043 2362 1126 2399 peria
1140 2360 1297 2393 facultatis,
1313 2359 1442 2393 gaudium
1458 2358 1624 2394 adimplens
1640 2357 1820 2384 desiderium

1044 2407 1211 2437 voluntatis.
1224 2408 1256 2434 Et
1265 2406 1422 2441 Gregorius
1434 2412 1586 2441 exponens
1596 2404 1670 2431 illud
1682 2404 1818 2437 verbum,

1045 2456 1127 2483 dicit:
1144 2465 1157 2479 u
1172 2456 1235 2482 llfec
1250 2456 1317 2480 sunt
1331 2452 1416 2488 quasi
1431 2452 1530 2486 imago
1544 2453 1571 2478 et
1583 2451 1670 2478 arrha
1682 2450 1821 2486 perennis

1045 2503 1148 2530 laetitiae
1173 2500 1262 2528 futuri
1286 2499 1394 2527 saeculi.
1420 2510 1432 2524 n
1467 2500 1588 2526 istarum
1615 2498 1821 2533 operationum

1046 2552 1106 2578 tam
1127 2547 1339 2585 spiritualium,
1360 2554 1451 2582 quam
1465 2544 1666 2581 corporalium
1686 2544 1822 2572 ordinem

1047 2598 1074 2624 et
1094 2595 1286 2624 directionem
1304 2594 1334 2621 in
1356 2593 1461 2628 finem,
1482 2591 1591 2619 scilicet
1613 2593 1721 2626 Deum,
1745 2591 1821 2619 bene

1048 2666 1087 2690 iu,
1107 2661 1142 2684 to.
1161 2672 1186 2676 -
1204 2660 1211 2673 ²
1227 2659 1328 2688 Sem-c„
1347 2657 1420 2687 epist.
1444 2660 1549 2683 Lxxxu,
1570 2654 1646 2685 paulo
1663 2655 1722 2684 post
1740 2653 1820 2684 princ.

1047 2710 1077 2714 —
1092 2697 1099 2710 ¹
1115 2695 1183 2725 Luc.‚
1200 2700 1262 2724 xvii,
1281 2696 1319 2718 2³.
1338 2707 1363 2711 —
1380 2694 1389 2707 ⁴³
1403 2692 1480 2722 Rom..
1497 2696 1534 2714 xlx
1551 2709 1555 2717 ,
1574 2691 1610 2714 Π.
1626 2689 1758 2720 —(‹1)Al.
1775 2691 1822 2715 est.
