2004 3037
723 264 772 298 DE
795 264 960 298 NATURA
981 264 1058 297 DEI.
1081 266 1167 298 CAP.
1193 268 1244 300 vi.
1747 281 1786 311 65

446 380 589 416 CAPUT
615 381 676 416 VI.

368 453 456 480 Filius
479 455 520 480 est
542 455 632 488 imaqo
655 455 756 482 Patris.

209 522 310 557 Imago
325 521 431 558 triplex
449 524 505 557 est,
522 522 631 551 scilicet
651 522 841 559 aequalitatis,
859 521 954 550 imita-

173 567 276 602 tionis,
289 570 317 596 et
331 569 605 605 repraesentationis.
626 569 724 598 Primo
740 569 833 597 modo
843 590 851 604 ‚
866 568 954 597 Filius

173 616 216 643 est
229 614 329 650 imago
345 615 435 643 Patris
445 625 454 652 ;
471 616 603 644 secundo
626 616 719 644 modo
730 638 737 651 ,
753 617 845 644 homo
861 615 954 644 factus

173 663 215 689 est
229 662 269 690 ad
282 662 445 698 imaginem
467 663 530 698 Dei,
553 663 602 691 vel
620 663 720 699 imago
745 662 794 691 Dei
810 665 818 681 ¹
835 672 842 692 ς
861 664 955 690 Facia-

172 717 230 736 mus
258 709 391 738 hominem
415 710 452 737 ad
477 711 622 745 imaflz'nem
651 710 716 744 Dci3
741 710 825 738 tertio
849 710 954 744 modo,

172 755 303 784 mundus
318 756 426 784 dicitur
440 757 596 793 speculum
610 757 765 785 creatoris.

207 805 281 832 Nota
305 803 389 840 quod
417 803 517 840 imago
540 804 661 832 relative
684 804 792 832 dicitur
816 804 856 832 ad
880 804 955 832 illud

172 850 256 886 cujus
275 850 500 878 similitudinem
515 851 604 886 gerit,
626 853 653 878 et
674 851 713 879 ad
734 851 817 887 quod
840 851 956 878 imitan-

173 896 246 924 dum
260 896 336 925 facta
351 899 403 926 est.
426 899 485 926 Hoc
500 900 600 926 autem
615 898 760 934 contingit
780 898 952 934 dupliciter:

173 946 224 972 aut
238 947 383 981 quantum
397 945 437 973 ad
452 945 592 982 speciem,
609 947 637 973 et
651 946 771 982 signum
789 945 913 982 speciei,
928 949 956 975 et

173 991 213 1018 sic
228 991 328 1026 imago
349 992 480 1020 hominis
500 992 587 1020 estin
603 992 665 1020 filio
688 1000 760 1027 suo,
781 993 833 1029 qui
856 992 955 1029 ipsum

172 1037 203 1064 in
218 1037 351 1065 humana
366 1038 464 1074 specie
479 1040 507 1066 et
521 1038 618 1074 figura
632 1039 763 1067 imitatur
773 1061 780 1073 ,
797 1042 825 1067 et
837 1040 899 1067 haec
914 1043 956 1068 est

171 1083 300 1119 perfecta
320 1083 421 1120 imago
429 1095 437 1120 3
457 1087 508 1113 aut
531 1087 676 1122 quantum
698 1086 738 1113 ad
755 1086 874 1121 siguum
893 1088 956 1114 tan-

171 1132 250 1165 tum,
265 1132 293 1158 et
312 1138 374 1158 non
391 1131 430 1159 ad
448 1132 602 1160 veritatem
623 1132 749 1168 speciei,
766 1132 840 1161 sicut
854 1133 954 1169 imago

172 1177 301 1205 hominis
319 1180 361 1206 est
385 1180 481 1206 statua
497 1179 633 1215 lapidea,
653 1181 680 1207 et
698 1179 760 1207 haec
782 1181 823 1207 est
846 1179 956 1216 imper-

173 1225 249 1253 fecta
270 1225 379 1261 imago.
408 1226 504 1254 Primo
534 1227 642 1262 modo,
672 1227 760 1255 Filius
785 1230 827 1255 est
854 1228 954 1263 imago

175 1272 274 1306 ratris,
289 1272 320 1299 in
334 1274 440 1301 natura
450 1273 689 1308 communicans3
702 1274 834 1302 secundo
849 1275 955 1309 modo,

173 1318 274 1354 imago
295 1319 343 1346 Dei
358 1319 444 1347 estin
460 1319 597 1355 homine,
612 1320 680 1348 licet
697 1321 795 1348 minus
816 1321 953 1357 perfecte.

211 1367 256 1393 Est
276 1366 364 1401 igitur
387 1367 505 1402 imago,
528 1375 591 1395 non
620 1367 658 1395 ad
683 1367 859 1403 imaginem,
881 1368 956 1397 sicut

175 1412 272 1440 Filius.
289 1415 361 1441 Nam
376 1413 437 1440 haee
451 1414 620 1450 prcepositio
637 1415 682 1441 Ad
701 1415 771 1442 dicit
785 1415 955 1443 distantiam

174 1460 250 1487 inter
264 1460 459 1495 imaginatum
480 1462 507 1488 et
526 1461 738 1495 imaginantem
754 1471 760 1489 :
785 1462 842 1490 hoe
856 1465 955 1490 autem

175 1514 236 1534 non
252 1506 332 1534 eadit
345 1507 376 1534 in
398 1507 503 1534 Filium
517 1516 523 1534 :
540 1508 620 1535 unde
635 1508 710 1536 bene
732 1509 835 1536 dicitur
854 1509 954 1544 imago

176 1553 280 1588 Patris,
301 1554 355 1581 sed
369 1562 431 1581 non
450 1554 489 1582 ad
503 1554 674 1590 imaginem.
693 1557 725 1583 Et
744 1558 786 1583 est
802 1557 900 1592 imago
917 1557 956 1584 ad

175 1601 357 1636 imaginem,
374 1601 448 1629 sicut
461 1601 553 1630 homo
573 1604 602 1630 et
620 1603 754 1638 angelus.
773 1605 819 1631 Est
841 1604 956 1639 aliquid

175 1656 237 1676 non
252 1648 368 1684 imago,
385 1648 439 1676 sed
453 1648 493 1676 ad
509 1648 685 1685 imaginem,
701 1652 733 1677 ut
749 1650 882 1678 mundus
896 1651 954 1686 hie,

176 1695 228 1731 qui
243 1695 362 1731 proprie
382 1703 444 1723 non
462 1695 568 1724 dicitur
587 1696 704 1732 imago,
721 1697 773 1724 sed
797 1698 956 1733 vestigium

177 1742 320 1770 Creatoris
331 1763 339 1776 ‚
368 1742 437 1778 quia
459 1742 527 1771 licet
556 1743 725 1771 Trinitatem
753 1745 954 1780 re'praesentet,

177 1796 239 1816 non
254 1791 354 1817 tamen
374 1789 519 1824 imitatur,
535 1798 590 1817 nec
607 1792 650 1818 est
667 1799 761 1827 capax
781 1792 859 1827 eJ'us,
882 1792 957 1819 sicut

177 1835 279 1864 homo.
303 1838 350 1864 Est
374 1839 475 1864 tamen
496 1837 627 1865 mundus
651 1838 690 1865 ad
717 1838 878 1873 imaginem
907 1841 957 1868 Dei

177 1881 270 1910 factus
290 1891 296 1910 z
313 1883 384 1919 quia
399 1885 474 1911 Deus
488 1884 571 1912 aliud
585 1884 738 1920 exemplar
757 1893 819 1912 non
832 1885 937 1914 habuit
947 1907 956 1921 ,

178 1929 217 1956 ad
238 1930 321 1964 cujus
341 1930 566 1958 similitudinem
588 1933 737 1960 creaturas
760 1932 884 1967 faceret,
901 1933 957 1961 nisi

178 1976 377 2012 semetipsum.
395 1979 442 2005 Est
455 1978 555 2013 imago
573 1979 688 2013 genita,
704 1981 736 2006 ut
754 1979 858 2015 Filius;
875 1982 902 2007 et
916 1983 958 2008 est

178 2022 278 2057 imago
295 2025 402 2058 creata,
413 2026 444 2051 ut
458 2024 549 2052 homo
565 2027 593 2052 et
607 2025 749 2060 angelus;
763 2028 789 2053 et
804 2026 956 2062 estimago

178 2068 265 2103 facta,
278 2072 310 2096 ut
320 2072 415 2098 statua
423 2071 561 2105 Herculis,
577 2079 642 2106 quae
655 2072 752 2107 ipsum
760 2076 955 2108 rcproesentat

179 2117 218 2143 Ex
245 2115 291 2143 his
316 2118 395 2152 patet
422 2117 505 2153 quod
530 2125 593 2144 esse
621 2118 800 2153 imaginem,
821 2120 959 2148 convenit

177 2163 307 2190 Creatori
332 2165 361 2190 et
382 2166 545 2191 creaturae.-
571 2165 700 2192 Creatori
725 2165 865 2201 quidem,
888 2167 959 2202 quia

177 2209 262 2244 Filio,
279 2211 330 2246 qui
347 2213 388 2238 est
402 2211 502 2246 imago
518 2211 627 2244 Patris‚·
645 2214 785 2240 creaturae
799 2221 870 2241 vero
885 2222 957 2241 con-

178 2256 258 2284 venit
282 2258 343 2284 tam
367 2258 532 2294 corporali,
559 2266 650 2294 quam
679 2259 842 2294 spirituali,
868 2269 959 2296 quam

179 2303 267 2331 etiam
283 2305 462 2340 compositae.
477 2305 596 2341 Proprie
612 2307 711 2333 tamen
722 2306 874 2342 loquendo
889 2307 960 2335 dici-

179 2351 237 2384 tur,
254 2350 337 2386 quod
350 2353 483 2378 creatura
494 2352 657 2387 corporalis
669 2355 710 2380 θεῖ
721 2354 864 2381 Creatoris
875 2355 960 2382 vesti-

180 2397 273 2431 gium.
290 2397 370 2425 Unde
385 2398 562 2434 Apostolus-¹
580 2407 586 2426 :
608 2400 764 2426 Invisibilia
785 2402 834 2427 Det'
850 2410 899 2436 per
914 2411 958 2437 ea,

180 2451 239 2478 quae
253 2446 327 2477 facta
342 2449 415 2479 sunt,
432 2448 485 2472 etc.
504 2445 545 2473 tbi
561 2446 622 2473 haec
637 2447 808 2482 praepositio
830 2450 879 2475 Per
898 2456 960 2476 non

181 2489 251 2518 dicit
265 2491 399 2518 medium
420 2492 597 2527 disponenS,
612 2493 642 2520 in
665 2497 811 2529 quantum
827 2497 961 2523 creatura

181 2537 382 2565 consideratur
403 2538 433 2565 in
457 2547 506 2574 se3
523 2539 575 2566 sed
599 2540 747 2575 excitans,
763 2541 794 2568 in
816 2543 961 2577 quantum

182 2585 224 2609 est
243 2583 405 2612 similitudo
428 2586 571 2613 Creatoris
586 2596 592 2613 :
609 2587 680 2622 quia
698 2595 759 2614 non
775 2587 906 2624 disponit
922 2589 962 2616 ad

182 2629 384 2665 cognitionem
398 2633 558 2667 Creatori53
575 2633 636 2661 imo
655 2641 709 2669 per
726 2634 816 2662 talem
835 2635 962 2664 modum

218 2687 310 2717 ¹Ge›z.‚
328 2695 346 2719 1,
362 2691 401 2712 QG.
420 2703 450 2707 —
466 2691 477 2706 ἱ
491 2691 571 2721 Rom„
591 2697 607 2721 ι,
622 2693 661 2715 20.
679 2705 710 2710 —
725 2692 736 2709 ⁸
751 2692 850 2723 Ezeclz„
866 2700 961 2724 xxv111,

217 2728 251 2758 (α)
264 2728 325 2753 Coee.
340 2728 402 2752 edit.
417 2730 472 2761 qui.

328 2782 402 2805 Tou.
424 2783 493 2806 vm.

1006 333 1105 369 potius
1119 334 1278 371 impediret
1293 338 1512 376 cognitionem,
1527 349 1596 370 cum
1614 343 1690 372 inter
1703 345 1788 374 Crea-

1007 381 1103 408 torem
1128 383 1155 410 et
1182 385 1348 412 creaturam
1373 386 1471 422 major
1498 387 1534 416 sit
1562 388 1786 429 dissimilitudo,

1008 434 1101 463 quam
1113 428 1285 458 similitudo.
1299 432 1438 462 Creatura
1451 441 1524 463 vero
1539 436 1699 472 spiritualis
1713 439 1787 469 dici-

1007 474 1055 501 tur
1076 475 1219 504 Creatoris
1244 476 1425 515 similitud03
1450 481 1481 508 in
1509 483 1656 513 Ezechiele
1679 487 1689 504 ³
1715 496 1722 515 :
1750 489 1789 516 Tu

1007 521 1177 555 signaculum
1193 525 1404 561 similitudinis,
1420 528 1474 555 etc.
1491 529 1524 556 Et
1544 529 1602 558 hoc
1616 531 1702 568 ideo,
1718 535 1790 571 quia

1010 567 1040 594 in
1054 568 1178 605 angelo,
1200 573 1322 608 propter
1345 574 1457 602 naturae
1481 575 1716 614 simplicitatem,
1739 590 1790 611 ex-

1008 615 1139 649 pressior
1159 618 1202 645 est
1220 617 1383 648 similitudo
1399 620 1439 648 ad
1454 623 1563 659 Deum,
1580 633 1671 660 quam
1689 627 1722 655 in
1735 628 1790 657 ho-

1009 661 1098 690 mine.
1125 664 1264 693 Creatura
1287 674 1358 694 vero
1378 669 1562 706 composita,
1578 671 1610 699 id
1626 675 1668 702 θεῖ
1682 674 1789 713 homo,

1010 707 1117 737 dicitur
1126 709 1228 746 imago
1238 712 1287 740 Dei
1299 711 1326 741 ⁶:
1340 714 1484 743 Faciamus
1496 717 1628 747 hominem
1641 721 1677 748 ad
1692 723 1791 758 imagi-

1009 763 1068 782 nem
1083 759 1108 784 et
1123 758 1350 795 similitudmem,
1369 762 1422 789 etc.
1441 771 1448 790 :
1465 764 1493 791 et
1507 764 1565 793 hoc
1578 765 1659 802 ideo,
1676 769 1747 805 quia
1761 771 1791 800 in

1009 802 1131 831 homine
1146 803 1339 835 inveniuntur
1359 808 1461 844 plures
1479 811 1640 848 trinitates,
1655 823 1747 852 quam
1760 818 1792 847 in

1010 850 1137 886 angelo,
1154 852 1233 880 unde
1249 854 1352 889 quoad
1371 855 1429 884 hoc
1447 858 1546 893 potius
1565 860 1672 890 dieitur
1691 863 1791 901 imago

1009 896 1163 926 Trinitatis.

1046 944 1135 973 Filius
1163 946 1213 974 Dei
1237 948 1369 983 possidet
1396 951 1541 987 triplicem
1571 956 1790 996 excellentiam,

1010 991 1084 1019 sieut
1105 992 1202 1020 innuit
1226 996 1383 1031 Apostolus
1398 997 1407 1013 ⁵
1424 1007 1430 1026 :
1455 999 1510 1032 Qui
1525 1009 1582 1029 cum
1605 1006 1642 1031 sit
1663 1007 1790 1040 splendor

1010 1039 1115 1073 qlorz'oe,
1131 1042 1157 1067 et
1171 1042 1260 1075 fiyztra
1274 1043 1434 1072 substantiae
1446 1047 1513 1082 eius,
1521 1052 1686 1087 portansque
1700 1057 1791 1083 omnia

1009 1086 1088 1113 verbo
1107 1088 1222 1115 virtutis
1250 1097 1315 1117 suoe.
1346 1091 1475 1120 Primam
1504 1095 1631 1132 scilicet,
1656 1104 1791 1136 respectu

1010 1132 1111 1167 Patris,
1135 1141 1153 1161 a
1178 1143 1238 1170 quo
1258 1136 1445 1174 producitur,
1468 1142 1496 1168 et
1516 1142 1556 1170 sic
1583 1147 1623 1172 est
1650 1147 1793 1182 splendor

1011 1178 1113 1213 gloriae
1127 1183 1266 1216 paternae.
1292 1184 1338 1211 Est
1360 1186 1458 1221 enim,
1480 1189 1512 1216 ut
1531 1189 1571 1218 ait
1591 1191 1747 1229 Dionysius
1762 1195 1791 1233 ⁶,

1009 1224 1129 1254 fontalis
1148 1227 1265 1264 radius,
1282 1229 1313 1257 in
1334 1238 1364 1258 se
1385 1233 1576 1264 manifestans
1597 1238 1725 1274 gloriam
1738 1251 1792 1279 pa-

1011 1273 1136 1301 ternam.
1162 1275 1347 1313 Secundam,
1376 1284 1511 1316 respectu
1534 1284 1657 1320 Spiritus
1681 1290 1791 1325 sancti,

1011 1327 1102 1355 quem
1121 1322 1260 1357 producit
1281 1332 1316 1352 ex
1334 1333 1383 1354 se:
1403 1329 1431 1355 et
1452 1329 1492 1357 sie
1508 1332 1549 1358 est
1571 1331 1685 1369 figura,
1704 1336 1735 1364 id
1751 1340 1793 1366 est

1010 1366 1174 1396 similitudo
1194 1370 1364 1400 substantiae
1382 1374 1480 1403 ratris.
1498 1378 1544 1405 Est
1558 1379 1638 1407 enim
1653 1381 1712 1411 alia
1724 1391 1792 1420 per-

1011 1421 1085 1442 sona
1100 1415 1138 1443 ab
1153 1415 1235 1452 ipso,
1252 1418 1326 1446 sicut
1341 1428 1358 1447 a
1377 1422 1459 1450 Patre
1474 1432 1480 1450 :
1501 1425 1585 1460 quod
1604 1435 1666 1456 non
1681 1431 1794 1468 accepit

1011 1461 1134 1496 Spiritus
1148 1466 1266 1492 sanctus
1286 1474 1304 1494 a
1320 1468 1421 1503 Patre,
1441 1469 1515 1499 sicut
1537 1472 1634 1502 Filius.
1651 1477 1791 1514 Tertiam,

1011 1511 1145 1543 respectu
1172 1514 1395 1548 creaturarum,
1420 1524 1486 1552 quae
1509 1527 1562 1554 per
1588 1529 1656 1550 eum
1679 1525 1793 1559 produ·

1012 1558 1135 1591 cuntur,
1151 1560 1178 1585 et
1192 1558 1233 1586 sic
1253 1562 1294 1587 est
1309 1564 1430 1597 portans
1452 1566 1553 1594 omnia
1572 1569 1665 1597 verbo
1681 1571 1794 1601 virtutis

1012 1609 1082 1630 sure.
1108 1604 1228 1640 Propter
1251 1607 1402 1644 primum,
1432 1610 1539 1640 dicitur
1565 1615 1681 1644 Verbum
1707 1618 1795 1647 Filius

1013 1649 1113 1685 Patris,
1130 1652 1275 1686 quoniam
1289 1655 1417 1690 perfecte
1432 1657 1564 1694 loquitur
1578 1661 1752 1701 bonitatem,
1769 1670 1798 1695 et

1012 1704 1162 1726 summam
1177 1700 1267 1728 Patris
1287 1701 1515 1741 liberalitatem,
1532 1709 1584 1744 qui
1598 1710 1673 1739 nihil
1687 1712 1797 1743 habere

1012 1743 1117 1779 voluit,
1132 1746 1215 1781 quod
1231 1747 1303 1776 Filio
1319 1757 1373 1778 suo
1389 1759 1451 1780 non
1464 1757 1707 1787 communicaret.
1719 1762 1798 1790 Istud

1013 1793 1055 1818 est
1068 1792 1197 1820 Verbum
1214 1796 1407 1826 essentialiter
1421 1802 1448 1827 et
1462 1803 1638 1832 :eternaliter
1652 1807 1796 1845 genitum,

1014 1838 1216 1874 temporaliter
1240 1844 1422 1877 promissum
1444 1855 1461 1874 a
1485 1850 1654 1886 prophetis,
1675 1856 1703 1881 et
1724 1863 1798 1891 apo-

1014 1884 1096 1912 stolis
1116 1887 1326 1924 praedicatum,
1349 1891 1387 1919 ab
1412 1894 1519 1928 angelo
1543 1896 1574 1924 in
1597 1898 1797 1931 incarnatione

1013 1932 1191 1961 nuntiatum.
1217 1936 1336 1972 Propter
1366 1941 1550 1978 secundum,
1579 1944 1686 1974 dicitur
1709 1945 1798 1977 Filius

1014 1979 1104 2013 z'mayo
1124 1981 1224 2008 Patris.
1245 1983 1384 2016 Quamvis
1407 1987 1486 2015 enim
1506 1991 1564 2017 tres
1586 1999 1720 2027 personae
1741 1996 1798 2024 sint

1014 2026 1143 2060 aequales
1164 2027 1195 2054 in
1214 2030 1390 2066 aeternitate,
1407 2035 1435 2061 et
1454 2036 1620 2073 maJestate,
1644 2048 1678 2067 ac
1698 2044 1797 2076 potes-

1015 2073 1086 2107 tate3
1104 2075 1201 2101 tamen
1220 2076 1308 2104 Filius
1328 2078 1436 2108 dicitur
1458 2083 1557 2117 potius
1578 2085 1678 2122 imago
1695 2089 1796 2124 Patris,

1015 2126 1107 2153 quam
1127 2121 1250 2156 Spiritus
1265 2127 1398 2160 sanctus,
1415 2128 1486 2163 quia
1503 2129 1536 2165 (a)
1555 2138 1614 2159 non
1630 2135 1728 2162 solum
1742 2136 1796 2165 ha-

1016 2164 1065 2192 het
1081 2169 1319 2198 convenientiam
1338 2172 1416 2200 intus
1437 2182 1505 2203 cum
1521 2178 1602 2206 Patre
1617 2179 1648 2207 in
1666 2183 1797 2212 essentiae

1016 2211 1181 2249 identitate,
1203 2216 1276 2244 sicut
1296 2220 1323 2245 et
1340 2219 1462 2254 Spiritus
1484 2226 1618 2260 sanctus;
1638 2228 1691 2255 sed
1709 2229 1799 2259 habet

1017 2259 1108 2287 etiam
1131 2263 1369 2293 convenientiam
1389 2269 1472 2296 extra
1492 2278 1560 2298 cum
1581 2273 1680 2308 Patre,
1703 2284 1740 2304 ex
1761 2286 1796 2306 eo

1017 2306 1101 2341 quod
1115 2308 1189 2336 sieut
1203 2317 1220 2336 a
1236 2311 1317 2340 Patre
1332 2315 1467 2348 procedit
1481 2316 1584 2353 Filius,
1600 2320 1641 2347 sic
1655 2324 1683 2349 et
1693 2331 1710 2350 a
1725 2324 1796 2352 Filio

1017 2353 1140 2388 Spiritus
1162 2358 1280 2384 sanctus
1299 2368 1305 2385 :
1326 2360 1379 2387 sed
1398 2369 1416 2388 a
1433 2362 1541 2397 Spiritu
1564 2369 1665 2395 sancto
1685 2369 1794 2399 nullus.

1016 2401 1089 2428 Nam
1100 2404 1265 2432 secundum
1279 2406 1424 2435 rationem
1438 2409 1631 2448 intelligendi,
1647 2419 1796 2452 respectus

1016 2446 1189 2482 hujusmodi
1216 2452 1395 2481 relationum
1416 2459 1483 2484 sunt
1507 2459 1686 2489 extrinsecus
1710 2464 1796 2493 assis-

1017 2495 1126 2529 tentes,
1149 2497 1220 2532 quia
1240 2499 1338 2534 potius
1360 2501 1398 2529 ab
1420 2503 1522 2540 aliquo
1542 2509 1627 2542 sunt,
1650 2517 1741 2544 quam
1765 2512 1796 2541 in

1017 2541 1130 2577 aliquo.
1156 2544 1352 2580 Intelligentia
1374 2548 1454 2576 enim
1476 2551 1653 2582 relationum
1677 2557 1717 2584 ad
1739 2558 1797 2588 hoc

1017 2589 1058 2616 ad
1073 2590 1158 2625 quod
1178 2591 1303 2621 retertur
1319 2594 1434 2631 aliquid
1450 2599 1567 2634 respicit
1585 2610 1591 2628 ε
1609 2602 1689 2631 unde
1703 2604 1728 2633 si
1746 2614 1798 2642 pa-

1017 2636 1092 2663 trem
1104 2644 1165 2666 non
1179 2638 1288 2674 habeo,
1304 2640 1383 2670 filius
1398 2651 1458 2672 uon
1473 2653 1552 2681 sum,
1569 2648 1598 2675 et
1612 2657 1627 2676 c
1642 2657 1797 2682 converso.

1020 2700 1058 2722 12.
1075 2712 1105 2717 —
1124 2700 1134 2715 ⁸
1149 2701 1257 2732 Gen.,1‚
1275 2704 1313 2728 2t3.
1329 2717 1359 2722 —
1380 2711 1388 2720 ¹³
1404 2706 1489 2738 Hebe,
1505 2714 1528 2738 i,
1544 2710 1567 2733 2⁷
1588 2723 1617 2729 —-
1636 2713 1645 2726 ⁶
1665 2714 1739 2739 Dion.
1770 2715 1799 2740 de

1020 2735 1077 2759 Diu.
1096 2736 1180 2767 Nom„
1197 2744 1220 2761 c.
1238 2744 1266 2761 n.
1743 2733 1752 2746 ’

1642 2796 1660 2824 5
