2004 3037
239 179 299 209 570

237 243 319 273 venit
329 243 370 273 ad
381 242 586 281 Apollonium,
599 244 629 272 et
641 242 719 272 dixit
731 243 871 272 oerarinm
883 241 1018 280 pecuniis

237 289 506 320 innumerabilibus
515 298 580 319 esse
589 290 724 328 plenum.
738 291 760 320 lt
775 291 879 326 Maeli„
892 297 936 320 ιιι.

272 337 430 367 praedictus
447 337 539 366 etiam
555 337 659 366 Simon
678 337 758 367 male
775 337 958 375 loquebatur
978 335 1017 366 de

236 384 326 421 Onia,
345 384 594 422 provisoremque
614 385 758 420 civitatis,
773 393 809 414 ac
829 385 1017 414 defensorem

236 432 331 469 gentis
344 440 419 468 sum,
437 440 473 462 ac
489 432 693 461 aemulatorem
711 432 787 468 legis
806 431 870 468 Dei,
885 431 1018 461 audebat

235 478 441 508 insidiatorem
453 479 538 515 regni
552 478 662 508 dicere.
678 480 688 508 l
702 479 807 514 Maca„
818 481 846 508 4.

269 527 398 556 Veniens
415 526 456 556 ad
476 534 580 563 regem
597 526 776 555 Demetrium
795 525 927 555 Alcimus
941 524 1018 555 dixit

234 574 311 603 inter
324 575 432 603 caetera
451 583 459 603 :
483 584 497 600 α
515 573 665 609 Quamdiu
685 575 820 610 superest
837 573 943 608 sudas,
958 573 1016 602 im-

233 621 377 658 possibile
400 623 444 650 est
467 628 575 658 pacem
593 620 660 650 dari
687 619 825 657 negotiis.
842 630 856 647 n
873 621 897 649 lt
911 620 1015 656 Maeli„

235 676 295 704 xiv,
310 670 357 698 10.

269 716 408 745 Videntes
429 716 565 745 Pharisaei
593 715 752 745 Dominum
775 715 1016 744 discumbentem

234 764 266 792 in
277 763 370 793 domo
385 763 519 798 Matthaei,
529 763 684 792 dicebant:
698 773 712 791 α
724 764 820 798 Quare
835 771 905 792 cum
916 762 1016 799 publi-

235 810 317 840 canis
328 812 356 839 et
364 810 571 847 peccatoribus
583 810 764 838 manducat?
774 812 828 838 etc.
844 809 958 844 Manli„
973 816 1014 844 rx,

236 860 283 894 tl,
299 859 327 887 et
348 859 483 892 Luc.‚v‚
505 859 550 886 30.
566 857 667 886 Simile
687 856 796 886 accidit
817 856 856 885 de
876 856 1014 890 zachaeo,

234 906 311 940 Luc„
326 913 387 939 xix,
403 908 419 933 7
440 914 448 933 ε
471 914 485 932 α
505 904 727 934 murmurabant
746 903 831 940 quod
851 903 891 932 ad
917 902 1014 932 homi-

234 960 304 981 nem
316 954 503 989 peecatorem
517 951 691 980 divertisset.
709 961 723 978 ι)

270 1000 307 1028 De
331 1001 443 1028 Joanne
461 999 591 1027 multum
611 999 764 1034 Jejunante
788 997 928 1026 dicebant
949 997 1015 1034 qui-

234 1046 306 1076 dam
319 1046 412 1075 Judaei
428 1055 435 1074 ε
461 1056 474 1073 (ι
491 1046 672 1075 Daemonium
687 1046 786 1074 habet.
801 1056 815 1072 n
834 1047 872 1074 De
887 1045 1013 1074 Domino

233 1096 333 1123 autem
344 1095 421 1129 Jesu,
433 1101 501 1122 cum
515 1093 722 1130 peccatoribus
735 1092 919 1127 comedente,
936 1092 1015 1121 dice-

233 1141 328 1170 bant:
356 1151 370 1168 α
394 1142 466 1169 Ecce
490 1141 582 1170 homo
604 1148 718 1175 vorax,
743 1142 771 1168 et
793 1142 913 1177 potator
935 1140 1013 1175 vini,

232 1188 464 1225 publicanorum
484 1189 512 1217 et
526 1190 715 1225 peccatorum
730 1188 853 1216 amicus.
868 1198 881 1214 n
900 1188 1014 1222 Marta„

233 1243 274 1270 xi,
294 1237 336 1271 ¹8,
356 1238 398 1266 ¹9.

268 1283 335 1312 Viso
350 1282 496 1311 miraculo
517 1283 554 1311 de
574 1290 656 1311 eoeco
673 1285 758 1318 nato,
781 1290 834 1319 per
853 1282 1014 1311 Dominum

233 1333 332 1360 Jesum
342 1330 521 1365 illuminato,
534 1330 669 1359 Pharisaei
681 1330 874 1359 detraxerunt
887 1329 1013 1358 Domino

233 1377 382 1406 dicentes:
397 1380 455 1406 Nos
471 1378 613 1412 «scimus,
624 1377 694 1414 quia
711 1377 759 1405 hic
767 1377 860 1406 homo
874 1379 1015 1413 peccator

232 1427 284 1454 est.
300 1436 313 1453 ι)
333 1427 365 1454 Et
380 1425 598 1454 maledixerunt
610 1425 725 1453 homini
738 1424 797 1460 illi,
813 1426 841 1452 et
851 1424 990 1453 dixerunt
1005 1433 1012 1453 x

233 1482 247 1499 ι(
267 1474 308 1502 Tu
323 1473 487 1510 discipulus
503 1473 566 1508 ejus
587 1473 645 1501 sis:
660 1482 674 1498 ι)
692 1480 759 1509 quae
775 1471 900 1508 quidem
922 1471 1016 1500 male-

231 1519 321 1549 dictio
349 1520 386 1548 sit
415 1528 504 1557 super
530 1527 597 1555 nos,
617 1522 646 1549 et
672 1527 763 1556 super
785 1519 864 1547 filios
884 1521 1012 1548 nostros.

229 1568 320 1602 Joan„
337 1575 378 1602 ix,
392 1568 444 1602 26,
458 1568 503 1595 28.

265 1615 374 1643 Scribas
392 1617 421 1643 et
441 1614 578 1643 Pharisoei
597 1614 789 1643 detraxerunt
811 1614 937 1643 Domino
953 1614 1014 1642 Sal-

230 1662 324 1691 vatori
344 1662 475 1690 dicentes
489 1670 558 1690 eum
580 1669 643 1689 esse
659 1661 888 1695 Samaritanum‚
905 1661 1013 1690 daemo-

229 1709 365 1744 niacum‚
381 1709 604 1745 blasphemum,
620 1711 818 1745 peccatorem,
834 1711 1012 1744 potatorem,

230 1756 406 1784 mendacem
417 1778 423 1784 .
454 1764 609 1786 voracem,
638 1755 848 1791 prohibentem
872 1755 936 1782 dari
964 1755 1013 1783 tri—

228 1804 301 1832 buta
315 1804 430 1838 Caesari,
453 1804 546 1839 gentis
569 1804 795 1837 subversorem,
809 1806 835 1831 et
848 1803 952 1839 populi
968 1811 1012 1830 se-

230 1851 380 1879 ductotem
394 1861 400 1879 :
417 1851 479 1879 hoec
495 1851 595 1879 omnia
607 1853 731 1887 possunt
746 1859 783 1878 ex
796 1850 923 1878 diversis
938 1849 1012 1877 locis

230 1898 460 1934 Evangeliorum
475 1897 589 1926 haberi.

265 1947 328 1974 Non
347 1945 479 1973 valentes
500 1944 592 1972 Judoei
618 1944 751 1972 resistere
780 1943 931 1980 sapientire
954 1944 1011 1972 Ste-

228 1993 319 2029 phani
330 2014 338 2027 ,
355 1995 383 2020 et
397 1993 510 2029 spiritui
527 1992 576 2028 qui
595 1991 775 2028 loquebatur
788 1999 842 2027 per
858 1999 942 2025 cum,
958 1990 1012 2018 ad·

229 2040 377 2068 duxerunt
399 2039 429 2067 in
454 2040 614 2068 concilium
640 2039 715 2066 duos
741 2038 831 2066 salsos
855 2040 942 2066 testes
965 2037 1011 2065 di-

229 2089 325 2115 centes
340 2096 346 2114 :
367 2096 380 2112 a
398 2088 492 2115 Homo
512 2087 564 2115 iste
580 2094 640 2114 non
656 2087 750 2114 cessat
765 2085 850 2122 loqui
865 2085 1010 2113 adversus

229 2134 329 2162 locum
345 2136 479 2161 sanctum
495 2136 522 2162 et
537 2134 643 2169 legem.
659 2144 672 2159 n
690 2135 766 2167 Act„
782 2141 826 2167 vr,
846 2134 888 2160 ¹3.

266 2182 392 2216 Quidam
408 2182 574 2217 quaestuarii
584 2203 591 2215 ,
609 2181 742 2208 dolentes
755 2180 838 2216 quod
852 2179 1011 2207 amiserant

231 2232 375 2265 quoestum
391 2237 493 2263 suum,
510 2236 544 2257 eo
561 2228 644 2265 quod
665 2228 772 2255 Paulus
788 2228 914 2262 ejecerat
928 2227 1011 2262 spiri-

230 2278 292 2304 tum
309 2277 472 2312 Pythonem
488 2284 505 2303 a
520 2275 652 2312 quadam
667 2274 778 2311 puella,
795 2282 886 2310 quam
902 2273 943 2300 illi
961 2274 1010 2300 ha-

230 2323 358 2356 bebant,
375 2322 514 2350 dixerunt
535 2322 774 2357 magistratibus:
795 2332 808 2346 «
825 2322 854 2348 lli
874 2320 1010 2348 homines

230 2370 410 2398 conturbant
424 2370 573 2397 civitatem
593 2372 735 2401 nostram,
749 2378 762 2392 n
775 2371 842 2401 etc„
859 2369 935 2399 Act„
951 2375 1008 2395 xvi.

230 2417 274 2445 Ad
296 2417 388 2445 verba
409 2424 514 2444 corum
538 2424 627 2452 prava
651 2415 779 2443 cucurrit
794 2415 830 2450 (u)
852 2414 937 2450 plebs
957 2414 1009 2441 ad-

230 2471 332 2491 versus
352 2463 435 2498 illos,
451 2465 480 2491 et
501 2463 596 2491 scissis
607 2471 712 2491 eorum
732 2462 838 2490 tunicis
855 2461 929 2497 jussi
943 2463 1011 2489 sunt

230 2510 320 2545 virgis
336 2511 419 2545 coedi,
435 2514 462 2539 et
476 2511 506 2538 in
521 2518 670 2539 carcerem
685 2510 769 2537 mitti.

266 2557 398 2585 Gallione
419 2557 600 2594 proconsule
620 2557 650 2585 in
671 2557 781 2585 Achaia
804 2555 944 2585 existente
966 2554 1010 2582 in·

231 2607 422 2632 surrexerunt
445 2613 506 2633 uno
527 2605 629 2633 animo
649 2604 740 2632 ludaei
763 2604 793 2631 in
816 2603 956 2635 Paulum,
983 2603 1010 2628 et

231 2650 421 2679 adduxerunt
435 2652 473 2680 ad
489 2652 619 2680 tribunal
633 2651 778 2680 dicentes:
793 2661 806 2677 α
821 2650 894 2684 Quia
909 2652 1010 2677 contra

851 173 986 208 BlBLlA
1006 171 1237 206 PAUPERUM.

1072 239 1173 275 legem
1194 239 1289 270 homo
1311 240 1360 269 hic
1383 241 1547 278 persuadet
1563 241 1738 275 hominihus
1755 244 1856 279 euno

1072 287 1177 317 Deum.
1191 296 1207 314 ι
1223 287 1300 320 Act„
1312 294 1394 323 xvnr,
1409 288 1455 316 13.

1108 333 1196 370 Apud
1210 333 1374 371 Ephesum,
1397 342 1466 363 cum
1479 334 1606 371 quidam
1618 335 1712 365 Judaei
1732 336 1857 368 indure-

1072 381 1185 416 rentur,
1197 382 1226 409 et
1238 388 1301 409 non
1315 380 1471 410 crederent
1483 381 1693 412 maledicentes
1708 383 1790 412 viam
1802 385 1857 414 Do·

1071 427 1146 458 mini
1156 435 1258 456 eoram
1268 427 1352 456 multi
1357 427 1470 462 tudine,
1477 428 1634 458 discedens
1644 429 1684 459 ab
1693 430 1736 459 eis
1747 431 1858 460 Paulus

1072 474 1241 511 segregavit
1254 474 1428 511 discipulos.
1443 475 1516 510 Act„
1531 483 1592 505 xix.

1107 521 1235 556 Quidam
1253 521 1347 550 Judaei
1370 521 1408 550 de
1428 522 1510 558 Asia,
1524 522 1660 552 videntes
1680 523 1806 554 Paulum
1824 524 1858 554 in

1070 568 1200 605 templo,
1228 567 1432 598 clamaverunt
1445 579 1452 598 :
1473 579 1486 596 α
1511 570 1570 598 Viri
1593 571 1730 601 israelitas
1737 593 1747 608 ,
1773 571 1858 608 adju—

1070 617 1138 644 vate
1150 624 1158 644 ε
1172 615 1222 644 hic
1236 618 1279 644 est
1297 615 1408 652 homo,
1427 616 1480 653 qui
1501 616 1646 646 adversus
1664 618 1814 656 populum
1827 620 1858 648 et

1070 661 1185 699 legem,
1200 664 1229 691 et
1242 663 1344 691 locum
1357 663 1449 698 hunc,
1465 671 1570 693 omnes
1593 664 1707 702 ubique
1727 665 1855 703 docens,

1069 705 1233 747 insuper-‘et
1246 709 1374 739 Gentiles
1392 709 1510 739 induxit
1525 711 1561 746 ‚in
1575 712 1738 749 templum,
1753 715 1782 742 et
1794 714 1856 742 vio-

1070 756 1145 786 lavit
1157 758 1292 786 sanctum
1306 756 1409 786 locum
1423 757 1524 786 istum.
1539 767 1555 785 s
1568 759 1646 793 Act„
1657 767 1722 795 xxi,
1735 761 1783 790 28.

1108 806 1215 832 Coram
1229 804 1325 832 Felice
1346 804 1473 841 proeside
1487 805 1646 842 proposuit
1660 809 1764 836 contre
1783 808 1857 836 Pau—

1069 851 1135 880 lum
1149 850 1291 880 Tertullus
1306 853 1408 880 orator
1422 860 1477 888 pro
1491 851 1600 881 iudaeis
1614 852 1737 882 dicens:
1753 855 1856 884 «luve-

1070 898 1169 926 nimus
1185 898 1264 926 hunc
1278 897 1433 927 hominem
1454 898 1643 936 pestiferum,
1658 902 1687 929 et
1706 901 1856 930 concitan-

1069 948 1128 974 tem
1137 944 1297 974 seditiones
1305 945 1412 974 Judaeis
1424 945 1565 974 omnibus
1573 946 1603 974 in
1614 947 1754 976 universo
1770 948 1856 984 orbe,

1070 994 1098 1020 ct
1112 995 1264 1021 auctorem
1285 992 1323 1029 (b)
1346 992 1499 1021 seditionis
1522 995 1607 1022 sectae
1626 995 1855 1032 Nazarenorum,

1070 1039 1123 1076 qui
1144 1040 1232 1068 etiam
1249 1039 1394 1076 templum
1414 1042 1537 1069 conatus
1551 1042 1595 1069 est
1616 1041 1744 1078 violare,
1759 1052 1772 1069 n
1788 1045 1854 1078 etc..

1069 1086 1148 1120 Ace„
1161 1095 1242 1122 xxiv,
1260 1089 1303 1115 ¹5.

1106 1133 1276 1170 Disputante
1291 1134 1383 1163 Paulo
1395 1135 1477 1172 apud
1491 1136 1630 1171 Athenas,
1646 1135 1773 1173 quidam
1787 1137 1856 1174 Epi·

1071 1181 1151 1209 curei
1167 1183 1196 1209 et
1210 1181 1296 1209 Stoici
1310 1181 1483 1219 philosophi
1498 1183 1639 1212 dicebant
1649 1193 1656 1211 :
1667 1193 1682 1210 οι
1695 1183 1774 1218 Quid
1787 1184 1853 1214 vult

1069 1228 1298 1257 seminiverbius
1312 1229 1361 1257 hic
1373 1229 1494 1258 dicere?
1508 1241 1522 1258 n
1532 1231 1588 1259 Alii
1602 1238 1674 1260 vero
1690 1230 1831 1260 dicebant
1846 1241 1854 1261 z

1073 1286 1086 1300 α
1102 1277 1255 1304 Novorum
1276 1275 1496 1305 daemoniorum
1515 1277 1634 1306 videtur
1655 1285 1719 1306 esse
1739 1285 1856 1307 annun·

1070 1322 1170 1358 tiator,
1184 1333 1198 1349 ι)
1216 1324 1272 1351 etc.
1288 1324 1361 1357 Act„
1376 1331 1446 1359 xvii,
1463 1325 1508 1352 18.

1106 1369 1227 1398 Barbari
1239 1390 1247 1403 ,
1279 1369 1416 1399 videntes
1449 1371 1585 1408 viperam
1614 1371 1796 1408 pendentem
1825 1372 1856 1402 in

1070 1425 1164 1445 manu
1180 1417 1274 1451 Pauli,
1290 1417 1430 1446 dixerunt
1444 1417 1484 1446 ad
1498 1418 1644 1447 invicem:
1658 1429 1672 1445 «
1687 1419 1791 1456 Utique
1803 1419 1857 1449 ho·

1069 1464 1181 1493 micida
1209 1467 1250 1493 est
1272 1464 1376 1499 homo,
1397 1465 1450 1502 qui
1465 1473 1534 1494 cum
1559 1466 1684 1495 evaserit
1704 1466 1741 1495 de
1764 1466 1854 1502 mari,

1071 1511 1150 1540 ultio
1165 1519 1234 1540 eum
1248 1511 1349 1540 vivere
1363 1519 1425 1540 non
1441 1512 1519 1541 sinit.
1534 1523 1547 1538 υ
1558 1514 1632 1548 Ace„
1647 1521 1750 1548 xxvm,
1761 1514 1787 1542 4.
1798 1513 1856 1543 Sed

1070 1558 1128 1587 cito
1143 1561 1247 1595 postea
1262 1561 1452 1587 mutaverunt
1467 1559 1641 1596 opinionem
1655 1560 1702 1596 (c).

1309 1654 1455 1688 CAPUT
1482 1654 1619 1690 LXXII.

1135 1727 1171 1753 De
1191 1726 1374 1758 liberalitate,
1396 1727 1584 1754 vu'sericorclia
1603 1729 1627 1754 et
1647 1727 1787 1762 largitate.

1106 1795 1239 1822 Rebecca
1261 1794 1324 1823 filia
1347 1796 1474 1824 Batuelis
1496 1796 1585 1824 valde
1608 1796 1771 1825 liberaliter
1791 1805 1853 1826 res-

1068 1841 1173 1877 pondit
1187 1841 1301 1870 famulo
1316 1842 1452 1877 Abrahae,
1467 1843 1569 1872 dicens
1581 1852 1588 1870 :
1600 1852 1615 1869 «
1632 1844 1714 1879 Bibe,
1730 1843 1852 1874 domine

1068 1887 1125 1922 mi,
1144 1899 1156 1913 n
1174 1890 1241 1924 etc.,
1258 1889 1336 1923 Gen„
1352 1897 1430 1924 xxiv,
1446 1891 1489 1918 ¹8.

1105 1935 1277 1964 Liberaliter
1290 1937 1351 1971 egit
1364 1938 1477 1973 Moyses
1496 1937 1687 1966 defendendo
1702 1937 1779 1966 filias
1794 1940 1851 1967 Ra-

1068 1981 1138 2017 guel
1161 1990 1178 2010 a
1201 1983 1389 2019 pastoribus,
1414 1984 1466 2020 qui
1490 1992 1540 2012 eas
1564 1984 1717 2021 adaquare
1741 1993 1850 2021 pecora

1068 2037 1129 2057 non
1145 2029 1293 2057 sinebant.
1308 2031 1408 2063 Emi„
1424 2039 1454 2058 ιι.

1103 2075 1233 2104 Audiens
1252 2078 1366 2113 Moyses
1385 2077 1469 2114 quod
1487 2085 1572 2106 socer
1595 2086 1666 2106 suus
1687 2078 1785 2107 Jethro
1800 2087 1850 2108 ve-

1068 2122 1143 2150 niret
1161 2122 1200 2150 ad
1221 2131 1308 2158 eum,
1330 2132 1464 2159 egressus
1485 2126 1527 2152 est
1547 2125 1577 2153 in
1600 2133 1757 2154 occursum
1772 2127 1850 2162 eJ‘us,

1068 2172 1095 2197 et
1110 2169 1208 2206 ipsum
1223 2170 1425 2207 multipliciter
1440 2171 1609 2200 honoravit.
1625 2173 1728 2205 Exod„
1745 2181 1824 2201 xvm.

1104 2218 1167 2245 Filii
1185 2218 1272 2246 lsrael
1288 2221 1386 2247 mente
1398 2221 1622 2257 promptissima
1637 2223 1725 2257 atque
1741 2221 1850 2249 devota

1068 2264 1239 2292 obtulerunt
1260 2265 1299 2293 ad
1314 2266 1491 2301 ⁸faciendum
1512 2276 1588 2304 opus
1607 2268 1805 2302 tabernaculi,
1822 2270 1850 2296 et

1068 2311 1218 2347 quidquid
1238 2311 1277 2340 ad
1299 2312 1412 2340 cultum
1435 2314 1483 2342 Dei
1504 2317 1532 2343 et
1554 2317 1648 2343 vestes
1672 2318 1786 2342 sanctas
1800 2322 1850 2342 ne—

1068 2358 1228 2386 cessarium
1246 2361 1317 2386 erat.
1330 2360 1429 2392 Eoeod„
1447 2369 1533 2396 xxxv,
1548 2363 1594 2390 21.
1611 2364 1642 2390 Et
1655 2361 1788 2398 sequenti
1803 2369 1849 2389 ca-

1067 2405 1162 2441 pitulo
1179 2405 1295 2440 dicitur,
1311 2414 1413 2441 xxxvi,
1429 2410 1445 2436 Α
1457 2417 1462 2435 ;
1474 2418 1488 2434 (ι
1502 2409 1634 2437 Artifices
1651 2408 1752 2436 venire
1767 2415 1848 2436 corn-

1066 2452 1143 2488 pulsi
1155 2452 1294 2481 dixerunt
1304 2454 1412 2490 Moysi:
1425 2455 1494 2491 plus
1506 2455 1593 2484 offert
1604 2454 1745 2492 populus,
1757 2462 1848 2490 quam

1068 2500 1270 2527 necessarium
1285 2502 1337 2528 est.
1355 2511 1369 2527 »

1103 2547 1186 2575 Petiit
1207 2548 1321 2583 Moyses
1340 2556 1358 2576 a
1377 2556 1446 2585 rege
1467 2549 1561 2579 Edom
1577 2559 1584 2578 ε
1609 2559 1623 2576 α
1643 2550 1848 2582 Obsecramus‚

1101 2615 1134 2644 (al,
1152 2614 1212 2638 Cme.
1229 2614 1287 2637 odit.
1309 2620 1474 2642 concurrunt.
1497 2631 1522 2635 —
1544 2617 1576 2649 (b)
1603 2619 1661 2643 Item
1682 2619 1804 2642 actorem.
1821 2629 1851 2633 -·

1071 2654 1099 2680 tf)
1120 2651 1180 2674 Item
1199 2651 1399 2681 oppositionem.
