2004 3037
221 216 282 249 538

221 283 347 321 quenter
357 281 495 319 pervenit
506 282 649 320 Athenas,
662 282 718 313 nbi
731 291 802 314 oum
811 284 1000 324 philosophis

221 329 346 359 curiosis
359 328 519 358 salubriter
533 329 706 367 disputavit.

255 378 298 406 Ex
312 384 374 414 quo
387 376 537 405 transtulit
553 385 584 406 se
602 377 794 415 Corinthum,
812 381 842 408 et
855 379 899 409 ibi
917 380 999 409 mut-

219 426 284 454 tum
296 423 447 461 populum
460 425 587 454 Domino
606 425 773 462 acquisivit.
795 426 867 456 lnde
884 427 1001 464 profec-

220 475 266 502 tus
280 474 323 502 est
336 472 495 510 Ephesum,
509 475 538 502 et
551 473 701 508 ingressus
715 482 886 511 synagogas
898 475 1000 513 dispu-

219 520 304 549 tabat
325 528 396 549 cum
416 519 524 548 Judaeis
546 529 554 548 ι
578 520 661 549 Unde
685 528 822 557 egressus
847 521 1001 552 deseendit

221 568 402 602 Caesaream,
415 568 444 595 et
458 567 496 595 de
510 568 642 596 Coesarea
661 569 743 597 venit
755 568 956 606 Antiochiam,
972 572 1002 600 et

219 613 298 643 facto
313 614 355 642 ibi
370 614 524 651 aliquanto
536 616 681 651 tempore,
695 615 845 652 protectus
859 619 903 645 est
915 616 1000 646 Gala-

220 661 268 690 tiae
281 661 452 698 regionem,
466 663 495 690 et
507 661 682 699 Phrygiam,
699 662 881 692 confirmans
895 672 1000 694 omnes

220 709 391 747 discipulos.

256 759 360 786 Postea
377 757 542 794 peragratis
560 757 766 795 superioribus
779 758 931 795 partibus,
946 759 1000 788 ite-

220 812 290 834 rum
300 805 381 833 venit
394 805 554 841 Ephesum,
565 807 594 833 et
606 805 721 834 ibidem
730 805 853 834 biennio
867 814 1000 836 commo-

220 853 301 880 ratus
315 851 470 889 disputans
488 854 518 880 et
537 852 667 880 suadens
687 852 726 881 de
740 860 835 888 regno
850 853 916 888 Dei,
931 852 1001 882 fecit

221 902 253 928 ut
275 907 398 934 omneS‚
419 899 472 936 qui
493 899 670 928 habitabant
691 899 723 928 in
750 900 837 937 Asia,
861 900 1001 930 audirent

221 947 348 976 verbum
363 946 490 982 Domini,
505 949 566 975 tam
582 946 719 983 gentiles,
735 955 827 984 quam
841 947 945 976 Judaei.

256 994 327 1024 Inde
342 1001 474 1022 reversus
492 1001 547 1030 per
562 994 783 1030 Macedoniam,
799 996 828 1023 et
841 995 999 1031 Troadem,

220 1043 248 1070 et
261 1041 405 1076 Miletum,
424 1049 478 1078 per
492 1041 593 1078 plures
608 1041 681 1070 alias
696 1041 827 1070 civitates
846 1044 874 1071 et
887 1043 999 1071 insulas

220 1088 376 1123 transiens,
390 1088 534 1124 applicuit
547 1090 634 1124 Tyro,
647 1090 676 1117 et
690 1088 727 1117 de
741 1091 817 1126 Tyro
831 1097 886 1126 per
901 1090 1000 1119 Ptolo-

220 1136 353 1164 maidam
369 1137 398 1164 et
411 1136 572 1164 Caesaream
592 1136 646 1164 iter
664 1136 792 1172 faciens,
809 1137 919 1166 deinde
934 1138 1000 1167 llic-

219 1183 350 1212 rusalem
374 1191 442 1211 cum
465 1183 560 1211 multa
585 1183 756 1219 fatigatione
779 1186 926 1221 pervenit,
946 1185 999 1214 ubi

219 1231 451 1268 comprehensus
466 1239 483 1258 a
496 1231 621 1265 JudaeiS,
638 1233 746 1259 tractus
765 1234 793 1260 et
813 1233 999 1270 verberatus,

219 1280 247 1307 et
261 1286 363 1306 coram
380 1278 504 1306 diversis
517 1278 670 1313 judicibus
684 1279 820 1315 nequiter
832 1283 997 1317 aecusatus,

218 1333 236 1354 a
250 1325 407 1354 manifesto
423 1325 596 1361 gravamine
611 1326 784 1362 compulsus
799 1329 841 1355 est
855 1328 998 1356 Coesarcm

218 1372 393 1409 appellasse.

252 1420 386 1448 Traditus
394 1422 493 1447 autem
507 1419 683 1454 centurioni,
693 1422 760 1455 post
770 1420 960 1457 naufragium
971 1424 999 1450 et

217 1467 373 1494 innumera
384 1466 526 1503 pericula,
539 1467 578 1494 ad
593 1466 698 1494 urbem
710 1468 876 1496 Romanam
889 1469 998 1496 catenis

216 1514 331 1543 vinetus
344 1514 474 1548 accessit,
486 1514 588 1550 ibique
602 1514 806 1550 praedicationi
818 1516 846 1543 et
857 1515 998 1544 doctrinoe

216 1562 361 1597 insistenS‚
377 1561 419 1589 ire
435 1561 524 1589 etiam
540 1561 569 1589 in
584 1561 755 1598 Hispaniam
770 1562 968 1598 proponebat.

253 1610 325 1637 Ecce
348 1609 504 1645 quomodo
523 1609 644 1637 amabat
660 1609 744 1644 illos,
761 1618 816 1646 pro
831 1610 942 1646 quibus
956 1613 1000 1639 tot

218 1659 246 1685 et
260 1656 329 1685 talia
344 1656 486 1690 faciebat,
508 1657 528 1684 ll
547 1658 620 1691 Cor„
636 1664 693 1691 ιιι,
713 1659 744 1685 ¹9
761 1665 767 1684 ε
787 1667 800 1683 «
816 1657 931 1693 Omnia,
947 1665 997 1686 ca-

217 1704 336 1738 rissimi,
351 1706 472 1740 propter
488 1703 715 1732 aedificationem
732 1707 870 1733 vestram.
887 1716 900 1731 n

253 1752 403 1788 Apparent
424 1751 514 1779 etiam
536 1751 621 1785 signa
642 1751 823 1786 dilectionis,
844 1760 912 1780 cum
931 1753 998 1788 quis

218 1798 282 1826 vult
296 1798 448 1832 sustinere,
460 1798 507 1825 vel
523 1799 584 1834 pati
601 1799 703 1831 gravia
717 1807 771 1834 pro
785 1799 898 1826 amicis.
910 1800 998 1826 Eucle-

217 1847 335 1879 siastz'ci,
349 1852 426 1878 xxii,
443 1846 473 1872 31
493 1853 500 1872 t
521 1855 535 1870 (ι
550 1845 685 1872 Amicum
700 1846 826 1873 salutare
846 1853 906 1873 uon
926 1854 996 1873 con-

217 1891 336 1926 fundar,
360 1893 388 1919 et
409 1891 432 1919 si
455 1890 526 1919 milii
548 1892 627 1919 mala
649 1892 800 1920 evenerint
823 1900 877 1928 per
900 1892 997 1927 illum,

218 1939 380 1967 sustinebo.
401 1948 416 1965 »
434 1940 474 1966 Ex
491 1939 555 1974 jain
579 1939 664 1966 dictis
685 1947 758 1967 vcro
778 1939 903 1967 Paulum
922 1939 999 1968 mira

218 1986 388 2013 sustinuisse
404 1986 496 2022 liquet
511 1994 565 2022 pro
581 1986 758 2014 utilitatibus
777 1987 996 2022 proximorum,

218 2034 239 2062 ll
269 2034 397 2065 Timent„
422 2041 458 2067 ιι,
484 2035 516 2061 10
536 2044 544 2061 .·
566 2043 578 2059 u
599 2034 704 2061 Omnia
726 2034 856 2061 sustineo
877 2035 998 2070 propter

218 2080 336 2115 electos,
353 2082 384 2108 ut
400 2082 427 2108 et
442 2080 498 2116 ipsi
513 2080 638 2108 salutem
654 2082 884 2117 consequantur.
901 2091 915 2107 n

255 2129 390 2162 Magnam
411 2127 600 2155 dilectionem
619 2128 657 2155 ad
679 2130 834 2163 proximos
856 2128 995 2155 habuisse

218 2176 361 2203 loannem
386 2174 615 2209 Evangelistam.
642 2177 720 2211 patet
744 2183 778 2203 ex
803 2175 902 2202 verbis
926 2175 996 2202 suis.

220 2223 260 2249 Ex
276 2222 478 2255 abundantia,
494 2222 573 2248 euim
594 2222 693 2249 coi-(lis
714 2230 747 2249 os
767 2222 830 2257 ejus
849 2222 997 2258 loqueba-

220 2270 276 2302 tur,
293 2268 415 2303 quando
438 2269 626 2296 dilectionem
650 2268 695 2296 vet
717 2269 888 2296 charitatem
915 2269 999 2296 toties

219 2315 385 2350 repetebat,
401 2315 475 2342 sicut
491 2318 614 2351 apparet
629 2316 776 2352 praecipue
793 2316 823 2344 in
838 2316 935 2351 prima
950 2324 998 2344 ea-

220 2362 337 2398 nonica,
353 2363 452 2399 primo
467 2363 608 2399 capitulo.

474 2457 617 2492 CAPUT
641 2458 743 2492 XLII.

523 2531 561 2558 De
579 2531 699 2558 invidia.

259 2609 273 2626 α
287 2599 401 2628 invidia
415 2599 530 2628 dlaboli
545 2607 626 2628 mors
641 2600 760 2628 intravit
776 2600 806 2628 in
822 2600 927 2629 orbem
944 2603 1000 2629 ter-

221 2654 333 2680 rarum,
347 2656 361 2673 i)
378 2647 457 2682 Sap„
473 2655 507 2682 u,
522 2649 572 2682 24,
588 2647 660 2684 quia
679 2647 788 2676 scilicet
805 2648 878 2676 vidit
893 2648 999 2676 diabo-

222 2693 267 2721 lus
287 2693 440 2721 hominem
463 2694 494 2722 in
515 2696 591 2722 statu
611 2694 689 2722 felici
711 2702 784 2730 esse,
805 2697 833 2724 et
852 2696 892 2724 ad
914 2696 999 2724 illum

832 219 968 254 BIBLtA
986 219 1219 255 PAUPERUM.
1716 225 1732 242 ⁴

1053 294 1143 325 posse
1155 288 1328 326 ascendere,
1339 289 1422 319 unde
1432 289 1497 328 ipse
1508 292 1679 322 con-uerat:
1689 292 1764 324 ideo
1771 293 1835 324 ten-

1053 336 1127 366 tavit
1138 336 1303 374 hominem,
1318 340 1348 367 et
1358 339 1440 368 vicit.
1457 339 1536 376 Gen„
1551 347 1596 370 ιιι.

1091 383 1209 414 Invidia
1225 386 1325 414 motus
1339 386 1412 415 Cain
1425 386 1548 416 fratrem
1561 394 1651 417 suum
1663 387 1740 417 Abel
1753 388 1834 418 occi-

1055 430 1108 468 dit,
1121 431 1246 468 quando
1257 433 1369 462 scilicet
1381 433 1458 463 vidit
1469 435 1534 471 ejus
1546 442 1673 465 munera
1685 435 1836 473 acceptari

1054 486 1072 508 a
1086 479 1158 515 Deo,
1172 481 1201 508 et
1213 488 1277 510 non
1291 488 1356 510 sua.
1373 481 1450 515 Gen..
1467 489 1508 511 lv.
1577 515 1583 520 ¹

1089 527 1130 556 De
1144 527 1224 556 Isaac
1238 527 1346 557 dicitur
1361 537 1370 558 :
1388 538 1402 556 α
1417 528 1572 558 Benedixit
1584 529 1629 558 illi
1643 531 1731 566 Deus,
1745 532 1774 560 et
1785 529 1834 560 lo·

1055 573 1222 611 cupletatus
1236 577 1280 604 est
1292 576 1398 612 homo,
1411 586 1426 604 n
1440 579 1495 606 etc.
1509 586 1525 604 α
1538 577 1582 606 ob
1597 577 1656 606 hoc
1670 577 1836 608 invidentes

1055 621 1082 650 ei
1096 621 1264 658 Philistiim,
1278 632 1293 650 n
1312 624 1368 652 etc.
1384 624 1462 658 Gen„
1476 631 1560 659 xxw,
1577 625 1668 654 ¹:344.
1684 626 1738 655 Per
1752 626 1836 663 quod

1052 670 1151 705 patet,
1174 669 1259 707 quod
1280 670 1463 707 prosperitas
1481 670 1612 700 hominis
1634 674 1736 702 causat
1760 672 1837 703 invi-

1055 715 1137 744 diam
1150 715 1182 745 in
1196 716 1273 750 aliis,
1289 717 1515 746 occasionaliter
1527 719 1637 747 tamen.

1079 762 1188 792 Rachel
1195 763 1401 792 sterilissorori
1411 763 1834 800 foeoundaeinvidit,Gen..xxx.

1054 811 1126 839 Ecce
1147 809 1303 846 quomodo
1322 810 1438 840 invidia
1458 819 1514 840 nee
1530 807 1709 850 propinquis
1730 814 1834 851 parcit.

1089 857 1204 886 Fratres
1222 857 1332 894 loseph
1352 857 1530 888 invidebant
1543 859 1586 896 ei,
1600 860 1738 889 videntes
1751 862 1837 898 quod

1055 912 1073 933 a
1086 906 1170 940 patre
1183 903 1252 941 plus
1269 905 1382 933 cunctis
1401 904 1544 935 fratribus
1563 909 1725 943 amaretur,
1741 909 1771 937 et
1783 916 1837 938 au-

1055 950 1169 980 dientes
1183 951 1301 980 somnia
1314 960 1380 989 quoe
1390 953 1543 982 narrabat.
1554 955 1588 982 Et
1598 955 1680 990 nota,
1691 954 1731 983 ad
1743 963 1837 992 quan-

1056 999 1119 1027 tum
1137 998 1252 1028 facinus
1274 1006 1310 1027 ex
1329 999 1382 1028 illa
1401 1000 1516 1030 invidia
1528 1003 1740 1038 proruperunt.
1758 1002 1837 1039 Gen„

1055 1053 1166 1075 xxxvn.

1091 1094 1165 1123 Cum
1180 1093 1242 1122 (luo
1263 1093 1321 1122 viri
1337 1093 1549 1131 prophetarent
1562 1095 1593 1123 in
1607 1095 1725 1131 eastris,
1736 1097 1835 1133 Josue,

1055 1140 1141 1178 quasi
1164 1140 1322 1176 invidens,
1347 1141 1446 1169 dixit:
1465 1151 1479 1168 (ι
1498 1142 1622 1171 Domine
1645 1143 1687 1171 mi
1709 1145 1836 1180 Moyses,

1053 1187 1178 1225 prohibe
1194 1195 1255 1216 eos¹
1271 1190 1305 1217 At
1319 1188 1368 1216 ille
1385 1197 1391 1216 :
1408 1188 1496 1224 Quid,
1508 1200 1522 1216 ι
1538 1189 1645 1226 inquit,
1663 1190 1836 1220 «aemularis

1054 1243 1110 1271 pro
1125 1235 1195 1263 me?
1208 1244 1223 1262 ι)
1240 1236 1336 1267 Num„
1354 1243 1396 1270 xi,
1410 1236 1509 1264 28-29.

1090 1282 1180 1310 Maria
1203 1284 1232 1310 et
1254 1284 1349 1311 Aaron
1371 1283 1462 1311 locuti
1486 1285 1555 1312 sunt
1578 1285 1681 1313 contra
1704 1285 1837 1322 Moysen,

1055 1328 1187 1357 dicentes
1200 1338 1207 1358 ε
1227 1338 1242 1356 α
1256 1331 1331 1358 Num
1345 1337 1400 1366 per
1414 1330 1513 1358 solum
1527 1331 1647 1367 Moysen
1662 1331 1780 1360 locutus
1793 1334 1837 1361 est

1055 1376 1216 1405 Dominus?
1231 1387 1245 1404 n
1263 1379 1317 1405 etc.
1340 1378 1437 1412 Num„
1460 1385 1519 1412 xu,
1542 1379 1570 1406 2.
1591 1379 1632 1406 Ex
1652 1387 1714 1414 quo
1735 1381 1834 1416 patet,

1055 1424 1138 1460 quod
1161 1424 1281 1452 invidus
1303 1432 1365 1452 non
1385 1425 1480 1461 parcit
1500 1425 1642 1453 beneficis
1663 1427 1693 1454 et
1715 1426 1837 1463 propin-

1055 1471 1122 1507 quis
1143 1481 1149 1500 :
1171 1473 1284 1508 Moyses
1303 1472 1383 1500 enim
1400 1472 1488 1500 frater
1507 1481 1614 1501 eorum
1635 1475 1715 1509 erat,
1736 1475 1763 1502 et
1783 1481 1837 1510 per

1054 1526 1123 1547 eum
1138 1518 1283 1554 grandem
1299 1519 1483 1555 recipiebant
1497 1520 1654 1549 honorem.

1090 1567 1231 1594 Percusso
1262 1566 1445 1603 Philisthmo,
1473 1568 1633 1595 cantabant
1661 1566 1801 1595 mulieres
1827 1576 1834 1596 :

1057 1613 1153 1641 «Saul
1167 1613 1310 1649 percussit
1330 1614 1428 1650 mille,
1445 1616 1473 1642 et
1495 1615 1587 1643 David
1609 1615 1713 1643 decem
1733 1614 1835 1642 millia.

1056 1661 1147 1688 iratus
1169 1661 1213 1688 est
1231 1662 1330 1688 autem
1351 1661 1420 1689 Saul
1441 1661 1549 1697 nimis,
1573 1663 1602 1690 et
1623 1661 1774 1698 displicuit
1793 1661 1835 1690 illi

1054 1715 1151 1735 sermo
1168 1707 1227 1735 ille.
1245 1718 1259 1734 ι)
1274 1709 1282 1735 1
1302 1710 1376 1742 ch„
1392 1716 1477 1741 xvur,
1490 1709 1547 1736 7-8.

1090 1754 1199 1781 Videas
1219 1754 1395 1790 achitophel
1418 1754 1502 1790 quod
1525 1761 1585 1782 non
1609 1754 1720 1782 sactum
1740 1753 1836 1782 fuerat

1055 1801 1222 1829 seeundum
1242 1802 1400 1829 consilium
1422 1810 1521 1836 suum,
1540 1801 1593 1829 sed
1613 1801 1709 1837 magis
1728 1808 1835 1829 secun-

1055 1848 1128 1876 dum
1139 1849 1297 1876 eonsilium
1310 1848 1429 1882 chusai,
1439 1849 1544 1876 abiens
1556 1849 1586 1876 in
1599 1849 1725 1877 domum
1738 1855 1834 1884 suam,

1054 1895 1215 1932 suspendio
1232 1895 1350 1923 interiit.
1369 1897 1389 1924 tl
1403 1897 1480 1930 1369„
1494 1903 1566 1931 xvu,
1582 1898 1627 1924 23.

1091 1943 1314 1972 :Edificantibus
1329 1943 1475 1979 templum
1490 1943 1559 1971 filiis
1573 1943 1660 1977 tuda,
1675 1945 1744 1980 post
1757 1943 1836 1972 redi-

1054 1992 1118 2018 tum
1135 1990 1170 2018 de
1186 1990 1351 2026 Babylone,
1365 1993 1468 2026 gentes
1481 1999 1546 2026 quae
1560 1993 1643 2018 erant
1658 1991 1687 2018 in
1701 1990 1837 2026 circuitu,

1056 2037 1236 2072 doluerunt,
1261 2039 1289 2064 et
1313 2045 1364 2065 eos
1393 2037 1594 2073 multipliciter
1622 2037 1837 2074 impedierunt,

1057 2086 1065 2112 l
1091 2084 1202 2118 Esiroe,
1228 2091 1264 2111 iv.

1092 2131 1257 2159 Audieruut
1268 2130 1439 2159 Sanaballat
1453 2133 1481 2158 et
1492 2131 1598 2159 Tobias
1614 2131 1695 2168 quod
1711 2131 1839 2160 venisset

1055 2179 1159 2212 homo,
1175 2179 1226 2215 qui
1243 2181 1386 2215 quaereret
1407 2180 1633 2215 prosperitatem
1650 2179 1781 2207 filiorum
1799 2182 1837 2208 ls-

1056 2226 1128 2260 rael,
1137 2228 1164 2253 ct
1174 2226 1359 2254 contristatus
1372 2225 1577 2254 estasslictione
1587 2234 1705 2263 magna.
1716 2228 1836 2261 Neliem.‚

1056 2281 1087 2308 ιι,
1100 2275 1145 2301 10.

1093 2319 1193 2348 Daniel
1218 2319 1380 2355 superabat
1398 2326 1503 2347 omnes
1523 2319 1674 2356 principes
1696 2322 1724 2348 et
1745 2321 1836 2347 satra-

1056 2376 1110 2403 pas
1123 2376 1130 2395 :
1147 2367 1227 2394 unde
1242 2366 1390 2402 principes
1405 2367 1434 2394 et
1448 2369 1571 2403 satrapoe
1584 2367 1755 2403 quaerebant
1769 2374 1835 2394 om-

1057 2422 1109 2442 ncs
1124 2413 1310 2447 occasiones,
1326 2415 1358 2440 ut
1371 2413 1538 2442 invenirent
1557 2413 1668 2442 Danieli
1688 2421 1724 2441 ex
1743 2413 1834 2442 latere

1000 2486 1002 2488 .
1057 2461 1144 2496 regis.
1163 2462 1246 2494 Dan„
1262 2467 1300 2494 vi,
1317 2461 1379 2488 3-4.

1093 2508 1221 2537 Alcimus
1236 2506 1341 2534 videns
1361 2506 1532 2534 charitatem
1546 2506 1628 2534 sudae
1642 2507 1670 2534 et
1684 2505 1834 2535 Nicanoris

1057 2554 1097 2583 ad
1116 2554 1264 2587 invicem,
1283 2554 1364 2582 venit
1384 2553 1424 2581 ad
1446 2553 1642 2589 Demetrium,
1665 2556 1692 2581 et
1716 2554 1835 2582 dicebat

1056 2602 1231 2629 Nicanorem
1253 2600 1342 2628 rebus
1365 2600 1468 2628 alienis
1489 2600 1646 2635 assentire,
1665 2601 1832 2638 ludamque

1057 2649 1140 2683 regni
1155 2647 1358 2676 insidiatorem
1373 2655 1574 2677 successorem
1587 2646 1644 2677 sibi
1660 2647 1831 2678 destinasse.

1058 2697 1078 2724 tl
1093 2695 1195 2727 Mach„
1210 2702 1268 2722 xiv.
