2004 3037
585 206 635 239 DE
657 204 849 249 CONSILIIS
872 203 1145 238 EVANGELICIS.
1169 203 1256 236 CAP.
1281 203 1320 235 n.
1700 206 1760 236 285

1020 271 1112 300 Habet
1143 272 1264 308 insuper
1294 270 1400 307 religio
1429 271 1546 300 nodum
1574 271 1760 308 regulantem
1803 281 1880 306 modu.

981 318 1071 347 valde
1084 318 1264 354 notabilem,
1281 317 1332 354 qui
1352 317 1448 354 ipsam
1467 317 1536 346 facit
1550 317 1638 346 valde
1654 317 1759 347 lauda·
1775 316 1821 365 iffi
1838 321 1882 373 ‘1:¹¹3

982 366 1084 394 bilem.
1108 367 1155 394 Est
1176 365 1255 393 enim
1277 365 1308 393 in
1331 365 1396 402 ipsa
1420 364 1526 401 triplex
1548 365 1646 394 nodus
1670 365 1759 394 valde
1774 376 1883 404 religion-

147 274 302 312 proposito
317 274 456 310 radicari,
471 273 734 310 circumspectione
748 272 857 308 claudi,
875 272 926 300 de-

147 323 268 352 votione
282 322 382 358 rigari,
400 321 584 351 consessione
598 321 729 358 purgari,
745 321 884 350 exercitio
900 322 929 349 et

148 370 341 406 occupatione
358 369 421 398 fodi
436 370 464 398 et
485 369 596 404 excoli3
613 371 640 397 et
659 368 732 396 tales
751 370 840 396 sunt¹
857 370 928 396 sicut

40 1270 136 1296 Religio-

29 1307 64 1328 nis
74 1303 136 1326 ori-¹¹⁵

148 419 258 445 novellae
272 418 455 452 plantationes
468 417 648 452 injuventute
660 424 719 449 sua,
732 417 764 443 ut
779 415 885 443 dicitur
897 414 928 443 in

149 464 274 492 Psalmo.
292 463 455 499 Religiosus
466 463 586 499 insuper
594 484 602 498 ,
615 463 689 490 sicut
702 462 819 498 virgula
828 462 858 489 in
871 461 929 489 vir-

149 511 230 546 gulto
243 532 251 543 ,
270 510 359 538 debet
374 510 493 538 educari
509 510 539 537 in
561 509 728 545 disciplina.
749 509 830 537 Unde
846 510 927 543 nota,

150 557 233 594 qnod
247 556 389 592 agricola,
402 556 524 592 quando
539 556 629 584 habet
641 556 790 592 virgulam
805 555 853 583 vel
867 563 929 583 sur-

149 604 250 632 culum
258 611 406 639 generosae
420 603 468 631 vel
483 603 638 631 fructuosae
650 603 775 637 arboris,
790 602 929 639 providet

150 651 176 680 ei
186 651 217 679 in
227 651 336 686 multis,
352 651 463 679 scilicet
477 651 561 687 quod
573 650 834 685 habeatradiccm,
850 650 929 686 stipi-

149 701 218 733 tem,
227 698 346 726 frondes
357 700 384 726 et
394 697 474 732 solia,
486 697 574 725 flores
585 700 612 725 et
622 697 748 725 fructus:
762 697 803 725 sic
811 697 929 733 virgula

148 745 350 782 spiritualiter,
365 745 475 773 scilicet
494 745 677 782 neophytus,
692 744 741 772 vel
755 744 884 773 novitius
899 743 929 772 in

147 792 276 827 virgulto
292 792 455 828 religionis,
472 792 560 820 debet
574 792 684 820 habere
700 791 754 819 ista
768 800 835 826 sex,
851 791 929 819 scili-

149 841 193 867 cet
209 839 340 866 radicem
357 839 513 875 profundae
529 838 711 873 humilitatis,
725 838 852 874 stipitem
866 846 929 866 rec-

149 888 183 914 1ae
198 886 383 920 intentionis,
399 886 519 914 frondes
533 886 652 913 sincerae
668 885 843 920 dilectionis,
858 885 929 913 solia

150 933 280 960 honestae
294 932 466 967 locutionis,
482 933 570 960 flores
585 932 717 968 pulchrae
732 932 929 960 conversatio-

150 980 211 1014 nis,
227 982 254 1008 et
271 980 392 1007 tandem
408 987 497 1016 super
518 979 619 1007 omnia
632 979 741 1006 fructus
756 979 844 1006 bonoe
860 987 930 1015 ope-

151 1025 272 1053 rationis
286 1035 292 1053 :
310 1026 380 1061 quia
394 1034 447 1062 per
464 1025 576 1053 fruetus
591 1034 695 1053 corum
713 1026 865 1061 cognoscit
879 1034 930 1053 eos

153 1063 244 1107 Deus,
261 1072 334 1100 sicut
348 1072 418 1100 dicit
432 1072 566 1100 Salvator
581 1073 612 1100 in
627 1073 757 1100 Muttltaeo
772 1073 791 1100 Ξ.
812 1075 849 1100 De
864 1073 929 1101 tali-

150 1119 208 1147 bus
227 1119 351 1155 virgulis
372 1120 522 1155 generosis
547 1122 574 1148 et
593 1119 750 1147 fructuosis
772 1120 878 1147 dicitur
899 1120 930 1147 in

151 1165 267 1194 Psalmo
283 1167 312 1193 ³:
329 1168 398 1194 Filii
420 1169 463 1194 tui
477 1169 545 1194 sicut
561 1168 670 1194 novellae
685 1168 818 1194 olivarum
833 1168 864 1194 in
877 1169 930 1194 cir-

152 1215 228 1240 cuitu
239 1221 335 1241 mensae
351 1215 413 1246 tuoe,
425 1213 457 1241 id
472 1215 524 1248 est,
539 1213 691 1249 religionis
706 1215 821 1241 sanctae.

186 1259 278 1287 Habet
293 1260 382 1288 etiam
395 1260 501 1296 religio
515 1262 614 1288 ortum
627 1260 853 1296 primordialem
869 1260 931 1288 val-

152 1307 188 1334 de
203 1307 397 1335 laudabilem.
414 1308 494 1335 Unde
510 1310 594 1342 nota,
612 1308 697 1344 qnod
714 1307 810 1335 omnis
825 1307 929 1343 religio

152 1356 179 1381 et
194 1354 290 1381 omnis
305 1354 464 1390 spiritualis
477 1355 678 1390 congregatio,
693 1355 740 1382 vel
754 1354 929 1389 fraternitas,

151 1400 256 1428 habuit
269 1401 367 1436 primo
387 1403 485 1428 ortum
503 1410 520 1429 a
535 1397 681 1436 Samuele,
703 1402 753 1438 qui
772 1410 931 1437 congrega-

151 1447 192 1474 vit
210 1447 219 1463 4
242 1456 353 1474 cwzeum
372 1449 581 1482 prophetarum,
603 1450 634 1475 ut
656 1448 763 1476 dicitnr
783 1449 813 1476 in
834 1449 930 1484 primo

150 1495 259 1528 Renum.
278 1496 308 1521 Et
323 1494 362 1521 ita
373 1494 443 1522 dicit
457 1494 570 1522 ibidem
583 1495 715 1530 Magister
729 1495 928 1524 historiarum.

150 1540 286 1568 Secundo
309 1541 413 1568 habuit
433 1544 530 1569 ortum
554 1541 592 1569 ab
617 1541 749 1577 nelis-(eo,
777 1551 845 1570 cum
870 1552 930 1579 quo

149 1587 355 1615 habitaverunt
374 1588 384 1604 ⁵
407 1589 463 1622 filii
480 1589 683 1624 prophetarum,
712 1592 743 1616 ut
768 1589 874 1618 dicitur
900 1590 931 1617 in

150 1636 256 1670 quarto
279 1635 390 1669 Regum.
415 1634 509 1662 Tertio
528 1634 633 1662 habuit
656 1638 753 1663 ortum
778 1644 796 1664 a
818 1637 930 1664 Joanne

150 1681 286 1716 Baptista,
305 1681 355 1716 qui
370 1681 562 1716 congregavit
576 1681 586 1697 θ
601 1682 765 1717 discipulos,
777 1685 809 1710 ut
824 1683 931 1712 dieitur

149 1727 181 1754 in
197 1729 320 1755 Joanne.
341 1728 449 1761 Quarto
464 1728 568 1755 habuit
583 1730 681 1756 ortum
700 1737 717 1756 a
739 1730 861 1764 Christo,
879 1731 930 1766 qui

151 1774 341 1809 congregavit
355 1775 504 1809 discipules
520 1778 547 1802 et
561 1777 711 1810 apostolos,
727 1779 759 1803 ut
778 1777 884 1804 dicitur
900 1777 930 1805 in

151 1823 276 1848 Matthaea
299 1823 318 1848 7.
342 1822 448 1855 Quinto
472 1822 576 1850 habuit
597 1826 695 1850 ortum
719 1823 757 1850 ab
777 1824 929 1859 apostolis,

150 1868 260 1903 quibus
275 1868 461 1896 adhaeserunt
475 1869 559 1896 multi
582 1870 718 1906 discipuli
740 1871 828 1898 simul
843 1871 929 1898 liabi-

151 1917 242 1942 tantes
277 1918 344 1950 post
371 1915 542 1943 missionem
570 1917 691 1952 Spiritus
720 1918 827 1952 saneti,
856 1918 930 1945 sicut

151 1962 256 1989 dieitur
276 1962 306 1989 in
324 1963 403 1989 Actis
418 1962 444 1996 Β,
467 1963 537 1997 quia
558 1971 632 1990 nemo
655 1965 804 1998 quidquam
828 1973 928 1999 eorum,

150 2017 209 2043 quae
222 2009 410 2044 possidebant,
434 2009 542 2043 aliquid
565 2018 642 2036 suum
666 2018 719 2037 esse
743 2011 867 2043 dicebat,
884 2011 930 2038 sed

150 2056 241 2082 omnia
256 2056 313 2082 illis
335 2057 411 2082 erant
432 2057 590 2082 communia.
613 2056 698 2083 Sexto
714 2056 818 2084 habuit
832 2059 930 2084 ortum

150 2109 167 2129 a
181 2103 277 2129 Marco
301 2101 503 2136 Evangelista,
525 2101 595 2137 quia
620 2102 701 2138 apud
720 2102 930 2131 Alexandriam

150 2147 312 2184 discipulos
326 2148 393 2175 vitae
407 2147 553 2176 mirabilis
569 2148 688 2183 habuit,
705 2151 736 2177 ut
753 2149 877 2177 habetur
899 2150 930 2177 in

149 2195 348 2223 Ecclesiastica
364 2195 497 2223 Historia.
521 2195 590 2223 Inde
604 2199 810 2232 processerunt
825 2205 930 2224 mona—

150 2241 208 2276 chi,
224 2251 354 2278 quorum
368 2242 485 2269 fuerunt
499 2242 553 2270 tria
569 2251 688 2277 genera,
705 2243 814 2270 scilicet
827 2246 931 2271 tloeno-

149 2289 295 2323 bitarum,
312 2289 363 2325 qui
385 2288 416 2316 in
435 2290 586 2317 communi
608 2290 766 2322 vivebant;
789 2290 927 2325 aliorum,

151 2336 201 2370 qui
231 2335 406 2363 dicebantur
429 2336 607 2370 Remohoth,
634 2337 684 2372 qni
713 2336 776 2364 bini
806 2339 833 2364 et
862 2337 929 2365 trini

150 2381 342 2410 habitabant:
360 2385 387 2410 et
402 2383 663 2417 Anachoretarum,
687 2384 738 2419 qui
761 2384 816 2412 soli
832 2384 862 2411 in
878 2384 929 2411 de·

151 2430 228 2455 serto
253 2429 412 2463 vivebant,
438 2438 566 2466 quorum
591 2433 693 2458 auctor
718 2430 771 2458 suit
800 2432 907 2458 Paulus
919 2451 928 2466 ‚

152 2473 310 2502 illustrator
329 2476 481 2511 Antonius,
498 2477 635 2512 princeps
650 2478 777 2505 ioannes
792 2478 928 2514 Baptista,

152 2522 185 2547 ut
198 2520 268 2548 dicit
281 2522 476 2558 Hieronymus
488 2524 508 2550 ⁹.

186 2594 273 2618 ¹Psal.
289 2601 384 2626 CXLIII,
402 2598 439 2622 12.
459 2610 488 2615 -
510 2598 519 2612 ²
538 2597 641 2628 Mamz„
655 2604 710 2629 vii,
729 2600 766 2623 16,
784 2612 815 2617 ——
833 2599 841 2612 ³
860 2598 930 2623 Psal.

153 2635 250 2660 cxxvn,
267 2632 290 2655 3.
307 2643 338 2648 —
356 2631 516 2663 ⁶1Req.,x,
535 2635 571 2657 10.
588 2647 618 2651 —
637 2634 647 2649 ὅ
662 2634 693 2658 lV
710 2635 777 2666 neq„
796 2641 831 2664 1v,
846 2636 884 2659 38.
899 2647 929 2652 —

152 2666 161 2680 ⁰
176 2666 258 2695 leam,
278 2672 294 2698 1,
311 2668 351 2690 35.
366 2679 396 2684 —
413 2667 421 2683 ἲ
437 2669 540 2700 Mami„
556 2675 593 2700 lv,
610 2670 638 2694 ¹9
650 2671 675 2693 et
685 2677 775 2701 seq.—
791 2671 799 2684 ⁸
813 2671 878 2701 Act„
893 2676 928 2701 iv,

981 412 1157 447 laudabilis,
1178 412 1286 440 scilicet
1309 419 1420 440 nomen
1441 411 1592 448 religionis
1614 413 1760 442 obedien·
1775 410 1848 435 8⁸²⁰?-

982 460 1028 487 tim
1043 459 1244 495 subjugantis,
1262 458 1443 496 paupertatis
1458 458 1639 494 alleviantis,
1655 462 1683 488 et
1698 468 1762 488 cas-

984 506 1070 534 titatis
1092 506 1268 534 decorantis.
1296 505 1470 534 Obedientia
1499 506 1594 534 aufert
1621 507 1761 542 religioso

982 553 1136 589 propriam
1152 553 1350 588 voluntatem,
1363 554 1391 580 et
1405 561 1458 589 per
1474 560 1660 589 consequens
1673 554 1762 582 infer-

982 607 1073 634 num,
1095 600 1180 635 juxta
1205 600 1281 627 illud
1301 600 1442 628 Bernardi
1458 600 1478 617 ¹⁰
1500 609 1506 628 :
1535 601 1607 628 Tolle
1618 602 1762 636 propriam

982 647 1163 678 voluntatem,
1181 650 1206 674 ec
1221 648 1345 680 infernus
1367 655 1419 674 non
1440 648 1493 674 erit
1515 647 1579 674 tibi.
1604 648 1763 683 Paupertas

983 693 1078 721 aufert
1098 693 1154 730 ipsi
1179 695 1327 721 terrenam
1342 693 1552 730 cupiditatem,
1569 695 1595 721 et
1619 701 1673 730 per
1695 703 1764 722 con-

982 748 1109 776 sequens
1138 748 1227 768 omne
1253 740 1367 768 malum
1387 762 1395 776 ,
1422 741 1507 776 juxta
1533 740 1610 768 illud
1636 741 1763 769 verbum

982 787 1115 823 Apostoli
1127 788 1146 805 ¹¹
1161 796 1167 815 :
1182 787 1275 815 Radix
1286 789 1406 815 omnium
1418 789 1550 815 malcrum
1563 791 1601 815 est
1612 789 1762 823 cupiditas.

984 834 1103 862 Castitas
1118 834 1213 862 aufert
1231 834 1345 862 homini
1369 834 1519 862 carnalem
1539 834 1721 870 foeditatem,
1737 838 1765 863 et

984 889 1037 917 per
1053 889 1238 917 consequens
1253 880 1322 909 facit
1335 889 1404 909 eum
1420 881 1560 916 angelum
1571 902 1580 915 ,
1591 882 1675 916 juxta
1688 882 1764 910 illud

984 929 1113 956 Matthaei
1131 929 1151 945 ¹²
1174 937 1180 956 :
1205 930 1298 963 Neque
1320 929 1430 962 nubent,
1451 937 1535 964 neque
1550 929 1699 964 nubentur,
1718 931 1764 957 εει]

985 978 1061 1003 erunt
1084 977 1155 1003 sieut
1176 977 1267 1010 angeli
1293 977 1341 1002 Dei
1364 977 1394 1002 z'n
1415 977 1487 1002 coelo.
1512 977 1550 1003 De
1570 975 1628 1003 hoc
1655 976 1762 1012 triplici

983 1022 1065 1049 nodo
1088 1030 1142 1057 per
1165 1021 1302 1050 ordinem
1320 1024 1362 1050 est
1377 1022 1548 1050 dicendum.
1566 1024 1598 1050 Et
1612 1023 1710 1059 primo
1727 1023 1764 1051 de

985 1068 1164 1097 obedientia.

1241 1128 1265 1162 C
1277 1129 1305 1162 A
1316 1129 1341 1161 P
1352 1129 1382 1162 U
1393 1129 1419 1162 T
1453 1129 1466 1162 Ι
1478 1129 1503 1162 Ι.

1262 1197 1299 1223 De
1319 1196 1486 1224 Obedientia.

1022 1259 1060 1286 De
1083 1258 1254 1286 obedientia
1274 1262 1345 1287 nota
1367 1259 1533 1295 specialiter
1556 1259 1631 1294 tria,
1655 1260 1765 1288 scilicet

984 1305 1134 1341 praeconia
1149 1305 1258 1341 quibus
1273 1306 1510 1342 commendatur,
1527 1307 1637 1335 auxilia
1655 1307 1764 1343 quibus

986 1352 1154 1387 adjuvatur,
1168 1354 1196 1380 et
1210 1352 1309 1381 officia
1324 1354 1433 1389 quibus
1448 1356 1620 1390 occupatur.

1022 1399 1114 1427 Habet
1129 1407 1199 1434 ergo
1220 1400 1391 1428 obedientia
1406 1401 1500 1429 multa
1519 1401 1682 1437 praeconia,
1699 1409 1765 1437 qufe

985 1446 1081 1482 ipsam
1095 1446 1230 1474 laudant.
1247 1447 1328 1474 Unde
1342 1450 1422 1482 nota,
1441 1448 1524 1484 qnod
1538 1448 1709 1476 obedientia
1724 1451 1766 1477 est

986 1493 1088 1521 schola
1103 1494 1276 1529 SalvatoriS,
1297 1495 1398 1522 nobile
1420 1504 1515 1530 genus
1530 1496 1683 1532 martyrii,
1701 1496 1765 1532 pal-

986 1548 1036 1568 ma
1050 1540 1252 1577 triumphalis,
1268 1543 1295 1569 et
1317 1542 1396 1570 scala
1410 1542 1551 1577 paradisi.
1575 1543 1670 1570 Primo
1693 1551 1765 1578 ergo

987 1587 1159 1615 obedientia
1184 1590 1226 1615 est
1249 1588 1352 1616 schola
1374 1589 1531 1617 salvatoris
1548 1599 1554 1617 ε
1573 1589 1653 1617 unde
1675 1592 1765 1626 nota,

987 1634 1070 1670 quod
1092 1634 1227 1662 Salvator
1250 1635 1388 1671 exemplo
1413 1644 1467 1663 suo
1496 1636 1597 1664 docuit
1624 1636 1767 1664 obedien-

985 1681 1058 1708 tiam
1078 1681 1242 1717 tripliciter,
1260 1681 1370 1709 scilicet
1393 1682 1432 1709 ad
1456 1682 1604 1710 mundum
1622 1683 1764 1718 veniens,

986 1727 1017 1755 in
1032 1728 1147 1755 mundo
1163 1736 1301 1763 manens,
1319 1732 1346 1756 et
1367 1729 1404 1756 de
1420 1730 1535 1757 mundo
1551 1730 1705 1757 transiens.
1721 1730 1766 1758 Ad

986 1775 1135 1802 mundum
1149 1776 1271 1803 veniens
1292 1776 1494 1804 obedientiam
1512 1777 1632 1811 docuit,
1647 1780 1679 1805 ut
1694 1777 1767 1805 dici-

986 1823 1033 1849 tur
1047 1821 1077 1849 in
1092 1823 1193 1849 Joanne
1206 1823 1226 1839 ¹³
1239 1831 1244 1849 :
1262 1824 1390 1850 Descencli
1405 1824 1436 1850 de
1452 1825 1523 1858 coelo,
1539 1832 1592 1851 non
1605 1827 1636 1850 ut
1650 1825 1766 1857 facerem

986 1869 1151 1896 voluntatem
1165 1877 1264 1901 meam,
1281 1870 1327 1896 sed
1345 1871 1510 1897 voluntalem
1525 1870 1598 1905 ejus,
1621 1873 1670 1905 qui
1690 1873 1765 1898 misit

985 1923 1038 1948 me,
1053 1917 1156 1943 Patris.
1180 1916 1385 1944 Obedientiam
1406 1917 1506 1944 docuit
1520 1917 1551 1944 in
1566 1917 1680 1945 mundo
1706 1926 1766 1946 ma-

985 1969 1069 1996 nen5,
1083 1964 1115 1990 ut
1125 1962 1195 1989 dicit
1210 1963 1317 1990 Paulus
1330 1963 1350 1980 ¹⁵
1363 1973 1368 1990 :
1383 1965 1480 1990 Fuctus
1495 1967 1533 1991 est
1544 1964 1667 1991 obediens
1682 1973 1765 1999 usque

986 2009 1021 2034 ud
1036 2012 1156 2036 mortem.
1174 2009 1379 2037 Obedientiam
1392 2009 1493 2037 docuit
1505 2010 1541 2037 de
1557 2010 1670 2038 mundo
1685 2013 1764 2038 tran-

986 2054 1062 2081 siens
1080 2064 1086 2082 :
1102 2063 1173 2082 nam
1187 2055 1218 2082 in
1228 2056 1364 2091 passione
1380 2056 1453 2084 dixit
1467 2057 1542 2084 Patri
1560 2058 1580 2074 ¹5
1597 2066 1603 2084 z
1619 2059 1680 2086 Non
1694 2060 1764 2085 sicut

986 2110 1031 2135 eqo
1045 2103 1117 2136 volo,
1129 2102 1174 2129 sed
1185 2104 1255 2129 sicut
1270 2106 1310 2130 tu.
1322 2105 1369 2130 Est
1384 2103 1473 2131 etiam
1483 2104 1654 2132 obedientia
1668 2105 1764 2140 quod-

987 2148 1056 2176 dam
1081 2149 1183 2176 nobile
1210 2157 1302 2184 genus
1327 2151 1461 2186 martyrii
1489 2153 1516 2178 et
1541 2151 1642 2187 palma
1666 2151 1764 2179 trium<

985 2195 1081 2230 phalis
1092 2217 1101 2229 ,
1117 2196 1187 2231 quia
1212 2196 1341 2224 decollat
1363 2197 1531 2231 hominem,
1547 2200 1574 2225 et
1589 2200 1722 2234 amputat
1737 2198 1763 2226 ei

986 2242 1114 2278 propriae
1130 2243 1290 2271 voluntatis
1312 2246 1409 2280 caput.
1426 2246 1464 2272 De
1480 2245 1536 2272 hoc
1558 2246 1699 2281 martyrio
1716 2245 1761 2273 di-

986 2290 1058 2317 citur
1073 2290 1103 2317 in
1124 2290 1220 2325 primo
1237 2292 1337 2325 Regum
1351 2292 1370 2308 '⁶
1390 2301 1395 2318 :
1414 2293 1512 2319 Melior
1532 2296 1570 2319 est
1584 2293 1738 2320 obedientia
1754 2314 1760 2325 ‚

986 2345 1065 2371 quum
1079 2338 1207 2365 vz'ctt‘moe.
1226 2339 1271 2364 Est
1285 2340 1383 2365 autem
1401 2338 1570 2366 obedientia
1585 2339 1664 2367 scala
1675 2348 1762 2375 para-

987 2383 1059 2418 disi,
1075 2384 1158 2419 eujus
1183 2387 1295 2420 septem
1320 2387 1387 2412 sunt
1404 2386 1528 2420 gradus,
1545 2394 1621 2421 quos
1636 2387 1763 2421 assignat

1793 1252 1825 1272 De
1836 1251 1887 1272 ohe-

1789 1282 1872 1303 dientia

1779 1314 1820 1334 tria
1830 1320 1885 1340 prae-

1779 1345 1842 1371 cipue
1849 1351 1887 1365 uo-

1779 1377 1853 1397 tanda.

1780 1417 1888 1438 obedien-

1780 1449 1814 1468 tie
1830 1456 1886 1473 prse-

1779 1486 1850 1501 conia.

986 2431 1149 2458 Bernartius
1168 2432 1197 2457 ¹⁷.
1223 2431 1336 2459 Primus
1361 2432 1471 2467 gradus
1499 2433 1694 2467 obedientiae,
1721 2434 1763 2460 est
1800 2432 1803 2434 ’

986 2529 1025 2556 31,
1035 2528 1125 2551 32.—⁹
1137 2527 1251 2558 Hieron„
1268 2528 1435 2559 cullius-[cicli.y
1449 2529 1522 2560 epist.
1538 2535 1634 2553 xL11.-
1648 2530 1666 2544 ¹⁰
1677 2529 1761 2560 Beru.,

986 2562 1038 2587 loe.
1051 2563 1111 2594 jam.
1128 2564 1170 2588 cit.
1184 2577 1210 2580 —
1232 2565 1249 2580 ¹1
1268 2564 1273 2586 l
1293 2564 1364 2593 Tim„
1381 2570 1415 2594 Vt,
1436 2567 1473 2588 tt).
1488 2578 1518 2582 —-
1541 2566 1560 2580 ¹2
1578 2564 1677 2591 Matm..
1697 2572 1760 2596 xxii,

986 2600 1024 2622 30.
1036 2612 1067 2616 -
1084 2599 1103 2615 ¹3
1116 2600 1199 2629 Joam,
1215 2605 1248 2629 Vl,
1265 2601 1303 2622 38.
1315 2613 1344 2616 —
1360 2601 1377 2616 Ν
1388 2600 1491 2631 Plulip.,
1509 2607 1537 2630 tl,
1551 2602 1573 2623 9.
1585 2613 1614 2618 --
1629 2601 1646 2616 ¹5
1659 2601 1761 2630 Midili..

986 2640 1062 2664 xxv1‚
1084 2636 1121 2660 39.
1142 2648 1173 2653 -
1195 2635 1212 2649 ’Β
1227 2636 1231 2658 Ι
1246 2636 1314 2666 Κεφ,
1333 2642 1375 2666 xv,
1392 2638 1474 2660 212.-
1499 2637 1513 2650 ¹³
1536 2637 1620 2667 Rern„
1640 2643 1717 2660 serm.
1731 2637 1761 2661 cle

989 2670 1051 2694 Viri.
1069 2670 1139 2694 obed.
1155 2672 1179 2694 et
1193 2671 1247 2702 ejus
1261 2671 1333 2702 grad.
