2004 3037
205 248 244 277 1ss
796 233 968 266 MYSTICA
989 230 1227 264 THEOLOGIA.

204 311 356 347 Ecclesiae,
377 310 439 339 vita
456 308 585 343 amoris,
607 308 637 335 et
655 312 758 334 sensus
772 303 878 332 laetitiae
893 301 982 330 uniti-

203 359 249 388 vis
259 359 296 395 (α)
310 356 459 387 mentibus
472 354 647 384 illabuntur.
887 348 890 352 '

491 437 583 468 Quinta
597 435 694 468 petitio.

239 502 276 528 Ec
290 499 402 527 dimitte
415 498 492 526 nobis
506 497 598 525 debita
612 498 706 523 nostra
716 516 725 527 ,
741 495 796 522 etc.
819 491 873 520 Ubi
886 490 984 527 requi-

204 547 241 576 rit
256 553 367 584 sponsa
382 554 400 574 a
412 545 507 573 tribus
520 542 697 572 instantibus
709 539 832 569 liberari
846 548 853 567 :
868 538 984 575 primo,

205 601 224 622 a
234 593 315 622 malo
327 592 422 629 culpae
432 590 568 626 venialis,
584 590 656 626 quia
664 587 746 616 mala
757 585 894 615 mortalia
904 584 986 612 elon-

205 642 273 677 gata
287 641 355 668 sunt
369 639 408 667 ab
429 638 494 675 ipsa
513 639 636 674 propter
657 635 750 672 ipsius
769 631 985 662 radicationem

205 687 237 715 in
251 688 310 715 Deo
325 685 364 714 ab
379 685 445 722 ipsa
465 684 593 719 dilecto3
615 680 748 710 secundo
759 702 768 716 ‚
783 688 801 708 a
814 678 895 708 malo
910 676 986 714 peri-

206 734 284 770 culi,
310 733 395 770 quod
409 734 452 761 est
469 733 629 767 utrumque
640 751 649 764 ,
671 730 699 756 et
717 727 813 763 culpae
829 728 857 754 et
870 733 985 762 poenae,

205 780 367 817 respiciens
379 788 386 808 z
403 778 488 808 tertio
503 786 521 806 a
534 777 616 806 malo
630 783 736 812 poenae,
750 781 805 811 per
819 772 903 809 quod
918 779 987 800 con-

206 830 332 858 tractum
345 827 377 855 in
392 825 513 862 culpam
527 824 696 860 frequenter
710 820 878 850 incidimus.

242 875 341 904 Primo
353 882 370 902 a
382 872 463 901 malo
477 870 640 900 venialium
653 868 761 906 quaerit
774 867 900 896 sollicite
914 865 986 894 libe-

207 922 285 958 rari,
308 920 393 958 quod
407 918 526 948 nonnisi
546 925 600 954 per
619 917 735 945 donum
754 914 864 944 amoris
879 912 988 950 poterit

208 970 248 998 ab
261 969 326 1006 ipso
337 967 464 996 totaliter
476 965 614 995 obtineri.
631 964 704 999 Quia
716 963 795 991 enim
809 969 893 990 mens
902 960 988 989 lumi-

208 1017 255 1045 nis
272 1015 346 1044 nihil
360 1014 469 1049 habet,
493 1013 550 1041 nisi
568 1012 599 1040 in
619 1012 765 1048 quantum
788 1007 988 1046 praeparando

209 1071 240 1092 se
254 1071 273 1091 a
287 1071 341 1090 suo
357 1062 420 1090 sole
441 1059 598 1097 spirituali,
613 1058 669 1095 ipsi
687 1058 858 1094 praeparatae
881 1063 913 1082 se
926 1054 990 1082 ina-

208 1109 390 1138 vertahiliter
412 1107 606 1141 infundente,
629 1103 853 1133 irradiationem
876 1100 988 1137 recipit.

209 1156 335 1192 Quando
359 1163 431 1183 vero
455 1162 508 1191 per
526 1151 763 1181 inordinationes
785 1150 895 1177 virium
917 1149 990 1176 inte-

209 1204 324 1232 riorum
334 1223 342 1237 ,
377 1201 426 1230 vel
454 1201 569 1237 ineptas
597 1198 805 1227 delectationes
832 1203 990 1230 sensuum,

211 1257 346 1288 quaerens
359 1248 431 1276 alibi
446 1247 581 1284 requiem
596 1253 688 1282 quam
702 1245 734 1273 in
747 1244 826 1272 sonte
841 1241 992 1276 bonitatis,

211 1297 260 1326 vel
274 1295 478 1329 beatitudinis,
493 1293 713 1330 aliquantulum
727 1292 764 1319 ab
778 1291 842 1327 ipso
856 1289 993 1325 obliqua-

212 1347 269 1380 tur,
281 1346 309 1372 et
319 1342 473 1379 obliquata
483 1340 672 1377 dispergitur,
686 1339 742 1367 nisi
753 1338 790 1366 ab
803 1338 868 1374 ipso
879 1336 992 1364 lumine

212 1391 292 1420 fonte
308 1389 447 1418 claritatis
466 1389 637 1417 illustretur.
660 1386 765 1415 Anima
779 1385 859 1413 enim
872 1391 926 1420 per
941 1391 992 1410 vc-

213 1439 305 1468 nialia
331 1436 552 1474 aliquantulum
577 1433 742 1468 obfuscata,
758 1439 894 1469 quaerens
921 1429 993 1458 alibi

215 1486 366 1520 delectari,
382 1483 467 1521 quasi
482 1483 532 1511 ille
549 1481 605 1510 sibi
620 1489 682 1509 non
694 1479 849 1513 sufficeret,
866 1477 917 1514 qui
929 1476 994 1505 sola

214 1533 328 1561 visione
348 1529 576 1569 pulchritudinis
590 1537 650 1556 suae
670 1529 697 1555 et
716 1528 840 1554 attractu
859 1523 993 1552 dulcedi-

214 1579 260 1608 nis
282 1578 375 1608 reficit
399 1585 519 1605 omnem
546 1577 675 1603 mentem
699 1572 864 1609 angelicam
889 1574 916 1599 et
939 1570 993 1598 hu-

215 1634 353 1660 manam,
375 1632 436 1653 non
458 1622 605 1651 immerito
626 1631 643 1649 a
663 1629 716 1649 suo
739 1618 886 1648 desiderio
908 1620 995 1645 retar-

216 1675 313 1701 datur.

250 1719 321 1748 Petit
328 1726 399 1754 ergo
412 1715 617 1746 ardentissime
633 1716 663 1749 (b)
676 1713 809 1747 liberari,
821 1720 858 1740 nc
872 1720 890 1739 a
900 1710 996 1738 suavi-

214 1768 271 1796 bus
286 1765 503 1794 desideriorum
526 1762 652 1798 eloquiis
667 1769 803 1797 sponsus,
820 1759 859 1787 ad
870 1758 915 1786 sui
927 1757 996 1784 sub-

214 1815 324 1842 sidium
338 1813 386 1841 vel
395 1811 622 1840 subventionem
634 1811 767 1842 vocatus,
783 1807 960 1835 retrahatur:
971 1807 998 1832 et

214 1861 281 1890 idco
289 1861 344 1888 sub
353 1867 480 1896 persona
492 1857 648 1893 gementis,
661 1859 793 1883 terrenas
806 1852 998 1888 cogitationes

215 1909 361 1944 extirpare
377 1906 516 1934 radicitus
532 1912 592 1932 non
602 1903 738 1935 valentis,
752 1901 859 1928 dicitur
876 1900 907 1927 in
922 1898 998 1925 libro

215 1954 375 1991 Sapientiae
390 1954 398 1970 ¹
415 1962 421 1980 ε
441 1952 543 1987 Corpus
563 1950 634 1986 quod
655 1949 854 1983 corrumpitur,
870 1947 999 1980 aggravat

216 2003 353 2032 ωιίηιαηι,
370 2003 394 2028 ct
420 2003 525 2027 terrena
549 1997 712 2024 inhabitatio
739 1995 869 2030 deprimit
894 1999 999 2019 sensum

216 2050 303 2076 multa
324 2049 496 2082 cogitantem.
513 2046 586 2072 Cum
609 2043 688 2071 enim
713 2041 806 2069 inulta
828 2040 864 2067 de
882 2038 1000 2066 inferio-

218 2095 300 2123 ribus
316 2093 435 2129 cogitat,
453 2094 479 2120 et
492 2099 580 2119 voces
596 2092 799 2117 creaturarum
813 2087 917 2122 recipit
931 2084 996 2112 assi-

219 2142 326 2169 cientes
343 2140 482 2174 interius,
498 2139 528 2166 in
546 2139 627 2165 tanto
650 2145 667 2164 a
691 2135 814 2163 summis
829 2132 998 2161 subventio-

220 2188 307 2215 nibus
330 2186 483 2214 distantius
508 2185 671 2218 elongatur.
702 2182 776 2216 Quia
801 2182 831 2208 in
854 2181 1001 2216 quantum

220 2243 304 2263 mens
319 2233 386 2269 plus
406 2233 483 2259 circa
503 2231 621 2258 diversa
637 2229 798 2264 cogitando
816 2226 1001 2259 distrahitur,

222 2281 252 2309 in
270 2282 383 2308 tantum
407 2278 506 2305 minus
529 2277 559 2304 in
583 2277 661 2303 tonte
679 2273 869 2302 beatitudinis
889 2272 1002 2300 aduna-

223 2330 284 2363 tur,
300 2330 327 2354 et
343 2329 411 2353 tune
427 2332 535 2359 corpus
559 2323 690 2350 animam
706 2328 869 2356 aggravare
886 2318 1002 2352 dicitur,

224 2374 295 2410 quia
309 2372 465 2409 quodlibet
476 2371 584 2398 horum
600 2369 638 2396 ad
653 2369 752 2396 locum
767 2367 823 2394 sibi
838 2367 869 2402 (v)
884 2367 1004 2392 natura-

226 2421 291 2448 liter
313 2420 528 2454 competentem
550 2416 651 2443 tendit.
674 2415 743 2443 ideo
772 2416 814 2441 est
836 2412 877 2440 ibi
905 2418 1006 2447 pugna

228 2468 384 2501 continua,
410 2468 437 2493 et
465 2464 569 2492 mentis
592 2462 782 2498 aggravatio,
813 2461 882 2497 quia
908 2459 1006 2487 anima

227 2516 320 2543 tendit
333 2514 371 2542 ad
388 2515 497 2546 Deum,
517 2511 567 2547 qui
585 2511 665 2538 solus
681 2513 723 2538 est
737 2510 820 2537 locus
835 2507 1006 2536 naturaliter

227 2563 283 2590 sibi
304 2560 465 2594 sufficiens;
487 2566 595 2594 corpus
615 2566 704 2591 vero,
724 2557 838 2584 ratione
856 2553 1006 2591 pondero·

226 2609 316 2637 sitatis
327 2629 335 2641 ,
353 2615 470 2643 semper
489 2606 579 2634 habet
597 2605 675 2633 circa
694 2603 842 2632 terrestria
856 2601 1006 2630 delectari.

260 2674 290 2703 (a)
308 2672 377 2696 Edit.
399 2673 455 2695 t‘eu.
471 2671 591 2696 unitivas.
603 2684 633 2688 —
644 2670 678 2700 (1,)
690 2669 818 2693 soetaeclit.
833 2666 1009 2693 attentissimo,

228 2722 257 2727 -
269 2710 299 2739 (c)
310 2708 357 2734 sibi
372 2707 466 2731 locuni.

1038 299 1091 328 vel
1113 299 1198 327 aliter
1220 300 1318 335 potest
1341 298 1419 334 dici,
1434 306 1472 327 ne
1486 299 1610 335 propter
1629 305 1716 327 suram
1737 297 1817 327 offu-

1038 346 1202 375 scationem
1228 347 1257 374 et
1281 344 1519 382 obliquationem
1545 353 1564 373 a
1586 343 1745 374 decorante
1769 345 1818 374 lu-

1038 393 1119 422 mine
1137 393 1170 421 in
1189 391 1262 421 tanti
1283 392 1386 430 sponsi
1407 392 1580 429 praesentia,
1597 399 1688 428 quem
1707 390 1819 420 intimis

1039 440 1204 469 visceribus
1213 439 1353 477 amplecti
1364 439 1522 476 desiderat,
1536 439 1706 468 indecenter
1715 440 1820 468 ornata

1037 487 1187 523 judicetur
1201 487 1240 516 ab
1255 486 1321 523 ipso
1332 508 1342 523 ,
1357 495 1426 515 cum
1446 487 1545 515 minus
1563 487 1698 524 speciosa
1711 493 1821 523 sponsa

1040 535 1104 570 ejus
1123 534 1167 563 illi
1189 537 1350 571 appareat,
1373 534 1426 570 qui
1443 534 1475 562 in
1493 534 1558 571 ipsa
1571 534 1670 562 solum
1692 532 1822 570 pulchri—

1040 583 1176 612 tudinem
1190 583 1362 612 interiorem
1376 583 1416 611 ad
1432 583 1490 611 sibi
1508 591 1651 620 sponsam
1669 591 1820 611 assumen-

1042 631 1114 659 dam
1137 630 1304 667 specialiter
1324 630 1542 667 contemplatur
1561 639 1568 658 :
1591 630 1664 667 quia
1691 632 1760 658 tunc
1780 632 1823 658 est

1042 680 1195 714 acceptum
1212 678 1275 714 ejus
1299 676 1468 714 eloquium,
1489 676 1613 714 quando
1636 685 1692 713 per
1716 676 1823 705 mentis

1041 726 1212 755 interiorem
1243 725 1498 762 pulchritudinem
1529 724 1730 762 supercoelesti
1757 723 1824 761 pul-

1042 773 1201 802 chritudini
1216 772 1429 801 conformatur.
1442 773 1482 800 De
1493 779 1554 808 qua
1563 771 1660 808 ipsam
1674 771 1822 808 praecipue

1043 820 1195 854 admonet,
1211 819 1242 848 in
1257 818 1383 848 Canticis
1393 819 1520 847 dulciter
1534 819 1692 855 alloquens
1705 818 1783 847 hanc
1794 819 1822 846 ἐ

1046 869 1106 896 Vox
1118 869 1190 895 enim
1204 869 1253 894 tua
1267 866 1371 898 dulcis,
1393 869 1418 894 et
1439 867 1526 899 facies
1549 868 1597 893 tua
1619 866 1731 900 decora,
1753 865 1825 902 quia

1044 917 1111 942 tuus
1130 913 1252 942 affectus
1271 921 1333 941 non
1351 912 1429 949 sapit
1447 912 1503 940 nisi
1525 912 1667 947 coelestia,
1692 914 1720 940 et
1736 911 1826 940 facies

1044 963 1095 989 tua
1111 968 1174 989 non
1189 962 1232 988 est
1251 959 1439 988 multitudine
1456 959 1635 994 venialium,
1650 959 1699 987 vel
1723 966 1826 988 carna-

1045 1008 1124 1036 libus
1138 1007 1345 1036 affectionibus
1367 1006 1533 1043 deturpata.
1559 1006 1629 1035 ldeo
1649 1008 1733 1034 tuum
1752 1006 1825 1034 mihi

1045 1062 1136 1083 suave
1154 1056 1197 1082 est
1215 1054 1414 1090 colloquium,
1430 1061 1499 1081 cum
1519 1053 1578 1081 hoc
1598 1052 1696 1081 clamo
1709 1074 1718 1089 ‚
1732 1055 1760 1081 te
1773 1060 1827 1089 per

1046 1101 1167 1138 pulsum
1193 1101 1385 1129 affectionum
1411 1100 1583 1137 alloquens;
1610 1102 1639 1128 et
1663 1101 1750 1134 facies
1779 1102 1827 1128 tua

1047 1149 1157 1183 decora,
1182 1151 1210 1176 et
1230 1148 1269 1176 ad
1291 1147 1465 1183 dignitatem
1485 1148 1657 1183 nuptiarum
1679 1146 1827 1182 regalium

1047 1197 1225 1232 praeparata,
1248 1195 1319 1231 quia
1339 1197 1348 1211 ³
1373 1203 1425 1222 non
1452 1197 1490 1222 est
1513 1195 1619 1222 macula
1639 1195 1670 1221 in
1692 1196 1731 1228 te,
1761 1201 1829 1230 quoe

1047 1245 1146 1270 tamen
1169 1250 1230 1270 non
1251 1242 1307 1270 nisi
1330 1249 1383 1278 per
1411 1243 1546 1269 sanctum
1575 1248 1710 1269 amorem
1739 1240 1829 1268 extin-

1047 1290 1154 1325 guitur.
1171 1290 1244 1323 Quia
1259 1297 1327 1317 cum
1342 1297 1426 1316 mens
1442 1288 1650 1324 consurgendo
1666 1288 1706 1316 ad
1718 1288 1827 1316 unitio-

1049 1344 1117 1364 nem
1131 1344 1198 1372 quae
1213 1336 1384 1364 immediate
1397 1343 1451 1372 per
1465 1338 1580 1363 motum
1597 1335 1708 1363 amoris
1728 1335 1829 1371 acqui-

1049 1383 1137 1418 ritur,
1152 1383 1234 1419 prius
1249 1383 1403 1419 obliquata
1417 1382 1610 1416 rectificatur,
1625 1384 1656 1409 ut
1674 1389 1728 1418 per
1743 1381 1830 1410 istam

1049 1430 1290 1458 rectificationem
1323 1432 1350 1457 et
1383 1429 1671 1464 consurrectionem,
1706 1429 1827 1457 affectus

1050 1479 1193 1513 tanquam
1218 1479 1299 1512 gutta
1328 1484 1424 1512 aquae,
1451 1484 1517 1512 quae
1545 1475 1654 1504 cadens
1676 1475 1707 1504 in
1725 1476 1832 1511 «ignem

1051 1524 1146 1560 culpae
1161 1523 1285 1551 venialis
1299 1531 1353 1559 per
1367 1523 1411 1551 sui
1431 1523 1682 1551 concrescentiam
1697 1522 1745 1550 vel
1761 1522 1832 1550 adu-

1051 1571 1203 1599 nationem
1222 1571 1425 1606 importunum
1447 1570 1531 1598 nullo
1551 1569 1644 1598 modo
1671 1569 1766 1597 valeat
1789 1569 1832 1596 in-

1052 1626 1153 1653 gerere
1176 1619 1398 1645 nocumentum.
1420 1617 1472 1644 llla
1494 1617 1582 1644 etiam
1606 1616 1698 1644 debita
1724 1623 1832 1651 cogno-

1052 1665 1158 1698 minat,
1183 1664 1292 1700 quibus
1312 1663 1435 1699 obligati
1454 1665 1574 1699 propter
1595 1662 1695 1697 illam,
1719 1662 1832 1691 ratione

1049 1711 1128 1746 justa
1153 1711 1278 1745 alicujus
1299 1718 1394 1746 poenae
1419 1710 1569 1737 debitores
1593 1709 1748 1744 efficimur,
1765 1718 1833 1737 cum

1053 1766 1137 1785 mens
1153 1757 1184 1784 in
1198 1757 1262 1793 ipso
1279 1757 1330 1792 qui
1350 1759 1391 1784 est
1412 1764 1481 1784 vera
1497 1756 1648 1784 beatitudo
1671 1756 1769 1784 minus
1784 1755 1833 1783 de-

1052 1805 1188 1836 lectatur,
1210 1812 1277 1831 cum
1302 1811 1338 1832 ex
1360 1803 1573 1831 deliberatione
1598 1803 1670 1830 alibi
1690 1811 1782 1839 quam
1803 1802 1833 1830 in

1054 1851 1118 1887 ipso
1140 1850 1257 1886 requies
1278 1850 1442 1886 appetitur,
1465 1850 1516 1886 qui
1540 1849 1621 1877 solus
1647 1849 1754 1877 mentis
1776 1849 1833 1876 hu-

1054 1905 1149 1925 manae
1174 1897 1322 1924 desiderio
1351 1899 1393 1924 est
1415 1896 1604 1932 plenissimus
1630 1898 1658 1923 et
1685 1895 1834 1923 sufficiens

1056 1943 1238 1977 consolator,
1254 1944 1293 1971 ita
1309 1946 1341 1970 ut
1355 1943 1481 1978 ipsamet
1502 1943 1610 1970 veritas
1626 1942 1661 1970 de
1677 1951 1729 1970 sua
1743 1942 1836 1978 pleni-

1056 1991 1157 2018 tudiue
1172 1992 1362 2026 protestetur,
1379 1989 1417 2017 ad
1437 1998 1522 2017 suam
1539 1989 1747 2017 sufficientiam
1761 1988 1836 2016 alios

1056 2037 1250 2074 provocando
1262 2059 1270 2072 ,
1293 2037 1334 2064 sic
1350 2037 1451 2064 dicens
1465 2037 1474 2052 δ
1498 2046 1504 2063 :
1529 2037 1624 2064 Venite
1643 2036 1679 2063 αιί
1694 2044 1734 2063 me
1748 2044 1836 2063 omnes

1057 2087 1104 2121 qui
1131 2086 1278 2119 laboratis,
1303 2088 1328 2112 et
1354 2086 1458 2112 ermuli
1486 2085 1568 2114 estis,
1595 2083 1624 2110 in
1650 2083 1836 2118 superiorum

1058 2132 1247 2160 affectionum
1262 2131 1411 2159 laborioso
1428 2130 1576 2163 exercitio,
1593 2129 1644 2157 sed
1661 2132 1758 2156 tamen
1774 2128 1837 2155 dul-

1059 2179 1084 2207 ci
1099 2190 1107 2206 .·
1125 2179 1196 2215 quia
1218 2187 1285 2206 cum
1309 2181 1429 2214 propter
1450 2176 1671 2211 elongationem
1690 2175 1837 2203 incolatus

1059 2226 1193 2260 miseriae,
1206 2228 1232 2252 et
1248 2225 1421 2252 dilationem
1436 2222 1547 2258 gloriae,
1560 2225 1697 2250 oneratos
1712 2231 1765 2249 vos
1775 2230 1837 2250 esse

1059 2273 1164 2306 dicitis,
1191 2273 1218 2299 et
1245 2279 1395 2306 corporeae
1420 2270 1542 2297 sarcinae
1570 2269 1742 2305 corpulenta
1770 2268 1838 2296 sub-

1060 2319 1164 2347 stantia
1178 2317 1332 2352 retardari,
1349 2320 1372 2344 et
1395 2325 1440 2351 eqo
1456 2318 1573 2351 reficiam
1593 2324 1654 2350 vos,
1675 2323 1736 2343 non
1752 2315 1837 2351 alius,

1061 2366 1112 2402 qui
1131 2373 1196 2392 sum
1218 2364 1361 2400 sapientia
1383 2366 1491 2391 {eterna
1512 2363 1609 2390 oriens
1634 2371 1670 2390 ex
1691 2362 1766 2396 alto,
1788 2362 1839 2397 qui

1062 2413 1175 2440 divinas
1207 2411 1422 2438 consolationes
1452 2412 1549 2437 vestra
1577 2409 1724 2436 desideria
1756 2408 1839 2444 quie-

1062 2462 1164 2493 tantes,
1192 2466 1252 2485 non
1278 2459 1391 2485 tantum
1415 2457 1446 2484 in
1474 2457 1582 2490 tuturo,
1612 2455 1664 2483 sed
1689 2455 1840 2490 impertiar

1063 2506 1150 2534 etiam
1163 2505 1192 2532 in
1208 2503 1353 2540 praesenti.
1370 2506 1441 2531 Nam
1457 2505 1521 2538 quia
1536 2503 1613 2529 mitis
1628 2510 1696 2536 sum,
1712 2505 1736 2528 ee
1751 2502 1839 2528 humi-

1063 2555 1096 2580 Iz's
1108 2552 1197 2584 corde,
1214 2551 1283 2578 ideo
1298 2549 1530 2586 provocantibus
1546 2556 1644 2576 meam
1659 2547 1839 2575 affluentiam

1063 2608 1116 2636 per
1127 2598 1266 2626 continua
1281 2596 1428 2625 desideria
1442 2604 1489 2623 me
1511 2595 1638 2630 inclino,
1654 2602 1715 2623 non
1728 2602 1840 2630 paupe-

1099 2662 1335 2692 ¹Sap.‚1x,15.—
1352 2660 1362 2676 ᾖ
1378 2659 1461 2687 Cant,
1478 2665 1507 2688 Η,
1527 2657 1762 2688 14.—³thid.,1v‚
1778 2659 1798 2680 7.
1813 2670 1840 2674 —

1066 2699 1074 2714 ὃ
1088 2698 1188 2727 ΜαΗΙι.,
1205 2703 1241 2727 x1,
1257 2699 1294 2720 25.
