2004 3037
503 179 554 212 DE
576 177 737 212 UL'l'lMIS
756 174 1024 209 TEMPORIBUS.
1047 175 1135 208 CAP.
1157 176 1359 211 xxv-XXVI.

119 245 284 282 honorem,
298 246 328 275 et
339 252 402 276 non
416 246 456 276 ad
470 254 560 276 usum
569 268 579 283 ,
593 246 666 284 quia
677 246 686 264 ¹
701 245 830 274 bonorum
839 251 900 272 nos-

123 295 226 322 trerum
239 301 294 322 non
307 296 376 329 eget.
391 293 516 323 Donatio
530 293 630 322 autem
648 293 771 330 propter
783 291 900 328 nuptias

122 341 181 375 est,
198 348 265 377 quae
277 348 296 369 a
309 348 420 378 sponso
433 340 522 370 datur
534 347 652 378 sponsae
667 348 674 368 :
690 341 718 368 et
730 339 788 368 hoc
801 338 855 367 erit
868 337 900 366 in

123 386 223 416 futuro
234 387 381 424 gaudium
393 387 478 425 quod
491 387 614 416 habebit
626 386 728 416 anima
743 385 775 414 in
786 385 900 414 visione

124 433 228 463 Christi
242 434 382 463 hominis.
399 433 586 471 Parapherna
605 435 687 470 sunt,
709 432 794 470 quod
810 432 902 461 habet

125 488 236 517 sponsa
254 482 359 518 praeter
373 480 492 516 dotem,
508 481 584 509 sicut
596 482 664 509 sunt
676 487 802 509 munera
812 500 821 514 ,
835 487 902 515 quae

126 527 153 555 ei
175 527 284 556 dantur
297 527 336 556 ab
355 527 476 563 amicis,
491 529 519 556 et
538 527 734 563 hujusmodi:
751 525 830 555 istud
849 525 904 554 erit

125 574 158 602 in
170 574 267 611 patria
279 582 335 611 per
347 574 492 611 gaudium
513 574 598 612 quod
612 573 736 603 habebit
749 573 850 601 anima
865 572 903 600 de

127 620 266 650 societate
277 621 450 654 beatorum,
463 623 492 650 et
507 621 544 650 de
565 619 821 657 congratulatione
840 619 904 647 feli-

127 667 221 697 citatis
234 675 349 697 eorum.

378 753 521 788 CAPUT
543 753 652 788 XXV.

277 830 316 858 De
335 830 449 858 notibus
469 831 565 858 animae
583 831 613 857 in
631 830 761 864 generali.

167 903 253 931 Dotes
267 903 375 931 animm
393 906 461 932 sunt
480 906 553 939 tres,
568 904 678 932 seilicet
697 902 826 938 cognitio
838 923 846 937 ‚
863 902 908 930 di-

131 948 233 983 lectio,
243 951 272 978 ct
285 949 407 979 inhaesio
421 950 482 978 sive
496 951 682 987 tentio‚·quae
693 957 711 978 a
725 949 908 987 quibusdam

132 995 300 1032 appellatur
324 997 573 1034 comprehensio,
597 1005 615 1025 a
634 997 817 1033 quibusdam
836 1004 909 1024 vero

133 1041 244 1071 fruitio.
269 1044 380 1071 Harum
405 1043 522 1072 dotium
544 1051 686 1072 numerus
709 1043 911 1079 multipliciter

133 1089 277 1124 accipitur
292 1098 299 1117 :
315 1089 414 1126 primo
438 1098 475 1118 ex
497 1093 581 1126 parte
602 1090 747 1122 virtutum
762 1089 910 1124 theologi-

133 1142 256 1170 carum,
281 1136 352 1172 quia
373 1137 503 1172 cognitio
528 1137 659 1165 succedit
681 1136 770 1171 fidei,
795 1136 911 1164 dilectio

133 1190 206 1211 vero
219 1183 352 1212 charitati
362 1206 371 1219 ,
388 1185 616 1222 comprehensio
632 1187 730 1213 autem
742 1185 814 1221 spei.
831 1184 912 1213 Acci-

133 1230 214 1266 pitur
229 1230 289 1259 alio
303 1231 397 1260 modo
412 1240 448 1260 ex
472 1234 556 1268 parte
578 1232 777 1269 potentiarum
795 1231 910 1260 animae.

135 1277 270 1313 Cognitio
283 1280 382 1306 autem
393 1281 489 1315 potest
503 1279 691 1316 appropriari
703 1278 912 1314 intelligentiae,

137 1323 254 1352 dilectio
286 1325 433 1354 voluntati
453 1347 462 1361 ,
491 1326 718 1363 comprehensio
750 1326 911 1354 memoriae.

137 1371 374 1407 Appropriantur
396 1372 485 1401 etiam
499 1381 518 1401 a
532 1373 714 1409 quibusdam
738 1373 803 1401 aliis
822 1373 916 1401 tribus

137 1418 298 1454 potentiis,
319 1419 429 1447 scilicet
451 1419 608 1453 rationali,
630 1419 872 1456 concupiscibili,
889 1422 917 1447 et

138 1464 290 1494 irascibili.
306 1466 450 1494 Sensitiva
463 1475 526 1494 non
540 1470 664 1503 possunt
684 1467 829 1502 intelligi,
846 1467 918 1503 quia

139 1513 216 1541 Deus
229 1521 291 1541 non
308 1516 351 1542 est
365 1515 515 1550 objectum
529 1516 668 1552 potentiae
687 1515 849 1550 sensitivae,
865 1515 918 1543 sed

140 1559 337 1589 intellectivae.
353 1562 477 1589 Possunt
499 1562 587 1590 etiam
606 1563 752 1599 praedictae
771 1563 855 1591 dotes
869 1570 918 1590 ac-

141 1606 200 1643 cipi
215 1607 378 1635 secundum
390 1608 460 1643 tria,
476 1617 541 1645 [1¹1ae
553 1609 648 1637 tribus
659 1609 794 1646 personis
809 1617 918 1645 appro-

141 1653 276 1690 priantur
292 1663 298 1682 :
315 1654 356 1682 ita
376 1657 409 1682 ut
425 1656 650 1691 comprehensio
672 1656 809 1692 respiciat
829 1655 920 1683 Patris

142 1701 325 1736 potentiam3
342 1701 487 1737 cognitio,
503 1702 567 1730 Filii
581 1703 756 1739 sapientiam
768 1713 776 1738 ;
792 1705 818 1730 et
832 1703 921 1730 dilec-

143 1747 200 1782 tio,
215 1747 380 1776 bonitatem
395 1748 517 1785 Spiritus
531 1750 633 1777 sancti.
656 1750 738 1778 Circa
753 1750 823 1778 istas
838 1750 922 1778 dotes

144 1795 232 1829 nota,
248 1795 332 1831 qnod
355 1795 485 1831 cognitio
500 1796 543 1823 rei
564 1796 635 1824 visse
650 1797 681 1824 in
701 1805 731 1825 se
746 1797 832 1834 ponit
845 1805 922 1833 prae-

145 1841 285 1875 sentiam,
310 1842 537 1878 comprehensio
566 1844 650 1880 ponit
679 1844 722 1872 rei
749 1844 922 1879 contingen-

145 1887 236 1923 tiam,
252 1887 371 1916 dilectio
390 1889 476 1925 ponit
498 1890 624 1918 amantis
645 1891 685 1919 ad
708 1899 771 1919 rem
795 1893 924 1920 amatam

147 1934 360 1970 colligantiam.

390 2021 532 2055 CAPUT
555 2022 680 2056 XXVI.

301 2096 339 2124 De
358 2097 471 2124 notibus
489 2099 587 2125 am'mae
606 2099 635 2125 z'n
653 2099 775 2134 speciali.

187 2170 284 2199 Prima
305 2169 360 2197 dos
383 2170 490 2198 animae
513 2172 555 2198 est
577 2171 722 2206 cognitio,
743 2178 802 2206 qua
829 2170 929 2199 divina

153 2217 277 2245 essentia
296 2217 446 2245 videbitur
469 2219 530 2245 tota
550 2217 588 2245 ab
613 2217 754 2245 omnibus
770 2239 777 2251 ,
799 2217 852 2245 sed
868 2225 930 2245 non

153 2264 281 2293 totaliter
295 2266 384 2300 prout
403 2266 446 2292 est
459 2264 585 2292 infinita.
600 2264 754 2292 Videbitur
770 2266 869 2292 tamen
884 2264 930 2292 di-

153 2311 224 2339 vina
238 2311 363 2339 essentia
377 2311 528 2347 limpidius
542 2313 580 2340 ab
597 2320 674 2347 uno,
692 2321 781 2348 quam
797 2312 835 2340 ab
851 2312 910 2340 alio
923 2322 929 2340 :

155 2359 183 2385 et
195 2358 249 2385 iste
261 2358 392 2386 defectus
406 2359 460 2386 erit
475 2367 511 2387 ex
527 2361 610 2395 parte
624 2359 752 2387 videntis
761 2381 770 2394 ,
787 2367 847 2387 non
859 2359 930 2394 visi,

157 2405 229 2440 quia.
239 2405 322 2432 idem
337 2406 392 2433 erit
405 2406 512 2433 visum.
525 2406 678 2434 Beatitudo
691 2408 790 2434 autem
803 2407 934 2435 consistit

157 2451 188 2478 in
201 2451 330 2487 perfecta
350 2453 522 2488 operatione
542 2452 679 2488 potentiae
700 2453 862 2488 altissimae,
879 2454 933 2482 sci-

158 2497 225 2525 licet
238 2498 436 2534 intellectivae,
451 2502 478 2527 et
493 2499 570 2527 circa
583 2499 734 2534 objectum
747 2500 932 2536 altissimum,

159 2543 270 2572 scilicet
289 2546 392 2574 Deum.
408 2547 449 2573 Ex
467 2548 550 2582 parte
569 2546 658 2581 igitur
672 2546 800 2582 objecti,
816 2556 885 2576 cum
900 2548 935 2576 sit

193 2608 201 2626 ¹
222 2608 290 2634 Psal.
312 2615 354 2639 xv,
376 2612 400 2635 2.
417 2623 448 2630 —
471 2610 480 2625 ²
504 2611 512 2634 l
535 2610 616 2640 Joan„
640 2616 684 2641 111,
705 2612 730 2635 2.
748 2624 780 2630 -
802 2611 811 2626 ³
834 2613 843 2636 1
866 2612 934 2643 Corn,

161 2650 221 2674 xm,
237 2645 275 2669 ¹2.

300 2698 375 2722 tou.
395 2699 464 2723 vm.

1672 182 1728 212 ΞΗ

957 251 1048 271 unum
1063 243 1315 281 simplicissimum
1325 266 1333 280 ,
1349 245 1432 274 nulla
1445 247 1542 283 potest
1555 253 1619 275 esse
1633 246 1732 275 diver-

955 289 1025 319 sitas
1033 299 1042 326 ;
1057 290 1110 319 sed
1124 299 1160 319 ex
1174 293 1258 328 parte
1271 292 1411 328 potentiae
1426 302 1433 321 ε
1449 301 1520 322 nam
1541 293 1572 321 in
1586 295 1732 330 quantum

956 345 1016 365 una
1030 337 1163 374 potentia
1177 338 1272 374 magis
1284 338 1338 366 erit
1352 339 1481 375 perfecta
1494 339 1607 369 lumine
1619 340 1733 377 gloriae,

957 393 1050 422 quam
1064 385 1173 421 altera,
1188 388 1269 415 tanto
1289 386 1447 423 perfectius
1469 389 1641 425 operabitur
1654 389 1734 418 circa

957 439 1052 460 unum
1067 434 1095 460 et
1111 432 1191 460 idem
1209 433 1394 469 subjectum,
1409 434 1471 462 sive
1487 435 1647 471 objectum,
1661 436 1736 464 sicut

957 478 1039 507 idem
1063 478 1108 507 sol
1127 479 1328 509 diversimode
1344 488 1362 509 a
1376 480 1500 509 diversis
1518 482 1673 519 aspicitur,
1686 483 1734 512 vel

959 525 1065 554 eadem
1078 525 1174 554 littera
1189 534 1207 554 a
1225 526 1350 555 diversis
1367 527 1536 563 legentibus
1546 549 1555 563 ,
1570 529 1735 558 secundum

959 572 1043 608 quod
1064 572 1169 601 oculus
1183 575 1227 601 est
1246 573 1356 609 magis,
1371 574 1421 602 vel
1442 574 1541 603 minus
1564 575 1735 612 dispositus.

995 618 1098 647 'fribus
1117 620 1217 648 modis
1231 621 1419 656 cognoscitur
1433 621 1568 658 aliquid:
1583 622 1633 651 vel
1648 623 1685 660 (a)
1695 631 1738 651 se-

961 665 1093 694 cundum
1107 666 1190 702 quod
1211 669 1267 701 est,
1289 667 1336 696 vel
1355 668 1430 697 sicut
1449 671 1506 704 est,
1525 669 1575 697 vel
1593 672 1738 706 quantum

961 714 1003 740 est
1024 712 1071 748 (h).
1092 713 1189 741 Primo
1212 714 1305 742 modo
1331 715 1521 750 cognoscitur
1543 717 1618 744 Deus
1641 717 1672 745 in
1692 717 1740 746 via

961 759 1051 787 etiam
1071 767 1089 788 a
1102 760 1200 796 malis;
1215 761 1348 789 secundo
1363 762 1456 790 modo
1476 763 1626 792 videbitur
1640 764 1671 792 in
1691 772 1743 800 pa-

962 807 1018 835 tria
1037 815 1055 835 a
1076 807 1174 835 honis.
1192 807 1272 836 Unde
1287 810 1415 837 Joannes
1426 809 1437 825 ¹
1451 810 1570 839 :Similes
1584 813 1610 839 ei
1624 813 1741 845 erimus,

964 856 1092 889 quoniam
1110 855 1260 883 videbimus
1281 864 1339 884 cum
1359 859 1444 884 sicuti
1457 861 1514 893 esc,
1533 858 1565 886 id
1580 861 1632 894 est,
1657 867 1743 888 suam

964 901 1167 937 majestatem,
1193 903 1376 938 claritatem,
1405 906 1431 933 et
1449 905 1624 934 bonitatem.
1649 907 1742 935 Tertio

965 947 1058 976 modo
1073 956 1128 976 nec
1143 957 1161 976 a
1174 949 1262 977 bonis
1276 950 1437 986 videbitur,
1453 959 1508 980 nec
1531 961 1549 980 a
1570 953 1673 988 maliS,
1689 961 1744 981 nec

964 994 996 1022 in
1021 995 1079 1030 via,
1096 1003 1150 1024 nec
1172 996 1203 1024 in
1221 997 1333 1032 patria,
1358 998 1429 1034 quia
1452 998 1569 1027 finitum
1587 1008 1744 1036 nunquam

966 1042 1062 1078 capiet
1076 1042 1234 1071 infinitum.
1251 1044 1424 1073 Videbimus
1438 1047 1537 1074 tamen
1552 1048 1644 1075 Deum
1657 1048 1688 1076 in
1702 1056 1744 1082 se,

968 1090 996 1116 et
1011 1090 1102 1116 Deum
1122 1090 1153 1117 in
1175 1091 1279 1125 nobiS,
1301 1094 1330 1120 et
1342 1100 1398 1120 nos
1412 1093 1443 1121 in
1464 1094 1537 1129 Deo,
1554 1096 1582 1122 ct
1604 1096 1695 1123 Deum
1714 1095 1746 1123 in

967 1137 1108 1164 creaturis
1119 1158 1127 1170 ‚
1143 1139 1171 1166 et
1194 1140 1342 1166 creaturas
1364 1139 1395 1167 in
1410 1141 1479 1168 Deo.

1005 1186 1190 1218 Cognoscere
1205 1187 1303 1213 autem
1316 1187 1409 1214 Deum
1430 1187 1460 1215 in
1474 1196 1528 1216 sua
1543 1189 1669 1217 essentia
1679 1211 1688 1224 ,
1704 1192 1748 1218 est

968 1229 1044 1258 visio
1058 1231 1242 1267 meridiana;
1259 1240 1438 1268 cognoscere
1459 1242 1532 1262 vero
1547 1237 1696 1264 creaturas
1712 1236 1744 1264 in

971 1277 1079 1312 Verbo,
1090 1279 1133 1305 est
1145 1278 1221 1307 visio
1233 1280 1396 1315 matutina;
1413 1281 1466 1309 sed
1479 1289 1659 1317 cognoscere
1670 1291 1750 1311 crea-

970 1325 1050 1352 turas
1064 1324 1095 1352 in
1110 1333 1157 1359 se,
1172 1325 1230 1353 hoc
1245 1329 1302 1361 est,
1318 1327 1349 1355 in
1363 1328 1487 1364 proprio
1506 1337 1632 1364 genere,
1647 1330 1750 1366 appel-

971 1371 1049 1399 latur
1060 1372 1136 1400 visio
1155 1374 1333 1409 vespertina.
1355 1375 1472 1403 Yidebit
1493 1376 1573 1404 enim
1595 1377 1752 1414 unusquis-

973 1426 1030 1453 que
1047 1419 1239 1454 cogitationes
1255 1421 1393 1456 alterius,
1407 1425 1497 1458 prout
1511 1424 1576 1451 vult
1589 1424 1652 1460 ipse
1671 1425 1753 1460 cogi-

973 1466 1038 1492 tans
1062 1467 1258 1495 manifestare.
1283 1469 1362 1496 Unde
1383 1471 1562 1505 Gregorius:
1582 1482 1595 1497 (ι
1609 1472 1751 1500 Uniuscu-

971 1511 1079 1548 jusque
1103 1516 1233 1542 mentem
1253 1515 1291 1543 ab
1307 1515 1426 1543 alterius
1452 1518 1545 1545 oculis
1569 1518 1753 1554 corpulentia

974 1567 1036 1587 non
1051 1560 1223 1589 abscondet.
1240 1572 1253 1587 »
1271 1562 1420 1591 Videbunt
1433 1564 1532 1600 itaque
1551 1565 1618 1600 justi
1642 1567 1751 1601 Deum,

974 1608 1007 1633 ut
1021 1607 1171 1641 gaudeant
1181 1617 1189 1642 ς
1206 1608 1350 1637 videbunt
1369 1610 1496 1645 gloriam
1517 1614 1704 1648 sanctorum,
1721 1615 1754 1642 ut

976 1655 1202 1691 congaudeant3
1216 1657 1361 1685 videbunt
1380 1666 1501 1695 quoque
1523 1667 1627 1695 poenas
1647 1668 1753 1696 repro-

976 1701 1084 1729 borum
1096 1723 1105 1737 ,
1127 1704 1160 1730 ut
1187 1703 1224 1731 de
1250 1705 1389 1733 evasione
1414 1705 1617 1741 periculorum
1645 1707 1754 1743 gratias

976 1751 1075 1784 agant.

1015 1796 1059 1823 Ad
1069 1796 1224 1825 sciendum
1237 1801 1334 1826 autem
1350 1800 1478 1835 qualiter
1489 1801 1563 1828 Deus
1578 1801 1639 1829 sine
1653 1801 1752 1830 medio

978 1843 1129 1878 videatur,
1146 1847 1217 1872 nota
1232 1845 1316 1880 quod
1329 1847 1436 1882 triplex
1454 1850 1496 1875 est
1515 1848 1664 1883 medium,
1681 1849 1757 1878 scili-

979 1892 1025 1917 cet
1048 1890 1207 1926 differem,
1232 1892 1429 1929 obnubilans,
1444 1896 1472 1922 et
1495 1895 1666 1931 disponens.
1689 1897 1755 1925 Sine

979 1937 1080 1965 medio
1102 1937 1192 1972 igitur
1217 1938 1369 1968 differente
1394 1941 1545 1969 videbitur
1572 1944 1663 1976 DeuS‚
1685 1943 1757 1979 quia

980 1984 1030 2011 Dei
1042 1984 1118 2012 visio
1137 1993 1200 2013 non
1215 1988 1257 2013 est
1270 1995 1324 2022 per
1343 1987 1527 2023 distantiam,
1544 1989 1597 2016 sed
1612 1998 1666 2025 per
1678 1998 1755 2025 prae-

981 2031 1122 2066 sentiam,
1139 2040 1207 2059 cum
1227 2033 1289 2068 ipse
1311 2034 1346 2061 sit
1371 2035 1560 2063 essentialiter
1575 2036 1697 2072 ubique.
1715 2036 1758 2064 Vi-

983 2077 1101 2105 debitur
1126 2079 1214 2106 etiam
1235 2080 1297 2107 sine
1321 2081 1422 2108 medio
1445 2082 1640 2110 obnubilante
1656 2104 1664 2117 ,
1686 2083 1758 2120 quia

983 2123 1101 2151 tolletur
1112 2126 1122 2141 ³
1135 2126 1289 2160 speculum
1305 2130 1331 2154 et
1346 2128 1488 2163 aenigma,
1505 2137 1570 2165 quae
1585 2130 1675 2158 ambo
1691 2132 1759 2158 sunt

983 2170 1014 2196 in
1028 2171 1085 2198 via.
1103 2173 1175 2199 cum
1189 2173 1268 2200 enim
1282 2174 1363 2202 visus
1378 2177 1478 2203 noster
1497 2176 1529 2204 in
1543 2177 1679 2212 praesenti
1698 2185 1760 2206 non

983 2217 1077 2252 possit
1099 2221 1220 2255 propter
1244 2220 1427 2250 debilitatem
1448 2223 1479 2250 in
1501 2223 1693 2252 excellentem
1717 2224 1760 2252 lu-

986 2272 1050 2291 cem
1062 2264 1132 2300 figi,
1146 2273 1266 2294 necesse
1288 2270 1330 2295 est
1353 2269 1463 2297 habere
1484 2270 1619 2298 medium
1629 2292 1638 2305 ,
1653 2270 1763 2298 scilicet

985 2311 1139 2348 speculum
1157 2316 1304 2342 creaturae.
1321 2316 1394 2348 Quia
1417 2324 1487 2344 vero
1508 2317 1623 2345 infinita
1646 2320 1688 2346 est
1706 2318 1763 2346 dis-

987 2359 1077 2386 tantia
1103 2360 1179 2387 inter
1197 2361 1369 2396 speculum,
1386 2365 1413 2390 et
1432 2371 1495 2391 rem
1509 2364 1622 2399 visam3
1642 2368 1764 2401 propter

987 2405 1045 2433 hoc
1060 2407 1189 2435 obscure
1208 2408 1319 2436 relucet
1332 2409 1374 2437 ibi
1389 2410 1551 2438 similitudo
1566 2420 1572 2439 ι
1590 2412 1669 2439 unde
1683 2412 1764 2440 vide·
1777 2437 1781 2440 ,

987 2461 1054 2480 mus
1079 2455 1109 2481 in
1134 2457 1298 2489 aensqmate,
1322 2455 1354 2483 id
1373 2458 1433 2491 est,
1458 2457 1594 2486 obscure.
1611 2458 1765 2486 videbitur

989 2508 1110 2537 quoque
1125 2501 1187 2529 sine
1202 2502 1303 2530 medio
1315 2502 1448 2538 similari,
1463 2504 1534 2540 quia
1549 2506 1623 2532 Deus
1638 2512 1765 2540 cognos-

989 2549 1070 2575 cetur
1082 2548 1113 2575 in
1127 2548 1238 2584 seipso,
1255 2550 1282 2576 et
1297 2557 1358 2577 non
1371 2558 1425 2585 per
1439 2550 1571 2587 aliquam
1586 2551 1763 2580 abstractam

990 2594 1214 2623 similitudinem
1231 2605 1236 2622 z
1254 2595 1327 2624 alias
1349 2600 1482 2626 creatura
1507 2600 1582 2626 esset
1601 2599 1745 2627 terminus
1756 2621 1765 2634 ,

1025 2647 1055 2676 ca)
1074 2646 1338 2672 coet.ed1·t.deestvel.
1351 2662 1378 2666 —
1390 2650 1423 2680 (h)
1434 2652 1493 2675 [tem
1507 2651 1547 2675 rel
1561 2653 1684 2682 quantum
1695 2654 1741 2676 est.

1590 2699 1628 2728 16
