2004 3037
194 221 254 254 554

193 289 322 319 adverso
335 287 467 317 hostium
481 287 579 322 staret,
594 286 784 323 ignorantem
798 284 908 314 ludam
921 293 976 314 suo

193 335 346 366 ambiebat
360 335 502 364 exercitu.
517 335 528 363 1
543 335 651 369 Paral„
666 341 731 363 xm.

228 383 330 412 Varias
344 382 589 419 excogitaverunt
604 377 726 410 astutias
740 380 831 409 vieini
844 380 979 410 filiorum

193 429 283 460 lsrael
301 429 354 467 qui
372 429 521 458 redierant
541 429 579 457 de
604 427 774 465 captivitate
800 427 979 465 Babylonis,

196 477 236 506 ad
245 477 304 505 hoc
317 478 350 506 ut
360 476 555 513 impediretur
568 475 726 505 aedificatio
740 474 855 512 templi,
871 476 900 503 et
912 482 980 503 mu-

197 531 301 553 rorum
315 523 440 552 civitatis
454 522 628 552 Jerusalem.
643 523 655 551 1
671 522 752 550 Esar.
759 542 769 558 ,
784 529 832 558 ¹¹¹5
845 520 980 550 similiter

197 572 299 607 Nehe„
314 578 342 600 iv
356 572 385 600 et
399 578 439 600 vr.

233 617 468 656 superbissimus
489 619 595 653 Aman,
623 617 729 646 videns
756 615 841 654 quod
866 615 982 645 Mardo-

199 665 297 694 chaeus
315 665 415 702 ipsum
434 664 562 694 adorare
572 663 714 700 nolebat,
737 663 894 693 occasione
907 663 983 700 ejus,

199 713 290 742 suasit
310 713 374 749 regi
394 721 448 752 per
473 712 635 748 invidiam,
659 714 692 741 ut
715 714 792 741 totus
811 711 982 740 Judoeorum

199 760 331 798 populus
341 760 502 789 deleretur.
517 761 592 796 Est„
606 767 651 795 nr,
665 761 712 788 13.

237 808 312 842 Quia
333 809 421 837 Satan
440 815 503 836 non
523 809 640 844 poterat
661 814 764 836 coram
782 807 842 834 Deo
861 805 983 834 virtutes

200 856 292 884 sancti
315 855 371 884 Job
393 855 518 884 omnino
536 862 665 891 negare,
678 853 775 883 voluit
788 853 984 882 intentionem

200 905 264 941 ejus
277 903 384 933 callide
395 903 571 940 depravare,
585 903 697 937 dicem,
712 903 772 936 Job,
786 911 807 933 r,
825 903 842 930 9
854 911 861 929 :
874 912 886 927 (ι
897 902 984 930 Num-

200 952 274 989 quid
290 951 399 980 frustra
412 951 468 980 Job
483 951 566 979 timet
579 951 690 979 Deum?
703 960 716 976 n
737 952 791 978 etc.
806 950 879 978 Nota
893 949 984 977 etiam

200 999 243 1028 ibi
259 998 415 1036 quomodo
429 1006 491 1027 uno
506 998 555 1026 die
574 999 669 1026 totum
684 998 712 1026 ei
726 996 868 1025 diabolus
881 996 983 1024 abstu-

200 1047 276 1083 lerit,
293 1048 322 1075 et
332 1047 421 1075 simul
436 1046 557 1075 nuntios
568 1045 670 1075 venire
684 1045 767 1080 feeit,
782 1047 815 1074 ut
825 1043 984 1081 multiplici

201 1094 306 1124 dolore
319 1102 374 1131 per
388 1094 604 1131 impatientiam
617 1093 838 1129 frangerentur.

236 1141 386 1178 Principes
401 1144 428 1170 et
439 1143 563 1178 satrapae
577 1141 661 1177 regni
675 1142 829 1169 Persarum
844 1146 985 1176 procura·

201 1190 322 1224 verunt,
341 1190 374 1217 ut
395 1189 498 1218 Darius
517 1190 657 1218 statueret
677 1188 845 1219 decretum.
862 1188 986 1224 propter

202 1237 286 1274 quod
316 1237 522 1273 cogitaverunt
554 1235 705 1264 Danielem
739 1234 863 1263 omnino
894 1234 984 1262 inter-

203 1285 301 1318 licere,
316 1286 348 1312 ut
367 1284 423 1312 hac
439 1286 500 1312 arte
520 1284 619 1320 ipsum
636 1291 654 1312 a
671 1290 741 1319 rege
757 1283 880 1319 possent
900 1289 986 1310 aver-

203 1333 274 1360 tere.
291 1332 375 1366 Dan„
391 1339 432 1365 vr,
446 1332 463 1358 8
478 1332 582 1367 etseq.

240 1381 303 1408 Duo
316 1387 401 1408 senes
416 1378 582 1416 presbyteri
603 1377 810 1407 detestandam
825 1376 987 1406 adinvene-

203 1429 272 1456 runt
299 1426 479 1464 nequitiam,
502 1428 534 1455 ut
558 1427 678 1462 possent
707 1425 875 1454 Susannam
905 1424 984 1453 dcci-

203 1483 286 1512 pere,
301 1476 329 1503 et
351 1475 454 1511 postea
473 1481 504 1502 se
525 1473 562 1502 de
589 1481 624 1501 ea
638 1472 798 1502 crudeliter
820 1472 984 1502 vindicare.

206 1523 288 1556 Dan„
304 1529 356 1550 xn.

241 1568 347 1596 Plenus
360 1567 543 1604 malignitate
558 1567 688 1596 Alcimus
701 1567 821 1596 accessit
835 1566 875 1595 ad
888 1567 987 1595 Deme-

206 1615 294 1644 trium
314 1623 432 1651 regem,
450 1617 477 1642 ct
491 1615 640 1643 accusavit
655 1614 762 1642 Judam
786 1614 987 1642 Machabmum

206 1663 237 1690 in
262 1662 380 1698 multis,
404 1663 533 1697 lMach.‚
549 1670 598 1690 vn.
625 1661 753 1697 Deinde,
778 1664 810 1689 ut
832 1664 986 1697 narratur,

206 1712 227 1738 ll
243 1711 326 1744 Mac„
342 1718 391 1738 xiv
407 1719 412 1737 :
429 1709 542 1738 Obtulit
560 1709 622 1745 regi
639 1717 782 1737 coronam
805 1716 944 1743 auream,
960 1710 988 1737 et

207 1756 265 1785 alia
281 1756 422 1793 quiedam
436 1756 533 1790 dona,
548 1758 575 1784 et
590 1757 654 1792 ipsa
677 1756 799 1792 quidem
824 1755 873 1783 die
888 1755 987 1790 siluit,

207 1807 234 1833 et
248 1806 350 1840 postea
365 1806 477 1832 tantum
500 1803 574 1831 dixit
592 1806 619 1831 et
633 1803 699 1831 iecit
711 1825 719 1837 ,
736 1803 819 1839 quod
840 1810 892 1831 rex
907 1811 988 1830 sum*-

208 1860 290 1880 mum
306 1850 491 1878 sacerdotem
506 1858 575 1877 eum
592 1850 750 1877 constituit.

243 1900 331 1926 Jason
354 1897 432 1925 misit
455 1897 621 1925 Menelaum
647 1898 817 1933 portantem
845 1896 988 1933 pecunias

208 1944 351 1974 Antiocho
367 1944 445 1980 regi3
463 1946 492 1972 at
514 1943 562 1972 ille
587 1943 735 1972 Menelaus
760 1943 988 1971 commendatus

207 1993 268 2028 regi
286 1992 316 2020 in
338 1992 529 2028 semetipsum
543 1991 661 2019 retorsit
676 1998 827 2018 summum
847 1990 988 2018 sacerdo-

207 2040 291 2073 tium,
302 2046 507 2075 superponens
518 2038 661 2075 (amaseni
679 2037 786 2066 talenta
803 2037 915 2073 argenti
929 2040 986 2066 tre-

208 2088 333 2116 centa.ll
349 2087 450 2121 March„
466 2093 504 2114 iv.

247 2144 261 2161 «
275 2134 421 2168 Herodes,
437 2133 514 2161 clam
531 2133 640 2161 vocatis
655 2133 761 2168 Magis,
777 2132 933 2167 diligenter
946 2132 989 2160 di-

209 2181 280 2209 dicit
294 2180 332 2209 al)
348 2181 390 2208 eis
405 2182 541 2216 tempora
561 2180 670 2215 steine,
687 2188 753 2216 qum
772 2180 910 2216 apparuit
929 2180 990 2214 cis,

209 2231 238 2256 et
252 2228 370 2256 mittens
385 2235 436 2255 eos
451 2228 481 2254 in
496 2227 664 2255 Bethlehem
687 2227 761 2255 dixit
777 2235 784 2254 t
807 2228 844 2255 lte
861 2229 887 2254 et
901 2226 991 2254 inter-

210 2277 312 2311 rogate
335 2275 493 2309 diligenter
513 2274 550 2302 de
574 2282 666 2311 puero
679 2296 686 2308 ,
702 2285 716 2300 »
735 2276 800 2309 etc„
818 2274 931 2308 Marta,
958 2282 987 2301 n.

211 2324 274 2357 Qua
289 2329 360 2349 vero
385 2322 545 2350 intentione
569 2322 627 2349 hoc
651 2322 780 2357 diceret,
802 2321 938 2357 apparuit
960 2321 990 2348 in

213 2368 410 2397 occisionibus
426 2376 600 2404 puerorum.

251 2415 414 2443 «Pharisaei
436 2416 566 2443 volentes
589 2422 693 2451 capere
712 2414 871 2442 Dominum
884 2414 912 2441 in
928 2422 989 2441 ser-

213 2471 317 2497 mone,
341 2463 485 2490 miserunt
507 2462 545 2490 ad
567 2470 617 2490 eos
642 2461 805 2498 discipulos
828 2470 898 2489 suos
922 2469 990 2489 cum

213 2510 387 2539 llcrodianis
412 2509 542 2537 dieentes
564 2518 569 2536 z
594 2509 744 2545 Magister,
767 2509 875 2537 seimus
891 2530 900 2544 ‚
920 2509 990 2545 quia

213 2565 303 2585 verax
319 2565 370 2591 es,
386 2567 399 2582 u
418 2559 484 2591 ete„
501 2556 613 2591 March„
631 2564 705 2590 xxn,
722 2557 766 2583 1⁶.

250 2604 352 2632 Varios
367 2604 504 2632 circuitus
517 2603 649 2632 fecerunt
663 2603 808 2637 Pharisaei,
825 2604 857 2631 ut
872 2604 992 2640 possent

249 2704 280 2735 (a)
297 2704 357 2728 Crrl.
373 2703 433 2727 edit.
449 2710 607 2735 supponens.

815 216 950 250 BlBLlA
969 215 1201 250 PAUPERIJM.

1032 285 1129 315 faeere
1143 285 1279 315 confiteri
1293 284 1380 315 illum
1394 293 1508 316 caecum
1520 287 1639 322 natum,
1651 287 1736 325 quod
1752 295 1816 318 non

1033 333 1109 362 esset
1121 332 1306 362 illuminatus
1320 341 1339 362 a
1354 332 1479 362 Christo.
1503 335 1598 370 Ioum,
1612 341 1653 363 rx.

1068 380 1217 417 Principes
1236 379 1408 409 Judaeorum
1428 379 1603 410 custodibus
1623 380 1752 418 sepulcri
1765 381 1817 412 de-

1034 426 1142 456 derunt
1153 427 1314 464 pecuniam
1327 427 1494 464 copiosam,
1505 429 1540 456 ut
1553 427 1686 457 dicerent
1700 435 1770 457 eum
1778 428 1816 458 de

1033 476 1121 503 nocte
1134 473 1213 502 furto
1227 473 1318 502 fuisse
1333 474 1502 510 sublatum,
1517 475 1634 509 Manli„
1656 482 1760 504 xxviii.

1069 520 1198 550 Ananias
1208 542 1218 556 ‚
1233 521 1353 550 conscia
1366 528 1460 550 uxore
1474 529 1529 550 sua
1542 521 1684 559 saphira,
1697 521 1818 552 frauda-

1034 567 1078 596 vit
1092 567 1130 596 de
1143 568 1240 605 pretio
1255 568 1318 604 agri
1333 568 1457 597 venditi.
1485 569 1560 604 Act„
1574 577 1604 597 v.

1071 615 1245 644 Samaritani
1269 625 1283 642 α
1301 615 1496 644 attendebant
1517 615 1558 644 ad
1581 616 1734 645 Simonem
1755 617 1817 646 Ma-

1036 669 1128 698 gum,
1143 669 1180 693 eo
1195 661 1278 699 quod
1290 662 1414 699 magicis
1427 662 1542 692 artibus
1561 663 1622 691 suis
1636 662 1732 692 multo
1746 664 1818 693 tem-

1035 716 1110 746 pore
1123 716 1175 738 eos
1189 709 1398 739 dementasset.
1420 720 1435 737 n
1456 710 1528 745 Act„
1543 717 1612 746 vm,
1630 711 1672 738 11.

1073 755 1210 785 Videntes
1232 755 1341 792 Judoei,
1361 757 1446 794 quod
1468 756 1597 792 verbum
1613 757 1664 786 Dei
1679 757 1816 787 dissemi-

1037 802 1165 832 nabatur
1188 811 1242 840 per
1263 803 1388 832 Paulum
1413 805 1442 832 et
1462 803 1646 839 Bai-naham,
1663 813 1678 831 α
1692 805 1819 834 eoncita-

1037 852 1145 879 verunt
1163 850 1318 886 religiosas
1341 850 1482 880 mulieres
1496 852 1525 880 ct
1537 851 1676 880 honestas
1686 872 1696 888 ‚
1711 853 1741 880 et
1761 851 1820 889 pri-

1037 905 1104 926 mos
1123 897 1249 926 civitatis
1268 897 1474 934 Antiochenoe,
1490 900 1518 927 et
1533 899 1736 928 excitaverunt
1748 907 1819 937 per·

1038 943 1222 973 secutionem
1236 945 1267 973 in
1282 945 1368 981 illos,
1383 947 1411 974 et
1425 946 1577 982 ejecerunt
1590 953 1643 975 eos
1657 946 1695 975 de
1709 946 1821 976 finibus

1038 991 1108 1020 suis.
1132 1001 1146 1018 u
1164 993 1239 1028 Act„
1253 1000 1310 1028 ιιι,
1324 994 1368 1021 50.

1075 1039 1148 1067 Cum
1170 1039 1278 1068 Paulus
1299 1041 1328 1068 et
1349 1039 1502 1069 Barnabas
1525 1042 1622 1069 essent
1649 1040 1682 1069 in
1704 1039 1822 1070 civitate

1039 1086 1161 1123 Lystris‚
1177 1089 1205 1116 et
1218 1089 1331 1116 tantam
1344 1086 1491 1116 haherent
1512 1087 1555 1116 ibi
1577 1087 1724 1124 gratiam,
1737 1087 1822 1125 quod

1039 1133 1176 1162 homines
1192 1133 1263 1171 ipsis
1283 1136 1428 1172 tanquam
1447 1133 1505 1163 diis
1529 1134 1697 1164 sacrificare
1720 1134 1822 1164 volue-

1039 1183 1126 1216 runt,
1142 1183 1378 1218 supervenerunt
1394 1181 1521 1219 quidam
1535 1181 1628 1211 Judoei
1639 1203 1649 1218 ,
1664 1181 1717 1219 qui
1728 1181 1823 1211 taliter

1040 1231 1251 1264 persuaserunt
1265 1229 1376 1264 turbis,
1389 1229 1472 1266 quod
1487 1228 1595 1258 Paulus
1617 1229 1672 1258 suit
1685 1228 1727 1257 ibi
1746 1228 1822 1266 lapi-

1041 1277 1143 1314 datus,
1159 1277 1187 1304 et
1210 1279 1292 1305 extra
1316 1277 1464 1306 civitatem
1484 1277 1594 1305 tractus
1607 1278 1744 1306 mortuus
1758 1283 1821 1305 esse

1040 1326 1210 1363 putabatur.
1237 1326 1311 1360 Act„
1325 1331 1383 1352 xiv.

1076 1372 1249 1408 Quaestuarii
1265 1371 1390 1409 quidam
1407 1377 1476 1399 cum
1495 1370 1598 1408 puella
1613 1370 1750 1407 spiritum
1764 1378 1821 1407 py-

1041 1420 1163 1449 thonem
1177 1419 1305 1448 habente
1328 1417 1461 1446 volentes
1485 1417 1628 1454 conqueri
1651 1417 1688 1446 de
1709 1417 1822 1452 Paulo,

1042 1477 1103 1498 non
1119 1469 1270 1503 dixerunt,
1287 1467 1371 1504 quod
1390 1474 1445 1504 per
1465 1474 1535 1495 eum
1556 1465 1716 1494 amiserant
1730 1474 1823 1502 quaes-

1042 1518 1104 1544 tum
1118 1523 1224 1550 suum,
1239 1514 1292 1543 sed
1317 1512 1489 1542 mentiendo
1514 1512 1653 1542 dixerunt
1668 1521 1675 1541 :
1695 1522 1709 1539 α
1724 1512 1757 1541 lli
1771 1512 1824 1542 ho-

1043 1563 1138 1592 mines
1149 1561 1328 1591 conturbant
1339 1560 1489 1589 civitatem
1503 1562 1652 1595 nostram,
1668 1562 1696 1588 et
1710 1567 1824 1588 annun-

1042 1610 1116 1638 tiant
1130 1617 1246 1638 morem
1255 1629 1264 1644 ,
1280 1616 1371 1645 quem
1387 1615 1449 1636 non
1467 1607 1535 1636 lieet
1554 1607 1642 1636 nobis
1657 1606 1823 1643 suscipere,

1043 1665 1140 1694 neque
1152 1657 1248 1684 iacere
1261 1677 1269 1691 ,
1284 1663 1353 1684 eum
1367 1655 1460 1683 simus
1474 1654 1610 1683 Romani.
1634 1664 1648 1680 ι»
1664 1656 1736 1689 Act„
1751 1661 1823 1689 xvi,

1045 1707 1076 1733 ¹9
1085 1726 1093 1739 ,
1109 1705 1154 1732 21.

1079 1750 1169 1779 Judaei
1185 1749 1331 1777 malitiose
1353 1747 1558 1783 cogitaverunt
1581 1749 1680 1783 petere
1696 1754 1713 1774 a
1727 1746 1821 1774 tribu-

1044 1806 1099 1833 no,
1115 1799 1146 1824 ut
1160 1797 1287 1825 Paulum
1305 1795 1480 1831 perduceret
1505 1795 1535 1822 in
1557 1794 1691 1822 medium
1704 1814 1714 1829 ,
1737 1794 1823 1830 quasi

1044 1844 1157 1881 aliquid
1175 1845 1286 1871 certum
1308 1842 1502 1878 inquisiturus
1527 1843 1600 1869 esset
1620 1841 1658 1868 ab
1681 1848 1727 1868 eo.
1750 1839 1823 1869 Insi-

1045 1891 1204 1919 diabantur
1228 1892 1326 1917 autem
1343 1889 1369 1917 ei
1384 1888 1486 1923 multi,
1501 1888 1553 1925 qui
1569 1887 1711 1916 volebant
1726 1887 1823 1915 statim

1044 1940 1207 1967 interficere
1224 1946 1311 1972 cum,
1328 1940 1355 1965 et
1377 1937 1415 1965 ad
1439 1937 1497 1964 hoc
1520 1936 1608 1964 eliam
1622 1943 1652 1963 se
1668 1934 1823 1971 obligave—

1044 1990 1111 2017 rant
1125 1996 1178 2024 per
1198 1988 1310 2016 votum.
1330 1987 1403 2021 Act„
1420 1993 1501 2014 xxm.

1314 2079 1457 2114 CAPUT
1483 2079 1552 2114 LV.

1256 2155 1293 2181 De
1313 2153 1465 2180 eruditione
1484 2153 1612 2186 filiorum.

1082 2223 1211 2252 Audiens
1234 2222 1326 2250 Jacob
1353 2220 1469 2249 somnia
1492 2220 1602 2257 Joseph
1619 2241 1630 2255 ,
1653 2219 1826 2256 increpabat

1047 2280 1115 2299 cum
1126 2292 1134 2306 ,
1149 2278 1186 2298 nc
1203 2270 1277 2297 sorte
1293 2270 1395 2297 contra
1409 2276 1439 2295 se
1462 2267 1584 2295 fratrum
1606 2274 1729 2295 suorum
1750 2265 1825 2294 invi-

1048 2319 1129 2347 diam
1144 2318 1304 2345 suscitaret.
1327 2316 1405 2350 Gen„
1419 2323 1537 2349 xxxvii,
1551 2315 1596 2342 10.

1085 2364 1298 2401 Negligentiam
1324 2362 1453 2390 filiorum
1479 2361 1622 2397 arguebat
1643 2360 1755 2394 Jacob,
1770 2366 1824 2387 au-

1048 2413 1131 2441 diens
1159 2411 1242 2448 quod
1257 2410 1397 2439 alimenta
1416 2409 1617 2437 venderentur
1637 2408 1667 2436 in
1688 2408 1823 2443 AEgypto.

1050 2461 1128 2493 Gen„
1144 2467 1212 2488 nn.

1084 2507 1274 2543 Blasphemus
1297 2504 1327 2532 in
1358 2511 1458 2532 eremo
1490 2503 1639 2540 lapidatus
1667 2501 1720 2529 suit
1746 2501 1826 2530 filius

1049 2554 1182 2583 mulieris
1206 2551 1374 2580 israelitidis
1400 2551 1437 2579 de
1461 2551 1527 2579 viro
1546 2549 1682 2586 :Egyptio
1702 2557 1825 2584 genera-

1050 2605 1094 2630 tus
1111 2612 1117 2629 :
1135 2601 1208 2628 tales
1224 2599 1304 2627 enim
1328 2598 1381 2626 filii
1402 2598 1480 2626 male
1495 2598 1662 2634 frequenter
1676 2596 1825 2625 instruun-

1051 2652 1106 2678 tur.
1124 2649 1225 2682 Leuit.‚
1241 2654 1320 2675 xxiv.

1087 2694 1223 2731 Praecepit
1239 2693 1380 2721 Dominus
1402 2699 1455 2729 per
1469 2692 1602 2729 Moysen,
1618 2693 1650 2719 ut
1671 2691 1724 2719 filii
1739 2690 1826 2720 lsrael
