2004 3037
4 1684 55 1709 Arg.
69 1683 96 1703 V.

0 2389 43 2410 ss'g·
57 2387 94 2407 VI.

756 197 938 238 QUAESTIO
957 197 1088 231 UNICA.

114 276 165 298 ma
176 268 285 305 fidelis,
300 269 406 298 volens
418 277 473 306 per
487 276 623 298 amorem
637 274 818 303 consurgere
828 273 895 302 gra-

114 316 222 352 datim,
238 316 406 345 secundum
428 315 513 352 quod
527 316 570 344 est
583 315 615 343 in
630 313 787 343 ordinibus
804 321 894 349 ange-

113 363 224 398 lorum,
240 363 408 400 consurgit,
420 365 449 392 et
458 362 588 391 maxime
601 363 716 390 mentes
729 361 894 389 amantium

113 410 224 438 ultimae
249 409 422 439 hierarchia}
445 411 670 446 comparantur,
694 408 725 436 in
744 416 805 444 qua
827 409 895 435 sunt

113 458 171 486 tres
185 457 316 493 ordinm,
331 457 444 486 scilicet
457 456 577 492 Throni,
593 455 754 485 Cherubim
768 457 796 483 et
810 455 894 483 Sera-

112 503 206 540 phim.
222 503 313 540 igitur
329 503 529 532 necessarium
544 505 587 531 est
601 502 632 531 in
647 502 747 530 anima
769 509 893 530 consur-

113 558 183 586 gere
197 549 353 579 actualiter
367 550 486 579 volente
500 550 585 587 quod
602 551 661 578 tres
678 549 873 586 proprietates
884 570 892 583 ,

111 597 161 625 vel
183 596 296 631 officia,
325 597 451 625 istorum
471 596 562 625 trium
585 596 727 625 ordinum
751 595 891 623 imitetur.

111 643 221 678 Primo,
239 644 323 680 quod
338 644 374 671 sit
388 644 539 679 Thronus,
553 643 587 671 id
601 645 654 678 est,
669 642 753 680 quod
777 644 891 677 caetera,

112 689 222 719 scilicet
230 690 401 718 mundanos
410 690 552 725 honores,
563 690 698 718 carnales
709 689 891 724 affectiones,

111 739 243 766 terrenas
258 737 396 772 delicias,
412 739 445 765 ut
460 737 542 766 solus
558 738 643 772 Deus,
656 737 720 772 jam
735 736 806 764 sede
821 744 892 772 prae-

111 786 232 820 parata,
255 784 286 811 in
309 784 376 821 ipsa
396 784 543 819 resideat,
559 783 677 820 penitus
693 783 890 819 derelinquat.

112 830 265 866 Secundo,
281 831 365 867 quod
379 831 415 859 sit
435 831 599 865 Cherubin,
622 831 706 866 quod
720 830 892 866 intelligitur

109 878 254 912 plenitudo
271 879 390 905 scientia:
405 889 413 905 .·
430 880 458 906 et
473 878 531 905 hoc
554 878 588 905 fit
609 877 760 911 mediante
779 877 891 904 lumine

112 923 254 952 divinitus
268 925 401 953 immisso
412 947 420 960 ,
438 933 499 960 quo
515 924 666 952 mediante
682 932 777 959 mens,
791 932 891 960 supra-

112 971 347 1000 intellectualiter
361 971 533 1007 cogitando,
547 971 713 1012 secundum
728 971 891 998 humanam

109 1017 335 1053 intelligentiam
366 1018 469 1046 divina
497 1019 651 1053 cognoscit
670 1039 677 1051 ‚
705 1020 733 1045 et
762 1017 892 1045 coelestia

109 1064 316 1100 apprehendit.
334 1066 437 1093 Postea
453 1066 570 1101 oportet
581 1064 666 1100 quod
675 1064 712 1092 sit
726 1064 890 1100 Seraphim,

110 1111 162 1147 qui
177 1113 220 1138 est
238 1111 314 1139 ordo
334 1120 490 1148 supremus
501 1134 509 1146 ,
531 1112 564 1139 id
584 1113 626 1139 est
639 1111 723 1148 quod
738 1111 769 1139 in
785 1111 872 1138 illum
882 1132 890 1145 ,

109 1166 202 1194 quem
213 1159 277 1194 jam
292 1167 376 1187 mens
391 1159 551 1187 cherubica
566 1159 717 1194 cognovit,
732 1160 836 1194 postea
851 1158 891 1185 af-

108 1204 199 1233 fectus
210 1226 218 1240 ,
235 1205 334 1241 ipsum
349 1206 449 1234 solum
473 1205 673 1234 desiderando
685 1227 694 1240 ‚
711 1213 773 1233 non
788 1204 888 1239 aliud,

108 1260 162 1288 per
186 1252 357 1280 affectiones
380 1253 581 1288 flammigeras
606 1253 773 1280 inardescat
786 1274 794 1286 ,
820 1253 890 1279 tunc

109 1301 153 1327 est
174 1299 328 1336 Seraphim
348 1321 356 1334 ,
381 1300 434 1336 qui
454 1300 663 1336 interpretatur
689 1300 795 1327 ardens.
817 1302 890 1328 Cum

108 1346 188 1374 enim
215 1346 375 1374 Cherubim
388 1368 397 1382 ,
422 1347 470 1374 cui
494 1347 704 1383 appropriatur
733 1347 890 1382 cogitantis

109 1393 238 1428 cognitio
248 1414 256 1428 ,
273 1393 408 1421 ordinate
423 1393 575 1429 praecedat
589 1393 743 1429 Seraphim
754 1415 762 1428 ,
781 1394 832 1429 qui
848 1394 891 1421 in-

108 1441 283 1475 terpretatur
299 1440 389 1467 ardor
403 1440 514 1467 amoris
531 1450 537 1467 :
553 1440 642 1474 igitur
657 1440 698 1467 sic
713 1440 767 1467 erit
783 1440 813 1467 in
830 1440 890 1467 ani-

109 1494 174 1520 ma,
190 1494 256 1522 quae
276 1486 334 1513 hoc
348 1486 455 1522 triplex
474 1486 608 1514 officium
630 1486 807 1521 angelorum
822 1487 889 1514 niti-

109 1536 156 1562 tur
170 1533 295 1568 imitari,
312 1534 396 1570 quod
410 1542 464 1570 per
481 1533 690 1569 cogitationem
710 1542 889 1569 cognoscere

109 1581 248 1617 praecedit
262 1581 415 1609 actualiter
429 1581 549 1615 ardere,
576 1583 608 1608 ut
623 1581 686 1608 sine
711 1581 889 1616 cogitatione

111 1627 222 1663 praevia
235 1627 403 1655 nullatenus
420 1630 578 1662 consurgat
594 1627 704 1655 amoris
720 1628 846 1656 affectio.

148 1676 218 1702 Item
233 1675 352 1709 anima,
379 1683 432 1711 per
447 1682 582 1702 amorem
604 1683 803 1710 consurgens,
823 1676 889 1703 niti-

112 1723 159 1749 tur
177 1721 235 1749 illis
254 1721 348 1749 beatis
366 1722 516 1749 mentibus
532 1723 702 1749 sanctorum
715 1744 722 1756 ,
743 1722 794 1758 qui
819 1731 889 1750 con-

114 1768 293 1804 templantur
309 1770 400 1796 Deum
411 1789 419 1802 ‚
434 1768 507 1796 facie
524 1769 563 1796 ad
577 1768 682 1796 faciem
698 1769 888 1797 conformari.

111 1815 168 1842 Sed
185 1815 243 1842 illis
265 1815 326 1842 illic
345 1815 443 1851 primo
468 1818 510 1843 est
528 1815 648 1850 videre,
675 1824 768 1851 quam
789 1824 890 1844 amore

110 1861 271 1897 inhaerere3
288 1862 373 1898 quia,
389 1862 445 1889 nisi
459 1862 543 1889 illam
556 1861 743 1890 indicibilem
763 1863 890 1898 plenitu-

111 1908 212 1936 dinem
239 1908 435 1944 intelligendo
461 1911 694 1944 cognoscerent,
721 1909 890 1937 nullatenus

111 1955 166 1990 ipsi
192 1955 290 1990 ignitis
313 1956 537 1990 affectionibus,
559 1956 590 1983 in
613 1964 742 1992 quarum
761 1956 889 1984 delceta-

111 2001 189 2029 tione
204 2002 356 2030 beatitudo
369 2003 544 2038 completur,
559 2003 782 2031 inavertibiliter
794 2004 890 2030 adhae-

111 2050 217 2076 rerent.
239 2048 325 2082 ldeo,
345 2048 401 2076 nisi
424 2049 511 2076 nobis
533 2050 615 2084 prius
635 2052 709 2077 esset
730 2050 889 2084 cogitatio,

110 2102 161 2122 seu
177 2095 324 2130 cognitio,
340 2103 432 2131 quam
457 2095 572 2123 affectio
597 2096 722 2128 amoris,
741 2096 804 2130 jam
829 2105 890 2123 non

111 2141 367 2169 conformaremur
381 2143 531 2170 mentibus
546 2144 717 2170 sanctorum
732 2142 762 2168 in
778 2142 888 2176 gloria:

111 2188 181 2224 quia
196 2188 236 2216 sic
250 2188 353 2216 vident
368 2189 504 2217 divinam
518 2188 787 2225 pulchritudinem,
810 2191 840 2216 ut
859 2189 890 2216 in

110 2234 174 2270 ipsa
194 2243 247 2270 per
261 2243 395 2263 amorem
418 2244 508 2272 supra
523 2243 645 2263 omnem
659 2235 887 2269 intelligentiam

110 2280 231 2308 interius
251 2281 458 2310 affectionibus
480 2282 672 2310 delectentur.
698 2284 728 2309 ln
753 2282 798 2309 his
818 2290 888 2317 ergo

110 2327 274 2363 intelligere
290 2329 433 2364 praecedit
448 2338 558 2357 amare.

146 2376 227 2409 item,
243 2376 407 2403 secundum
423 2377 506 2412 quod
521 2377 620 2404 anima
636 2377 665 2404 in
681 2377 740 2404 suis
752 2377 889 2413 potentiis

111 2421 274 2456 ordinatur,
290 2422 331 2449 sic
346 2423 454 2450 eodem
465 2423 557 2450 modo
569 2423 742 2451 naturaliter
754 2423 888 2451 ordinate

110 2468 226 2496 videtur
241 2469 365 2497 moveri.
384 2469 440 2497 Sed
455 2478 511 2504 ego
525 2469 614 2498 video
631 2470 713 2505 quod
729 2478 746 2497 a
761 2478 812 2497 sua
831 2470 888 2505 pri-

110 2515 250 2542 mordiali
266 2516 413 2544 creatione
430 2516 530 2544 anima
553 2518 612 2544 tres
635 2516 725 2544 habet
743 2517 888 2552 potentias

110 2561 282 2589 naturaliter
304 2562 471 2598 distinctas,
493 2563 602 2590 scilicet
624 2563 821 2596 memoriam,
846 2563 888 2590 in-

111 2606 301 2642 telligentiam
318 2630 327 2644 ,
357 2611 384 2637 et
418 2610 612 2637 voluntatem.
647 2610 787 2637 Memoria
814 2609 888 2637 nihil

112 2653 193 2682 aliud
208 2656 251 2681 est
264 2654 294 2682 in
308 2656 410 2690 nobis,
427 2664 518 2692 quam
533 2656 654 2684 intentio
675 2656 782 2683 divinae
806 2656 887 2684 simi-

1695 202 1732 231 47

951 264 1097 294 litudinis.
1117 265 1314 302 intelligentia
1336 269 1380 296 est
1397 267 1429 296 in
1450 267 1540 296 nobis
1557 267 1653 304 illud,
1673 275 1734 296 me-

953 311 1052 340 diante
1073 319 1135 348 quo
1156 313 1331 342 naturaliter
1349 322 1411 342 non
1431 314 1657 351 investigando,
1678 322 1734 343 nec

951 358 1175 394 ratiocinando,
1189 359 1330 396 quer-libet
1346 361 1447 389 anima
1461 370 1549 390 suum
1563 362 1733 390 Creatorem

951 406 1113 442 cognoscit.
1131 406 1273 434 Voluntas
1288 408 1331 435 est
1345 407 1396 436 illa
1410 409 1558 444 potentia,
1573 417 1627 446 per
1641 417 1734 445 quam

951 453 1052 481 anima
1067 461 1155 481 suum
1169 455 1338 482 Creatorem
1353 453 1465 490 diligit,
1481 457 1509 483 et
1524 455 1554 483 in
1568 455 1667 492 ipsum
1682 464 1734 485 na-

950 500 1084 529 turaliter
1108 501 1220 536 tendit,
1241 503 1270 529 et
1291 509 1327 529 ex
1355 501 1411 530 isto
1435 502 1541 531 ultimo
1566 505 1608 531 est
1633 503 1708 531 ratio
1722 525 1731 535 ,

950 556 1043 585 quare
1058 549 1180 577 affectus
1199 549 1349 578 humanus
1364 558 1427 578 non
1449 552 1546 586 potest
1570 551 1669 579 satiari
1693 550 1732 579 ad

950 595 1075 632 plenum
1090 597 1213 624 terrenis
1228 597 1338 625 divitiis
1348 619 1356 632 ,
1372 599 1401 625 et
1412 597 1594 631 honoribus,
1617 606 1685 626 cum
1701 597 1732 627 in

950 642 1050 670 solum
1066 644 1158 671 Deum
1180 643 1300 678 tendat,
1319 646 1351 672 ut
1372 644 1403 671 in
1427 645 1492 680 ipso
1509 644 1638 672 finaliter
1661 653 1732 673 con-

950 689 1093 726 quiescat.
1115 691 1189 718 Cum
1208 690 1298 726 igitur
1317 691 1450 727 potentia
1468 691 1682 726 intelligentiae,
1701 692 1732 720 in

949 745 1011 773 qua
1025 739 1068 764 est
1083 737 1223 772 cogitatio
1234 759 1243 773 ,
1259 738 1401 774 praecedit
1413 738 1576 774 potentiam
1594 739 1732 768 volunta-

949 784 985 811 tis
999 784 1182 818 naturaliter,
1197 784 1228 812 in
1243 793 1304 820 qua
1323 787 1366 813 est
1380 785 1482 820 ardor,
1498 786 1547 813 vel
1562 786 1674 814 amoris
1689 786 1731 814 af-

948 830 1036 858 fectio
1054 840 1060 858 :
1077 831 1166 866 igitur
1180 833 1279 859 motus
1292 832 1494 868 intelligentiae
1506 854 1514 868 ,
1530 833 1582 869 qui
1598 835 1640 861 est
1654 834 1731 869 cogi-

949 879 1024 912 tare,
1034 878 1175 914 praecedit
1187 880 1303 906 motum
1314 879 1485 914 voluntatis,
1498 880 1549 916 qui
1561 882 1603 908 est
1614 888 1729 908 amare:

948 925 1049 952 nullus
1065 925 1155 960 igitur
1169 925 1335 954 intellectus
1350 927 1413 955 sine
1427 927 1606 963 cogitatione
1620 930 1731 964 praevia

948 971 1057 1007 poterit
1071 972 1182 1000 amoris
1196 973 1352 1001 affectione
1368 982 1557 1010 consurgere,
1575 978 1731 1012 quantum-

948 1026 1076 1054 cumque
1092 1019 1191 1054 ignitis
1214 1020 1439 1056 affectionibus,
1461 1023 1493 1049 ut
1511 1021 1652 1050 divinitus
1668 1023 1728 1050 ele-

948 1067 1044 1094 vetur.

984 1114 1054 1140 ltem
1068 1113 1125 1141 hoc
1139 1113 1221 1141 idem
1235 1114 1352 1142 videtur
1367 1115 1398 1142 in
1408 1117 1640 1152 apprehensiva,
1657 1119 1684 1146 et
1698 1117 1728 1146 in

948 1159 1061 1187 motiva
1076 1160 1219 1188 sensibili.
1240 1163 1313 1189 Nam
1327 1162 1426 1197 primo
1446 1164 1646 1192 necessarium
1669 1167 1728 1200 est,

947 1207 979 1232 ut
994 1206 1070 1233 illud
1085 1206 1124 1234 ad
1148 1208 1232 1243 quod
1258 1208 1434 1243 imaginarie
1459 1210 1647 1245 diligendum
1667 1220 1730 1240 mo-

946 1260 1031 1287 veor,
1047 1253 1132 1288 quod
1146 1253 1223 1281 illud
1239 1256 1325 1283 antea
1340 1256 1518 1284 sensibiliter
1539 1265 1729 1293 praecognos-

947 1307 1014 1326 cam
1034 1308 1041 1326 :
1069 1302 1136 1327 ante
1160 1301 1249 1336 igitur
1269 1304 1385 1338 oportet
1405 1311 1453 1330 me
1477 1305 1730 1340 comprehendere

947 1346 1035 1374 oculo
1051 1348 1204 1382 exteriori,
1221 1349 1269 1376 vel
1285 1349 1344 1376 alio
1361 1358 1450 1378 sensu
1465 1351 1592 1387 aliquod
1606 1352 1731 1381 delecta-

946 1393 1021 1426 bile,
1038 1402 1130 1428 quam
1145 1394 1176 1421 in
1187 1395 1252 1430 ipso
1268 1395 1406 1431 delecter,
1423 1399 1454 1424 ut
1468 1397 1543 1425 illud
1555 1399 1730 1427 habendum

949 1439 1128 1468 desiderem.
1145 1441 1235 1476 igitur
1245 1442 1287 1469 sic
1298 1443 1352 1470 erit
1362 1443 1392 1471 in
1405 1444 1554 1479 cognitiva
1567 1448 1594 1473 et
1605 1447 1728 1481 motiva,

946 1487 1060 1514 ratione
1076 1488 1265 1523 superiorum
1276 1510 1285 1523 ,
1302 1490 1386 1525 quod
1403 1492 1511 1526 Deum,
1528 1493 1590 1520 sive
1605 1493 1731 1529 aliquod

946 1533 1030 1560 aliud
1045 1534 1219 1563 delectabile
1231 1557 1241 1570 ,
1257 1537 1387 1564 anterius
1413 1539 1558 1573 cogitem,
1580 1548 1672 1575 quam
1691 1541 1730 1568 ad

946 1580 1045 1616 ipsum
1069 1582 1182 1617 possim
1204 1583 1325 1611 interius
1350 1585 1557 1613 affectionibus
1577 1587 1728 1622 aspirare,

946 1627 994 1657 vel
1010 1627 1040 1654 in
1055 1628 1120 1663 ipso
1136 1628 1323 1664 aliquatenus
1339 1631 1483 1659 delectari>
1497 1641 1503 1660 ε
1521 1641 1592 1668 ergo
1614 1642 1726 1669 prteco-

946 1674 1038 1709 gitare
1052 1683 1170 1711 semper
1183 1677 1323 1712 praecedit
1337 1686 1439 1706 amore
1454 1687 1643 1715 consurgere.

983 1722 1070 1753 Item,
1086 1723 1252 1751 secundum
1267 1724 1351 1760 quod
1367 1725 1437 1752 dicit
1451 1726 1556 1754 beatus
1571 1727 1727 1763 Dionysius

946 1767 977 1794 in
998 1769 1145 1805 principio
1167 1772 1291 1804 Mystccae
1315 1773 1477 1806 leeoloqiae,
1499 1774 1530 1800 in
1556 1782 1726 1803 consurrec-

947 1814 1026 1842 tione
1042 1816 1154 1844 amoris
1170 1820 1286 1852 oportet
1309 1826 1430 1846 omnem
1444 1819 1626 1848 intellectum
1641 1822 1724 1850 dere-

945 1861 1081 1898 linquere
1098 1865 1125 1891 et
1142 1864 1350 1899 cogitationem
1366 1865 1403 1893 de
1419 1867 1560 1894 creaturis
1577 1869 1724 1897 sensibili-

944 1909 1020 1943 bus,
1037 1912 1065 1937 et
1079 1910 1168 1937 etiam
1184 1914 1243 1938 tam
1266 1911 1303 1939 de
1319 1914 1377 1939 Deo
1388 1933 1397 1946 ,
1422 1921 1514 1948 quam
1531 1915 1567 1942 de
1587 1916 1700 1950 angelis
1718 1925 1724 1943 z

945 1957 998 1984 sed
1020 1957 1096 1985 illud
1124 1966 1237 1993 ponere
1261 1958 1379 1986 videtur
1407 1960 1623 1989 stultissimum.
1649 1963 1726 1996 Quid

946 2004 1025 2031 enim
1040 2004 1129 2032 faeiat
1147 2005 1280 2039 animus,
1303 2006 1327 2032 si
1343 2013 1404 2033 non
1419 2007 1526 2042 poterit
1542 2009 1670 2042 cogitare
1688 2010 1724 2038 de

946 2051 1021 2084 Deo,
1037 2051 1086 2078 vel
1101 2051 1253 2085 Trinitate,
1279 2052 1326 2079 vel
1351 2052 1482 2087 angelis?
1498 2053 1616 2081 Videtur
1636 2056 1723 2083 ctiam

943 2099 1012 2124 tunc
1028 2105 1089 2124 esse
1105 2098 1190 2132 quasi
1205 2098 1235 2124 in
1250 2098 1345 2131 nube,
1369 2098 1415 2125 vel
1431 2099 1461 2125 in
1477 2100 1552 2126 mari
1575 2101 1611 2136 (a)
1626 2123 1635 2135 ‚
1657 2111 1724 2130 cun]

945 2151 1061 2178 semper
1076 2143 1205 2177 cognitio
1221 2143 1384 2171 intellectus
1400 2144 1498 2179 ipsum
1524 2154 1659 2175 amorem
1683 2149 1724 2176 di-

945 2189 1020 2224 rigat
1033 2198 1039 2216 :
1053 2189 1137 2216 aliter
1149 2189 1227 2216 enim
1242 2190 1386 2225 sapientia
1398 2192 1523 2227 mystica
1535 2201 1596 2221 non
1606 2194 1723 2223 videtur

945 2235 1089 2271 sapientia
1099 2257 1107 2270 ,
1124 2236 1177 2263 sed
1191 2236 1297 2264 abusio
1308 2257 1316 2270 ,
1331 2237 1379 2263 vel
1395 2237 1524 2265 stultitia.

981 2284 1050 2310 ltem
1066 2291 1155 2310 omne
1171 2281 1247 2310 illud
1260 2283 1343 2318 quod
1358 2285 1600 2321 apprehenditur,
1616 2295 1722 2323 appre-

945 2328 1084 2357 henditur
1105 2330 1161 2357 sub
1183 2329 1285 2365 aliqua
1311 2329 1472 2358 intentione
1493 2333 1586 2367 entis,
1614 2334 1723 2363 scilicet

944 2379 994 2404 aut
1008 2379 1039 2403 ut
1054 2385 1147 2404 unum
1163 2378 1208 2413 (ὁ),
1223 2380 1273 2404 aut
1286 2380 1318 2405 ut
1332 2386 1437 2406 verum
1448 2400 1457 2412 ,
1474 2382 1524 2407 aut
1541 2382 1571 2407 ut
1585 2381 1701 2410 bonum
1714 2393 1720 2410 ι

945 2431 1015 2458 ergo
1029 2425 1123 2458 Deus,
1140 2432 1264 2460 quoquo
1283 2424 1375 2451 modo
1397 2426 1648 2463 apprehendatur,
1669 2438 1722 2465 ap-

944 2470 1145 2505 prehendetur
1160 2471 1215 2498 sub
1230 2471 1343 2499 ratione
1359 2472 1431 2499 entis
1441 2493 1450 2506 ,
1472 2476 1522 2500 aut
1538 2476 1568 2501 ut
1588 2478 1630 2502 est
1644 2484 1722 2504 sum-

943 2525 993 2544 ma
1007 2517 1118 2551 unitas,
1134 2519 1187 2545 aut
1203 2520 1233 2545 ut
1247 2520 1289 2545 est
1303 2526 1420 2546 summa
1434 2520 1555 2555 veritas,
1570 2524 1620 2548 aut
1633 2523 1721 2551 etiam

944 2566 974 2591 ut
985 2566 1026 2591 est
1041 2572 1158 2592 summa
1173 2564 1301 2592 bonitas.
1317 2566 1391 2592 Cum
1402 2565 1491 2600 igitur
1500 2567 1584 2595 nullo
1596 2568 1720 2598 istorum

978 2626 1008 2657 (α)
1024 2627 1085 2651 Coet.
1101 2627 1161 2651 edit.
1178 2634 1233 2651 esse
1252 2627 1278 2650 in
1297 2627 1382 2657 nube,
1400 2627 1441 2651 vel
1460 2628 1486 2651 in
1504 2630 1582 2661 mari,
1600 2633 1720 2662 quasti,—

946 2661 978 2692 (ίι)
996 2662 1058 2686 Coet.
1073 2662 1132 2686 edit.
1148 2662 1213 2686 deest
1229 2664 1271 2686 aut
1286 2664 1313 2686 ut
1326 2669 1414 2686 unum.

1743 1129 1796 1153 Arg.
1810 1128 1849 1147 vu

1741 1740 1847 1765 Argxm

1738 2298 1789 2324 Arg.
1802 2297 1842 2317 IX.
