2004 3037
774 232 782 243 .
829 209 958 243 CAPUT
979 209 1102 243 xxvii.

158 279 306 316 seipsum3
325 279 385 310 alia
404 287 478 310 vero
496 280 636 310 dixerunt
656 278 784 318 apostoli
800 278 829 308 et
848 284 936 308 evan·

159 326 270 363 gelistae
292 327 426 358 instructi
447 336 502 365 per
521 327 621 365 ipsum
644 329 672 357 et
691 326 833 364 Spiritum
851 333 936 354 sanc-

158 375 231 403 tum.
260 374 341 408 Act„
360 383 383 404 u
400 384 408 404 :
430 384 446 402 ιι
466 375 580 411 Repleti
600 376 669 403 sunt
696 381 801 402 omnes
828 372 937 410 Spiritu

158 422 275 457 sancto,
291 423 320 450 et
339 423 494 459 coeperunt
508 422 593 459 loqui
608 421 699 451 variis
712 420 833 457 linguiS,
847 421 938 457 prout

157 468 280 505 Spiritus
301 471 421 498 sanctus
444 469 536 498 dabat
567 469 669 506 eloqui
689 468 757 497 illis.
779 477 793 495 »
824 469 934 500 Eccles„

158 523 248 544 xxxix
264 525 271 544 :
290 517 498 553 «Sapientiam
523 516 659 545 omnium
674 515 866 552 antiquorum
887 523 936 543 ex-

157 563 255 599 quiret
268 563 400 600 sapiens,
416 565 445 593 et
459 563 491 592 in
504 563 657 600 Prophetis
667 562 804 598 vacabit,
817 571 832 589 »
851 562 936 598 quasi

158 609 237 639 dicat
257 619 264 639 ε
280 610 461 647 Sapientiam
475 610 599 647 quidem
616 610 765 647 sapienter
785 609 876 638 debet
889 617 936 637 sa-

157 657 242 693 piens
255 657 420 695 exquirere,
434 657 488 686 sed
501 657 667 694 specialiter
681 657 771 686 debet
785 657 936 693 scripturis

156 704 371 741 prophetarum
383 704 537 734 intendere
543 725 550 733 .

192 752 332 781 Jonathas
354 760 489 781 summus
509 752 664 789 sacerdOS‚
684 753 714 781 et
732 751 865 781 seniores
886 753 936 781 Ju-

158 799 310 834 denorum,
335 799 404 829 licet
428 802 525 829 essent
551 800 667 829 bellicis
699 799 789 828 rebus
813 799 935 836 intenti,

156 846 336 883 scripserunt
357 847 526 884 Spartiatis:
548 856 563 874 α
580 849 642 882 ΔΝοε
662 847 807 876 habentes
828 847 935 876 solatio

156 893 251 922 libros
283 896 417 931 sanctos,
454 895 506 932 qui
539 897 607 924 sunt
633 894 665 923 in
692 895 833 924 manibus
861 902 932 923 nos-

157 941 222 975 trie,
235 951 250 966 n
268 943 322 970 etc.
337 943 348 971 I
361 943 496 975 Machab„
511 950 564 971 xii.

193 988 328 1017 Salvator
340 992 450 1024 noster,
466 991 592 1019 tentatus
603 998 621 1018 a
632 989 829 1026 diabolo,.per
838 988 936 1026 Scrip-

158 1036 255 1064 turam
273 1037 443 1073 respondit,
467 1038 495 1065 et
511 1036 610 1072 ipsum
632 1037 808 1064 tentatorem
827 1036 937 1073 triplici

158 1083 330 1112 auctoritate
344 1083 488 1112 confudit.
502 1085 617 1119 Matth„
632 1092 676 1120 1v;
692 1085 771 1119 Luc„
785 1091 826 1112 lv.

194 1130 266 1158 ltem
282 1131 464 1167 Scripturam
483 1140 545 1160 esse
560 1132 741 1168 completam
760 1131 792 1159 in
806 1131 937 1160 adventu

157 1185 212 1205 suo
234 1176 323 1212 dixit,
337 1179 413 1212 Luc„
427 1187 475 1208 iv:
497 1178 620 1207 «Hodie
638 1178 761 1215 impleta
781 1180 824 1207 est
842 1179 938 1215 Scrip-

158 1225 224 1252 tura
236 1224 299 1252 haec
313 1224 345 1253 in
358 1226 481 1254 auribus
495 1225 610 1254 vestris.
621 1236 634 1252 ι)

195 1273 267 1300 Item
279 1280 334 1308 per
346 1273 526 1309 Scripturam
542 1273 675 1302 defendit
689 1272 854 1310 discipulos
867 1280 938 1301 con·

159 1320 204 1348 tra
221 1318 394 1355 Pharisaeos,
408 1321 520 1355 Matth„
536 1327 599 1350 xn:
619 1331 633 1347 «
649 1322 714 1350 Non
732 1321 845 1357 legistis
863 1321 939 1358 quid

158 1365 261 1395 fecerit
282 1367 390 1403 David,
414 1368 540 1405 quando
563 1369 679 1405 esuriit,
699 1379 713 1396 »
731 1370 787 1398 etc.

195 1415 332 1450 Magnam
347 1415 553 1444 auctoritatem
566 1416 669 1444 tribuit
685 1416 826 1444 Dominus
843 1416 939 1444 Veteri

159 1462 354 1496 Testamento,
368 1463 490 1500 quando
506 1463 600 1499 dixit,
620 1465 734 1499 Mami„
750 1471 769 1491 v
786 1472 792 1491 :
811 1472 826 1489 «
841 1465 939 1491 Donec

159 1509 306 1538 transierit
320 1510 430 1538 coelum
443 1513 471 1538 et
486 1512 572 1546 terra,
587 1511 648 1540 iota
667 1519 763 1539 unum
773 1531 782 1545 ,
798 1513 848 1539 aut
862 1519 940 1538 unus

159 1565 247 1593 apex,
261 1567 275 1584 »
296 1559 349 1585 etc.
366 1559 454 1593 Item,
468 1559 559 1593 Joan„
575 1566 594 1586 x
615 1567 622 1586 :
637 1567 650 1584 α
663 1559 727 1586 Non
749 1559 846 1594 potest
864 1558 940 1586 solvi

160 1604 320 1641 Scriptura.
335 1615 349 1631 »

194 1653 259 1680 Non
271 1652 396 1681 minoris
410 1655 524 1688 autem,
541 1654 595 1682 sed
612 1653 736 1689 maj0ris
759 1653 940 1682 auctoritatis

159 1701 201 1727 est
211 1701 337 1735 Novum,
349 1700 387 1728 de
402 1709 474 1737 quo,
489 1702 566 1736 Luc„
582 1709 633 1729 xx1
646 1710 653 1729 :
666 1710 680 1727 «
693 1700 807 1728 Coelum
821 1701 849 1728 et
862 1701 941 1729 terra

158 1746 335 1781 transibunt,
349 1748 442 1776 verba
456 1749 556 1776 autem
569 1756 639 1776 mea
652 1755 715 1776 non
729 1747 907 1776 transibunt.
922 1757 936 1774 ›>

195 1793 343 1830 Principes
364 1794 570 1830 sacerdotum,
590 1797 618 1823 et
640 1794 772 1830 Scribas,
792 1797 822 1823 et
842 1795 941 1823 Phari-

158 1849 234 1870 saeos
252 1842 358 1877 injuste
381 1844 537 1878 arguentes
560 1843 719 1871 Dominum
738 1844 853 1878 Jesum,
875 1843 938 1880 ipse

157 1888 329 1916 multotiens
342 1896 396 1925 per
406 1889 568 1925 Scripturas
582 1889 661 1924 vicit,
670 1891 785 1924 Mami„
795 1898 825 1919 xx
839 1892 867 1919 et
876 1898 937 1920 xxr.

193 1936 295 1971 Arguit
317 1937 458 1964 Dominus
491 1936 670 1964 Sadducaeos
702 1937 739 1964 de
769 1937 938 1972 ignorantia

158 1983 385 2019 scripturarum,
397 1984 511 2017 Mutila,
525 1990 583 2011 xxu
600 1992 606 2011 :
626 1984 757 2011 «Erratis
775 1985 938 2013 nescientes

158 2031 335 2066 ScripturaS,
349 2037 447 2065 neque
469 2029 664 2065 intelligentes
686 2031 825 2059 virtutem
845 2032 906 2059 Dei.
922 2042 935 2057 »

194 2078 293 2106 Petrus
315 2077 347 2105 in
366 2076 464 2113 prima
482 2077 693 2113 praedicatione
713 2086 767 2106 sua
784 2080 853 2114 post
870 2079 938 2107 mis-

158 2124 274 2153 sionem
294 2124 416 2160 Spiritus
435 2123 542 2158 sancti,
565 2124 769 2157 auctoritatem
788 2125 876 2153 Joelis
890 2134 937 2153 ex-

157 2180 284 2209 ponens,
295 2172 351 2200 tria
364 2171 458 2200 millia
467 2170 626 2200 hominum
636 2172 781 2201 convertit
791 2173 831 2201 ad
840 2173 936 2201 Chris-

157 2222 236 2253 tum,
251 2219 326 2254 Act„
340 2226 372 2247 11.

192 2266 285 2295 valde
300 2265 558 2295 commendandus
574 2267 617 2294 est
630 2266 784 2294 eunuchus
797 2266 865 2303 ille,
884 2268 936 2304 qui

156 2314 279 2343 veniens
293 2313 331 2342 dc
344 2313 492 2350 AEthiopia
505 2313 757 2350 Hierosolymam,
773 2314 891 2350 legebat
905 2315 936 2344 in

158 2369 246 2390 curru
273 2361 400 2390 existens
427 2360 533 2389 isaiam
556 2360 735 2397 prophetam
748 2381 756 2389 .
785 2362 936 2399 Philippus

158 2411 258 2436 autem
271 2409 417 2444 praecepto
437 2407 554 2435 Domini
573 2408 762 2437 occasionem
777 2410 937 2446 assumpsit

158 2455 341 2490 praedicandi
363 2454 552 2490 evangelium
571 2454 675 2483 Christi
697 2464 734 2484 ex
751 2457 935 2492 auctoritate,

160 2510 251 2538 quarn
261 2510 330 2530 eum
338 2501 487 2537 legentem
499 2501 622 2538 invenit,
633 2504 662 2531 et
676 2503 845 2532 credentem
855 2504 936 2533 illico

160 2548 330 2584 baptizavit.
345 2549 422 2583 Act„
437 2556 496 2577 vin.

196 2595 321 2624 Veniens
330 2596 438 2625 Paulus
451 2598 595 2631 Beroeam,
609 2596 737 2626 intrabat
750 2607 938 2636 synagogam

161 2643 345 2678 Judaeorum3
370 2643 495 2679 quidam
514 2646 614 2672 autem
627 2653 641 2671 α
655 2648 846 2682 susceperunt
869 2655 937 2675 ver-

162 2690 236 2719 bum
258 2697 326 2717 cum
346 2690 429 2718 omni
449 2690 605 2744 aviditate,
626 2692 759 2728 quotidie
777 2695 939 2723 scrutantes

1712 211 1772 242 510

990 278 1169 315 Scripturas,
1188 279 1213 308 si
1231 279 1294 308 haec
1312 279 1354 309 ite
1368 286 1399 309 se
1412 279 1572 315 haberent;
1593 279 1621 308 et
1635 278 1773 308 credide-

990 328 1060 354 runt
1072 326 1158 355 multi
1169 334 1204 355 ex
1219 327 1271 362 cis,
1286 329 1314 356 et
1325 326 1481 363 gentilium
1490 326 1651 355 mulierum
1663 326 1772 356 hones-

990 374 1103 409 tarum,
1118 375 1147 403 et
1159 374 1215 402 viri
1227 381 1289 403 non
1303 375 1401 412 pauci.
1413 385 1427 401 »
1444 374 1520 410 Act„
1535 382 1609 411 xvii,
1624 375 1716 403 10-12.

1026 421 1134 457 Apollo
1157 421 1290 458 Judaeus,
1316 431 1331 449 «
1353 421 1400 450 vir
1422 421 1583 459 eloquens,
1606 423 1714 459 potens
1739 422 1770 451 in

991 467 1156 505 scripturis,
1169 468 1292 498 contulit
1305 469 1434 497 multum
1447 468 1484 497 iis
1495 469 1548 506 qui
1563 469 1769 506 crediderunt;

990 516 1181 545 vehementer
1200 516 1280 544 enim
1299 516 1418 545 Judaeos
1435 516 1608 545 revincebat
1630 517 1769 553 publice,

990 563 1149 592 ostendens
1160 571 1214 600 per
1226 563 1389 600 Scripturas
1400 571 1463 593 esse
1473 563 1620 593 Christum
1631 565 1645 592 J
1648 571 1741 593 esum.
1753 572 1769 591 n

989 610 1065 644 Act„
1080 618 1163 646 xvrn,
1178 612 1225 646 24,
1239 611 1286 647 27,
1299 611 1346 639 28,

1225 704 1369 739 CAPUT
1393 703 1533 741 XXVII.

990 779 1028 806 De
1046 777 1233 806 exhortatione
1251 777 1338 814 bona,
1357 779 1384 806 et
1400 778 1599 814 praedicatione
1616 779 1692 807 verbi
1710 780 1770 808 Dei.

1025 847 1108 876 Caim
1127 847 1299 877 admonitus
1319 847 1457 877 exteriori
1479 855 1554 877 voce
1574 849 1640 885 Dei,
1660 858 1679 878 a
1700 857 1773 878 con-

991 897 1076 931 cepta
1087 894 1241 932 iniquitate
1250 902 1313 924 non
1325 894 1445 931 destitit,
1458 895 1523 924 Gen.
1528 917 1537 932 ,
1548 904 1587 926 iv.
1598 896 1671 925 Hinc
1681 899 1773 934 patet,

990 942 1075 979 quod
1098 943 1263 972 exhortatio
1286 943 1350 972 sine
1372 943 1506 973 interiori
1533 951 1642 980 parum
1666 946 1709 973 est
1730 944 1774 973 ef-

990 990 1079 1019 ficax.

1026 1038 1123 1067 iustus
1142 1037 1216 1066 Loth
1236 1038 1285 1075 pie
1310 1037 1494 1067 admonebat
1519 1038 1702 1075 sodomitas,
1728 1039 1774 1067 di-

992 1093 1061 1114 cens
1070 1094 1077 1114 :
1086 1093 1102 1112 «
1115 1085 1220 1120 Nolite,
1228 1093 1341 1122 quoeso,
1350 1086 1454 1114 fratres
1469 1085 1539 1122 mei,
1549 1086 1642 1114 nolite
1657 1087 1774 1116 malum

991 1132 1098 1161 facere.
1120 1143 1133 1159 »
1153 1132 1205 1160 Cui
1225 1132 1269 1160 illi
1294 1133 1508 1162 contumaciter
1529 1133 1773 1169 responderunt:

995 1189 1009 1206 «
1024 1180 1138 1208 Recede
1152 1180 1234 1216 illuc,
1248 1190 1262 1207 »
1276 1182 1343 1215 etc.,
1357 1180 1435 1214 Gen„
1448 1187 1508 1214 xnr,
1525 1182 1554 1215 7,
1568 1182 1595 1208 9.
1611 1181 1684 1209 Hinc
1695 1182 1777 1217 patet

993 1227 1077 1263 quod
1086 1227 1238 1263 «perversi
1247 1226 1367 1256 difficile
1376 1227 1573 1263 corriguntur,
1581 1229 1698 1260 »Eccle.,
1707 1230 1774 1264 1,i5.

1029 1276 1106 1303 Bene
1130 1274 1216 1303 cessit
1238 1274 1351 1308 Jacob,
1382 1274 1454 1311 quia
1475 1274 1626 1311 acquievit
1645 1276 1776 1305 consiliis

993 1321 1096 1351 matr1s
1110 1329 1183 1356 suae,
1201 1322 1280 1357 Gen„
1294 1329 1390 1357 xxvu,
1408 1323 1451 1350 14.

1030 1369 1160 1397 Audiens
1178 1368 1284 1398 Ruben
1301 1368 1406 1405 iniqua
1423 1368 1549 1397 fratrum
1564 1369 1659 1398 verba
1673 1372 1776 1400 contra

994 1416 1117 1453 loseph,
1141 1416 1232 1445 dixit:
1259 1427 1273 1442 «
1293 1418 1358 1445 Non
1381 1415 1594 1444 interficiamus
1614 1424 1701 1453 eum,
1721 1426 1777 1447 nec

995 1464 1185 1493 effundamus
1198 1463 1376 1499 sanguinem
1391 1464 1469 1499 ejus,
1483 1474 1498 1489 n
1509 1465 1563 1492 etc.
1577 1464 1669 1492 Judas
1688 1465 1777 1493 ctiam

997 1511 1161 1545 consuluit,
1177 1511 1261 1547 quod
1274 1518 1337 1539 non
1352 1510 1547 1546 occideretur,
1564 1510 1618 1538 sed
1632 1511 1778 1540 vendere-

996 1560 1053 1594 tur,
1069 1560 1098 1586 et
1111 1559 1153 1586 sic
1167 1558 1271 1586 saltem
1290 1557 1389 1585 minus
1403 1557 1518 1586 malum
1533 1558 1776 1588 committeretur.

997 1605 1074 1638 Gen„
1088 1613 1197 1640 xxxvii,
1211 1606 1257 1640 22,
1272 1606 1318 1639 26,
1333 1606 1380 1633 27.

1031 1653 1121 1681 Soror
1143 1653 1235 1689 Moysi
1257 1652 1336 1680 bene
1356 1651 1448 1680 suasit
1466 1651 1536 1680 filiae
1554 1651 1733 1688 Pharaonis,
1746 1654 1779 1682 ut

995 1700 1104 1729 mulier
1126 1700 1248 1729 Hebraea
1269 1707 1326 1736 pro
1351 1699 1511 1728 nutriendo
1534 1700 1662 1736 parvulo
1687 1708 1778 1730 voca-

995 1749 1086 1782 retur,
1098 1748 1200 1782 Exod„
1215 1755 1247 1782 11,
1262 1748 1289 1781 7,
1307 1747 1335 1775 8.

1031 1795 1077 1824 Ad
1089 1795 1245 1823 utilitatem
1257 1793 1377 1831 populi,
1393 1795 1422 1822 et
1435 1794 1659 1823 alleviationem
1672 1795 1776 1831 Moysi,

995 1843 1072 1870 bene
1088 1842 1238 1870 consuluit
1251 1842 1361 1876 Jethro,
1373 1843 1406 1870 ut
1420 1841 1552 1870 minores
1564 1842 1681 1877 judices
1696 1850 1778 1871 cons-

994 1889 1110 1919 titueret
1123 1890 1153 1917 in
1166 1889 1294 1926 populo,
1309 1890 1408 1922 Επεὶ,
1424 1897 1507 1924 xvm,
1522 1891 1556 1917 14
1572 1891 1600 1917 et
1614 1898 1676 1926 seq.

1030 1939 1111 1966 Bona
1126 1937 1331 1965 exhortatione
1345 1936 1474 1971 Abigail,
1487 1945 1608 1964 aversus
1626 1939 1669 1965 est
1684 1937 1776 1965 David

994 1993 1012 2013 a
1026 1984 1180 2021 proposito
1198 1983 1346 2011 fundendi
1364 1983 1542 2018 sanguinem
1555 1984 1660 2018 Nabal,
1677 1985 1774 2019 IReq„

993 2039 1060 2066 xxv,
1077 2033 1112 2059 24
1131 2033 1159 2059 et
1172 2039 1234 2066 seq.

1031 2080 1145 2106 Bonum
1165 2077 1323 2105 consilium
1338 2077 1421 2106 dedit
1434 2077 1533 2106 Abner
1547 2077 1643 2106 Asaeli
1657 2086 1687 2105 se
1702 2078 1776 2106 inse-

994 2126 1107 2162 quenti,
1124 2124 1242 2152 dicens:
1261 2133 1275 2151 «
1294 2124 1358 2152 Noli
1372 2132 1420 2152 me
1436 2125 1536 2160 sequi,
1552 2133 1590 2153 ne
1612 2126 1776 2161 compellar

993 2172 1154 2201 confodere
1170 2173 1198 2200 te
1212 2172 1242 2200 in
1256 2173 1375 2199 terram.
1396 2182 1408 2198 »
1423 2171 1509 2206 Quod
1521 2172 1591 2208 quia
1606 2172 1656 2200 ille
1671 2173 1776 2200 audire

994 2219 1186 2256 contempsit,
1203 2219 1242 2249 ab
1264 2219 1373 2248 eodem
1392 2219 1506 2248 occisus
1522 2222 1574 2248 est.
1590 2220 1611 2248 ll
1635 2221 1714 2254 Req„
1738 2228 1774 2256 11,

991 2269 1037 2303 22,
1050 2269 1096 2296 23,

1028 2314 1192 2343 Consilium
1205 2314 1322 2342 bonum
1337 2314 1482 2342 dederunt
1495 2313 1633 2342 Roboam
1646 2314 1709 2342 filio
1724 2314 1775 2342 Sa-

992 2362 1122 2391 lomonis
1136 2361 1267 2389 seniores
1276 2371 1285 2397 ;
1301 2361 1351 2389 ille
1365 2370 1437 2389 vero
1451 2362 1482 2390 in
1496 2361 1611 2390 malum
1625 2370 1713 2390 suun]
1728 2369 1775 2390 ac-

994 2409 1105 2446 quievit
1121 2409 1246 2438 consilio
1261 2409 1433 2445 juniorum,
1445 2410 1478 2438 ΙΙΙ
1492 2411 1569 2444 Ray..
1587 2417 1621 2443 11,
1637 2411 1654 2435 7
1669 2412 1696 2437 et
1711 2416 1773 2445 seq.
1789 2433 1791 2435 ,

1030 2459 1103 2485 Cum
1117 2458 1248 2485 Naaman
1266 2459 1356 2493 Syrus
1374 2457 1415 2484 ad
1430 2457 1558 2485 verbum
1572 2457 1665 2484 Elisaei
1679 2456 1775 2484 abiret

993 2504 1180 2540 indignatus,
1195 2504 1272 2531 servi
1286 2504 1332 2531 sui
1347 2506 1501 2532 suaserunt
1515 2504 1561 2538 ei,
1575 2506 1606 2531 ut
1624 2503 1775 2539 prophetae

993 2552 1078 2580 facile
1091 2551 1268 2579 mandatum
1279 2550 1431 2587 impleret:
1444 2559 1573 2587 quorum
1587 2550 1707 2578 monitis
1720 2550 1776 2578 uti-

994 2599 1060 2627 liter
1072 2598 1229 2635 acquievit.
1246 2598 1279 2626 lV
1293 2599 1372 2632 Rea„
1388 2605 1417 2626 v.

1031 2646 1169 2681 Quandiu
1183 2645 1256 2673 vixit
1273 2645 1378 2673 loiada
1391 2644 1540 2681 pontifex,
1560 2645 1612 2681 qui
1626 2645 1703 2673 benc
1718 2644 1776 2672 ins-

995 2694 1111 2724 truebat
1118 2695 1186 2724 Joas
1197 2700 1298 2729 regem
1308 2692 1394 2728 Juda,
1407 2692 1522 2722 tamdiu
1531 2692 1586 2722 fuit
1597 2692 1649 2722 ille
1662 2693 1759 2722 bonus
1765 2703 1774 2729 5
