2004 3037
229 216 290 250 508

228 291 290 314 vm.
309 293 324 311 ιι
335 285 417 314 'runc
433 284 632 322 imponebant
648 293 758 317 manus
770 293 862 324 super
876 285 964 324 illos,
981 286 1010 314 et

229 331 430 368 accipiebant,
443 342 457 358 »
474 333 530 362 ete.
572 351 575 353 -
917 351 920 353 Δ

263 377 370 407 Saulus
383 377 425 408 ad
436 379 547 409 terram
560 381 736 417 prostratus,
749 382 777 410 et
788 379 948 410 salubriter
961 387 1011 410 ex-

228 427 368 459 emeatus,
388 427 494 463 postea
513 427 658 457 surrexit:
676 430 705 457 et
720 428 752 457 in
767 429 944 457 Damascum
953 435 1008 457 ve·

227 472 313 501 niens
334 480 421 502 orare
440 474 544 512 coepit,
569 476 597 504 et
618 474 674 504 fuit
697 475 794 504 tribus
817 475 925 504 diebus
946 482 1010 504 non

226 519 414 550 manducans
425 529 482 550 nec
495 521 613 551 bibens.
628 523 706 558 Act„
720 530 761 552 rx.

262 567 418 596 Cornelius
435 569 573 598 Centurio
594 571 658 599 erat
678 569 724 599 vir
740 569 899 606 religiosus
919 577 955 599 ac
971 569 1010 598 ti-

227 621 313 642 mens
326 615 419 644 Deum
437 623 507 645 eum
520 615 603 645 omni
618 617 711 645 domo
725 625 796 653 sua,
809 616 921 646 faciens
932 616 1011 646 elee-

227 669 370 699 mosynas
382 662 492 692 multas
504 663 604 701 plebi,
618 665 648 694 et
667 664 832 702 deprecans
850 664 1010 693 Dominum

227 716 356 746 semper,
366 712 395 739 et
404 718 458 747 per
467 710 525 740 hoe
535 711 684 748 disposuit
692 720 723 740 se
732 711 772 741 ad
781 711 884 740 fidem.
894 712 969 747 Act„
979 719 1009 740 x.

227 756 309 785 Unde
323 758 476 794 sequitur:
494 769 509 786 «ι
522 759 675 788 Orationes
688 760 749 788 tuae
764 760 794 789 et
810 758 1010 796 eleemosynas

227 804 425 834 ascenderunt
436 804 468 834 in
482 805 662 835 memoriam
673 805 706 834 in
719 807 882 843 conspeetu
896 805 956 834 Dei.
974 816 989 833 ι»

263 851 402 880 Ascendit
415 853 515 881 Petrus
526 853 558 881 in
569 853 726 889 superiora
735 853 855 888 domus,
865 854 899 881 ut
911 854 1010 881 oraret

229 897 307 928 cirea
326 898 433 928 horam
451 901 581 935 sextam,
607 901 640 929 ut
660 899 771 929 scilieet
791 902 893 937 posset
915 899 1009 928 devo-

228 945 286 974 tius
300 953 387 975 orare
405 953 424 975 a
441 945 555 976 familia
569 946 692 976 inferius
710 946 851 976 existente
864 948 1008 976 remotus.

227 994 304 1026 Act„
315 1002 346 1023 x.

263 1042 366 1070 Petrus
380 1042 556 1072 servabatur
575 1042 607 1072 in
621 1050 739 1072 carcere
758 1042 896 1079 Herodis3
915 1052 928 1070 α
943 1051 1010 1072 ora-

227 1088 269 1117 tio
287 1090 387 1118 autem
405 1089 498 1119 fiebat
511 1090 574 1119 sine
590 1089 804 1119 intermissione
823 1089 863 1119 ab
879 1089 1009 1120 Ecclesia

227 1135 268 1165 ad
281 1137 373 1165 Deum
387 1145 443 1174 pro
458 1145 503 1166 eo>
521 1147 536 1164 n
549 1137 627 1174 Act„
642 1145 692 1167 ¹11.

263 1184 337 1213 Cum
360 1183 482 1214 dixisset
504 1185 627 1221 Spiritus
645 1187 763 1214 sanetus
783 1195 791 1214 ε
814 1197 828 1212 ιι
852 1187 1008 1222 segregate

227 1230 301 1259 mihi
324 1231 445 1260 saulum
470 1235 499 1261 et
520 1232 687 1262 Barnabam
712 1233 744 1261 in
765 1241 842 1270 opus
863 1233 903 1261 ad
924 1233 1008 1270 quod

227 1278 373 1315 assumpsi
388 1287 454 1314 eos,
475 1290 489 1305 υ
506 1280 639 1316 sequitur
652 1289 659 1308 :
679 1290 693 1306 (ι
708 1281 787 1308 Tunc
799 1280 967 1316 jejunantes
982 1282 1009 1309 et

227 1327 359 1360 orantes,
375 1325 622 1364 imponentesque
641 1327 683 1355 eis
699 1335 816 1362 manuS,
833 1327 1009 1356 dimiserunt

227 1371 306 1400 illos.
325 1383 339 1399 »
357 1374 390 1401 Et
411 1374 555 1410 sequitur,
577 1374 662 1410 quod
683 1374 816 1402 fecerunt
838 1374 1008 1403 mirabilem

226 1418 365 1448 fructum.
381 1420 458 1453 Act„
473 1429 535 1455 xm,
551 1422 580 1449 et
593 1421 745 1458 deinceps.

263 1467 354 1495 Eunte
369 1467 460 1496 Paulo
475 1467 514 1495 ad
525 1467 701 1501 orationem,
713 1467 847 1496 obviavit
859 1468 884 1496 ei
894 1468 1006 1505 puella,

228 1521 294 1550 quoe
307 1513 443 1550 spiritum
457 1515 623 1551 pythonem
635 1514 783 1550 habebat;
799 1523 889 1552 quem
901 1515 1009 1544 Paulus

228 1561 356 1598 expulit,
376 1562 551 1599 praecipiens
570 1563 597 1590 ei
617 1563 648 1591 in
666 1562 789 1592 nomine
807 1564 875 1591 Jesu
893 1563 1007 1591 Christi.

228 1608 304 1642 Act„
319 1616 378 1637 xvi.

264 1655 415 1684 Recedens
435 1656 543 1685 Paulus
566 1664 584 1686 a
605 1656 745 1685 fratribus
773 1657 811 1685 de
836 1657 918 1692 Asia,
942 1659 1011 1693 post

228 1701 369 1738 pulchros
384 1711 537 1731 sermones
552 1706 579 1732 et
592 1704 642 1740 pia
654 1704 758 1738 verba,
776 1715 789 1730 (ι
808 1704 911 1740 positis
927 1704 1010 1740 geni-

229 1749 287 1777 bus
306 1757 375 1777 cum
397 1750 537 1778 omnibus
556 1750 614 1778 illis
630 1751 742 1785 oravit;
764 1759 891 1786 magnus
910 1755 1009 1780 autem

230 1795 316 1824 fletus
330 1796 423 1824 sactus
441 1799 484 1825 est
495 1797 630 1825 omnium
646 1797 695 1834 (a).
710 1808 724 1824 n
742 1799 818 1830 Act„
837 1805 883 1826 xx.

264 1844 357 1871 Orans
379 1846 479 1872 autem
497 1843 528 1871 in
548 1844 661 1880 templo
681 1843 788 1872 Paulus
807 1844 899 1872 sactus
918 1845 960 1872 est
978 1844 1009 1872 in

229 1891 382 1926 stuporem
400 1890 522 1925 mentis,
543 1893 571 1918 et
589 1891 665 1918 vidit
679 1891 836 1919 Dominum
852 1892 950 1919 lesum
966 1891 1010 1919 di-

229 1940 344 1966 centem
363 1937 439 1966 sibi:
459 1949 472 1963 «
492 1938 617 1974 Festina,
636 1941 664 1967 et
680 1939 727 1967 exi
747 1939 804 1967 cito
826 1938 862 1966 de
878 1938 1011 1967 Hierusa-

229 1983 299 2019 lem,
314 1995 327 2011 »
346 1987 399 2013 ete.
416 1985 492 2020 Ave„
508 1993 579 2014 xxii.

264 2032 346 2060 Patre
377 2031 472 2060 Publii
512 2032 646 2060 febribus
670 2035 698 2061 et
730 2031 897 2069 dysenteria
925 2032 1009 2061 labo-

229 2080 329 2114 rante,
353 2087 421 2107 cum
446 2082 557 2108 orasset
579 2080 704 2114 Paulus,
727 2082 755 2108 et
776 2080 965 2116 imposuisset
983 2080 1010 2108 ei

231 2134 350 2161 manuS,
366 2127 480 2154 sanavit
495 2135 573 2155 eum.
591 2128 665 2159 Act..
682 2136 782 2155 xxvnr.

266 2173 422 2208 Apostolus
436 2174 557 2207 PaquS,
577 2174 628 2210 qui
645 2174 793 2201 orandum
809 2182 871 2202 esse
887 2174 950 2202 sine
965 2174 1010 2202 in-

230 2219 414 2247 termissione
424 2221 576 2255 monebat,
592 2222 600 2248 Ι
619 2222 719 2253 ΤΙιεςς.,
730 2229 760 2255 v,
771 2221 827 2249 hoc
841 2221 938 2257 ipsum
953 2221 1011 2249 sol-

230 2265 308 2294 licite
322 2265 458 2299 faciebat,
474 2269 562 2301 Rom„
579 2275 601 2295 t:
613 2278 626 2293 α
641 2269 707 2295 Sine
722 2268 936 2296 intermissione
951 2277 1011 2296 me-

230 2313 359 2341 moriam
386 2315 476 2342 vestri
508 2314 584 2343 facio
616 2323 735 2351 semper
762 2315 793 2343 in
826 2315 1011 2344 orationibus

231 2360 316 2388 meis.
333 2371 345 2386 »

267 2408 349 2436 Adeo
365 2408 478 2443 grande
494 2409 522 2436 et
535 2408 663 2437 arduum
678 2416 755 2444 opus
769 2411 811 2437 est
821 2417 916 2443 orare,
928 2410 1011 2446 quod

233 2454 295 2489 ipse
309 2454 416 2482 Paulus
438 2454 591 2491 apostolus
615 2455 653 2483 ad
675 2454 707 2483 id
730 2456 882 2490 agendum
903 2456 1011 2484 idonee

233 2501 351 2529 dicebat
369 2509 400 2529 se
424 2502 620 2530 sufficientem
640 2510 701 2530 non
725 2511 799 2538 esse,
824 2504 914 2538 Rom„
939 2511 1009 2532 viu.-

236 2559 249 2573 «ι
264 2550 336 2576 Nam
355 2549 429 2585 quid
444 2557 563 2577 oremus
582 2549 657 2578 sicut
671 2553 804 2585 oportet,
820 2551 978 2578 nescimus.
995 2562 1009 2576 η

233 2596 354 2631 Propter
368 2595 451 2632 quod
467 2596 528 2633 ipse
544 2597 693 2626 orationes
704 2597 831 2626 aliorum
844 2598 1012 2634 frequenter

267 2693 302 2725 (α)
318 2694 379 2719 Coet.
395 2695 455 2719 edit.
474 2696 603 2721 omnibus.

843 217 978 251 BIBLlA
997 214 1228 250 PAUPERUM.

1065 285 1094 314 et
1110 283 1266 314 humiliter
1284 284 1494 321 postutabam
1512 284 1617 322 Utens„
1627 292 1668 315 v:
1685 293 1701 314 ι
1713 282 1843 324 Fratres,

1065 333 1148 361 orate
1159 339 1216 369 pro
1229 331 1329 362 nobis.
1343 340 1359 359 ι»

1100 378 1219 408 Petebat
1232 380 1333 407 autern
1355 379 1465 408 Paulus
1477 379 1628 410 orationes
1645 380 1726 417 fieri,
1740 383 1770 411 et
1787 389 1845 420 pro

1065 425 1153 456 malis
1165 427 1342 455 amovendis
1352 447 1361 462 ,
1377 427 1407 456 et
1419 435 1476 464 pro
1489 426 1580 456 bonis
1599 427 1782 458 obtinendis.
1805 430 1846 459 De

1062 473 1173 511 primo,
1189 475 1280 509 Rom„
1293 482 1348 502 xv:
1368 484 1382 501 α
1395 474 1525 503 Obsecro
1539 482 1607 510 vos,
1620 475 1736 511 fratres,
1749 478 1783 505 ut
1793 476 1848 506 ad·

1063 520 1173 557 juvetis
1186 529 1235 550 me
1250 521 1281 549 in
1297 521 1483 550 orationibus
1496 521 1537 550 ad
1559 522 1737 559 Dominum,
1759 525 1793 553 ut
1813 523 1848 553 li-

1064 567 1152 597 berer
1165 567 1205 597 ab
1228 568 1399 597 infidelibus
1410 589 1420 604 ,
1435 579 1450 596 a>
1474 570 1529 598 etc.
1545 569 1632 604 Quod
1653 572 1753 599 autem
1773 570 1850 600 alio-

1064 621 1132 643 rum
1160 615 1346 644 orationibus
1375 615 1510 644 crederet
1538 624 1571 644 se
1594 616 1693 653 juvari
1710 637 1720 652 ,
1753 617 1846 655 dicit,

1066 665 1088 694 lt
1104 664 1199 700 Con-„1
1215 673 1222 694 :
1237 675 1252 692 t(
1263 667 1301 694 De
1315 666 1402 694 tantis
1411 665 1554 703 periculis
1567 666 1676 702 eripuit
1686 675 1742 695 nos
1755 668 1846 703 Deus:

1065 710 1097 739 in
1120 720 1211 749 quem
1231 719 1409 749 speramus,
1433 713 1579 749 quoniam
1601 713 1700 742 adhue
1724 714 1843 751 eripiet,

1066 758 1280 795 adjuvantibus
1293 761 1322 787 et
1342 759 1430 788 vobis
1441 759 1473 787 in
1487 760 1623 788 oratione
1637 768 1694 797 pro
1710 761 1811 790 nobis.
1829 771 1843 788 n

1063 806 1212 840 Quantum
1224 805 1264 834 ad
1280 806 1450 835 secundum
1458 827 1468 842 ‚
1485 800 1600 836 seilicet
1613 807 1654 836 ad
1666 808 1749 838 hona
1757 830 1766 845 ,
1780 817 1848 846 quae

1066 853 1199 882 obtinere
1221 861 1275 890 per
1289 853 1419 883 aliorum
1441 854 1592 883 orationes
1607 855 1750 892 optabat,
1770 855 1846 886 diei-

1065 902 1122 933 tur,
1139 900 1249 932 Coloss..
1266 908 1297 929 1v
1312 909 1320 929 :
1339 911 1352 927 α
1368 901 1490 930 Orantes
1509 909 1565 939 pro
1579 902 1669 931 nobis
1680 923 1690 939 ,
1718 904 1751 932 ut
1771 904 1848 932 Deus

1064 948 1177 985 aperiat
1190 948 1278 977 nobis
1300 949 1410 978 ostium
1425 950 1571 978 sermonis
1593 950 1632 980 ad
1657 951 1846 988 loquendum

1064 995 1238 1032 mysterium
1251 996 1388 1025 Christi.»
1402 998 1485 1032 item,
1497 999 1519 1027 tt
1534 999 1668 1034 Thessal„
1682 1006 1735 1028 tn:
1754 1009 1768 1025 «
1779 1000 1843 1029 Fra·

1065 1045 1137 1077 tres,
1152 1044 1234 1072 orate
1252 1051 1309 1080 pro
1332 1043 1438 1080 nobis,
1461 1046 1495 1073 ut
1517 1053 1616 1074 sermo
1635 1046 1685 1074 nei
1707 1048 1806 1076 currat
1819 1049 1847 1076 et

1065 1089 1251 1118 clarificetur.
1271 1101 1285 1117 ι)

1101 1137 1210 1166 Orabat
1223 1137 1332 1166 Paulus
1346 1145 1402 1175 pro
1417 1137 1501 1173 aliis,
1513 1140 1546 1167 ut
1560 1147 1612 1168 eos
1634 1139 1736 1169 videre
1747 1161 1757 1176 ,
1772 1142 1801 1169 et
1814 1141 1846 1170 in

1064 1184 1106 1212 eis
1127 1184 1301 1213 fructificare
1324 1186 1443 1221 posset,
1469 1187 1557 1219 Rom.‚
1580 1194 1614 1215 1:
1641 1195 1655 1213 α
1674 1187 1845 1217 Memoriam

1063 1231 1152 1260 vestri
1172 1240 1290 1268 semper
1304 1232 1381 1260 facio
1397 1232 1428 1260 in
1449 1233 1636 1261 orationibus
1651 1234 1741 1269 meis,
1758 1234 1846 1262 obse-

1064 1287 1163 1314 crans,
1180 1279 1203 1306 si
1225 1287 1286 1315 quo
1301 1279 1394 1307 modo
1409 1287 1589 1317 prosperum
1603 1281 1656 1309 iter
1670 1280 1800 1309 habeam
1814 1281 1845 1310 in

1063 1326 1214 1354 voluntate
1225 1326 1272 1353 Dei
1284 1326 1423 1354 veniendi
1436 1325 1475 1355 ad
1486 1335 1574 1355 vos.»
1592 1329 1673 1362 ttem,
1685 1329 1705 1357 ΙΙ
1723 1329 1843 1361 Tim.,1:

1067 1384 1080 1400 α
1095 1374 1160 1401 Sine
1185 1373 1402 1402 intermissione
1423 1373 1523 1402 habeo
1549 1375 1592 1402 tui
1615 1375 1793 1404 memoriam
1813 1376 1844 1405 in

1064 1421 1249 1449 orationibus
1268 1421 1363 1456 meis,
1387 1422 1473 1449 nocte
1496 1429 1532 1450 ac
1555 1421 1605 1450 die
1624 1422 1797 1451 desiderans
1818 1426 1844 1452 te

1064 1468 1176 1496 videre.
1192 1478 1204 1493 u

1101 1516 1192 1550 ltem,
1206 1517 1238 1544 ut
1253 1517 1328 1544 Deus
1347 1523 1399 1544 eos
1420 1515 1458 1544 ad
1482 1516 1563 1544 viam
1586 1515 1688 1545 salutis
1706 1520 1843 1554 voearet,

1064 1563 1084 1591 Il
1103 1563 1233 1597 Thessal„
1250 1570 1259 1590 1
1276 1571 1283 1590 :
1302 1572 1316 1589 α
1332 1564 1456 1591 Oramus
1476 1571 1594 1600 semper
1613 1572 1669 1600 pro
1687 1563 1791 1600 vobis,
1813 1566 1846 1593 ut

1065 1610 1203 1645 dignetur
1217 1618 1272 1638 vos
1291 1618 1401 1638 vocare
1416 1610 1571 1638 vocatione
1586 1619 1641 1639 sua
1655 1614 1757 1640 saneta
1770 1613 1845 1641 Deus

1064 1659 1170 1691 vester,
1187 1659 1215 1685 et
1229 1657 1369 1693 impleat,
1385 1666 1399 1682 n
1415 1660 1469 1685 etc.

1100 1705 1168 1731 ltem
1181 1726 1188 1738 ‚
1203 1706 1235 1731 ut
1251 1704 1303 1740 ipsi
1321 1711 1438 1740 semper
1451 1704 1488 1731 de
1504 1703 1585 1732 bono
1609 1705 1639 1731 in
1654 1704 1760 1732 melius
1774 1713 1843 1741 pro-

1064 1751 1198 1783 ficerent,
1215 1751 1347 1785 Philipp„
1362 1758 1370 1777 1
1386 1758 1392 1777 ε
1412 1760 1426 1775 «
1441 1751 1500 1777 tloc
1520 1758 1591 1785 oro,
1606 1753 1638 1778 ut
1654 1751 1778 1780 charitas
1793 1760 1843 1781 ve-

1063 1800 1122 1825 stra
1138 1797 1233 1831 magis
1247 1805 1281 1824 ac
1297 1797 1392 1831 magis
1407 1796 1550 1824 abundet.
1566 1807 1580 1821 n

1101 1846 1170 1871 item
1187 1864 1195 1877 ,
1224 1844 1257 1871 ut
1284 1843 1503 1879 plenitudinem
1534 1843 1643 1871 divinoe
1666 1843 1844 1880 cognitionis

1063 1890 1225 1925 haberent,
1244 1891 1355 1924 Coloss.,
1370 1898 1379 1918 ι
1393 1898 1400 1917 ε
1420 1899 1432 1915 «
1445 1891 1508 1918 Non
1522 1898 1672 1918 cessamus
1686 1899 1741 1927 pro
1755 1891 1844 1919 vobis

1064 1940 1181 1966 orantes
1196 1940 1223 1966 et
1236 1938 1430 1974 postulantes,
1447 1939 1479 1966 ut
1493 1937 1678 1974 impleamini
1693 1932 1855 1974 agnitione*

1064 1985 1223 2013 voluntatis
1238 1985 1310 2020 ejus.
1323 1995 1337 2011 n

1100 2032 1257 2068 Apostolus
1267 2031 1394 2059 Jacobus
1407 2031 1574 2060 orationem
1587 2031 1657 2060 dicit
1671 2031 1770 2060 valere
1785 2040 1841 2069 pro

1065 2079 1227 2107 obtinenda
1250 2078 1397 2114 corporali
1421 2078 1532 2113 salute,
1550 2079 1621 2111 Jac„
1641 2087 1657 2107 v
1684 2088 1691 2107 :
1714 2079 1842 2108 «Oratio

1064 2126 1133 2154 iidei
1148 2126 1274 2153 salvabit
1289 2125 1450 2153 infirmum.
1465 2135 1479 2150 n

1101 2175 1171 2202 Item
1186 2182 1241 2209 pro
1255 2176 1364 2201 :eterna
1376 2193 1385 2207 ,
1411 2180 1477 2208 quae
1502 2174 1545 2200 est
1562 2172 1643 2200 salus
1659 2172 1841 2209 simpliciter,

1065 2223 1093 2248 et
1107 2228 1166 2248 una
1177 2240 1186 2254 ,
1199 2222 1269 2253 Juc„
1284 2228 1301 2247 v
1317 2228 1323 2247 :
1342 2230 1355 2244 «ι
1371 2220 1455 2247 Orate
1470 2227 1526 2255 pro
1542 2219 1667 2248 invicem
1678 2241 1687 2255 ,
1702 2223 1733 2248 ut
1747 2220 1842 2248 salve-

1065 2275 1147 2296 mint.
1164 2277 1177 2293 u

1314 2319 1455 2354 CAPUT
1482 2319 1589 2354 XVII.

1270 2391 1309 2417 De
1328 2390 1469 2424 lacrymis,
1488 2390 1545 2417 sive
1563 2390 1635 2423 fletu.

1101 2455 1190 2484 Flevit
1211 2457 1287 2490 Agar
1313 2454 1401 2489 longe
1421 2454 1460 2481 ab
1485 2454 1608 2482 ismaele
1638 2453 1745 2481 sedens
1757 2473 1764 2486 ,
1787 2460 1841 2481 nec

1065 2503 1159 2531 voluit
1174 2502 1275 2529 videre
1289 2509 1416 2537 puerum
1431 2501 1617 2529 morientem.
1635 2501 1712 2534 Gen„
1723 2507 1783 2528 xxl.

1102 2549 1217 2585 Ejulutu
1235 2556 1345 2582 magno
1361 2548 1441 2575 flevit
1456 2549 1541 2582 Esau,
1554 2549 1586 2575 ut
1599 2546 1839 2575 benedictionem

1065 2597 1157 2633 patris
1173 2595 1305 2623 haberet.
1321 2596 1397 2628 Gen.¹
1412 2602 1504 2623 xxvu.

1101 2642 1350 2675 venitAbraham,
1361 2643 1393 2669 ut
1408 2652 1420 2667 «
1427 2641 1580 2677 plangeret
1589 2642 1617 2669 et
1624 2640 1707 2669 fleret
1715 2650 1729 2667 υ
1738 2641 1840 2669 saram

1066 2697 1191 2719 uxorem
1205 2696 1280 2717 suan
1295 2688 1475 2717 defunctam.
1491 2688 1568 2722 Gen„
1582 2695 1665 2715 xxm.
