2004 3037
638 211 686 244 DE
708 210 981 246 POENl'rENTJA.
1004 210 1092 243 GAP.
1115 210 1166 243 Vl.

97 280 208 310 scilicet
234 289 414 318 occupemus
435 289 500 310 nos·
523 283 595 310 Nem
614 287 684 309 caro
713 281 814 308 nostra
835 278 875 307 ad

98 327 205 356 flatum
221 327 348 364 diaboli,
373 328 448 356 sicut
462 327 554 356 carbo
567 326 663 363 ignis,
687 325 874 361 accenditur,

99 377 127 403 et
149 374 224 403 sicut
245 375 313 403 ollae
328 383 476 403 succensae
501 376 590 410 atque
611 373 770 402 ferventes.
794 372 875 401 Unde

99 421 206 450 dicitur
222 429 228 442 ¹
245 432 251 450 ε
268 423 379 450 Halitus
400 422 456 456 eius
476 429 582 457 prunas
605 420 701 448 ardere
724 421 804 454 facit.
830 422 876 448 Est

99 469 188 496 etiam
205 469 352 504 jejunium
374 468 448 496 sicut
467 467 583 503 agilitas
605 467 636 495 in
655 467 779 495 avicula.
802 468 875 495 Nam

99 516 174 544 sicut
196 517 259 544 avis
282 516 439 544 macilenta
464 517 506 544 est
527 515 613 551 agilis
634 515 674 544 ad
699 514 876 549 fugiendum

99 563 286 600 accipitrem,
308 563 347 591 ad
369 562 504 590 volatum
523 562 699 598 sublimem;
726 561 767 589 sic
793 569 877 589 mens

99 609 228 639 hominis
243 609 402 644 jejunantis
418 611 445 637 et
459 609 631 637 abstinentis
651 611 694 636 est
707 607 817 636 habilis
837 607 876 635 ad

99 656 274 692 fugiendum
293 655 480 692 accipitrem,
506 655 537 683 id
561 657 604 684 est
623 655 715 684 hostis
741 654 876 683 tentatio-

100 711 184 737 nem,
206 703 246 731 ad
268 703 427 731 sublimem
448 702 583 730 volatum
606 701 875 738 contemplationis.

100 752 138 778 De
153 750 204 778 tali
220 749 327 777 dicitur
341 751 352 767 Ξ
366 759 372 777 ;
392 751 503 777 Volavz't
517 757 598 784 super
613 757 713 784 pennas
727 751 876 776 ventorum.

102 797 217 825 volavit
231 796 375 832 fugiendo
389 796 593 831 tentationem,
609 798 636 824 et
650 795 763 824 volavit
777 803 807 823 se
823 795 878 823 ele-

101 844 200 872 vando
223 843 261 871 ad
281 843 573 879 contemplationem.
596 844 615 870 E
638 843 787 870 contrario
806 850 878 870 vero

102 894 144 920 est
157 891 195 920 dc
209 892 293 927 gravi
307 893 336 920 et
353 891 475 928 pingui,
497 891 570 920 sicut
585 891 622 919 de
638 891 788 919 coturnice
806 893 878 918 tem-

101 947 174 975 pore
188 938 425 972 vindemiarum,
441 947 509 974 quae
524 946 585 966 non
599 940 694 974 potest
708 937 878 973 accipitrem

101 985 220 1022 fugere,
236 993 290 1013 nec
306 985 363 1013 alte
379 985 480 1013 volare
499 994 507 1013 :
523 985 565 1012 sic
578 984 715 1012 homines
730 985 812 1012 carni
827 985 879 1013 de-

103 1032 172 1067 diti,
189 1040 243 1060 nec
256 1032 334 1060 bene
353 1033 477 1068 possunt
491 1032 685 1059 tentationem
705 1031 820 1059 diaboli
835 1032 878 1059 vi-

101 1081 179 1113 tare,
197 1086 251 1107 nec
265 1079 342 1106 bene
365 1078 495 1106 coelestia
518 1077 725 1114 contemplari.
751 1077 832 1105 Unde
848 1078 879 1105 in

102 1125 196 1161 figura
210 1126 335 1154 istorum
350 1125 426 1153 Elias
439 1126 448 1142 ³
465 1125 603 1160 jejunavit
619 1125 805 1160 quadraginta
820 1124 879 1151 die-

102 1173 148 1200 bus
162 1175 187 1200 et
201 1173 386 1208 quadraginta
408 1173 530 1199 noctibus
540 1193 549 1207 ,
565 1173 598 1199 ut
613 1171 723 1199 scilicet
742 1179 880 1207 persecu-

102 1220 213 1248 tionem
236 1220 349 1248 lezabel
375 1219 531 1254 evaderet,
557 1222 585 1248 et
609 1219 649 1248 ad
670 1222 804 1247 montem
832 1219 879 1246 Dei

102 1267 198 1295 Horeb
214 1267 250 1303 (a)
267 1267 397 1294 celeriter
410 1267 597 1303 perveniret,
619 1269 651 1294 ut
667 1267 776 1302 legitur
796 1266 827 1293 in
848 1266 881 1293 li-

102 1313 164 1345 bris
178 1315 289 1348 Regum.
306 1314 381 1342 Elias
395 1314 426 1341 in
444 1314 542 1349 figura
556 1313 652 1349 signat
674 1313 806 1341 animam
828 1312 881 1340 ho-

103 1361 191 1389 minis
211 1361 400 1395 abstinentis;
422 1361 587 1397 persecutio
609 1360 727 1388 Jezabel
747 1360 881 1395 designat

104 1408 294 1435 tentationem
309 1408 419 1442 earnis;
436 1409 463 1435 et
479 1415 565 1434 mons
585 1407 633 1435 Dei
650 1408 744 1434 Horeb
769 1407 880 1442 signifi-

105 1457 151 1482 cat
164 1454 376 1482 sublimitatem
390 1454 658 1489 contemplationis,
675 1455 722 1481 Est
737 1454 825 1481 etiam
839 1453 882 1487 je—

102 1501 220 1537 junium
232 1523 240 1533 ,
262 1501 336 1528 sicut
359 1501 528 1528 concavitas
543 1501 574 1528 in
597 1500 676 1528 vieta
693 1510 698 1527 :
715 1508 784 1527 nam
808 1501 883 1528 sicut

105 1548 191 1581 viela,
206 1548 261 1575 nisi
273 1549 348 1575 esset
361 1555 502 1582 concava,
518 1550 546 1575 et
561 1547 678 1574 chordae
693 1549 883 1582 superexten-

105 1603 162 1629 sae,
177 1603 238 1622 non
254 1596 329 1622 esset
347 1602 471 1629 sonosa,
494 1594 534 1621 sic
557 1594 667 1629 homo,
689 1593 746 1621 nisi
770 1601 882 1621 vacuus

105 1649 158 1677 per
172 1641 397 1675 abstinentiam,
413 1643 441 1668 et
455 1643 592 1668 extensus
607 1649 661 1676 per
674 1640 803 1675 rigidam
818 1649 881 1676 poe-

105 1688 268 1723 nitentiam,
282 1696 344 1715 non
358 1688 456 1715 reddit
467 1695 644 1715 sonorosam
663 1680 770 1714 divinae
785 1687 883 1714 laudis

106 1735 278 1762 melodiam.
295 1734 375 1762 Unde
389 1735 420 1761 in
434 1734 532 1769 figura
546 1735 635 1768 hujus
652 1734 725 1762 dixit
742 1735 883 1761 Dominus

105 1781 195 1817 Moysi
210 1782 231 1815 Β,
246 1781 327 1817 quod
343 1781 451 1809 faceret
466 1783 554 1808 altare
567 1789 725 1813 concavum,
741 1789 794 1808 non
814 1782 882 1808 soli-

106 1828 184 1861 dum,
195 1829 241 1855 sed
254 1830 333 1855 inane
345 1828 393 1864 (b).
407 1829 577 1856 Concavum
591 1828 683 1855 altare
701 1830 743 1855 est
758 1836 808 1855 cor
823 1836 883 1863 poe-

107 1874 234 1907 nitentis,
249 1874 301 1902 ubi
317 1875 406 1902 debet
421 1874 571 1902 immolari
587 1874 764 1901 sacrificium
777 1875 884 1902 contri-

107 1921 194 1948 tionis
210 1923 237 1948 et
251 1921 427 1948 sacrificinm
445 1921 559 1954 laudis;
577 1921 657 1956 quod
677 1921 800 1957 quidem
821 1929 883 1949 non

108 1967 196 1994 debet
215 1975 277 1994 csse
301 1967 446 2001 solidum,
467 1968 498 1994 id
521 1970 580 2002 est,
603 1968 716 1995 deliciis
739 1968 884 2004 plenum,

107 2013 160 2041 sed
181 2013 286 2047 inane,
304 2015 332 2040 et
353 2021 519 2040 concavum
533 2034 541 2047 ,
557 2013 589 2040 id
606 2015 648 2040 est
661 2014 833 2049 poenitentia
857 2017 885 2042 et

105 2060 219 2096 jejunio
236 2062 427 2087 attenuatum.

144 2109 192 2135 Est
205 2107 292 2134 etiam
303 2107 452 2142 jejunium
463 2107 629 2134 remedium
644 2108 682 2135 ad
699 2108 882 2143 expiandum

108 2154 267 2188 morbum,
292 2153 407 2181 bonum
431 2154 587 2181 consilium
615 2154 654 2181 ad
678 2155 884 2189 effugiendum

108 2200 213 2236 lupum
224 2222 232 2234 ‚
249 2203 276 2228 et
291 2202 403 2227 certum
418 2200 570 2235 ingenium
585 2201 624 2228 ad
645 2201 885 2236 impugnandum

109 2249 245 2275 castrum.
264 2249 309 2274 Est
323 2247 421 2282 itaque
439 2247 585 2282 jejunium
607 2247 774 2275 remedium
795 2248 882 2275 valde

109 2302 214 2321 sanum
228 2293 267 2321 ad
285 2293 452 2321 curandum
475 2293 612 2321 morbum
629 2303 635 2321 :
652 2302 722 2321 nam
743 2295 817 2322 sicut
838 2295 886 2322 lex

109 2341 205 2376 prima
231 2341 417 2368 medicorum
443 2340 663 2368 infirmantibus
693 2341 885 2376 corporaliter

113 2390 153 2414 est
165 2387 251 2414 djaeta
262 2408 269 2420 ,
286 2387 326 2414 sic
338 2387 469 2422 primum
482 2387 627 2414 auxilium
640 2388 737 2415 vexati
752 2388 886 2415 febribus

115 2433 297 2468 tentationis,
312 2436 355 2461 est
372 2433 518 2468 Jejunium
538 2436 566 2461 et
590 2434 777 2462 abstinentia.
805 2435 885 2462 Unde

149 2528 382 2559 ¹Job,x1,i,12.—
397 2531 404 2544 ²
419 2530 487 2553 Psal.
504 2537 568 2559 xx‘il,
588 2533 622 2554 ll.
636 2545 664 2549 —
676 2532 815 2563 ³111Rey..
831 2538 886 2563 xm,

114 2566 176 2588 3.-
191 2565 198 2578 ⁴
214 2565 301 2593 1520qu
315 2572 426 2596 xxxviii,
439 2568 461 2589 7.
473 2580 504 2583 —
518 2567 527 2582 5
541 2566 751 2598 Jocl.,1=‚12.—
762 2570 771 2582 ⁶
785 2568 886 2597 Manli„

113 2606 175 2629 κνιι,
194 2602 231 2623 20.
248 2614 278 2618 -—-
293 2601 300 2614 ³
315 2601 419 2632 Jmlith,
434 2608 490 2631 viii,
508 2604 539 2631 63
563 2608 622 2632 xm,
642 2606 679 2627 10.
697 2617 727 2621 —
742 2603 752 2620 Β
767 2604 834 2635 Luc„
848 2610 887 2633 xi,

113 2637 150 2659 21.
164 2649 194 2653 —
211 2636 219 2649 '³
237 2635 302 2664 isid„
318 2636 347 2659 cle
365 2637 433 2660 Sum.
449 2638 519 2666 Bon„
539 2637 582 2661 lib.
599 2639 618 2662 ll
630 2656 636 2667 ,
653 2646 675 2662 c.
696 2645 766 2669 xle,
782 2643 846 2663 sent.
863 2641 886 2663 9.

113 2683 141 2688 --
159 2672 177 2687 ¹³
191 2671 251 2701 sxa„
266 2677 339 2701 Lvm,
355 2673 377 2696 G.
390 2685 419 2689 —
436 2674 451 2686 ¹¹
470 2673 543 2704 thid„
558 2674 580 2697 4.

1650 212 1706 242 271

928 278 1076 314 jejunium
1090 279 1212 315 ponitur
1232 279 1330 316 primo
1357 279 1431 308 inter
1453 287 1545 316 opera
1565 278 1710 316 poeniteu-

931 325 977 354 tioe
987 346 996 360 ‚
1011 333 1078 362 quae
1096 325 1201 355 suadet
1219 334 1352 355 summus
1366 326 1417 354 ille
1433 327 1621 363 Hippocrates
1637 326 1712 353 Deus

932 372 962 400 in
984 372 1043 400 suis
1067 372 1245 409 aphorismis
1258 393 1265 407 ,
1291 372 1393 401 dicens
1406 373 1416 389 ¹⁵
1433 381 1439 400 :
1458 373 1653 401 Convertimini
1675 372 1712 399 ad

932 427 973 447 me
986 421 1016 446 in
1031 422 1086 447 toto
1097 420 1175 447 corde
1188 423 1274 448 vestro
1286 441 1293 452 ‚
1311 421 1340 446 in
1348 419 1454 454 jejunio
1464 441 1472 454 ,
1488 421 1542 447 etc.
1560 421 1608 447 Est
1622 419 1711 447 etiam

929 465 1078 501 jejunium
1091 466 1181 494 valde
1193 466 1309 494 bonum
1322 465 1482 494 consilium
1492 465 1531 494 ad
1545 466 1712 501 fugandum

932 511 1054 549 lupum3
1071 513 1146 540 sicut
1160 512 1240 541 enim
1251 512 1344 548 vulgo
1361 511 1467 540 dicitur
1484 521 1490 540 :
1510 523 1522 537 α
1539 513 1644 540 Fames
1658 512 1711 548 eji-

933 559 971 587 cit
985 559 1090 596 lupum
1105 559 1142 587 dc
1157 567 1279 587 nemore
1286 569 1294 594 3
1309 569 1322 585 n
1339 559 1381 587 sic
1399 559 1575 587 abstinentia
1591 561 1618 586 et
1635 559 1712 594 jeju-

933 606 1016 634 nium
1031 606 1135 641 sugant
1149 606 1307 634 diabolum
1331 605 1369 634 ab
1394 605 1526 634 homine.
1543 605 1625 633 Unde
1641 605 1714 634 dici-

933 654 979 681 tur
992 653 1017 685 ⁶3
1034 654 1089 681 Hoc
1104 661 1186 688 genus
1197 653 1407 681 doemonuiorum
1419 661 1472 680 non
1489 653 1607 687 ejicitur,
1619 654 1674 680 nisi
1685 654 1714 680 in

929 699 1036 734 jejimz'o
1051 701 1076 727 et
1091 702 1221 727 oracione.
1239 701 1312 727 Nam
1328 699 1422 728 oratio
1437 699 1521 735 fugat
1535 701 1631 736 pestes
1647 707 1711 727 cor-

935 746 995 781 dis,
1012 749 1040 774 et
1060 747 1209 782 jejunium
1223 750 1319 783 pestes
1344 746 1487 783 corporis,
1509 749 1540 774 ut
1563 746 1634 774 dicit
1655 748 1712 774 Au-

934 793 1077 829 gustinus.
1096 795 1128 822 ln
1142 793 1239 829 figura
1253 794 1343 821 etiam
1357 793 1446 828 hujus
1463 793 1562 822 Judith
1574 793 1714 828 jejunans

933 840 1042 869 occidit
1077 840 1265 868 Holoferncin
1281 862 1289 874 ,
1318 842 1350 868 ut
1378 840 1485 868 dicitur
1513 841 1543 868 in
1573 840 1670 867 Judith
1693 841 1714 868 ⁷.

933 888 1033 917 Judith
1049 910 1057 923 ,
1094 897 1161 924 quae
1190 890 1314 923 confitens
1353 890 1560 925 interpretatur
1572 910 1580 923 ,
1619 888 1716 924 signat

934 935 1145 971 poenitentem,
1163 936 1214 971 qui
1235 938 1357 972 peccata
1379 944 1432 964 sua
1447 936 1612 964 confitetur.
1629 935 1715 963 Holo-

934 982 1032 1010 fernes
1042 1004 1050 1017 ,
1075 990 1164 1018 quem
1188 983 1289 1011 Judith
1311 983 1449 1018 jejunans
1473 982 1581 1010 occidit
1591 1004 1600 1017 ,
1621 982 1717 1017 signat

938 1028 1111 1063 diabolum,
1127 1029 1180 1065 qui
1195 1029 1380 1058 confessione
1396 1032 1424 1057 et
1437 1029 1615 1057 abstinentia
1629 1037 1715 1065 supe-

935 1078 1025 1103 ratur.
1042 1077 1088 1103 Est
1101 1076 1223 1112 insuper
1234 1076 1383 1112 jejunium
1397 1076 1485 1104 valde
1505 1078 1617 1104 certum
1630 1076 1714 1111 inge-

935 1122 1018 1149 nium
1038 1122 1078 1150 ad
1100 1123 1336 1159 expugnandum
1361 1125 1511 1151 castrum:
1537 1123 1611 1150 sicut
1635 1122 1714 1150 enim

935 1177 997 1197 non
1018 1171 1061 1196 est
1084 1169 1160 1197 adeo
1184 1169 1259 1197 forte
1282 1173 1427 1205 castrum,
1444 1170 1527 1206 quod
1542 1178 1604 1198 non
1622 1169 1716 1206 possit

937 1216 1124 1252 expugnari,
1139 1217 1163 1244 si
1177 1220 1299 1253 possent
1312 1218 1338 1246 ei
1350 1217 1490 1246 victualia
1505 1217 1658 1252 subtrahi;
1674 1217 1714 1244 sic

936 1271 999 1291 non
1012 1265 1055 1291 est
1070 1264 1148 1292 adeo
1162 1264 1282 1292 rebellis
1297 1273 1366 1292 caro
1381 1264 1494 1301 spiritui
1507 1285 1515 1299 ,
1533 1265 1605 1300 quin
1615 1286 1623 1299 ‚
1647 1265 1716 1292 sub-

937 1311 1082 1339 trahendo
1105 1312 1233 1347 cibaria,
1256 1321 1317 1341 non
1332 1313 1428 1341 valeat
1447 1321 1464 1340 a
1483 1313 1586 1349 spiritu
1610 1313 1712 1348 subju-

937 1359 1010 1394 gari.
1027 1360 1100 1387 Caro
1113 1360 1262 1396 siquidem
1277 1363 1377 1388 nostra
1392 1362 1520 1388 castrum
1535 1359 1648 1387 diaboli
1662 1362 1714 1395 est,

938 1414 1004 1442 quee
1018 1415 1135 1442 semper
1147 1406 1271 1435 rebellat
1285 1415 1315 1434 se
1329 1409 1431 1435 contra
1443 1407 1589 1443 spiritum.
1606 1408 1644 1434 De
1657 1407 1714 1434 hoc

937 1455 1031 1480 castro
1047 1453 1153 1481 dicitur
1168 1455 1178 1470 ⁸
1193 1463 1199 1481 :
1217 1455 1280 1481 Cum
1300 1456 1381 1488 fortis
1399 1457 1520 1481 armatus
1535 1454 1645 1482 scilicet
1658 1463 1716 1481 cus-

939 1501 1008 1527 todit
1030 1502 1133 1528 atrium
1148 1509 1225 1528 suum
1243 1510 1248 1527 :
1266 1501 1373 1528 atrium
1389 1501 1503 1528 diaboli
1527 1503 1569 1528 est
1584 1504 1712 1528 castrum

938 1547 1071 1583 corporis
1085 1547 1234 1574 immundi
1247 1557 1254 1582 ;
1272 1550 1340 1575 tuuc
1354 1550 1382 1574 in
1396 1556 1460 1582 pace
1473 1551 1535 1575 sunt
1550 1550 1640 1575 omnia
1654 1556 1714 1582 quoe

934 1594 1075 1629 possidet,
1090 1594 1203 1621 habens
1217 1594 1326 1621 scilicet
1342 1596 1434 1621 turres
1449 1594 1605 1630 superbiae,
1621 1595 1714 1622 fossa-

939 1642 1000 1667 tum
1016 1640 1157 1675 avaritia-1²,
1174 1648 1264 1676 rupes
1279 1640 1408 1675 invidiae,
1424 1641 1538 1668 habens
1553 1650 1608 1677 pro
1623 1650 1710 1669 muro

939 1687 1144 1714 defensionem
1159 1687 1254 1723 culpae
1268 1688 1406 1723 propriae,
1420 1688 1534 1715 habens
1545 1688 1633 1716 etiam
1647 1696 1715 1724 por-

938 1736 983 1761 tas
1001 1734 1236 1762 conversationis
1258 1734 1499 1770 indisciplinatae,
1524 1735 1639 1763 habens
1663 1744 1717 1771 pa-

939 1788 1003 1808 ccm
1028 1789 1202 1817 perversam
1229 1780 1404 1808 intrinsecus
1430 1781 1633 1810 delectationis
1660 1783 1716 1810 im—

938 1827 1072 1862 mundae3
1087 1827 1140 1855 sed
1150 1829 1258 1861 tamen,
1271 1830 1545 1864 quantumcumque
1558 1829 1717 1864 muniatur,

938 1882 990 1909 per
1012 1874 1161 1909 jejunium
1173 1897 1181 1909 ,
1198 1877 1229 1902 ut
1245 1875 1358 1902 dictum
1373 1879 1433 1909 est,
1458 1875 1660 1904 subtrahendo
1680 1876 1718 1903 ci-

939 1920 1040 1955 baria,
1056 1924 1255 1957 expugnatur.

975 1968 1056 1995 Idem
1080 1970 1151 1996 nota
1177 1969 1261 2004 quod
1285 1971 1414 2005 quatuor
1434 1969 1464 1997 in
1481 1970 1594 2005 jejunio
1617 1978 1718 2006 repro-

939 2014 1058 2048 bantur,
1074 2015 1184 2042 scilicet
1199 2024 1267 2042 cum
1280 2016 1417 2050 jejunans
1432 2019 1517 2044 vacat
1531 2017 1635 2052 culpze,
1652 2025 1719 2043 cum

936 2061 1075 2096 jejunans
1099 2061 1191 2089 inhiat
1219 2062 1305 2090 samae
1324 2072 1330 2097 ς
1368 2072 1436 2090 cum
1463 2064 1601 2098 jejunans
1626 2064 1720 2099 parcit

940 2107 1036 2134 bursae
1048 2128 1056 2141 ,
1073 2109 1099 2134 et
1116 2116 1183 2135 cum
1197 2108 1335 2143 jejunans
1356 2110 1443 2137 servit
1459 2110 1543 2144 gulae.
1564 2111 1611 2137 Est
1630 2110 1719 2145 igitur

938 2153 1164 2189 reprobandum
1189 2154 1220 2182 in
1236 2155 1365 2190 jejunio,
1391 2164 1459 2183 cum
1475 2156 1613 2191 jejunans
1634 2159 1719 2184 vacat

939 2202 1071 2236 peccato.
1089 2200 1143 2234 Qui
1159 2201 1238 2228 enim
1252 2202 1365 2236 Jejunat
1381 2210 1396 2230 a
1419 2202 1486 2230 cibo
1503 2205 1530 2230 et
1549 2211 1611 2230 non
1630 2203 1718 2231 absti-

939 2249 988 2274 net
1005 2255 1022 2274 a
1037 2250 1168 2283 peccato,
1185 2249 1289 2276 similis
1305 2252 1348 2277 est
1364 2250 1499 2283 diabolo,
1515 2251 1562 2278 cui
1577 2259 1644 2278 esca
1658 2259 1719 2278 non

940 2296 997 2328 est,
1013 2297 1041 2322 et
1055 2295 1167 2323 malitia
1186 2304 1304 2332 semper
1319 2297 1406 2331 inest,
1428 2299 1459 2324 ut
1473 2297 1544 2324 dicit
1557 2297 1686 2325 Isidorus
1698 2298 1718 2325 ⁹.

940 2342 978 2368 De
993 2342 1050 2369 hoc
1063 2342 1176 2377 jejunio
1194 2343 1300 2370 dicitur
1312 2344 1332 2360 ¹⁰
1349 2353 1355 2370 z
1373 2345 1428 2371 Hoc
1443 2348 1480 2371 est
1492 2345 1636 2379 Jejutzzam,
1650 2345 1719 2379 qnod

940 2389 1008 2422 eleqz'
1020 2397 1029 2415 :
1046 2390 1166 2416 Di'ssolue
1185 2391 1372 2424 colligationes
1388 2393 1539 2425 impietatis
1550 2412 1558 2425 ,
1575 2392 1644 2418 solve
1662 2393 1720 2424 fus-

1735 2010 1754 2028 in
1778 2010 1837 2035 joja-

1734 2041 1770 2060 nic
1803 2047 1837 2060 rc-

1735 2072 1829 2097 proban-

1735 2105 1776 2123 tur.

940 2436 1040 2462 esculos
1063 2436 1253 2470 deprimentes.
1281 2437 1339 2464 Sed
1354 2437 1384 2463 in
1405 2437 1513 2464 eodem
1529 2437 1657 2473 capitulo
1673 2437 1717 2464 di·
1761 2452 1764 2454 -

941 2482 1015 2510 citur
1031 2484 1075 2510 ¹¹:
1100 2485 1166 2510 Ecce
1191 2483 1227 2510 od
1243 2484 1304 2510 lites
1328 2486 1352 2510 et
1378 2486 1555 2511 contentiones
1576 2485 1717 2518 jejunatis.

941 2531 988 2557 Est
1002 2529 1090 2557 etiam
1103 2529 1135 2557 in
1147 2530 1264 2565 jejunio
1280 2530 1526 2566 reprobandum,
1542 2530 1663 2566 quando
1676 2531 1720 2565 je-

975 2603 1009 2634 (α’)
1030 2603 1092 2627 Coet.
1113 2603 1173 2627 edit.
1197 2605 1278 2633 Oreb,
1301 2607 1324 2628 et
1348 2606 1385 2628 sic
1408 2605 1527 2636 (lancem.
1544 2618 1573 2623 —-
1597 2605 1630 2636 (b)
1647 2605 1718 2637 Vulgi

944 2638 1032 2663 Allnre
1047 2645 1095 2661 non
1109 2642 1163 2662 erat
1177 2640 1294 2665 solidum.
1307 2640 1350 2663 sed
1360 2647 1444 2664 cavum
1459 2648 1489 2663 ea:
1504 2640 1606 2671 tabulis,
1618 2643 1641 2664 e!
1656 2642 1722 2665 intus

944 2682 1054 2698 uacuum.
