2004 3037
183 177 236 206 166

178 245 231 270 tem
249 238 369 277 Angelus
388 241 463 269 dimit
479 239 652 272 mulieribus,
671 241 725 267 etc.
742 239 815 268 Item
831 246 885 275 per
897 237 954 266 ini-

177 289 281 323 micos,
294 295 423 324 quorum
433 286 651 315 validissimum
661 287 704 314 est
716 285 932 314 testimonium*
944 293 951 312 ε

178 335 243 363 Ecce
258 334 370 370 quidam
384 334 417 362 de
435 333 590 361 custodibus
607 334 735 361 venerunt
753 333 783 360 in
798 333 952 366 civitatem,

178 384 204 410 et
221 382 413 409 nuntiaverunt
424 381 597 416 principibus
610 379 776 408 sacerdotum
786 401 796 412 ,
812 380 866 407 etc.
881 379 953 406 Item

177 427 316 464 probavit
334 434 400 455 eam
421 434 483 454 non
504 427 565 454 arte
579 426 695 462 magica
714 425 841 460 factam,
855 427 883 453 et
894 425 953 453 hoc

156 486 159 487 ⁷
177 483 229 511 per
250 474 471 503 comestionem.
492 476 582 509 Item,
607 482 668 502 non
694 481 756 502 esse
778 473 953 510 phantastici

178 521 328 558 corporis,
343 522 371 549 et
392 521 450 549 hoc
471 529 525 557 per
547 522 666 549 tactum.
687 522 757 548 Item
770 519 909 556 probavit
921 520 952 547 in

178 569 286 597 eodem
301 577 436 605 corpore,
452 577 512 605 quo
527 577 632 605 passus
648 571 704 604 est,
718 568 841 602 factam,
855 570 884 596 et
894 568 953 596 hoc

177 623 231 652 per
245 616 444 644 ostensionem
458 616 638 644 cicatricum.
649 617 720 644 Item
734 615 872 652 probavit
887 623 953 644 eam

177 661 265 690 fuisse
280 663 310 690 in
321 670 445 699 corpore
456 662 620 698 glorificato
632 663 715 691 unito
730 662 840 698 deitati,
854 663 882 690 et
896 662 954 690 hoc

178 716 232 744 per
246 709 412 744 ingressum
432 709 463 736 in
484 709 609 737 domum
625 709 724 745 januis
743 709 860 737 clausis.
883 710 954 737 Item

178 755 317 791 probavit
331 763 397 783 eam
416 755 515 784 multis
536 755 794 793 apparitionibus:
817 755 955 792 apparuit

179 801 258 829 enim
271 801 336 838 ipsa
351 801 398 829 die
413 802 635 830 resurrectionis
650 802 826 838 quinquies:
843 802 954 838 primo,

177 848 271 876 Mariae
291 848 470 884 Magdalenae
484 850 494 866 ²
511 859 517 876 :
534 849 648 883 Mulier,
675 849 742 884 qaid
764 850 854 884 ploras
865 850 879 875 ἵ)
905 849 954 876 Se-

177 894 290 929 cundo,
308 894 481 923 mulieribus
497 895 690 923 redeuntibus
710 903 727 924 a
747 897 953 923 monumento.

176 941 288 975 Tertio,
306 942 389 969 Petro
401 951 409 976 ;
424 941 477 969 sed
490 949 551 970 non
565 942 714 970 invenitur
728 941 846 969 modus.
863 942 955 974 Quar-

176 988 217 1021 to,
229 987 349 1015 duobus
360 987 512 1024 discipulis
526 988 663 1016 euntibus
674 990 821 1016 Emmaus.
837 988 954 1023 Quinto,

178 1032 331 1069 discipulis
353 1034 538 1070 congregatis
560 1036 680 1071 propter
701 1037 812 1063 metum
839 1035 956 1063 Judaeo-

178 1087 262 1115 rum,
283 1081 382 1115 januis
397 1080 519 1116 clausis,
535 1082 656 1117 quando
680 1082 806 1109 Thomas
822 1089 883 1110 non
903 1082 957 1109 fuit

180 1133 248 1154 cum
263 1127 314 1155 eis.
336 1128 406 1155 Item
420 1128 558 1164 apparuit
577 1128 651 1156 inter
670 1129 915 1156 resurrectionem
930 1131 957 1156 et

180 1173 384 1202 ascensionem
398 1174 571 1210 quinquies,
591 1174 701 1202 scilicet
720 1175 817 1210 primo
838 1175 956 1202 Thomae

181 1228 249 1248 cum
270 1221 352 1256 aliis;
375 1221 523 1255 seeundo,
539 1221 690 1257 discipulis
713 1222 895 1258 piscantibus
919 1224 958 1250 ad

181 1274 262 1294 mare
285 1267 465 1302 Tiberiadis,
491 1268 594 1301 tertio,
624 1268 776 1304 discipulis
799 1268 830 1296 in
858 1271 958 1297 monte

181 1313 295 1347 Tabor3
312 1316 429 1349 quarto,
445 1314 474 1341 in
490 1314 688 1350 Hierusalem3
702 1315 819 1351 quinto,
835 1315 958 1351 quando

183 1359 312 1388 comedit
326 1369 394 1388 cum
407 1360 566 1396 discipulis.

218 1406 312 1435 Multis
342 1407 378 1434 de
413 1408 508 1435 causis
537 1408 661 1435 surrexit
695 1409 843 1436 Dominus,
873 1412 898 1436 1.
929 1411 961 1437 Ut

184 1453 345 1489 Scripturas
369 1453 504 1489 impleret
514 1463 523 1488 3
556 1455 678 1490 quando
707 1456 786 1483 enim
819 1456 960 1484 Dominus

185 1498 259 1526 dixit
275 1508 281 1526 ε
299 1501 363 1526 Ecce
380 1501 547 1528 ascendimus
561 1502 771 1536 Hierosolymam
782 1521 791 1535 ‚
807 1504 877 1535 etc.,
890 1502 961 1529 sub-

183 1545 280 1580 junxit
297 1555 302 1572 2
318 1547 352 1572 Et
368 1546 412 1573 <lie
428 1549 509 1573 tertia
528 1550 658 1581 resurget.
676 1548 702 1574 Ξ.
722 1549 754 1574 Ut
771 1556 825 1575 nos
845 1548 883 1575 ad
899 1556 961 1575 sur-

187 1591 318 1626 gendum
333 1592 521 1628 spiritualiter
536 1597 721 1629 provocaret,
738 1594 807 1630 quia
823 1597 906 1630 turpe
922 1597 963 1622 cst

187 1640 218 1665 ut
238 1638 339 1666 sedeat
359 1646 476 1672 servuS,
491 1640 613 1674 quando
633 1648 733 1667 coram
749 1649 784 1668 eo
803 1642 895 1676 surgit
911 1642 963 1669 Do-

188 1684 294 1711 minus.
312 1686 338 1711 3.
362 1686 393 1711 Ut
414 1685 542 1713 suturam
558 1687 800 1715 resurrectionem
816 1696 877 1715 esse
897 1697 966 1724 pro-

189 1730 281 1758 baret.
297 1733 322 1757 4.
333 1732 365 1757 Ut
376 1731 538 1767 potentiam
549 1740 607 1759 suae
619 1733 777 1761 divinitatis
788 1734 965 1768 ostenderet,

190 1776 260 1811 quia
280 1779 413 1805 mortuos
436 1778 574 1806 suscitare
596 1787 656 1806 non
678 1782 720 1807 est
743 1789 818 1816 opus
839 1783 966 1814 naturae,

190 1823 243 1850 sed
259 1824 396 1859 potentiae
412 1824 518 1851 divinae
535 1834 541 1851 z
559 1833 619 1853 non
635 1828 677 1853 cst
689 1827 768 1854 enim
782 1835 933 1862 regressus
947 1835 965 1854 a

191 1870 356 1905 privatione
374 1871 413 1899 ad
431 1871 576 1899 habitum.
597 1874 622 1900 5.
646 1874 677 1900 t't
699 1881 753 1901 nos
772 1874 811 1901 ad
834 1878 964 1902 contem—

191 1917 291 1944 nenda
310 1919 424 1945 terrena
438 1926 492 1954 pro
513 1919 705 1955 adipiscenda
724 1921 774 1948 tali
794 1921 888 1956 gloria
903 1921 965 1949 ani-

193 1965 295 1991 maret.
323 1964 451 1992 Surrexit
475 1965 603 1993 Christus
623 1966 777 2002 velociter,
794 1967 865 2003 quia
886 1968 969 1996 tertia

194 2012 251 2039 die.
268 2013 341 2040 Nam
364 2012 437 2040 sicut
453 2013 552 2048 januis
574 2014 680 2041 clausis
697 2015 736 2042 ad
751 2015 912 2051 discipulos
928 2016 971 2044 in-

193 2060 296 2093 travit,
314 2061 340 2086 ct
355 2059 428 2086 sicut
442 2059 524 2086 salva
539 2060 704 2095 virginitate
720 2061 756 2088 de
771 2064 854 2089 utero
870 2063 971 2090 matris

195 2105 300 2139 exivit,
323 2105 364 2132 sic
387 2114 455 2133 eum
482 2109 642 2141 mortuum,
666 2116 719 2135 nec
744 2111 827 2144 petra
856 2110 884 2136 in
912 2118 971 2144 qua

193 2152 298 2185 J'acuit,
325 2159 378 2179 nec
409 2153 535 2180 militum
558 2154 691 2181 custodia
713 2155 807 2190 potuit
836 2156 970 2183 retinere.

195 2198 221 2223 Ξ.
239 2198 429 2232 integraliter,
446 2199 516 2233 quia
532 2199 560 2225 in
576 2207 699 2234 corpore
713 2202 740 2227 et
755 2201 862 2228 anima.
880 2205 904 2229 3.
922 2204 967 2230 So·

197 2243 326 2277 cialiter,
354 2244 424 2278 quia
450 2245 543 2271 multa
562 2253 688 2280 corpora
710 2251 897 2280 sanctorum,
921 2251 972 2285 qui

198 2290 393 2324 dormIerant,
409 2294 607 2320 surrexerunt.
631 2294 655 2319 4.
677 2295 872 2329 :Eternaliter3
895 2298 972 2331 Apo-

198 2336 290 2364 stolus
298 2337 307 2352 ³
317 2337 454 2370 :gclzristus
464 2346 602 2372 resurgens
614 2347 646 2365 ese
657 2342 770 2367 mortuis
778 2341 836 2373 jam
846 2350 908 2375 nou,
917 2345 971 2370 etc.

199 2383 336 2411 Similiter
350 2384 532 2418 surgendum
551 2387 593 2411 est
615 2385 701 2412 nobis
721 2386 922 2421 spiritualiter,
938 2389 973 2415 si-

201 2432 249 2456 cut
270 2429 381 2456 eisdem
404 2430 501 2456 modis
522 2438 708 2463 resurgemus
724 2432 771 2459 die
786 2433 890 2467 judicii
911 2442 974 2461 cor-

201 2475 350 2510 poraliter.
368 2476 548 2503 Resurrectio
564 2477 665 2504 Christi
680 2480 721 2504 cst
737 2486 824 2505 causa
837 2481 864 2505 et
879 2479 974 2514 figura

203 2523 308 2549 nostrae
328 2522 548 2550 resurrectionis
567 2523 733 2558 spiritualis.
759 2526 883 2552 Causam
907 2526 973 2554 dico

241 2620 247 2635 ¹
260 2620 361 2649 Malla„
374 2623 542 2651 xxv111‚tt.—
557 2622 564 2636 ²
576 2622 655 2650 loon„
669 2628 711 2651 xx,
726 2624 794 2647 13.—
805 2623 890 2653 δίκα,
902 2629 975 2654 xv111,

504 170 761 204 COMPENDIUM
779 170 1039 203 THEOLOGICAE
1061 171 1283 206 VERITATIS.
1305 173 1380 206 ΠΒ.
1403 175 1454 207 tv.

1008 241 1166 278 motivam,
1181 244 1210 271 et
1222 243 1280 272 hoc
1294 241 1450 279 dupliciter
1459 263 1469 278 ,
1482 242 1554 279 quia
1567 251 1656 273 causa
1669 243 1782 272 motiva

1007 292 1050 318 est
1063 292 1089 318 1.
1106 290 1137 318 in
1150 290 1372 327 comparatione
1385 289 1479 318 nostri
1496 298 1504 317 :
1529 289 1602 318 dum
1618 289 1698 317 enim
1711 297 1782 318 eon-

1007 336 1172 365 sideramus
1193 337 1321 373 gloriam
1336 335 1557 364 resurrectionis
1575 335 1695 371 Christi,
1715 344 1781 364 mo-

1007 391 1113 411 vemur
1126 383 1166 411 ad
1181 383 1364 419 surgendum
1381 383 1413 411 in
1431 382 1561 411 novitate
1576 382 1653 410 vitae.
1667 385 1695 411 2.
1710 383 1783 411 Item

1008 437 1098 458 causa
1110 430 1222 458 motiva
1240 432 1283 458 est
1302 429 1333 457 in
1351 429 1586 458 consideratione
1606 429 1657 457 Dei
1670 428 1780 457 Patris:

1008 476 1152 512 quoniam
1168 477 1250 504 Pater
1263 476 1339 505 dans
1352 476 1598 504 resurrectionem
1613 474 1703 510 Filio,
1718 483 1783 503 mo-

1007 525 1092 551 vetur
1117 523 1157 551 ad
1185 523 1318 551 dandam
1341 523 1477 551 eamdem
1496 523 1622 558 gloriam
1644 522 1784 550 fratribus

1008 569 1084 604 suis,
1099 570 1173 598 sicut
1192 578 1244 598 rex
1262 569 1384 606 quando
1404 569 1473 598 facit
1486 569 1582 598 filium
1600 577 1688 598 suum
1707 569 1784 597 mili-

1008 619 1085 651 tem,
1106 619 1243 645 movetur
1265 624 1367 645 amore
1394 616 1467 650 filii,
1489 618 1522 644 ut
1544 624 1612 644 cum
1638 624 1673 644 eo
1697 616 1784 645 faciat

1008 663 1118 691 multos
1142 663 1258 691 milites.
1282 663 1390 699 Figura
1410 671 1482 691 vero
1503 663 1578 697 fuit,
1592 663 1664 699 quia
1677 663 1688 680 ⁸
1709 663 1783 691 sicut

1009 711 1136 739 Christus
1153 711 1278 739 surrexit
1296 711 1328 738 in
1347 711 1476 739 novitate
1497 711 1578 746 vitae,
1594 713 1637 739 ita
1655 713 1681 738 et
1693 719 1740 738 nos
1753 712 1783 738 in

1009 759 1130 785 novitate
1143 759 1208 784 vitoe
1222 758 1394 784 ambulemus.
1410 759 1496 791 Item,
1506 757 1580 785 sicut
1595 757 1676 785 diem
1689 765 1784 786 resur-

1009 803 1145 831 rectionis
1169 803 1272 831 Christi
1290 802 1436 839 praecessit
1463 803 1526 831 dies
1553 797 1656 831 mortis
1679 803 1710 831 in
1732 811 1784 840 pa-

1009 857 1140 883 rasceve,
1155 851 1183 877 et
1197 849 1260 877 dies
1274 849 1379 886 quietis
1395 849 1426 876 in
1441 849 1567 877 sabbato
1583 850 1732 886 sequenti,
1745 850 1786 878 ita

1010 895 1137 931 gloriam
1148 895 1369 924 resurrectionis
1379 897 1485 924 nostrae
1498 896 1644 933 praecedat
1659 896 1690 924 in
1699 896 1786 924 nobis

1010 942 1198 970 mortificatio
1213 942 1418 970 membrorum
1437 944 1465 970 et
1487 942 1644 977 vitiorum,
1661 944 1689 970 et
1703 943 1787 979 quies

1011 989 1268 1024 contemplationis
1292 990 1479 1016 aeternorum.
1511 990 1583 1016 Nota
1605 989 1688 1025 quod
1715 989 1788 1017 sicut

1011 1036 1122 1072 duplex
1137 1037 1180 1064 est
1195 1044 1289 1070 morS,
1302 1035 1411 1063 scilieet
1425 1035 1530 1064 animae
1542 1044 1596 1072 per
1611 1035 1744 1072 culpam,
1761 1038 1788 1064 et

1012 1083 1145 1119 corporis
1159 1091 1212 1118 per
1225 1083 1444 1117 extinctionem,
1459 1082 1499 1110 ita
1515 1082 1626 1118 duplex
1639 1085 1680 1110 est
1692 1091 1788 1111 resur-

1012 1130 1117 1164 rectio,
1133 1129 1243 1157 scilicet
1263 1129 1369 1157 animoe
1385 1137 1439 1165 per
1455 1129 1595 1164 gratiam,
1614 1131 1643 1156 et
1656 1129 1789 1165 corporis

1012 1185 1064 1212 per
1093 1176 1229 1212 gloriam.
1260 1178 1292 1203 Et
1318 1175 1392 1203 sicut
1417 1175 1523 1203 animoe
1551 1183 1631 1203 mors
1657 1176 1788 1203 causavit

1013 1225 1139 1251 mortem
1153 1222 1302 1258 corporis,
1317 1222 1391 1249 sicut
1406 1221 1532 1249 habetur
1550 1221 1579 1249 in
1594 1221 1697 1249 Genesi
1708 1223 1732 1256 8;
1749 1222 1788 1250 ita

1013 1277 1029 1296 e
1054 1277 1197 1297 converso
1220 1268 1392 1296 resurrectio
1412 1268 1517 1295 animm
1540 1268 1673 1296 causabit
1695 1276 1788 1296 resur·

1014 1316 1173 1343 rectionem
1188 1315 1321 1351 corporis
1333 1315 1506 1350 gloriosam.
1519 1314 1676 1342 Sciendum
1690 1317 1790 1342 autem

1015 1362 1098 1398 quod
1125 1362 1249 1398 quidam
1268 1361 1442 1389 suscitantur
1465 1361 1640 1396 ficte„sicut
1662 1361 1790 1395 Samuel,

1016 1409 1067 1444 qui
1089 1409 1155 1436 licet
1176 1416 1244 1436 vere
1266 1408 1345 1436 Sauli
1365 1407 1551 1444 apparuerit,
1571 1410 1602 1435 ut
1616 1407 1742 1435 habetur
1761 1407 1791 1434 in

1016 1455 1093 1482 libro
1111 1456 1210 1489 llequm
1220 1456 1241 1489 ⁷,
1257 1462 1318 1482 non
1334 1457 1431 1482 tamen
1446 1462 1514 1481 vere
1525 1454 1712 1481 resuscitatus
1727 1453 1791 1488 fuit,

1017 1504 1047 1529 ut
1070 1501 1193 1537 quidam
1220 1501 1336 1535 dicunt;
1366 1501 1489 1537 quidam
1513 1500 1696 1536 imperfecte,
1720 1500 1793 1527 sicut

1018 1549 1140 1575 Lazarus
1154 1549 1164 1563 ⁸
1184 1548 1290 1575 iterum
1311 1547 1485 1581 moriturus;
1507 1546 1630 1582 quidam
1651 1546 1793 1582 perfecte,

1019 1595 1092 1622 sieut
1114 1596 1252 1622 Cumsrus
1278 1601 1394 1629 semper
1421 1593 1560 1620 victurus.
1581 1593 1676 1620 Prima
1700 1601 1794 1620 resus-

1020 1642 1117 1670 citatio
1145 1641 1289 1676 significat
1313 1641 1538 1668 conversionem
1564 1640 1625 1668 sive
1650 1639 1794 1676 poeniten-

1021 1690 1091 1717 tiam
1116 1688 1355 1724 hypocritarum;
1380 1687 1528 1721 secunda,
1555 1687 1793 1722 recidivantium;

1022 1736 1114 1769 tertia,
1130 1734 1390 1771 perseverantium.

1267 1827 1408 1861 CAPUT
1432 1827 1555 1860 XXIV.

1232 1902 1267 1928 De
1287 1901 1436 1928 ascensione
1465 1899 1577 1926 Christi.

1062 1970 1226 1999 Differentia
1238 1972 1280 1997 est
1289 1970 1363 1996 inter
1374 1968 1575 1996 ascensionem
1587 1969 1614 1995 et
1624 1968 1799 2004 assumptio-

1026 2027 1109 2052 nem,
1122 2020 1149 2045 et
1159 2016 1357 2045 evolationem
1369 2015 1529 2051 :quoniam
1538 2015 1669 2042 ascensio
1675 2014 1800 2050 pertinet

1027 2065 1066 2092 ad
1082 2063 1240 2097 Christum3
1256 2062 1433 2097 assumptio,
1454 2061 1493 2088 ad
1507 2061 1624 2088 beatam
1640 2061 1798 2095 Yirginem;

1028 2110 1154 2138 evolatio
1162 2111 1271 2142 autem,
1278 2108 1315 2135 ad
1322 2108 1396 2135 alios
1404 2110 1527 2135 sanctos
1537 2107 1646 2134 Etratio
1654 2107 1740 2140 hujus
1746 2108 1798 2140 est,

1028 2156 1171 2192 quoniam
1179 2155 1310 2183 ascensio
1321 2153 1477 2189 titpropria
1483 2153 1587 2179 virtute
1597 2152 1779 2179 ascendentis
1791 2162 1798 2186 ;

1028 2202 1188 2237 assumptio
1208 2202 1321 2233 autem,
1346 2199 1449 2226 virtute
1477 2198 1579 2225 Christi
1607 2198 1799 2232 assumentis,

1029 2249 1099 2285 quia
1113 2248 1190 2275 filius
1202 2246 1365 2282 specialiter
1376 2244 1548 2279 obsequitur
1559 2244 1643 2271 matri
1654 2253 1661 2277 3
1673 2244 1799 2272 evolatio

1029 2303 1099 2322 vero
1127 2294 1159 2320 fit
1180 2291 1340 2319 ministerio
1366 2290 1550 2324 angelorum.
1573 2289 1635 2317 Alia
1655 2293 1696 2317 est
1718 2290 1800 2318 diffe-

1029 2341 1122 2368 rentia
1134 2361 1143 2374 ,
1168 2338 1238 2374 qnia
1266 2338 1349 2364 locus
1376 2336 1557 2363 evolantium
1585 2339 1627 2362 est
1655 2336 1800 2363 distinctio

1030 2388 1202 2419 chororum3
1228 2384 1311 2411 locus
1334 2391 1403 2409 vcro
1427 2384 1582 2417 assumptae
1609 2382 1735 2417 Virginis
1760 2385 1802 2410 est

1030 2441 1117 2469 super
1142 2431 1247 2458 choros
1275 2429 1464 2463 angelomum
1492 2428 1575 2455 locus
1604 2436 1673 2454 vero
1699 2428 1800 2455 Christi

1031 2477 1213 2507 ascendentis
1224 2479 1266 2503 cst
1278 2484 1366 2510 supra
1381 2475 1427 2502 vel
1442 2475 1517 2502 ultra
1532 2474 1631 2501 locum
1646 2477 1801 2509 assumptae

1030 2524 1163 2560 Virginis.

1030 2587 1127 2612 31.--⁸
1142 2587 1219 2615 Rom„
1237 2591 1276 2613 Vt,
1296 2585 1354 2608 9.-
1369 2583 1471 2610 ¹⁵1bid,
1490 2584 1544 2607 4.-
1559 2583 1567 2594 “
1583 2582 1801 2612 Gc›1.‚111,t9.—-

1031 2624 1039 2647 l
1056 2624 1124 2653 Κεφ,
1139 2627 1231 2651 xxviii,
1249 2622 1285 2644 12.
1297 2633 1326 2637 -
1338 2619 1441 2647 Uvam,
1460 2623 1495 2647 xi,
1511 2617 1549 2641 ⁴4.
