2004 3037
746 249 877 282 CAPUT
898 249 1056 282 LXXXIX.

97 321 126 350 et
136 320 365 349 abundaverunt
377 318 492 348 deliciis
503 318 534 347 in
544 318 677 347 bonitate
687 319 740 346 tua
748 325 875 354 magna:

96 368 337 404 provocaverunt
358 368 459 395 autem
473 367 501 394 te
516 365 555 394 ad
578 364 776 394 iracundiam.
793 375 806 391 »
823 365 878 394 Ne-

98 415 178 448 hem.,
192 422 234 449 ix,
249 416 295 449 25,
311 415 356 442 26.

137 471 152 489 α
169 461 311 490 Praevalet
330 460 435 489 vinum
457 460 598 488 omnibus
618 459 811 494 hominibus,
827 459 880 495 qui

99 507 207 537 bibunt
221 507 297 536 illud
309 517 315 536 :
329 507 444 535 seducit
457 509 599 535 mentem.
614 508 745 543 Itemque
759 506 838 542 regis
852 507 881 534 et

100 555 227 592 orphani
235 555 304 584 facit
313 555 568 583 mentemvanam.
576 564 589 581 »
598 555 631 582 111
640 554 733 588 Esdr„
740 555 879 589 111‚18,i9.

135 602 339 639 Holophernes
352 612 365 628 ιι
380 601 457 630 bibit
466 601 570 629 vinum
580 600 708 629 multum
717 600 807 628 nimis
820 608 882 629 una

101 649 168 684 die,
196 651 342 686 quantum
369 656 526 684 nunquam
553 647 588 682 (a)
621 647 740 676 biberat
766 648 796 675 in
821 647 883 676 vita

101 705 165 725 sua.
186 707 200 723 n
227 698 260 725 Et
278 697 346 732 post
363 703 462 731 pauca
485 696 635 731 sequitur:
663 703 678 720 α
696 695 763 723 Erat
782 695 884 723 Judith

101 744 167 772 sola
182 743 214 771 in
228 743 385 778 cubiculo,
400 750 492 778 porro
508 742 713 778 Holophernes
724 742 841 777 J'acebat
852 742 884 770 in

101 791 178 819 lecto
191 790 286 818 nimia
295 789 435 818 ebrietate
445 789 558 826 sopitus
568 799 576 825 ;
588 800 601 816 »
620 797 681 825 quo
694 789 771 817 facto
785 789 885 818 Judjth

101 837 207 866 habuit
228 837 481 874 opportunitatem
495 836 653 865 occidendi
675 845 754 864 eum.
776 837 885 872 Judz‘th,

103 893 145 913 xu
160 887 188 913 et
201 892 265 912 xm.
804 886 807 889 ’

139 933 280 967 Egressus
295 932 338 958 est
352 933 447 959 Aman
467 939 486 958 a
507 930 646 958 convivio
661 930 763 959 Esther
775 931 887 967 reginae

104 979 187 1007 laetus
208 980 237 1006 et
261 978 360 1006 alacer
368 987 376 1013 ;
396 977 450 1006 sed
474 978 504 1005 in
525 977 653 1005 crastino
675 977 730 1005 fuit
751 978 839 1006 tristis
860 980 888 1006 et

105 1026 256 1060 confusus,
271 1033 340 1053 cum
355 1025 460 1053 decem
473 1024 543 1052 filiis
560 1024 698 1061 patibulo
714 1025 808 1053 crucis
823 1025 888 1054 affi-

104 1081 170 1109 xus,
186 1073 278 1108 Esth.,
294 1080 323 1100 v.

139 1121 267 1149 Noverat
280 1119 336 1148 Job
352 1119 445 1147 multa
454 1119 486 1147 in
497 1119 642 1148 conviviis
652 1127 730 1156 saepe
745 1119 889 1148 committi

104 1168 242 1204 peccata,
255 1168 283 1194 et
296 1166 420 1202 idcirco,
433 1168 594 1202 postquam
607 1166 717 1202 epulati
726 1166 844 1195 fuerant
853 1167 889 1203 (b)

105 1214 160 1242 filii
181 1214 262 1250 ejus,
282 1221 464 1248 consurgens
485 1213 618 1241 diluculo
638 1213 783 1242 offerebat
803 1213 889 1242 holo-

106 1263 208 1290 causta
221 1269 277 1297 pro
292 1261 416 1296 singulis
432 1260 476 1296 (c).
491 1261 549 1295 Job,
564 1269 584 1294 1,
597 1262 624 1289 5.

143 1310 198 1337 Pro
213 1310 348 1344 tempore
363 1307 416 1335 illo
437 1315 498 1344 quo
518 1307 648 1336 debebat
663 1307 775 1336 destrui
789 1308 891 1336 Hieru—

107 1355 218 1391 salem,
235 1355 358 1390 dicitur,
376 1356 453 1390 1sa.‚
475 1362 556 1387 xxti,
578 1356 630 1390 12,
655 1356 705 1383 13:
733 1365 746 1381 «
768 1355 892 1384 vocabit

107 1403 249 1432 Dominus
269 1403 308 1431 ad
326 1403 446 1437 fletum,
470 1405 497 1430 et
521 1402 561 1430 ad
582 1402 750 1439 planctum;
774 1405 803 1431 et
823 1412 891 1432 ecce

107 1450 268 1486 gaudium,
284 1452 312 1478 et
327 1449 440 1484 laetitia,
463 1449 600 1478 occidere
615 1450 740 1485 vitulos,
752 1450 891 1486 jugulare

108 1498 232 1532 arietes,
256 1497 414 1525 comedere
439 1504 562 1532 carnes,
586 1498 614 1524 et
636 1497 741 1525 bibere
763 1497 891 1526 vinum:

108 1544 307 1572 comedamus
322 1545 350 1571 et
365 1543 516 1578 bibamus
527 1552 591 1571 cras
602 1544 682 1571 enim
691 1544 864 1573 moriemur.
876 1555 890 1571 ›>

148 1591 316 1618 «Sacerdos
331 1593 358 1618 et
371 1591 519 1627 propheta
533 1591 664 1618 nesciere
676 1592 712 1627 (d)
728 1600 789 1627 prae
800 1592 893 1620 ebrie-

110 1639 182 1672 tate,
195 1637 328 1674 absorpti
344 1640 411 1666 sunt
424 1646 442 1665 a
457 1638 544 1672 vino,
559 1644 731 1666 erraverunt
750 1639 782 1667 in
800 1639 895 1667 ebrie-

110 1686 179 1713 tate.
193 1687 301 1713 Omnes
309 1684 389 1713 enim
397 1693 508 1712 mensae
519 1685 638 1721 repletae
646 1688 713 1714 sunt
724 1686 852 1714 vomitus
861 1687 893 1722 (e)

111 1732 323 1768 sordiumque,
339 1742 352 1759 ι)
371 1734 424 1760 etc.
440 1733 510 1766 Isa.‚
525 1740 633 1767 xxviii,
650 1735 678 1767 7,
695 1734 722 1760 8.

145 1779 321 1807 Ptolemaeus
345 1778 425 1806 filius
447 1778 546 1807 Abobi
567 1778 637 1807 fecit
657 1780 831 1808 convivium
853 1781 895 1808 Si-

111 1826 195 1854 moni
210 1834 328 1853 summo
345 1826 505 1861 sacerdoti,
517 1828 545 1854 et
555 1826 676 1854 duobus
693 1826 763 1854 filiis
777 1827 851 1863 ejus,
868 1829 897 1856 et

113 1880 182 1900 cum
196 1872 334 1900 inebriati
348 1874 460 1907 essent,
481 1872 589 1900 occidit
604 1881 665 1901 eOS.
684 1875 695 1902 l
711 1874 817 1909 Mach„
832 1883 894 1903 xw.

149 1919 239 1948 Primi
258 1922 395 1955 parentes
416 1927 470 1955 per
490 1927 575 1947 esum
596 1919 671 1955 ligni
691 1920 771 1949 vetiti
791 1929 896 1957 pecca-

114 1968 239 2001 verunt,
257 1966 337 2001 Gen„
352 1973 396 1994 ιιι.

151 2014 216 2042 Filii
230 2013 318 2042 lsrael
333 2012 486 2041 venientes
500 2013 532 2041 in
550 2012 714 2049 desertum,
729 2013 828 2050 primo
841 2023 898 2051 pro

116 2061 203 2097 aquis
218 2060 327 2088 amaris
337 2081 347 2095 ,
361 2060 469 2088 deinde
484 2068 540 2096 pro
559 2060 676 2088 defectu
689 2061 747 2088 cibi
764 2070 899 2090 murmu-

116 2115 197 2136 rasse
215 2107 364 2142 leguntur.
382 2105 526 2135 Similiter
539 2107 570 2135 in
589 2107 750 2136 tentatione
770 2109 900 2144 Domini,

117 2157 179 2183 tam
204 2154 371 2182 secundum
398 2154 564 2182 Matthaeum
575 2175 585 2189 ,
614 2163 707 2191 quam
734 2156 900 2185 seeundum

119 2202 246 2236 Lucam,
271 2201 369 2238 prima
389 2201 464 2229 tuit:
490 2201 544 2230 «si
559 2202 639 2229 filius
662 2202 713 2230 Dei
734 2211 784 2238 es,
806 2203 854 2231 dic
869 2206 901 2232 ut

118 2248 233 2285 lapides
248 2248 294 2276 isti
306 2256 399 2284 panes
412 2248 496 2276 fiant.
510 2259 523 2275 »
543 2249 656 2284 Mean„
671 2257 710 2284 iv,
726 2251 753 2277 et
766 2252 844 2286 Luc„
859 2259 900 2280 lv.

155 2295 285 2325 Herodes
303 2296 410 2323 natalis
432 2296 477 2323 sui
497 2303 613 2324 coenam
636 2296 721 2332 secit3
745 2297 808 2325 filia
830 2306 901 2326 vero

120 2342 296 2371 Herodiadis
310 2342 354 2370 ibi
373 2342 500 2377 saltavit,
514 2345 542 2371 et
559 2343 667 2371 llerodi
682 2344 832 2380 simulque
845 2344 903 2372 dis-

122 2390 331 2418 cumbentibus
344 2389 472 2425 placuit;
489 2397 550 2426 qua
568 2390 724 2419 occasione
739 2391 904 2419 decollatus

122 2438 165 2464 est
179 2438 307 2465 ioannes
322 2436 451 2472 Baptista
465 2435 505 2464 ad
518 2436 694 2472 petitionem
708 2437 801 2474 ipsius
815 2438 903 2467 salta-

122 2483 212 2511 tricis.
226 2484 339 2519 Mami„
353 2491 400 2511 xiv
410 2492 418 2519 3
430 2483 529 2518 Marc„
541 2491 582 2511 vx.
694 2512 700 2513 ff

159 2530 285 2566 Spiritus
310 2530 460 2558 immundi
482 2530 551 2558 loca
573 2530 730 2560 immunda
756 2531 905 2568 diligunt5

124 2576 205 2605 unde
227 2577 428 2606 daemoniacus
449 2576 514 2613 ille,
535 2577 588 2614 qui
610 2577 741 2607 habebat
755 2579 907 2615 legionem

157 2651 191 2681 (α)
208 2650 268 2674 Caet.
284 2649 345 2673 edit⁴
359 2656 482 2682 unquam.
500 2663 532 2668 —
550 2650 585 2682 (b)
605 2651 665 2676 coet.
681 2653 742 2677 edit.
762 2654 905 2679 suerunt.—

127 2687 158 2719 (c)
180 2687 242 2711 Item
267 2693 313 2718 per
332 2687 455 2718 singulos.
477 2699 508 2706 -
537 2687 572 2718 (d)
598 2688 669 2719 Vulq.
693 2691 850 2716 nescierunt.
877 2705 908 2709 —

127 2724 159 2754 (e)
175 2723 236 2748 Coee.
251 2723 312 2747 edit.
327 2723 435 2747 vomitu.

1655 251 1715 282 595

934 317 966 346 in
980 325 1117 354 corpore,
1130 318 1285 347 habitabat
1295 317 1327 346 in
1336 317 1550 353 monumentis,
1560 317 1638 353 Luc„
1653 324 1714 346 vm.

935 366 968 394 Et
982 365 1134 394 daemones
1146 365 1190 394 illi
1203 365 1351 401 rogabant
1366 364 1544 399 Dominum,
1557 366 1591 393 ut
1604 372 1716 393 exeun-

935 412 978 441 tes
991 412 1176 441 mitterentur
1189 413 1221 441 in
1234 420 1344 449 porcos
1354 432 1364 446 ,
1378 419 1441 440 non
1455 410 1486 439 in
1498 410 1609 447 boves,
1622 410 1672 440 vel
1686 411 1718 440 in

936 467 1046 496 agnos,
1066 460 1118 497 qui
1133 461 1202 488 sunt
1215 459 1330 488 munda
1344 458 1504 494 animalia,
1521 458 1638 487 mundo
1654 467 1719 487 ves·

937 508 1036 535 centes
1051 507 1130 536 cibo.
1315 509 1324 517 ⁵

974 555 1084 583 Contra
1112 553 1238 590 edaces,
1264 552 1531 583 comessationibus
1557 553 1721 588 vacantes,

938 601 1067 629 multum
1084 601 1163 630 valet
1181 601 1354 638 exemplum
1376 600 1474 629 divitis
1495 600 1652 636 epulonis,
1669 599 1721 636 qui

940 647 1121 684 querebatur
1140 656 1172 676 se
1185 648 1248 684 pati
1269 648 1301 676 in
1323 647 1428 684 lingua
1450 647 1636 683 spiritualem
1656 655 1723 675 cru-

940 694 1061 730 ciatum,
1077 695 1157 729 Luc„
1169 702 1230 723 xvi.

976 744 1042 771 Non
1070 745 1113 771 est
1134 742 1266 777 mirum,
1288 741 1312 769 si
1335 743 1403 778 post
1425 748 1552 777 magnas
1575 748 1674 769 coenas
1697 742 1726 768 et

942 790 1174 818 comessationes
1195 788 1369 825 splendidas
1390 788 1479 816 multi
1496 795 1560 816 non
1583 787 1725 823 vigilant,

942 845 998 866 nec
1021 839 1123 872 orant,
1149 845 1219 865 cum
1241 836 1331 864 etiam
1357 834 1497 872 discipuli
1520 836 1589 872 post
1609 842 1727 863 coenam

944 893 1012 912 cum
1038 884 1163 912 Domino
1189 883 1370 912 celebratam
1399 890 1462 911 non
1489 881 1640 919 potuerint
1666 889 1728 910 una

942 931 1019 960 hora
1031 931 1155 967 vigilare
1169 939 1239 959 cum
1254 938 1301 966 eo,
1318 931 1432 966 Matth„
1447 937 1529 965 xxvu
1545 930 1644 964 Mara,
1659 936 1726 964 x1v5

945 979 1009 1007 Luc.
1015 999 1025 1014 ,
1040 986 1114 1007 xxn.

1123 1085 1292 1119 CAPUT
1329 1084 1550 1118 LXXXIX.

1226 1177 1264 1203 De
1284 1177 1467 1203 matrimonio.

983 1265 1070 1299 Quod
1084 1272 1160 1293 uxor
1175 1264 1284 1293 debeat
1298 1265 1364 1292 viro
1383 1272 1438 1292 suo
1454 1271 1516 1292 esse
1535 1263 1617 1292 socia
1632 1271 1732 1300 aequa-

946 1311 984 1340 lis
996 1311 1099 1349 quoad
1112 1311 1224 1346 multa,
1240 1319 1301 1339 nou
1315 1310 1440 1339 domina
1453 1310 1501 1338 vel
1516 1310 1636 1346 ancilla,
1650 1312 1732 1347 patet

946 1367 1001 1396 per
1027 1359 1106 1394 hoc,
1130 1358 1214 1395 quod
1241 1360 1334 1387 Evam
1361 1358 1501 1386 formavit
1526 1358 1670 1386 Dominus
1693 1357 1732 1386 de

948 1407 1029 1435 costa
1043 1406 1127 1440 Adae,
1145 1413 1208 1434 non
1223 1405 1260 1433 de
1282 1405 1377 1441 eapite
1396 1405 1445 1433 vel
1461 1405 1549 1441 pede.
1566 1407 1637 1434 Item
1653 1407 1733 1441 patet

949 1453 1033 1490 quod
1050 1453 1096 1481 vir
1119 1455 1162 1481 est
1180 1454 1270 1489 caput
1288 1452 1404 1487 uxoris,
1422 1451 1494 1488 quia
1512 1451 1566 1479 fuit
1584 1451 1732 1488 quodam-

948 1500 1042 1528 modo
1058 1499 1239 1536 principium
1258 1499 1392 1533 essendi,
1414 1502 1442 1526 et
1462 1498 1540 1526 facta
1561 1501 1604 1526 est
1624 1498 1733 1527 mulier

949 1547 987 1575 de
1005 1547 1071 1575 viro
1080 1568 1090 1582 ,
1104 1555 1166 1575 non
1188 1546 1233 1574 vir
1251 1546 1289 1574 de
1311 1545 1447 1574 muliere.
1463 1547 1535 1574 Item
1560 1545 1650 1573 debet
1670 1554 1732 1574 esse

949 1595 995 1622 vir
1008 1594 1149 1630 magister
1163 1595 1191 1622 et
1206 1593 1324 1628 dootor3
1348 1593 1429 1621 unde
1443 1594 1627 1629 praeceptum
1641 1601 1659 1621 a
1671 1594 1731 1621 Deo

949 1641 1003 1670 fuit
1019 1642 1123 1669 datum
1137 1641 1222 1676 Adae,
1238 1643 1266 1669 et
1276 1648 1329 1676 per
1344 1640 1440 1668 Adam
1455 1642 1531 1668 Evae.
1549 1641 1626 1676 Gen„
1637 1649 1667 1669 11.

987 1688 1073 1723 Quod
1089 1697 1167 1716 unus
1180 1688 1226 1716 vir
1240 1690 1353 1716 tantum
1374 1696 1466 1716 unam
1481 1697 1607 1717 uxorem
1621 1688 1733 1717 habere

951 1736 1074 1770 debeat,
1089 1736 1218 1764 ostendit
1232 1735 1374 1763 Dominus
1389 1735 1490 1764 dicens
1510 1745 1516 1763 :
1535 1745 1550 1762 «
1566 1737 1658 1764 Erunt
1672 1736 1732 1764 duo

950 1783 982 1811 in
996 1791 1084 1812 carne
1098 1791 1169 1811 una.
1186 1794 1199 1809 n
1223 1783 1302 1817 Gen.,
1316 1791 1348 1817 11,
1363 1784 1409 1812 24.

986 1833 1058 1860 Ante
1087 1831 1234 1859 diluvium
1260 1831 1342 1859 solus
1370 1830 1496 1859 Lamech
1521 1830 1629 1867 legitur
1657 1831 1733 1860 duas

951 1877 1091 1907 habuisse
1105 1886 1225 1913 uxores,
1243 1878 1321 1912 Gen„
1336 1886 1375 1906 w.

988 1927 1021 1954 In
1047 1934 1116 1953 arca
1141 1927 1201 1953 Noe
1223 1927 1266 1953 tot
1285 1925 1367 1952 viros
1391 1927 1465 1960 quot
1487 1924 1628 1953 mulieres
1648 1925 1735 1960 jussit

953 1971 1094 1999 Dominus
1109 1971 1263 2006 reservari,
1278 1974 1311 1999 ut
1324 1971 1465 1999 videlicet
1478 1973 1553 1999 esset
1570 1971 1658 2000 unica
1671 1973 1732 2006 uni,

953 2019 1031 2053 Gen„
1047 2027 1096 2047 vn.

990 2066 1118 2103 AEgyptii
1145 2067 1276 2102 tempore
1308 2065 1433 2094 Abrahae
1466 2066 1534 2102 plus
1565 2066 1734 2096 abominari

954 2113 1132 2141 videbantur
1160 2113 1340 2141 adulterium
1351 2134 1360 2148 ,
1390 2121 1482 2149 quam
1513 2113 1711 2142 homicidium
1726 2125 1734 2148 ς

955 2161 1036 2188 unde
1051 2160 1176 2188 timebat
1193 2160 1345 2188 Abraham
1363 2168 1401 2187 ne
1423 2168 1492 2188 eum
1511 2161 1693 2197 occiderent,
1710 2163 1737 2190 et

955 2207 1150 2244 postmodum
1170 2207 1251 2236 Sarai
1272 2215 1398 2235 uxorem
1419 2215 1505 2235 suam
1524 2208 1670 2236 Pharaoni
1695 2208 1738 2236 of-

955 2255 1076 2290 ferrent,
1085 2255 1171 2292 quasi
1180 2254 1273 2283 nollet
1282 2255 1379 2291 ipsam
1390 2263 1582 2290 cognoscere,
1592 2256 1738 2291 quamdiu

957 2302 1053 2338 ipsam
1068 2302 1201 2330 crederet
1214 2302 1313 2329 virum
1329 2301 1451 2329 habere.
1471 2302 1548 2334 Gen„
1564 2311 1613 2330 x11.

994 2351 1067 2377 Sara
1080 2357 1156 2377 uxor
1175 2349 1300 2377 Abrahae
1319 2349 1482 2377 obediebat
1495 2349 1552 2385 ipsi
1567 2350 1675 2378 marito
1687 2370 1696 2385 ,
1712 2352 1742 2378 et

960 2395 1118 2424 dominum
1139 2404 1209 2424 eum
1232 2396 1374 2431 vocabat,
1399 2397 1482 2431 Gen.7
1503 2405 1544 2424 xn
1569 2398 1597 2424 ct
1616 2405 1697 2431 xuni,
1715 2400 1742 2425 et

960 2445 970 2472 1
990 2444 1064 2478 Pet„
1086 2451 1135 2478 ιιι,
1159 2444 1186 2470 6.
1213 2445 1275 2479 lpse
1304 2443 1393 2471 etiam
1418 2444 1567 2472 Abraham
1592 2444 1742 2473 interdum

960 2489 1040 2518 illius
1053 2490 1130 2518 votis
1145 2490 1416 2525 condescendebat,
1432 2491 1509 2526 Gen„
1526 2500 1576 2520 xvi
1587 2493 1614 2519 et
1628 2499 1688 2519 xxn

997 2539 1121 2574 Propter
1148 2538 1251 2566 Saram
1277 2545 1403 2566 uxorem
1433 2538 1560 2566 Abrahoe
1583 2538 1745 2574 flagellavit

962 2586 1105 2614 Dominus
1120 2586 1306 2614 Pharaonem
1320 2585 1415 2621 plagis
1429 2586 1577 2613 maximis.
1594 2588 1664 2614 ltem
1677 2586 1745 2614 Abi-

963 2632 1080 2660 melech
1094 2632 1237 2661 Dominus
1256 2631 1401 2660 minando
1420 2640 1475 2668 per
1492 2640 1633 2661 somnum
1653 2634 1746 2661 exter·

964 2679 1031 2714 ruit,
1049 2678 1130 2715 Gen„
1146 2687 1197 2707 xx.

1000 2726 1167 2754 Consensus
1188 2725 1315 2761 exigitur
1344 2726 1384 2755 ad
1404 2726 1641 2756 matrimonium.
1670 2728 1749 2760 Gen„
