2004 3037
159 233 219 264 364

159 299 212 335 rit,
234 299 273 328 de
291 299 397 329 decem
412 298 566 336 praeceptis
575 319 584 335 ,
599 306 669 336 quoe
684 299 872 330 eontinentur
890 300 937 329 his

159 346 295 375 versibus
308 355 315 375 :

191 411 290 442 Sperne
299 409 376 441 deos,
389 409 444 434 vita
458 409 571 441 pei-juria
580 427 589 441 ,
603 409 710 434 sabbata
722 416 811 441 serva,

192 446 230 471 Sit
243 445 289 470 tihi
303 445 382 477 patris
395 445 489 475 honor,
503 445 536 470 sit
548 445 595 471 tibi
608 445 698 470 matris
712 453 795 471 amor.

191 482 249 506 Non
264 481 299 506 sis
313 481 425 512 occisor,
441 481 571 513 moechus,
586 482 628 506 fur
638 500 646 513 ,
661 482 732 507 testis
747 481 858 514 iniquus.

192 517 290 542 Nullius
302 519 423 549 nuptam,
439 517 481 542 vel
493 524 550 542 rem
564 518 653 548 cupias
666 517 787 542 alienam.

196 583 278 612 Circa
291 583 423 620 primum
436 584 618 620 praeceptum
637 582 680 611 sic
691 584 804 620 quaerat
819 592 827 611 :
847 582 873 611 si
887 582 940 611 ali-

161 630 284 668 quando
305 629 533 667 quatuordecim
554 629 694 659 articulos
708 630 780 659 fidei
795 638 857 659 non
875 638 939 659 cre·

162 678 251 713 didit,
271 678 333 706 tam
351 677 390 706 de
405 677 572 714 divinitate,
588 686 680 715 quam
699 677 737 706 de
757 677 940 707 humanitate

161 725 275 754 Christi.
300 725 417 762 Septem
440 726 540 753 autem
561 725 676 753 articuli
699 725 877 761 pertinentes
901 725 940 754 ad

162 772 346 801 divinitatem
367 772 408 800 sic
436 771 664 808 distinguuntur.
691 772 805 801 Primus
831 775 873 801 cst
903 772 941 801 de

162 819 271 848 unitate
293 819 441 855 essentiae,
455 819 567 847 scilieet
583 829 590 847 :
612 820 696 848 Credo
715 821 746 848 in
764 821 867 854 Deam,
881 819 941 848 sin-

163 866 320 902 gulariter,
335 873 398 895 non
422 867 511 902 Deos,
531 868 563 895 ut
583 867 666 895 notet
684 867 827 895 unitatem
846 874 943 895 essen-

162 913 218 942 tiae.
238 913 319 942 Unde
334 913 365 941 in
379 913 487 949 majori
501 913 646 950 Symbolo
661 913 769 942 dicitur
787 922 794 941 :
813 913 896 942 Credo
911 915 942 941 in

162 969 246 988 unum
270 962 366 989 Deum.
394 961 447 989 iste
474 960 590 997 primus
617 960 777 996 articulus,
807 961 940 989 scilicet:

165 1008 248 1036 Credo
272 1009 303 1036 in
329 1009 428 1042 Deum,
451 1007 540 1036 debet
559 1007 726 1044 retorqueri
752 1007 792 1036 ad
818 1009 876 1036 tres
899 1015 943 1036 se-

164 1056 303 1091 quentes,
319 1054 369 1091 qui
392 1055 460 1082 sunt
482 1054 520 1082 de
544 1054 638 1083 tribus
658 1056 813 1091 personis:
829 1055 943 1092 primus

164 1101 201 1130 de
223 1103 322 1136 Patre,
343 1109 411 1130 cum
432 1101 539 1129 dicitur
556 1111 562 1129 :
589 1102 698 1129 Patrem
722 1104 941 1138 ommipotentem.

163 1148 315 1177 Secundus
338 1148 375 1177 de
399 1148 488 1183 Filio,
513 1156 582 1176 cum
604 1148 729 1177 dicitur:
750 1150 785 1177 Et
803 1151 833 1177 in
853 1150 943 1177 Jesum

164 1197 301 1224 Christum
321 1197 422 1223 Filium
437 1196 493 1231 ejus
514 1197 625 1223 unic-um
647 1197 790 1224 Dominum
811 1199 943 1224 nostrum.

163 1243 273 1271 Tertius
294 1242 331 1270 de
352 1242 461 1279 Spiritu
482 1244 601 1278 sancto,
617 1251 686 1271 cum
702 1243 809 1271 dicitur
831 1253 837 1271 :
861 1244 944 1272 Credo

163 1292 193 1318 in
207 1290 341 1326 Spiritum
355 1292 487 1318 sanctum.
504 1291 550 1318 Est
569 1298 640 1325 ergo
661 1298 781 1318 sensus:
797 1290 892 1319 Credo
913 1291 945 1319 in

164 1339 279 1366 Patrem
300 1337 533 1373 omnipotentem
554 1339 662 1372 Deum;
679 1337 769 1365 credo
785 1337 816 1366 in
838 1337 945 1366 Filium

164 1385 291 1413 unicum
314 1384 473 1412 Dominum
495 1386 630 1413 nostrum
658 1385 770 1420 Deum;
796 1384 886 1413 credo
914 1385 945 1413 in

164 1431 303 1468 Spiritum
328 1434 462 1459 sanctum
486 1433 588 1459 neum.
610 1432 681 1460 Ecce
704 1431 850 1460 habemus
872 1440 945 1468 qua-

165 1480 232 1507 tuor
247 1478 385 1506 articulos
399 1478 577 1515 pertinentes
597 1478 635 1506 ad
657 1478 841 1507 divinitate-m
856 1479 887 1507 in
902 1487 944 1508 se.

164 1527 231 1553 Tres
246 1525 295 1553 alii
320 1525 467 1562 pertinent
486 1525 524 1553 ad
548 1525 679 1554 effectus.
702 1526 814 1554 Primus
836 1526 947 1554 indicat

166 1572 302 1600 effectum
326 1572 502 1607 creationis,
526 1572 636 1601 scilicet
652 1582 658 1600 :
676 1573 824 1601 Creatorem
842 1574 901 1600 cali
920 1576 945 1602 et

167 1623 254 1648 terroe.
269 1620 430 1655 Secundus,
446 1620 582 1648 effectum
597 1620 801 1655 recreationis,
817 1621 944 1649 scillcet:

165 1667 293 1695 Sanctam
308 1669 453 1696 Ecclesiam
469 1668 647 1700 Catholicam,
662 1671 814 1695 sani-mrum
831 1676 946 1695 commu-

166 1716 286 1748 nionem,
306 1716 488 1742 remissionem
510 1717 688 1749 peccatorum.
711 1714 836 1748 Tertius,
859 1715 945 1742 effec-

167 1763 229 1788 tum
249 1760 488 1796 resurrectionis,
505 1761 636 1789 seilicet:
659 1762 753 1788 Carni.»-
775 1764 946 1789 resur-retio-

167 1816 245 1842 nem,
276 1811 299 1835 et
337 1810 421 1835 ritum
637 1809 736 1837 Carnis
771 1809 946 1837 resurrectio

167 1855 292 1891 pertinet
312 1855 350 1882 ad
375 1863 499 1891 corpus,
523 1855 583 1883 vita
603 1856 729 1890 aete1·na,
744 1856 782 1883 ad
803 1855 944 1884 animam.

168 1903 239 1929 Eece
261 1904 317 1930 tres
338 1901 453 1930 articuli
475 1902 652 1938 pertinentes
673 1902 711 1930 ad
735 1902 854 1931 effectus
870 1902 946 1930 divi-

168 1949 280 1984 nitatis,
297 1951 424 1985 quatuor
449 1949 487 1977 ad
509 1949 693 1977 divinitatem
716 1950 747 1977 in
767 1958 796 1977 se
812 1950 948 1978 conside—

168 1999 273 2031 ratam,
285 1998 313 2024 et
324 1999 390 2025 sunt
405 1997 493 2025 simul
505 1999 626 2033 septem.
639 1998 754 2034 Septem
768 1998 948 2034 pertinentes

169 2044 209 2072 ad
236 2044 454 2072 humanitatem
482 2046 550 2072 sunt
578 2044 633 2072 isti.
664 2044 787 2080 Primus,
814 2045 946 2073 scilieet:

171 2092 316 2127 Conceptus
331 2092 363 2118 de
377 2092 486 2127 Spiritu
501 2094 603 2119 sancto.
619 2092 772 2120 Secundus
785 2102 790 2120 :
809 2094 899 2121 Natus
914 2101 947 2121 εει·

170 2139 262 2166 Μανία
283 2139 406 2173 VirsJinc.
422 2138 551 2166 Tertius:
570 2140 732 2175 Crumftaens,
757 2143 895 2174 mortuus,
923 2143 948 2168 et

169 2186 301 2219 sepultus.
322 2186 469 2219 Quartus:
493 2187 635 2213 Descendit
658 2187 694 2213 ed
720 2188 832 2220 inferos.
859 2187 948 2220 Quin-

170 2234 215 2260 tus
232 2240 238 2259 ε
258 2234 416 2259 Resurreaeit
438 2241 454 2259 α
472 2235 594 2260 mortuis.
617 2234 719 2260 Sextus
737 2243 742 2260 :
761 2234 890 2260 Ascendit
913 2235 949 2261 ad

171 2280 264 2310 ccelos,
293 2279 365 2305 sedet
398 2279 433 2305 wi
460 2280 597 2307 dextera„
632 2281 683 2307 Dei
709 2282 800 2308 Patris
833 2283 950 2316 omnipo-

172 2327 261 2353 tentis.
279 2326 441 2361 Septimus:
459 2326 524 2353 Inde
539 2329 665 2353 venturas
682 2330 719 2354 est
742 2328 864 2361 jzzdicure
877 2330 950 2355 vives

173 2377 196 2401 et
223 2376 351 2401 mortuos.
380 2374 495 2407 Quaerat
527 2374 614 2401 etiam
650 2374 728 2401 cirea
755 2375 950 2404 ecclesiastica

173 2423 366 2455 sacramenta,
392 2429 457 2457 quse
487 2421 673 2448 continentur
698 2421 727 2448 in
755 2421 812 2449 hoc
840 2430 947 2450 versu:

458 1812 594 1835 ‹zvcrnanu

190 2490 375 2521 Ablumtirmo,
390 2490 455 2519 cibo,
472 2489 530 2514 dolo
544 2489 588 2521 (α),
599 2497 676 2521 ungo,
690 2490 781 2514 ordino
794 2490 936 2522 tb)‚jungo.

175 2563 288 2595 Quaerat
302 2562 406 2596 etiam,
421 2562 445 2589 si
460 2561 624 2598 aliquando
639 2562 822 2597 voluntarie,
839 2564 866 2590 et
878 2562 951 2590 forte

177 2616 212 2636 ex
245 2608 455 2636 deliberatione
468 2629 477 2643 ,
506 2608 582 2636 circa
612 2608 752 2644 praedicta
782 2609 928 2637 dubitavit
942 2618 950 2642 ‚-

212 2708 242 2737 (ιι)
260 2707 318 2731 Coel.
336 2706 393 2730 edel.
411 2707 486 2731 ‹la-let.
504 2720 534 2725 —
550 2706 582 2736 ll»)
600 2707 660 2730 Item
677 2707 784 2731 ordint-t.

797 231 1132 266 GONFESSIONALE.

991 301 1088 338 tertio,
1103 302 1128 331 si
1141 301 1298 339 sortilegiis
1309 303 1338 331 et
1355 302 1591 334 divinationibus
1603 306 1696 336 eorde
1709 314 1772 338 cre-

992 348 1086 384 didit,
1099 349 1148 378 vel
1167 357 1220 378 ore
1235 349 1353 386 docuit,
1368 350 1418 379 vel
1431 350 1502 380 talia
1513 351 1547 381 in
1560 360 1652 390 opere
1664 361 1771 392 perpe-

992 395 1089 424 travit.

1277 458 1458 484 PARTICULA
1475 459 1507 484 X.

1221 521 1258 545 De
1275 521 1388 547 secundo
1402 524 1545 554 praecepto.

1030 585 1145 619 Quaerat
1165 584 1254 614 etiam
1277 586 1316 615 de
1333 587 1466 616 secundo
1488 587 1654 617 mandato:
1675 589 1700 617 si
1721 589 1775 618 ali-

995 631 1119 668 quando
1141 639 1252 661 nomen
1275 633 1326 662 Dei
1353 634 1478 672 sumpsit
1503 635 1535 664 in
1557 644 1687 671 vanum,
1710 637 1774 666 sine

996 687 1085 708 causa
1101 679 1247 716 jurando,
1266 681 1470 717 ‚iuramentum
1492 682 1655 719 violando,
1669 686 1775 714 votum

995 727 1258 764 transgrediendo,
1267 727 1343 757 falsa
1355 729 1502 765 ¹iuratione
1516 730 1712 767 affirmando,
1726 732 1775 761 vel

995 774 1147 811 negando,
1162 774 1302 804 inutiliter
1311 775 1442 812 jurando
1451 797 1462 812 ,
1473 777 1718 820 consuetudinem
1731 778 1776 808 in-

996 821 1154 850 currendo.

1274 882 1456 908 PARTlCULA
1474 884 1516 908 Xl.

1243 946 1281 971 De
1296 946 1373 971 tertio
1389 949 1529 978 praecepto.

1034 1012 1149 1046 Quaerat
1163 1011 1253 1039 etiam
1268 1010 1305 1039 de
1321 1011 1406 1040 tertio
1419 1011 1563 1041 mandato
1576 1021 1583 1041 ε
1598 1013 1623 1041 si
1634 1014 1777 1043 solemni-

998 1060 1071 1087 tates
1089 1058 1274 1095 proecipuas,
1293 1060 1321 1086 ct
1344 1058 1408 1087 dies
1427 1059 1594 1088 domInieos
1613 1062 1641 1089 et
1658 1060 1778 1090 festivos

999 1105 1140 1142 violavit,
1157 1113 1250 1142 opera
1269 1106 1388 1134 servilia
1403 1105 1558 1142 faciendo,
1580 1107 1704 1136 choreas
1725 1108 1779 1137 du-

999 1152 1113 1188 cendo,
1127 1152 1174 1181 vel
1189 1161 1239 1181 eas
1254 1153 1431 1182 ducentibus
1451 1153 1650 1190 intendendo,
1665 1154 1713 1183 vel
1726 1155 1779 1184 ali-

1000 1208 1076 1237 quos
1095 1200 1226 1236 gestibus
1240 1200 1288 1228 vel
1307 1202 1414 1229 ornatu
1431 1200 1471 1229 ad
1489 1201 1646 1230 libidinem
1666 1209 1778 1238 provo-

1000 1247 1110 1282 cando,
1125 1249 1248 1283 peccata
1267 1247 1391 1276 luxurioe
1407 1247 1455 1276 vel
1475 1247 1535 1276 alia
1554 1249 1777 1278 committendo.

1000 1297 1032 1324 ln
1048 1294 1158 1331 quibus
1171 1294 1312 1323 omnibus
1322 1295 1430 1331 poterit
1445 1294 1624 1324 descendere
1638 1295 1678 1324 ad
1687 1296 1781 1325 multa

1000 1341 1141 1378 specialia
1161 1344 1189 1370 et
1211 1338 1396 1378 singularia}
1419 1342 1584 1370 secundum
1607 1343 1705 1372 varias
1728 1343 1781 1372 eir-

1001 1388 1192 1417 cumstantias
1202 1396 1410 1425 personarum.

1276 1467 1454 1493 PAssTlCULA
1474 1469 1528 1494 Xll.

1245 1523 1280 1547 De
1298 1524 1388 1554 quarto
1403 1524 1542 1554 proecepto.

1038 1579 1121 1607 Circa
1141 1580 1280 1615 quartum
1299 1580 1482 1615 praeceptum
1498 1580 1630 1615 quaerat,
1646 1579 1670 1607 si
1693 1579 1782 1616 spiri-

1002 1625 1112 1654 tualem
1128 1627 1257 1662 patrem,
1273 1625 1322 1654 vel
1335 1625 1489 1661 praelatum
1506 1625 1705 1661 inhonoravit,
1720 1627 1783 1662 eJus

1001 1675 1147 1710 praecepta
1177 1672 1414 1707 contemnendo,
1446 1673 1782 1702 excommunicationem

1003 1719 1193 1753 incurrendo,
1210 1719 1257 1746 vel
1273 1727 1364 1755 quam
1380 1719 1542 1747 incurrerat
1556 1727 1617 1747 non
1633 1720 1780 1754 curando:

1003 1766 1061 1800 vel,
1077 1766 1106 1794 in
1122 1774 1157 1793 ea
1169 1766 1306 1800 existens,
1321 1766 1429 1794 divinis
1440 1766 1544 1794 officiis
1556 1775 1586 1794 se
1599 1767 1781 1804 ingerendo;

1002 1813 1049 1840 vel
1071 1812 1191 1849 linelato
1214 1813 1417 1848 detrahendo,
1440 1813 1489 1841 vel
1510 1814 1690 1842 contentiose
1713 1822 1783 1842 con·-

1003 1859 1200 1894 tradicend05
1223 1859 1270 1887 vel
1292 1860 1382 1887 corde
1405 1859 1454 1888 vel
1475 1868 1526 1888 ore
1551 1860 1759 1889 maledicendo
1773 1882 1782 1896 ,

1003 1907 1049 1934 vel
1062 1906 1161 1934 debita
1176 1906 1388 1934 subtrahendo.
1407 1906 1544 1935 Similiter
1559 1907 1596 1935 de
1611 1907 1783 1944 parentibus

1004 1954 1173 1982 carnalibus
1194 1954 1287 1982 multa
1311 1954 1484 1990 hujusmodi
1506 1963 1636 1991 quaerere
1659 1955 1783 1992 poterit,

1000 2002 1085 2037 juxta
1099 2001 1182 2038 quod
1199 2001 1305 2029 viderit
1320 2001 1471 2037 expedire.

1269 2080 1444 2104 PARTICULA
1465 2080 1532 2104 xlll.

1247 2134 1283 2158 De
1301 2133 1390 2165 quinto
1407 2135 1546 2165 praeeepto.

1041 2189 1123 2218 Circa
1138 2189 1275 2226 quintum
1293 2190 1474 2225 praeceptum
1489 2191 1614 2225 quaerat,
1631 2190 1654 2217 si
1669 2190 1785 2219 occide-

1005 2237 1041 2265 rit
1065 2236 1178 2272 aliquid
1207 2235 1389 2269 omittendo,
1414 2237 1445 2263 ut
1470 2235 1494 2262 si
1520 2235 1552 2263 in
1579 2238 1710 2265 extrema
1737 2236 1784 2264 vel

1006 2283 1129 2311 notabili
1152 2283 1322 2311 necessitate
1337 2282 1434 2318 posito
1454 2290 1515 2310 non
1529 2282 1678 2311 subvenit.
1693 2285 1763 2311 Item
1774 2302 1784 2316 ,

1006 2331 1029 2358 si
1046 2330 1153 2358 occidit
1168 2328 1396 2363 committendo,
1411 2330 1511 2365 utpote
1528 2329 1618 2358 corde
1635 2329 1784 2364 odiendo,

1007 2386 1057 2406 ore
1073 2376 1267 2411 detrahendo,
1284 2375 1397 2403 malum
1413 2376 1614 2411 consulendo,
1631 2384 1720 2412 opere
1735 2376 1784 2404 vel

1007 2424 1087 2452 malo
1103 2423 1240 2459 exemplo
1264 2423 1396 2450 animam
1417 2422 1543 2458 alicujus
1566 2422 1780 2451 interficiendo.

1008 2472 1096 2506 ltem,
1111 2470 1135 2498 si
1150 2469 1341 2506 corporaliter
1356 2469 1482 2504 occidit,
1498 2470 1526 2497 et
1545 2469 1602 2497 hoc
1616 2469 1782 2505 tripliciter,

1009 2526 1095 2551 casu,
1124 2516 1311 2550 necessitate,
1335 2516 1383 2544 vel
1412 2516 1573 2544 voluntate.
1598 2518 1669 2544 Item
1696 2516 1784 2543 etiam

1009 2564 1175 2601 quaerat,‡si
1195 2563 1412 2591 circumstantia
1436 2570 1569 2599 personae
1592 2562 1738 2598 exegerit,
1761 2563 1785 2591 si

1009 2611 1131 2645 oceidit,
1146 2612 1322 2646 conceptum
1337 2609 1561 2646 praepediendo,
1580 2609 1628 2637 vel
1646 2609 1786 2637 abortum

1008 2657 1216 2694 procurando,
1239 2656 1307 2684 licet
1332 2656 1462 2684 fortassis
1484 2655 1603 2684 effectus
1630 2656 1660 2683 in
1685 2655 1786 2692 hujus-

1010 2704 1092 2733 modi
1108 2711 1169 2732 non
1183 2703 1270 2731 suerit
1283 2703 1467 2731 subsecutus.
