2004 3037
780 240 867 274 cAP.
890 229 1104 273 xxa-xxm.

171 312 332 349 Postquam
347 311 480 342 audisset
493 312 522 341 et
535 310 658 340 vidisset
669 309 777 340 beatus
789 309 918 338 Joannes

136 359 291 389 mirabiles
305 359 358 388 Dei
378 358 587 396 revelationes,
602 357 719 391 cecidit,
733 358 766 385 ut
780 355 920 385 adoraret

137 409 204 437 ante
220 407 314 444 pedes
337 406 453 443 angeli,
471 407 523 444 qui
550 406 578 435 ei
597 405 656 435 hoc
682 403 872 440 ostendebat;
892 405 921 432 et

138 455 213 484 dixit
226 456 253 484 ei
270 464 278 484 ε
295 454 391 484 «Vide
410 462 449 484 ne
463 454 586 491 feceris3
600 455 694 483 Deum
707 452 813 489 adora,
831 460 846 479 ι)
863 451 917 480 etc.

137 504 237 540 Apoc„
252 510 324 532 xxn.

342 587 532 623 CAPUT
572 586 715 621 XXll.

417 666 456 692 De
480 663 652 692 idololatria.

181 747 194 765 α
207 737 316 767 Videris
328 737 461 775 populus
485 738 570 775 quod
594 745 713 767 moram
725 737 837 766 faceret
857 737 924 766 des-

141 785 291 815 cendendi
302 785 340 814 de
355 787 456 814 monte
466 787 593 822 Moyses,
609 786 808 822 congregatus
822 785 926 814 adver-

140 841 191 862 sus
204 834 302 862 Aaron
317 832 392 862 dixit
409 842 415 861 :
432 834 489 861 Fac
503 833 592 862 nobis
607 834 696 870 deos,
712 833 764 870 qui
778 841 834 862 nos
853 840 926 870 proe-

141 880 259 909 cedant.
272 890 287 908 »
304 880 408 913 Emod„
422 888 515 908 xxxn.

180 937 195 954 α
203 927 375 956 Fornicatus
383 928 427 955 est
435 927 566 964 populus
573 937 587 955 »
595 927 728 956 filiorum
734 927 822 956 Israel
834 936 848 954 «
857 935 926 956 cum

142 974 263 1003 filiabus
283 974 386 1010 Moab,
409 983 477 1011 quae
497 977 681 1003 vocaverunt
698 983 749 1003 eos
763 975 804 1003 ad
817 974 928 1003 sacrifi-

145 1021 191 1050 cia
204 1029 267 1050 sua.
278 1023 314 1050 At
326 1021 371 1050 illi
386 1021 592 1058 comederunt,
605 1024 633 1051 et
642 1022 843 1052 adoraverunt
854 1021 928 1051 deos

145 1076 259 1097 earum.
274 1078 288 1096 »
305 1069 403 1104 Num„
418 1076 487 1097 xxv.

180 1116 295 1144 Mortuo
309 1117 397 1143 Josue
412 1115 476 1143 filio
491 1116 581 1151 Nave,
596 1115 651 1143 filii
664 1115 754 1144 Israel
771 1115 930 1144 «fecerunt

145 1162 261 1190 malum
275 1162 307 1190 in
322 1163 482 1199 conspectu
495 1162 623 1198 Domini,
637 1164 666 1191 et
679 1162 849 1191 serviebant
858 1164 929 1192 Baa—

146 1208 200 1237 lim
209 1219 223 1238 n
232 1209 412 1246 etAstaroth,
425 1220 440 1237 «
449 1211 477 1238 et
487 1210 663 1239 dimiserunt
670 1210 830 1240 Dominum
837 1211 930 1239 Deum

147 1258 267 1292 patrum
281 1264 415 1286 suorum.
432 1267 446 1285 n
462 1257 566 1292 Μαῖα,
580 1265 612 1286 11.

186 1313 201 1330 «
209 1304 380 1333 Fornicatus
390 1306 433 1332 est
442 1304 539 1333 omnis
549 1304 639 1333 Israel
649 1314 663 1333 »
672 1305 703 1333 in
714 1304 834 1341 Ephod,
846 1304 930 1341 quod

148 1350 257 1380 fecerat
268 1351 398 1380 Gedeon.
415 1352 518 1387 Μαῖα,
533 1359 595 1381 vm.

184 1399 257 1427 Item
271 1397 308 1426 de
323 1398 484 1427 Salomone
500 1398 607 1427 dicitur
621 1407 628 1427 ε
647 1408 661 1425 α
675 1400 874 1435 Depravatum
889 1401 932 1428 est

149 1454 201 1474 cor
216 1446 278 1481 ejus
298 1454 353 1482 per
377 1445 536 1481 mulieres,
551 1446 592 1474 ita
615 1447 648 1474 ut
671 1448 843 1482 sequeretur
858 1446 931 1474 deos

147 1493 279 1527 alienos,
304 1501 360 1521 nec
384 1495 446 1522 erat
468 1492 633 1529 perfectum
657 1501 710 1522 cor
731 1493 815 1529 ejus,
836 1503 850 1521 »
867 1495 929 1529 {eta

148 1541 184 1569 111
198 1541 278 1575 Req„
291 1547 333 1568 xt.

187 1587 377 1622 «Excogitato
393 1586 529 1622 consilio,
543 1598 556 1613 »
576 1587 737 1615 Jeroboam
755 1587 842 1615 «fecit
855 1587 932 1615 duos

147 1633 256 1662 vitulos
277 1642 401 1669 aureos,
420 1636 448 1662 et
469 1634 543 1662 dixit
564 1643 573 1662 .·
595 1636 667 1662 Ecce
688 1634 730 1662 dii
751 1634 808 1669 tui,
826 1634 930 1670 lsrael,

146 1681 200 1717 qui
222 1680 390 1710 eduxerunt
411 1683 438 1710 te
459 1681 496 1710 de
517 1682 596 1710 terra
614 1681 743 1718 AEgypti.
762 1691 776 1708 1>
799 1682 832 1711 111
853 1683 931 1717 Rea„

146 1735 205 1763 111,
220 1730 266 1756 28.

186 1784 201 1802 «
214 1775 469 1804 AEdificaverunt»
490 1776 547 1804 viri
562 1776 599 1804 de
619 1776 696 1804 Juda
714 1785 728 1802 «
742 1784 818 1812 araS,
835 1778 863 1804 et
877 1778 933 1805 sta·

148 1823 214 1850 tuas
230 1825 258 1851 et
275 1823 371 1857 lucos,
385 1832 475 1860 super
491 1832 613 1852 omnem
628 1824 738 1852 collem
764 1824 932 1859 excelsum,

150 1872 178 1898 et
188 1870 289 1898 subter
302 1878 424 1899 omnem
435 1871 575 1900 arborem
582 1871 768 1900 frondosam.
780 1880 795 1899 >)
810 1872 843 1900 111
853 1872 932 1907 Rea„

150 1924 210 1953 xiv,
226 1918 272 1945 23.

186 1973 202 1990 (ι
216 1965 281 1992 Non
295 1963 409 1992 suffecit
422 1974 436 1992 »
449 1964 550 1993 Achab
565 1965 628 2000 regi
644 1964 743 2000 Israel,
759 1973 773 1991 «
786 1966 819 1993 ut
830 1964 935 1993 ambu-

150 2010 227 2040 laret
240 2011 271 2039 in
284 2011 413 2047 peccatis
427 2011 602 2047 Jeroboam3
616 2012 670 2040 sed
679 2012 802 2048 insuper
815 2011 937 2041 servivit

149 2058 230 2092 Baal,
243 2059 271 2087 et
285 2058 423 2087 adoravit
438 2067 517 2087 eum.
529 2068 544 2086 »
561 2060 595 2087 111
609 2060 687 2095 Rea„
703 2067 766 2094 XVI,
779 2060 826 2087 31.

186 2105 281 2134 Achaz
307 2113 359 2134 rex
381 2106 457 2134 Juda
481 2116 496 2133 «
517 2106 683 2135 ambulavit
704 2106 735 2134 in
755 2106 806 2134 via
824 2113 933 2141 regum

149 2152 252 2181 Israel:
263 2153 385 2189 insuper
393 2155 421 2182 et
429 2153 526 2181 filium
536 2162 624 2181 suum
634 2153 829 2189 consecravit,
841 2155 935 2183 trans-

151 2199 248 2228 ferens
262 2207 316 2236 per
330 2200 441 2235 ignem.
456 2210 470 2228 n
491 2201 525 2229 lV
539 2202 618 2236 Req„
632 2208 693 2236 xvr,
709 2202 736 2229 3.

187 2247 345 2275 Translatis
365 2247 435 2275 filiis
449 2248 539 2276 Israel
553 2248 585 2276 in
608 2248 742 2284 Assyrios
753 2269 762 2284 ,
785 2247 936 2276 collocatae

153 2295 222 2322 sunt
237 2294 361 2322 diversae
376 2297 477 2330 gentes
497 2295 528 2323 in
551 2295 719 2323 civitatibus
734 2296 872 2324 Samariae
882 2317 891 2330 ,
909 2296 938 2323 et

153 2349 342 2378 unaquaeque
356 2341 423 2369 fecit
438 2342 529 2370 deum
541 2350 643 2378 suum;
658 2344 765 2371 etcum
780 2343 937 2371 Dominum

155 2388 297 2424 colerent,
312 2389 369 2417 diis
379 2397 500 2425 quoqne
511 2389 570 2418 suis
585 2390 754 2419 serviebant
765 2390 850 2426 juxta
864 2398 937 2419 con-

155 2436 344 2463 suetudinem
359 2436 527 2464 Gentilium.
543 2437 577 2465 1v
591 2437 670 2472 Βιζι]υ
684 2445 756 2466 xvn.

191 2483 337 2512 Confusus
347 2483 566 2520 etvituperatus
576 2484 778 2513 Sennacherib
791 2493 844 2514 rex
855 2488 939 2522 Assy-

156 2529 279 2564 riorum,
296 2531 454 2559 «reversus
467 2533 509 2559 est
518 2541 531 2559 »
547 2531 578 2559 in
589 2531 714 2560 Niniven
728 2532 767 2561 ab
781 2532 940 2569 impugna-

158 2577 238 2605 tione
256 2577 384 2606 Ezechiae
407 2578 486 2614 regis
500 2578 598 2614 Juc1ae3
617 2588 632 2605 α
651 2587 780 2616 cumque
801 2580 940 2608 adoraret

158 2623 190 2652 in
205 2624 315 2660 templo
334 2625 461 2653 Nesroch
469 2646 479 2661 ‚
494 2625 548 2653 filii
565 2625 629 2661 ejus
642 2629 850 2662 percusserunt
870 2635 940 2655 eum

160 2670 271 2706 gladio,
286 2673 314 2699 et
326 2671 474 2707 fugerunt.
491 2681 505 2698 »
523 2671 555 2699 lv
567 2673 644 2707 Req„
659 2681 719 2709 xix,
732 2675 778 2708 36,
793 2675 838 2702 37.

196 2719 342 2747 Manasses
353 2726 405 2746 rex
421 2719 496 2746 iuda
515 2728 528 2745 «
543 2719 635 2747 erexit
652 2728 755 2749 omnes
772 2729 837 2749 aius
854 2721 940 2755 Baal,

1695 239 1753 271 515

976 308 1005 336 et
1027 307 1175 336 adorabat
1199 314 1322 336 omnem
1343 307 1481 338 militiam
1501 307 1588 344 coeli,
1613 309 1643 337 et
1665 307 1758 338 coluit

976 362 1043 383 eam
1050 375 1060 390 ,
1076 364 1090 382 »
1107 356 1160 383 etc.
1174 354 1209 383 lv
1222 355 1300 391 Rea„
1315 363 1377 384 xxt-

1013 401 1218 438 Holophernes
1240 401 1413 439 indignatus
1444 403 1547 432 contra
1560 402 1685 438 Achior,
1703 403 1755 440 qui

977 449 1242 479 commendaverat
1269 450 1433 487 potentiam
1463 450 1512 478 Dei
1544 450 1736 480 Hebraeorum
1748 472 1756 483 ,

978 496 1052 525 dixit
1066 517 1076 532 ,
1101 497 1186 534 quod
1211 497 1379 526 ostenderet
1408 497 1435 526 ei
1447 518 1457 533 ,
1484 497 1569 534 quod
1594 506 1657 527 non
1685 499 1760 526 esset

979 545 1069 579 Deus,
1085 543 1143 572 nisi
1157 544 1446 573 Nabuchodonosor.
1461 545 1572 579 Judt'th,
1586 552 1617 573 v.

1017 591 1325 620 «Nabuchodonosor
1346 591 1414 620 fecit
1434 593 1562 620 statuam
1583 599 1724 627 auream,
1743 601 1758 619 ι)

980 639 1009 666 et
1022 638 1178 675 praecepit,
1192 640 1224 667 ut
1239 646 1342 666 omnes
1356 638 1461 675 populi
1470 660 1479 673 ,
1493 638 1587 668 tribus
1599 639 1628 668 et
1640 639 1759 674 lingum,

981 685 1121 714 cadentes
1135 685 1296 714 adorarent
1310 694 1385 714 eam.
1407 687 1492 721 Dan„
1506 694 1548 715 111.

1016 731 1121 760 Darius
1153 740 1206 760 rex
1233 733 1390 761 Persarum
1422 733 1580 769 proposuit
1607 733 1738 762 edictum
1751 756 1761 768 ,

981 779 1066 816 quod
1088 779 1189 808 nullus
1210 779 1288 809 infra
1304 780 1424 816 triginta
1440 780 1503 808 dies
1522 781 1636 817 peteret
1649 780 1764 817 aliquid

981 834 1000 855 a
1014 835 1208 863 quocumque
1234 827 1309 863 deo,
1330 827 1380 856 vel
1402 827 1543 864 homine,
1557 827 1615 856 nisi
1637 828 1676 857 ab
1697 828 1762 864 ipso

980 881 1052 910 rege
1064 874 1162 902 Dario.
1179 876 1262 910 Dan„
1277 883 1319 904 w.

1019 922 1087 949 Erat
1101 920 1217 949 idolum
1231 921 1262 950 in
1277 922 1448 959 Babylone,
1465 923 1549 960 quod
1563 930 1616 952 rex
1631 922 1764 960 quotidie

983 968 1150 1005 adorabat,
1174 969 1258 1005 quod
1274 977 1343 998 cum
1363 970 1466 998 Daniel
1486 970 1693 1006 subvertisset,
1709 971 1763 1000 Ba-

983 1015 1100 1052 bylonii
1116 1016 1319 1045 adoraverunt
1334 1017 1509 1046 draconem.
1524 1019 1596 1046 Dan.
1600 1039 1609 1054 ‚
1625 1025 1687 1047 xrv.

1019 1062 1181 1091 Antiochus
1198 1074 1211 1089 α
1221 1063 1307 1099 jussit
1321 1064 1471 1093 aedificare
1489 1073 1555 1094 aras
1569 1066 1598 1093 et
1612 1065 1724 1101 templa
1738 1067 1767 1094 et

983 1109 1084 1146 idola,
1098 1113 1126 1139 et
1136 1110 1288 1139 immolari
1304 1120 1409 1140 carnes
1424 1112 1541 1147 suillas,
1554 1114 1583 1141 et
1596 1112 1766 1149 relinquere

983 1157 1063 1185 filios
1079 1166 1149 1185 suos
1164 1158 1397 1188 incircumcisos.
1414 1168 1428 1187 »
1443 1161 1453 1188 1
1468 1161 1571 1192 Mach„
1585 1168 1606 1195 1,
1623 1161 1668 1194 50,
1684 1162 1727 1188 51.

1020 1204 1193 1233 Sacerdotes
1208 1207 1237 1234 et
1247 1206 1380 1242 populus
1398 1206 1435 1234 de
1451 1207 1569 1235 civitate
1582 1208 1689 1244 Lystrae
1700 1229 1710 1243 ‚
1723 1215 1767 1236 re-

984 1253 1122 1289 putantes
1142 1252 1216 1281 deos
1229 1253 1354 1282 Paulum
1374 1255 1402 1282 et
1415 1254 1592 1290 Barnabam,
1608 1254 1769 1283 voluerunt

985 1299 1153 1329 sacrificare
1169 1300 1225 1336 eis;
1242 1300 1326 1338 quod
1338 1301 1381 1330 illi
1395 1301 1615 1337 prohibuerunt
1632 1302 1768 1332 omnino.

985 1346 1062 1383 Act„
1076 1355 1139 1376 xrv.

1022 1396 1098 1424 Cum
1119 1396 1229 1425 Paulus
1250 1398 1385 1425 maneret
1405 1397 1545 1433 Athenis,
1564 1397 1769 1427 «incitabatur

986 1442 1106 1478 spiritus
1121 1443 1184 1479 ejus
1208 1443 1240 1471 in
1261 1443 1345 1480 ipso,
1360 1443 1467 1472 videns
1488 1444 1666 1475 idololatriae
1688 1444 1771 1474 dedi-

987 1490 1049 1519 tam
1063 1489 1227 1526 civitatem,
1244 1501 1258 1518 »
1273 1491 1351 1527 Act„
1365 1499 1444 1528 xvn,
1461 1493 1504 1520 16.

1232 1585 1375 1620 CAPUT
1398 1586 1522 1620 XXIII.

1158 1659 1196 1685 De
1211 1657 1375 1693 blasphemia
1392 1660 1485 1686 contra
1505 1659 1597 1687 Deum.

1023 1725 1113 1754 Filius
1136 1725 1270 1754 mulieris
1293 1726 1464 1755 israelitidis
1488 1728 1636 1763 praecepto
1653 1727 1770 1757 Domini

986 1772 1137 1809 lapidatus
1153 1773 1209 1801 fnit
1231 1774 1262 1802 in
1277 1773 1394 1802 deserto
1410 1782 1466 1810 pro
1481 1782 1532 1810 eo,
1553 1775 1637 1812 quod
1658 1782 1769 1804 nomen

987 1820 1105 1849 Domini
1120 1820 1360 1857 blasphemavit,
1373 1822 1472 1857 Levzsst„
1486 1829 1567 1851 xxiv.

1024 1868 1101 1897 Dixit
1119 1868 1182 1897 Heli
1201 1868 1271 1896 filiis
1290 1869 1374 1897 suis:
1392 1879 1407 1896 «
1429 1869 1457 1897 Si
1480 1869 1648 1906 peccaverit
1671 1871 1717 1899 vir
1739 1871 1770 1900 in

987 1915 1096 1951 virum,
1112 1916 1226 1952 placari
1240 1917 1337 1952 potest
1358 1916 1386 1944 ci
1402 1917 1555 1945 Dominus.
1581 1918 1609 1945 Si
1625 1919 1725 1946 autem
1739 1918 1768 1945 in

988 1963 1148 1991 Dominum
1169 1963 1358 1999 peccaverit,
1385 1964 1452 2000 quis
1475 1964 1574 1993 orabit
1598 1973 1654 2000 pro
1675 1965 1739 1994 eo?
1753 1975 1766 1992 ι)

988 2010 999 2037 1
1012 2010 1090 2044 Req„
1106 2017 1137 2037 11.

1024 2056 1138 2085 Nathan
1150 2056 1298 2093 propheta
1309 2056 1439 2086 multum
1454 2058 1654 2094 exaggerabat
1665 2067 1771 2095 pecca-

990 2105 1053 2131 tum
1071 2103 1187 2139 David,
1212 2111 1250 2132 ex
1271 2112 1306 2132 eo
1327 2105 1411 2140 quod
1431 2105 1640 2141 blasphemare
1663 2106 1771 2135 fecerat

989 2150 1127 2180 inimicos
1140 2158 1253 2179 nomen
1267 2151 1404 2187 Domini,
1419 2154 1441 2182 11
1455 2154 1534 2188 Rea„
1550 2161 1601 2182 ΧΠ.

1026 2198 1075 2226 Vir
1093 2198 1143 2226 Dei
1163 2198 1237 2227 dixit
1259 2199 1299 2227 ad
1320 2207 1422 2234 regem
1443 2199 1550 2228 lsrael:
1569 2211 1584 2226 «
1596 2200 1671 2235 Quia
1686 2200 1771 2229 dixe-

990 2247 1060 2274 runt
1073 2245 1157 2282 Syri3
1172 2247 1247 2274 Deus
1266 2246 1414 2275 montium
1429 2249 1490 2282 est,
1506 2249 1534 2274 et
1547 2255 1609 2275 non
1633 2249 1677 2276 est
1696 2249 1771 2276 Deus

991 2292 1116 2321 vallium
1134 2302 1143 2328 ς
1173 2292 1254 2321 dabo
1291 2301 1412 2321 omnem
1440 2293 1661 2323 multitudinem
1693 2295 1771 2323 hauc

992 2339 1139 2376 grandem
1157 2340 1189 2368 in
1203 2348 1294 2368 manu
1310 2342 1370 2369 tua.
1386 2351 1399 2367 »
1413 2341 1445 2369 ΠΙ
1462 2342 1539 2376 neq„
1555 2350 1604 2369 xx.

1026 2386 1144 2415 Videtur
1165 2388 1248 2423 quod
1266 2388 1363 2423 majus
1384 2390 1541 2424 peccatum
1556 2389 1712 2417 nesciverit
1726 2397 1773 2417 ex·
1817 2419 1819 2421 ,

994 2434 1123 2470 cogitare
1137 2434 1319 2470 nequissima
1340 2435 1457 2463 Jezabel
1477 2436 1619 2464 adversus
1634 2436 1750 2464 Naboth
1762 2458 1770 2471 ,

994 2490 1084 2518 quam
1109 2482 1349 2518 blasphemiam,
1374 2490 1465 2518 quam
1488 2482 1555 2510 fecit
1576 2483 1618 2510 illi
1636 2482 1770 2518 imponi,

993 2530 1026 2558 ΙΙΙ
1041 2531 1117 2565 Rea„
1132 2538 1194 2558 xx1.

1030 2576 1152 2606 Multum
1167 2576 1382 2613 displicuerunt
1397 2578 1455 2605 Deo
1471 2577 1665 2613 blasphemiae
1675 2598 1684 2611 ‚
1698 2585 1773 2614 quas

996 2625 1134 2654 dixerunt
1147 2624 1223 2653 servi
1245 2624 1443 2654 Sennacherib
1468 2625 1544 2660 regis
1562 2625 1771 2661 Assyriorum5

995 2673 1075 2701 unde
1091 2672 1236 2708 percussit
1249 2672 1391 2699 Dominus
1406 2674 1523 2699 centum
1540 2672 1689 2707 octoginta
1706 2672 1773 2700 mil-

994 2719 1035 2748 lia
1051 2719 1087 2747 de
1103 2719 1231 2747 exerciiu
1246 2727 1300 2746 suo
1312 2740 1321 2753 ,
1336 2721 1369 2747 IV
1383 2722 1460 2754 Rea„
1476 2727 1537 2748 xtx.
