2004 3037
551 168 601 201 DE
622 167 883 202 CORRUPTELA
906 167 1082 200 PECCATI.
1106 167 1193 200 CAP.
1217 167 1307 200 XXV.

123 242 215 273 quam
230 236 382 273 incidens,
399 236 474 266 sieut
491 237 636 273 contingit
653 236 685 265 in
698 237 787 265 cantu
804 235 852 264 vel
870 235 901 264 in

122 283 332 320 proedicatione
353 283 536 321 quandoque
547 304 556 320 ‚
573 285 600 312 et
618 285 688 312 tunc
712 285 755 312 est
769 282 883 311 veniale
890 291 898 318 3

121 330 171 358 vel
183 330 249 359 laus
265 333 308 359 est
322 331 391 359 finis
409 331 611 368 principaliter
623 330 802 367 praestitutus
817 330 901 367 operi

121 376 236 405 virtutis
250 379 278 406 et
288 378 431 415 operanti,
445 378 486 406 ita
497 377 580 414 quod
594 377 636 405 ibi
651 377 799 406 constituit
809 377 901 405 finem

121 423 278 460 ultimum,
294 427 322 453 et
341 425 382 453 sic
396 426 439 453 est
452 424 594 459 mortale,
610 424 681 461 quia
696 426 765 452 tunc
780 424 902 452 inhaeret

121 471 159 506 ei,
178 473 210 500 ut
224 471 276 499 fini
297 471 412 500 ultimo.
433 472 506 500 Nota
521 471 605 507 quod
626 471 723 507 majus
739 473 781 499 est
794 479 901 508 pecca-

121 519 185 546 tum
205 517 326 553 gloriari
347 518 384 546 de
403 517 490 546 bonis
510 517 724 555 spiritualibus,
749 526 841 554 quam
863 517 901 546 de

122 564 353 601 temporalibus,
369 564 440 601 quia
454 564 553 592 minus
567 564 679 593 habent
692 565 849 600 motivum,
864 573 900 593 eo

122 611 205 647 quod
220 611 317 640 minus
331 614 493 648 appareant
502 614 594 647 extra,
606 620 697 648 quam
713 612 899 649 temporalia.

363 706 506 740 CAPUT
534 707 656 740 XXIII.

177 778 312 810 Quomodo
332 779 443 806 invidia
461 781 498 806 sit
524 780 647 815 mortale,
667 780 711 807 vel
729 780 845 807 veniale.

157 847 271 876 Invidia
285 856 321 875 ex
336 856 390 876 suo
411 856 518 883 genere
539 850 581 876 est
595 851 749 885 peccatum
764 848 899 883 mortale,

123 894 195 930 quia
217 903 286 922 cum
312 894 444 930 invidia,
469 895 635 923 secundum
658 895 841 930 Remigium,
866 895 902 923 sit

125 940 212 969 dolor
225 941 262 969 de
277 941 374 969 alieno
392 941 485 977 bono,
501 942 694 970 contrariatur
709 942 817 969 directe
833 942 901 970 cha-

123 987 213 1023 ritati,
231 996 297 1023 quoe
312 996 373 1016 non
388 988 559 1022 aemulatur,
576 988 628 1015 sed
644 988 812 1024 congaudet
825 988 901 1016 veri-

123 1034 183 1062 tati.
205 1034 342 1062 Charitati
364 1042 436 1062 vero
459 1034 533 1062 nihil
555 1037 597 1063 est
620 1035 820 1070 contrarium,
845 1035 902 1062 nisi

121 1081 276 1116 peecatum
287 1080 421 1109 mortale.
435 1082 544 1109 Tamen
556 1081 633 1109 illud
643 1082 727 1118 quod
742 1090 778 1109 ex
793 1089 901 1117 genere

122 1129 165 1155 est
185 1127 327 1163 mortale,
341 1129 438 1163 potest
457 1136 520 1156 esse
541 1128 656 1156 veniale
668 1150 677 1164 ,
692 1129 741 1156 vel
760 1130 851 1165 prout
870 1129 901 1156 in

120 1173 218 1210 primo
232 1176 315 1202 motu
335 1174 482 1209 consistit,
498 1175 546 1203 vel
561 1177 642 1203 extra
656 1183 741 1203 suam
756 1175 901 1203 rationem

120 1220 253 1249 trahitur.
270 1221 358 1250 Dolor
373 1223 472 1249 autem
491 1221 528 1250 de
548 1222 646 1250 alieno
663 1222 747 1250 hono
763 1224 804 1249 est
826 1231 901 1258 qua-

121 1266 267 1304 druplex:
283 1268 332 1296 vel
347 1269 418 1304 quia
432 1270 475 1296 est
494 1269 592 1305 primo
615 1269 730 1305 primus
745 1271 842 1297 motus
865 1277 902 1297 ex

119 1316 226 1343 natura
239 1315 375 1351 veniens,
392 1316 465 1343 sicut
480 1315 605 1351 quidam
619 1316 793 1344 naturaliter
807 1316 901 1344 invidi

121 1363 204 1389 sunt:
221 1363 249 1390 et
270 1362 327 1390 hoc
350 1362 467 1390 nullum
482 1364 638 1398 peccatum
654 1365 715 1397 est,
732 1371 800 1390 cum
815 1362 901 1391 nullo

120 1409 213 1437 modo
235 1409 270 1437 sit
291 1409 322 1437 in
344 1411 486 1445 potestate
505 1411 616 1438 nostra.
639 1410 691 1437 Vel
706 1412 748 1438 est
769 1410 901 1438 secundo

120 1455 234 1491 primus
257 1458 370 1490 motus,
395 1456 517 1492 quando
540 1456 651 1484 scilicet
672 1457 816 1493 appetitus
838 1457 900 1485 sine

122 1502 270 1538 completa
292 1501 507 1530 deliberatione
529 1502 581 1530 tali
600 1503 738 1538 passione
758 1503 900 1538 afficitur,

122 1550 149 1576 et
162 1549 203 1576 sic
220 1551 262 1576 est
272 1548 388 1577 veniale
404 1551 568 1585 peecatum.
584 1549 634 1577 Vel
648 1551 690 1577 est
705 1552 785 1577 actus
797 1550 902 1578 volun-

120 1595 212 1623 tarius
227 1595 430 1630 deliberative,
444 1598 471 1623 et
485 1596 525 1624 sic
539 1598 582 1624 est
595 1597 720 1624 mortale
736 1600 898 1633 peceatum.

121 1643 172 1670 Vel
192 1642 315 1670 trahitur
329 1651 382 1679 per
401 1643 595 1670 intentionem
614 1645 695 1671 extra
710 1651 795 1671 suam
809 1644 900 1671 ratio-

121 1697 206 1725 nem,
228 1691 260 1717 ut
280 1690 401 1726 quando
422 1690 509 1718 dolor
530 1690 567 1718 de
589 1690 686 1718 alieno
706 1690 789 1718 hono
810 1691 902 1726 surgit

122 1736 262 1773 cuiquam
284 1745 321 1764 ex
341 1745 430 1765 causa
450 1737 548 1771 bona,
571 1737 646 1765 sicut
667 1737 789 1773 quando
819 1737 902 1766 dolet

123 1783 231 1819 aliquis
246 1784 283 1812 de
302 1784 384 1812 bono
405 1785 561 1820 temporali
581 1785 719 1820 alterius,
735 1786 806 1821 quia
820 1785 903 1814 videt

123 1829 199 1858 illud
213 1831 382 1859 redundare
404 1831 436 1859 in
458 1832 668 1860 detrimentum
690 1832 796 1860 animae
810 1832 900 1868 illius,

123 1876 172 1905 vel
187 1877 275 1905 etiam
291 1878 322 1906 in
341 1878 551 1906 detrimentum
572 1879 809 1907 communitatis:
835 1880 901 1907 talis

125 1923 212 1952 dolor
227 1924 324 1952 bonus
345 1927 405 1959 est,
421 1925 491 1961 quia
504 1926 601 1960 majus
619 1926 735 1953 bonum
749 1926 844 1962 magis
860 1929 903 1954 est

125 1971 337 2006 appetendum.
360 1972 528 2000 Notandum
545 1980 617 2000 vero
637 1973 721 2008 quod
741 1981 795 2009 per
815 1972 902 2001 dolo-

124 2025 188 2046 rem
207 2017 281 2045 boni
299 2019 559 2054 comprehenditur
578 2020 723 2054 gaudium
744 2019 781 2047 de
801 2020 900 2056 malo,

126 2063 209 2100 quod
224 2072 260 2092 ex
275 2063 340 2100 ipso
355 2067 501 2094 causatur.

367 2160 510 2194 CAPUT
533 2160 656 2194 XXIV.

144 2231 277 2266 Quomodo
295 2234 340 2260 ira
354 2233 394 2260 sit
416 2235 553 2268 peccatum
572 2233 694 2267 mortale,
709 2233 750 2260 vel
769 2234 882 2260 veniale.

161 2302 206 2330 Ira
219 2310 253 2329 ex
268 2309 321 2330 suo
332 2309 439 2337 genere
451 2304 493 2330 est
503 2303 658 2338 peccatum
668 2302 803 2336 mortale,
820 2302 900 2338 quia,

125 2348 289 2376 secundum
307 2348 468 2382 Isidorum,
483 2349 527 2377 ira
546 2350 588 2376 est
606 2349 723 2377 animus
741 2349 901 2377 concitatus

126 2394 165 2422 ad
177 2403 298 2431 poenam
312 2395 488 2431 provocanti
502 2395 697 2423 inferendam.
714 2396 789 2423 Talis
803 2399 901 2424 autem

125 2443 223 2469 motus
236 2442 430 2470 contrariatur
444 2443 588 2478 charitati,
601 2451 667 2479 quoe
680 2445 688 2461 ¹
698 2452 751 2471 non
760 2446 902 2479 irritatur,

125 2495 172 2515 nec
186 2491 287 2524 cogitat
300 2490 413 2517 malum.
428 2491 472 2518 lra
490 2489 580 2525 igitur
594 2490 642 2518 vel
658 2490 729 2518 dicit
742 2490 816 2519 iram
832 2491 901 2525 zeli,

159 2586 168 2604 ¹
185 2587 191 2611 Ι
209 2587 277 2619 Corn,
292 2594 350 2621 xm,
363 2590 386 2615 5.
397 2602 428 2609 —·
440 2590 449 2605 ²
464 2590 532 2615 Psal.
549 2596 584 2622 lv,
600 2592 623 2614 5.

1676 170 1734 199 ¹43

955 243 1019 272 quae
1038 237 1081 264 est
1104 235 1257 265 detestatio
1274 236 1356 271 vitii,
1373 238 1401 264 et
1419 235 1481 264 haec
1499 243 1561 264 non
1576 237 1619 264 est
1631 242 1735 272 pecca-

955 284 1029 318 tum,
1046 282 1098 311 sed
1115 284 1156 311 est
1170 283 1367 320 perfectionis.
1384 284 1479 311 Potest
1494 283 1582 311 etiam
1598 282 1664 320 quis
1678 281 1736 310 sibi

955 337 1008 365 per
1020 329 1099 357 hunc
1114 330 1239 358 modum
1253 330 1350 364 irasci,
1367 330 1441 358 sicut
1452 329 1521 358 dicit
1535 329 1636 359 Glossa
1647 337 1736 365 super

955 375 1031 404 illud
1042 376 1147 404 Psalmi
1159 376 1169 392 ²
1181 386 1186 404 ε
1198 378 1366 412 Irascimini,
1378 380 1402 404 et
1413 378 1496 405 nolite
1503 385 1620 412 peccare.
1636 376 1735 410 «Quid

956 425 1008 458 est,
1024 422 1130 459 inquit,
1142 423 1234 451 homo
1245 423 1402 460 poenitcns,
1414 423 1470 451 nisi
1486 423 1615 451 irascens
1629 423 1704 451 sibi?
1719 434 1732 449 ι)

955 470 1007 498 Vel
1022 470 1092 498 dicit
1105 470 1312 498 remissionem
1326 469 1447 497 affectus
1463 469 1541 498 circa
1552 470 1736 506 proximum,

954 524 1009 553 por
1023 525 1114 553 quem
1135 517 1226 545 homo
1246 525 1308 545 non
1328 516 1409 544 dolet
1432 516 1469 544 cle
1489 517 1569 545 malo
1588 517 1734 553 proximi,

957 572 1011 592 nee
1026 564 1137 599 gaudet
1147 564 1184 592 de
1196 563 1277 592 bono
1293 564 1366 599 eJ'uS,
1381 563 1448 591 licet
1463 563 1551 591 etiam
1561 571 1622 591 non
1635 563 1737 592 doleat

958 609 996 638 dc
1019 610 1119 645 bono,
1136 619 1190 639 nec
1211 610 1340 646 gaudeat
1360 609 1397 637 de
1416 609 1498 638 malo
1520 610 1597 645 cjus,
1619 610 1673 637 sed
1695 612 1737 638 cst

958 657 1130 685 indifferens
1145 657 1171 685 ei
1188 666 1195 685 z
1216 659 1244 685 et
1261 657 1301 685 sic
1315 665 1377 685 non
1399 658 1442 684 est
1456 657 1596 692 mortale,
1613 657 1666 685 sed
1681 657 1736 685 im-

955 704 1098 741 perfectio
1120 704 1278 733 charitatis.
1301 705 1353 732 Vel
1374 705 1444 733 dicit
1469 704 1616 732 actualem
1641 704 1737 740 impa-

955 751 1088 780 tientiam
1119 752 1233 788 absque
1261 751 1393 788 appetitu
1419 751 1555 779 vindictae
1578 760 1584 778 :
1615 753 1643 779 et
1672 751 1737 779 talis

955 801 1054 826 motus
1069 798 1157 827 etiam
1179 798 1359 826 deliberatus
1379 800 1421 826 est
1439 800 1594 834 peccatum
1608 798 1735 833 veniale,

956 846 1027 881 quia
1041 846 1132 873 habet
1144 845 1355 882 incompletam
1370 845 1516 873 rationem
1531 845 1594 880 irae,
1612 845 1687 873 sieut
1701 853 1737 873 ex

957 892 1126 928 supradicta
1147 894 1228 929 patet
1251 891 1437 920 diffinitione.
1466 892 1518 920 vel
1546 892 1616 920 dicit
1643 892 1737 928 impa-

956 939 1088 967 tientiam
1108 947 1175 967 cum
1191 939 1323 975 appetitu
1339 939 1492 973 vindictae,
1508 940 1536 967 et
1557 939 1615 967 hoc
1631 941 1672 967 est
1687 938 1737 966 tri-

955 985 1070 1022 pliciter
1086 995 1092 1013 :
1116 985 1300 1022 quandoque
1322 985 1401 1013 enim
1416 986 1473 1014 hoc
1488 994 1505 1013 a
1526 987 1644 1021 natura,
1663 986 1738 1014 sicut

956 1032 987 1060 in
1011 1032 1248 1066 melancholicis,
1270 1032 1301 1060 in
1325 1033 1434 1068 quibus
1455 1033 1621 1060 secundum
1642 1033 1739 1061 Philo·

956 1079 1084 1116 sophum
1118 1080 1255 1108 continue
1284 1080 1438 1108 mordetur
1465 1082 1590 1114 natura,
1617 1081 1738 1116 propter

958 1127 1042 1162 quod
1057 1135 1174 1163 semper
1189 1129 1258 1155 sunt
1272 1126 1432 1155 turbulenti
1447 1137 1453 1155 :
1470 1130 1497 1155 et
1512 1127 1552 1155 sic
1566 1127 1682 1155 nullum
1696 1129 1738 1155 est

956 1176 1122 1210 peccatum,
1138 1183 1206 1202 cum
1220 1174 1256 1203 sit
1270 1176 1368 1202 motus
1380 1174 1522 1202 naturalis
1531 1184 1538 1210 3
1555 1174 1736 1210 quandoque

956 1220 1014 1248 hoc
1033 1222 1076 1248 est
1090 1221 1128 1248 ab
1149 1221 1281 1257 appetitu
1295 1220 1507 1255 indeliberato,
1524 1223 1552 1248 et
1567 1220 1608 1248 sic
1630 1222 1672 1248 est
1686 1229 1738 1249 ve-

956 1267 1051 1302 niale,
1067 1267 1141 1295 sicut
1159 1268 1209 1295 alii
1224 1267 1312 1304 primi
1331 1269 1448 1303 motus3
1465 1267 1648 1304 quandoque
1664 1269 1706 1295 est
1721 1276 1738 1296 a

956 1314 1108 1342 voluntate
1132 1314 1343 1349 deliberativa,
1371 1316 1399 1342 et
1422 1316 1491 1342 tunc
1517 1316 1558 1342 est
1583 1316 1737 1350 peccatum

957 1361 1093 1390 mortale.

1209 1443 1352 1476 CAPUT
1376 1443 1484 1477 XXV.

1028 1522 1163 1554 Quomodo
1184 1523 1276 1549 acedia
1295 1524 1330 1550 sit
1350 1524 1474 1557 mortale,
1493 1525 1534 1550 vel
1553 1526 1667 1552 veniale.

994 1599 1103 1627 Acedia
1123 1608 1158 1627 ex
1180 1607 1233 1627 suo
1250 1607 1357 1634 genere
1377 1601 1419 1627 est
1437 1602 1592 1636 peccatum
1609 1601 1735 1635 veniale,

959 1646 1040 1682 quia,
1051 1646 1217 1674 secundum
1228 1646 1435 1682 augustinum,
1449 1646 1553 1674 acedia
1565 1649 1607 1674 est
1618 1647 1738 1675 taediurn

957 1692 1064 1720 interni
1085 1693 1158 1721 boni
1178 1703 1184 1720 :
1206 1693 1263 1721 hoc
1285 1695 1384 1720 autem
1404 1701 1465 1720 non
1486 1694 1647 1730 opponitur
1670 1694 1738 1722 cha-

957 1740 1052 1775 ritati,
1080 1740 1133 1768 sed
1154 1740 1224 1768 dicit
1244 1740 1472 1768 diminutionem
1495 1740 1620 1768 fervoris
1645 1740 1738 1769 chari-

958 1787 1043 1822 tatis,
1058 1787 1088 1814 in
1104 1795 1165 1823 quo
1181 1787 1312 1815 consistit
1326 1795 1414 1815 omne
1429 1787 1554 1815 veniale.
1573 1788 1651 1816 Istud
1667 1797 1737 1824 ergo

958 1833 1079 1862 taedium
1089 1855 1096 1868 ,
1112 1834 1161 1862 vel
1184 1836 1226 1861 est
1240 1836 1338 1861 motus
1351 1834 1508 1868 naturalis,
1524 1836 1551 1861 et
1566 1835 1607 1862 sic
1621 1834 1738 1862 nullum

959 1883 1001 1908 est
1020 1882 1188 1916 pcccatun13
1209 1881 1257 1908 vel
1277 1883 1319 1908 est
1336 1883 1434 1908 motus
1451 1881 1597 1917 appetitus
1616 1882 1738 1909 contris-

958 1928 1009 1955 tati
1036 1928 1073 1955 de
1101 1936 1190 1963 opere
1217 1927 1363 1963 spirituali
1387 1928 1557 1962 laborioso,
1581 1931 1609 1956 et
1631 1929 1672 1956 sic
1698 1931 1739 1956 est

957 1975 1088 2009 veniale,
1106 1975 1244 2011 quamvis
1264 1975 1352 2002 ctiam
1373 1975 1519 2011 appetitus
1532 1975 1582 2003 ille
1597 1976 1738 2003 naturalis

958 2022 993 2049 sit
1008 2021 1231 2056 deliberativus,
1244 2022 1315 2057 quia
1327 2030 1487 2049 consensus
1502 2022 1532 2049 in
1547 2022 1662 2049 veniale
1677 2031 1738 2050 non

958 2070 1001 2096 est
1014 2069 1069 2096 nisi
1084 2069 1215 2100 veniale,
1239 2069 1342 2096 acedia
1362 2077 1433 2096 vero
1453 2078 1488 2096 ex
1510 2077 1617 2104 genere
1639 2072 1666 2097 et
1686 2077 1738 2105 per

958 2124 988 2142 se
1012 2115 1136 2142 venialis
1163 2117 1222 2148 cst;
1248 2115 1297 2142 vel
1318 2115 1374 2142 hoc
1396 2115 1516 2142 taedium
1541 2116 1689 2143 redundat
1708 2117 1738 2145 in

959 2161 1150 2189 omissionem
1166 2169 1270 2188 eorum
1291 2170 1357 2197 qutc
1373 2164 1440 2189 sunt
1458 2163 1622 2190 necessaria
1640 2163 1737 2199 saluti,

958 2211 990 2235 ut
1003 2208 1138 2243 frangere
1152 2211 1299 2244 praecepta
1310 2208 1357 2236 Dei
1369 2209 1415 2236 vel
1426 2209 1559 2237 Ecclesiae
1573 2210 1634 2237 sine
1650 2218 1739 2238 causa

958 2256 1144 2291 rationabili,
1167 2258 1195 2284 ct
1215 2258 1285 2284 tunc
1309 2259 1351 2284 est
1369 2257 1503 2284 mortale.
1525 2257 1553 2285 Si
1573 2260 1670 2285 autem
1690 2260 1737 2285 tue-

959 2303 1043 2330 dium
1064 2303 1140 2331 illud
1163 2312 1200 2331 cx
1223 2303 1382 2331 omissione
1402 2304 1488 2339 boni,
1511 2306 1539 2331 et
1565 2304 1736 2333 difficultate

959 2350 1153 2385 aggrediendi
1172 2350 1302 2385 bonum,
1330 2350 1411 2378 ducit
1428 2350 1459 2377 in
1483 2350 1735 2387 desperationem,

958 2398 1102 2432 tuncjam
1115 2397 1228 2425 accedit
1242 2397 1280 2425 ad
1292 2399 1446 2433 peccatum
1461 2397 1492 2424 in
1507 2398 1645 2434 Spiritum
1656 2406 1736 2426 sanc-

959 2445 1031 2471 tum.
1057 2446 1088 2472 Et
1113 2444 1138 2472 si
1157 2444 1277 2471 taediutn
1301 2444 1377 2471 illud
1399 2444 1514 2478 crescit,
1540 2444 1623 2481 quod
1648 2445 1736 2472 etiam

959 2490 1040 2518 ducit
1061 2490 1093 2518 in
1112 2491 1232 2519 taedium
1253 2490 1321 2519 vitae
1335 2490 1366 2518 in
1384 2492 1514 2525 tantum,
1530 2491 1613 2527 quod
1627 2491 1737 2527 injiciat

959 2537 1015 2566 sibi
1039 2546 1156 2573 manus,
1183 2540 1251 2565 tunc
1273 2537 1337 2573 jam
1367 2537 1469 2565 similis
1498 2540 1541 2566 est
1568 2537 1658 2571 Judoe,
1685 2538 1736 2575 qui

958 2584 1068 2621 laqueo
1083 2593 1114 2613 se
1127 2584 1290 2621 suspendit.
