<?xml version="1.0" encoding="UTF-8"?>
<!DOCTYPE html PUBLIC "-//W3C//DTD XHTML 1.0 Transitional//EN"
    "http://www.w3.org/TR/xhtml1/DTD/xhtml1-transitional.dtd">
<html xmlns="http://www.w3.org/1999/xhtml" xml:lang="en" lang="en">
 <head>
  <title>
</title>
<meta http-equiv="Content-Type" content="text/html;charset=utf-8" />
  <meta name='ocr-system' content='tesseract 3.04.00' />
  <meta name='ocr-capabilities' content='ocr_page ocr_carea ocr_par ocr_line ocrx_word'/>
</head>
<body>
  <div class='ocr_page' id='page_1' title='image "./operaomniasixtiv08bonauoft/operaomniasixtiv08bonauoft_0181.png"; bbox 0 0 2004 3037; ppageno 0'>
   <div class='ocr_carea' id='block_1_1' title="bbox 526 257 1358 292">
    <p class='ocr_par' dir='ltr' id='par_1_1' title="bbox 526 257 1358 292">
     <span class='ocr_line' id='line_1_1' title="bbox 526 257 1358 292; baseline 0.002 -2"><span class='ocrx_word' id='word_1_1' title='bbox 526 258 576 290; x_wconf 85' lang='lat' dir='ltr'>DE</span> <span class='ocrx_word' id='word_1_2' title='bbox 595 257 748 291; x_wconf 87' lang='lat' dir='ltr'>CHRISTI</span> <span class='ocrx_word' id='word_1_3' title='bbox 770 257 1049 290; x_wconf 87' lang='lat' dir='ltr'>HUMANITATE.</span> <span class='ocrx_word' id='word_1_4' title='bbox 1073 257 1162 291; x_wconf 89' lang='lat' dir='ltr'>CAP.</span> <span class='ocrx_word' id='word_1_5' title='bbox 1185 259 1358 292; x_wconf 86' lang='lat' dir='ltr'>XVll—XIX.</span> 
     </span>
    </p>
   </div>
   <div class='ocr_carea' id='block_1_2' title="bbox 146 323 922 538">
    <p class='ocr_par' dir='ltr' id='par_1_2' title="bbox 146 323 922 538">
     <span class='ocr_line' id='line_1_2' title="bbox 146 323 921 361; baseline 0.003 -10"><span class='ocrx_word' id='word_1_6' title='bbox 146 323 263 359; x_wconf 80' lang='lat' dir='ltr'>gloriae,</span> <span class='ocrx_word' id='word_1_7' title='bbox 288 324 371 360; x_wconf 88' lang='lat' dir='ltr'>quod</span> <span class='ocrx_word' id='word_1_8' title='bbox 393 324 451 353; x_wconf 92' lang='lat' dir='ltr'>sibi</span> <span class='ocrx_word' id='word_1_9' title='bbox 472 325 527 353; x_wconf 88' lang='lat' dir='ltr'>fuit</span> <span class='ocrx_word' id='word_1_10' title='bbox 556 325 689 353; x_wconf 88' lang='lat' dir='ltr'>debitum</span> <span class='ocrx_word' id='word_1_11' title='bbox 712 333 765 361; x_wconf 86' lang='lat' dir='ltr'>per</span> <span class='ocrx_word' id='word_1_12' title='bbox 796 325 921 360; x_wconf 80' lang='lat' dir='ltr'><strong>gratiam</strong></span> 
     </span>
     <span class='ocr_line' id='line_1_3' title="bbox 146 370 922 406; baseline 0.001 -8"><span class='ocrx_word' id='word_1_13' title='bbox 146 370 281 403; x_wconf 91' lang='lat' dir='ltr'>unionis,</span> <span class='ocrx_word' id='word_1_14' title='bbox 295 370 364 399; x_wconf 86' lang='lat' dir='ltr'>fecit</span> <span class='ocrx_word' id='word_1_15' title='bbox 378 371 434 399; x_wconf 90' lang='lat' dir='ltr'>sibi</span> <span class='ocrx_word' id='word_1_16' title='bbox 454 371 588 400; x_wconf 87' lang='lat' dir='ltr'>debitum</span> <span class='ocrx_word' id='word_1_17' title='bbox 602 371 661 399; x_wconf 82' lang='lat' dir='ltr'>alio</span> <span class='ocrx_word' id='word_1_18' title='bbox 681 371 793 406; x_wconf 90' lang='lat' dir='ltr'>modo,</span> <span class='ocrx_word' id='word_1_19' title='bbox 811 371 922 400; x_wconf 87' lang='lat' dir='ltr'>scilicet</span> 
     </span>
     <span class='ocr_line' id='line_1_4' title="bbox 146 417 922 454; baseline 0.001 -9"><span class='ocrx_word' id='word_1_20' title='bbox 146 424 200 453; x_wconf 89' lang='lat' dir='ltr'>per</span> <span class='ocrx_word' id='word_1_21' title='bbox 224 417 362 446; x_wconf 88' lang='lat' dir='ltr'>meritum</span> <span class='ocrx_word' id='word_1_22' title='bbox 379 417 467 446; x_wconf 83' lang='lat' dir='ltr'>honae</span> <span class='ocrx_word' id='word_1_23' title='bbox 490 418 670 454; x_wconf 82' lang='lat' dir='ltr'>operationis</span> <span class='ocrx_word' id='word_1_24' title='bbox 687 428 693 446; x_wconf 91' lang='lat'>:</span> <span class='ocrx_word' id='word_1_25' title='bbox 715 418 822 446; x_wconf 80' lang='lat' dir='ltr'>meruit</span> <span class='ocrx_word' id='word_1_26' title='bbox 843 418 922 446; x_wconf 90' lang='lat' dir='ltr'>enim</span> 
     </span>
     <span class='ocr_line' id='line_1_5' title="bbox 147 462 922 500; baseline 0.003 -10"><span class='ocrx_word' id='word_1_27' title='bbox 147 462 204 491; x_wconf 88' lang='lat' dir='ltr'>sibi</span> <span class='ocrx_word' id='word_1_28' title='bbox 218 463 310 491; x_wconf 85' lang='lat' dir='ltr'>vitam</span> <span class='ocrx_word' id='word_1_29' title='bbox 331 465 470 492; x_wconf 80' lang='lat' dir='ltr'>aeternam</span> <span class='ocrx_word' id='word_1_30' title='bbox 483 464 546 499; x_wconf 89' lang='lat' dir='ltr'>jam</span> <span class='ocrx_word' id='word_1_31' title='bbox 567 464 718 500; x_wconf 80' lang='lat' dir='ltr'>habitam,</span> <span class='ocrx_word' id='word_1_32' title='bbox 739 464 814 492; x_wconf 90' lang='lat' dir='ltr'>sicut</span> <span class='ocrx_word' id='word_1_33' title='bbox 834 464 922 492; x_wconf 89' lang='lat' dir='ltr'>nobis</span> 
     </span>
     <span class='ocr_line' id='line_1_6' title="bbox 147 509 328 538; baseline 0.011 -2"><span class='ocrx_word' id='word_1_34' title='bbox 147 509 328 538; x_wconf 81' lang='lat' dir='ltr'>habendam.</span> 
     </span>
    </p>
   </div>
   <div class='ocr_carea' id='block_1_3' title="bbox 362 592 706 698">
    <p class='ocr_par' dir='ltr' id='par_1_3' title="bbox 362 592 706 698">
     <span class='ocr_line' id='line_1_7' title="bbox 393 592 672 626; baseline -0.004 -1"><span class='ocrx_word' id='word_1_35' title='bbox 393 592 535 625; x_wconf 88' lang='lat' dir='ltr'><strong>CAPUT</strong></span> <span class='ocrx_word' id='word_1_36' title='bbox 567 592 672 626; x_wconf 82' lang='lat' dir='ltr'>XVII.</span> 
     </span>
     <span class='ocr_line' id='line_1_8' title="bbox 362 670 706 698; baseline 0 -2"><span class='ocrx_word' id='word_1_37' title='bbox 362 671 399 697; x_wconf 80' lang='lat' dir='ltr'>De</span> <span class='ocrx_word' id='word_1_38' title='bbox 428 671 565 698; x_wconf 77' lang='lat' dir='ltr'>voluntate</span> <span class='ocrx_word' id='word_1_39' title='bbox 593 670 706 697; x_wconf 79' lang='lat' dir='ltr'><em>Christi.</em></span> 
     </span>
    </p>
   </div>
   <div class='ocr_carea' id='block_1_4' title="bbox 149 743 939 2771">
    <p class='ocr_par' dir='ltr' id='par_1_4' title="bbox 149 743 939 2635">
     <span class='ocr_line' id='line_1_9' title="bbox 185 743 925 781; baseline -0.001 -10"><span class='ocrx_word' id='word_1_40' title='bbox 185 744 323 772; x_wconf 84' lang='lat' dir='ltr'>Voluntas</span> <span class='ocrx_word' id='word_1_41' title='bbox 337 744 368 772; x_wconf 91' lang='lat' dir='ltr'>in</span> <span class='ocrx_word' id='word_1_42' title='bbox 382 745 494 773; x_wconf 87' lang='lat' dir='ltr'>Christo</span> <span class='ocrx_word' id='word_1_43' title='bbox 511 745 621 781; x_wconf 85' lang='lat' dir='ltr'>duplex</span> <span class='ocrx_word' id='word_1_44' title='bbox 637 744 706 778; x_wconf 85' lang='lat' dir='ltr'>suit,</span> <span class='ocrx_word' id='word_1_45' title='bbox 724 743 833 771; x_wconf 88' lang='lat' dir='ltr'>scilicet</span> <span class='ocrx_word' id='word_1_46' title='bbox 846 751 925 771; x_wconf 86' lang='lat' dir='ltr'>crea-</span> 
     </span>
     <span class='ocr_line' id='line_1_10' title="bbox 149 790 925 827; baseline 0 -9"><span class='ocrx_word' id='word_1_47' title='bbox 149 793 194 826; x_wconf 90' lang='lat' dir='ltr'>ta,</span> <span class='ocrx_word' id='word_1_48' title='bbox 208 791 384 819; x_wconf 76' lang='lat' dir='ltr'>etincreata.</span> <span class='ocrx_word' id='word_1_49' title='bbox 409 793 448 819; x_wconf 87' lang='lat' dir='ltr'>De</span> <span class='ocrx_word' id='word_1_50' title='bbox 462 791 614 820; x_wconf 82' lang='lat' dir='ltr'>voluntate</span> <span class='ocrx_word' id='word_1_51' title='bbox 635 792 765 819; x_wconf 85' lang='lat' dir='ltr'>increata</span> <span class='ocrx_word' id='word_1_52' title='bbox 786 799 876 827; x_wconf 88' lang='lat' dir='ltr'>supra</span> <span class='ocrx_word' id='word_1_53' title='bbox 892 790 925 818; x_wconf 89' lang='lat' dir='ltr'>li-</span> 
     </span>
     <span class='ocr_line' id='line_1_11' title="bbox 150 837 926 873; baseline -0.001 -8"><span class='ocrx_word' id='word_1_54' title='bbox 150 837 205 865; x_wconf 89' lang='lat' dir='ltr'>bro</span> <span class='ocrx_word' id='word_1_55' title='bbox 229 837 326 873; x_wconf 90' lang='lat' dir='ltr'>primo</span> <span class='ocrx_word' id='word_1_56' title='bbox 350 839 358 855; x_wconf 86' lang='lat'><strong>¹</strong></span> <span class='ocrx_word' id='word_1_57' title='bbox 382 838 494 866; x_wconf 90' lang='lat' dir='ltr'>dictum</span> <span class='ocrx_word' id='word_1_58' title='bbox 517 840 576 872; x_wconf 82' lang='lat' dir='ltr'>cst3</span> <span class='ocrx_word' id='word_1_59' title='bbox 600 838 653 865; x_wconf 89' lang='lat' dir='ltr'>sed</span> <span class='ocrx_word' id='word_1_60' title='bbox 670 840 767 866; x_wconf 83' lang='lat' dir='ltr'>creata</span> <span class='ocrx_word' id='word_1_61' title='bbox 789 838 926 865; x_wconf 87' lang='lat' dir='ltr'>voluntas</span> 
     </span>
     <span class='ocr_line' id='line_1_12' title="bbox 152 883 927 919; baseline 0 -9"><span class='ocrx_word' id='word_1_62' title='bbox 152 884 214 919; x_wconf 84' lang='lat' dir='ltr'>ejus</span> <span class='ocrx_word' id='word_1_63' title='bbox 229 883 341 919; x_wconf 81' lang='lat' dir='ltr'>duplex</span> <span class='ocrx_word' id='word_1_64' title='bbox 355 884 426 918; x_wconf 86' lang='lat' dir='ltr'>suit,</span> <span class='ocrx_word' id='word_1_65' title='bbox 450 885 559 912; x_wconf 84' lang='lat' dir='ltr'>scilicet</span> <span class='ocrx_word' id='word_1_66' title='bbox 579 885 715 918; x_wconf 80' lang='lat' dir='ltr'>rationiS,</span> <span class='ocrx_word' id='word_1_67' title='bbox 741 887 768 912; x_wconf 89' lang='lat' dir='ltr'>et</span> <span class='ocrx_word' id='word_1_68' title='bbox 785 883 927 912; x_wconf 90' lang='lat' dir='ltr'>sensuali-</span> 
     </span>
     <span class='ocr_line' id='line_1_13' title="bbox 151 930 926 966; baseline 0 -8"><span class='ocrx_word' id='word_1_69' title='bbox 151 930 226 958; x_wconf 80' lang='lat' dir='ltr'>tatis.</span> <span class='ocrx_word' id='word_1_70' title='bbox 241 930 343 958; x_wconf 76' lang='lat' dir='ltr'>Adhuc</span> <span class='ocrx_word' id='word_1_71' title='bbox 357 931 493 958; x_wconf 90' lang='lat' dir='ltr'>voluntas</span> <span class='ocrx_word' id='word_1_72' title='bbox 505 931 626 958; x_wconf 90' lang='lat' dir='ltr'>rationis</span> <span class='ocrx_word' id='word_1_73' title='bbox 641 931 754 966; x_wconf 81' lang='lat' dir='ltr'>duplex</span> <span class='ocrx_word' id='word_1_74' title='bbox 769 932 829 965; x_wconf 85' lang='lat' dir='ltr'>est,</span> <span class='ocrx_word' id='word_1_75' title='bbox 847 930 926 958; x_wconf 82' lang='lat' dir='ltr'>scili-</span> 
     </span>
     <span class='ocr_line' id='line_1_14' title="bbox 152 977 928 1012; baseline 0 -8"><span class='ocrx_word' id='word_1_76' title='bbox 152 979 196 1004; x_wconf 90' lang='lat' dir='ltr'>cet</span> <span class='ocrx_word' id='word_1_77' title='bbox 218 977 355 1011; x_wconf 89' lang='lat' dir='ltr'>rationis,</span> <span class='ocrx_word' id='word_1_78' title='bbox 377 979 409 1004; x_wconf 93' lang='lat' dir='ltr'>ut</span> <span class='ocrx_word' id='word_1_79' title='bbox 431 977 505 1005; x_wconf 84' lang='lat' dir='ltr'>ratio</span> <span class='ocrx_word' id='word_1_80' title='bbox 529 979 589 1012; x_wconf 85' lang='lat' dir='ltr'>est;</span> <span class='ocrx_word' id='word_1_81' title='bbox 610 979 638 1005; x_wconf 91' lang='lat' dir='ltr'>et</span> <span class='ocrx_word' id='word_1_82' title='bbox 659 977 795 1011; x_wconf 89' lang='lat' dir='ltr'>rationis,</span> <span class='ocrx_word' id='word_1_83' title='bbox 821 979 853 1004; x_wconf 89' lang='lat' dir='ltr'>ut</span> <span class='ocrx_word' id='word_1_84' title='bbox 875 985 928 1004; x_wconf 85' lang='lat' dir='ltr'>na-</span> 
     </span>
     <span class='ocr_line' id='line_1_15' title="bbox 152 1023 928 1058; baseline 0 -8"><span class='ocrx_word' id='word_1_85' title='bbox 152 1025 216 1050; x_wconf 89' lang='lat' dir='ltr'>tura</span> <span class='ocrx_word' id='word_1_86' title='bbox 232 1025 283 1050; x_wconf 84' lang='lat' dir='ltr'>est.</span> <span class='ocrx_word' id='word_1_87' title='bbox 299 1023 454 1050; x_wconf 81' lang='lat' dir='ltr'>voluntate</span> <span class='ocrx_word' id='word_1_88' title='bbox 469 1023 590 1051; x_wconf 85' lang='lat' dir='ltr'>rationis</span> <span class='ocrx_word' id='word_1_89' title='bbox 602 1045 610 1058; x_wconf 90' lang='lat'>,</span> <span class='ocrx_word' id='word_1_90' title='bbox 631 1025 663 1050; x_wconf 88' lang='lat' dir='ltr'>ut</span> <span class='ocrx_word' id='word_1_91' title='bbox 677 1023 752 1050; x_wconf 87' lang='lat' dir='ltr'>ratio</span> <span class='ocrx_word' id='word_1_92' title='bbox 776 1025 833 1056; x_wconf 79' lang='lat' dir='ltr'>est,</span> <span class='ocrx_word' id='word_1_93' title='bbox 858 1031 928 1050; x_wconf 91' lang='lat' dir='ltr'>con-</span> 
     </span>
     <span class='ocr_line' id='line_1_16' title="bbox 151 1069 928 1103; baseline 0.001 -7"><span class='ocrx_word' id='word_1_94' title='bbox 151 1069 289 1096; x_wconf 84' lang='lat' dir='ltr'>formavit</span> <span class='ocrx_word' id='word_1_95' title='bbox 303 1077 332 1096; x_wconf 90' lang='lat' dir='ltr'>se</span> <span class='ocrx_word' id='word_1_96' title='bbox 347 1069 377 1096; x_wconf 92' lang='lat' dir='ltr'>in</span> <span class='ocrx_word' id='word_1_97' title='bbox 393 1069 533 1096; x_wconf 90' lang='lat' dir='ltr'>omnibus</span> <span class='ocrx_word' id='word_1_98' title='bbox 547 1070 693 1097; x_wconf 85' lang='lat' dir='ltr'>voluntati</span> <span class='ocrx_word' id='word_1_99' title='bbox 708 1070 860 1103; x_wconf 80' lang='lat' dir='ltr'>increatae,</span> <span class='ocrx_word' id='word_1_100' title='bbox 875 1069 928 1096; x_wconf 85' lang='lat' dir='ltr'>sed</span> 
     </span>
     <span class='ocr_line' id='line_1_17' title="bbox 151 1115 928 1150; baseline 0.003 -8"><span class='ocrx_word' id='word_1_101' title='bbox 151 1115 302 1143; x_wconf 89' lang='lat' dir='ltr'>voluntate</span> <span class='ocrx_word' id='word_1_102' title='bbox 317 1115 454 1150; x_wconf 83' lang='lat' dir='ltr'>rationiS‚</span> <span class='ocrx_word' id='word_1_103' title='bbox 475 1118 508 1143; x_wconf 90' lang='lat' dir='ltr'>ut</span> <span class='ocrx_word' id='word_1_104' title='bbox 522 1118 626 1143; x_wconf 86' lang='lat' dir='ltr'>natura</span> <span class='ocrx_word' id='word_1_105' title='bbox 651 1118 707 1150; x_wconf 87' lang='lat' dir='ltr'>est,</span> <span class='ocrx_word' id='word_1_106' title='bbox 731 1118 759 1144; x_wconf 90' lang='lat' dir='ltr'>et</span> <span class='ocrx_word' id='word_1_107' title='bbox 777 1116 928 1144; x_wconf 83' lang='lat' dir='ltr'>voluntate</span> 
     </span>
     <span class='ocr_line' id='line_1_18' title="bbox 152 1161 929 1198; baseline 0.001 -10"><span class='ocrx_word' id='word_1_108' title='bbox 152 1161 361 1197; x_wconf 82' lang='lat' dir='ltr'>sensualitatis,</span> <span class='ocrx_word' id='word_1_109' title='bbox 385 1162 480 1189; x_wconf 87' lang='lat' dir='ltr'>voluit</span> <span class='ocrx_word' id='word_1_110' title='bbox 504 1162 621 1198; x_wconf 88' lang='lat' dir='ltr'>aliquid</span> <span class='ocrx_word' id='word_1_111' title='bbox 643 1162 799 1198; x_wconf 87' lang='lat' dir='ltr'>proprium</span> <span class='ocrx_word' id='word_1_112' title='bbox 809 1183 817 1196; x_wconf 91' lang='lat'>,</span> <span class='ocrx_word' id='word_1_113' title='bbox 846 1162 929 1198; x_wconf 90' lang='lat' dir='ltr'>quod</span> 
     </span>
     <span class='ocr_line' id='line_1_19' title="bbox 152 1208 929 1244; baseline -0.001 -8"><span class='ocrx_word' id='word_1_114' title='bbox 152 1208 248 1236; x_wconf 88' lang='lat' dir='ltr'>noluit</span> <span class='ocrx_word' id='word_1_115' title='bbox 265 1208 417 1236; x_wconf 84' lang='lat' dir='ltr'>voluntate</span> <span class='ocrx_word' id='word_1_116' title='bbox 437 1208 557 1236; x_wconf 89' lang='lat' dir='ltr'>rationis</span> <span class='ocrx_word' id='word_1_117' title='bbox 569 1231 578 1244; x_wconf 97' lang='lat'>,</span> <span class='ocrx_word' id='word_1_118' title='bbox 595 1211 626 1236; x_wconf 85' lang='lat' dir='ltr'>ut</span> <span class='ocrx_word' id='word_1_119' title='bbox 644 1208 719 1236; x_wconf 89' lang='lat' dir='ltr'>ratio</span> <span class='ocrx_word' id='word_1_120' title='bbox 740 1210 799 1242; x_wconf 85' lang='lat' dir='ltr'>est,</span> <span class='ocrx_word' id='word_1_121' title='bbox 819 1208 929 1236; x_wconf 85' lang='lat' dir='ltr'>scilicet</span> 
     </span>
     <span class='ocr_line' id='line_1_20' title="bbox 152 1254 929 1283; baseline -0.001 -1"><span class='ocrx_word' id='word_1_122' title='bbox 152 1262 214 1282; x_wconf 87' lang='lat' dir='ltr'>non</span> <span class='ocrx_word' id='word_1_123' title='bbox 227 1255 304 1282; x_wconf 89' lang='lat' dir='ltr'>mori</span> <span class='ocrx_word' id='word_1_124' title='bbox 320 1263 327 1282; x_wconf 73' lang='grc' dir='ltr'><strong>ι</strong></span> <span class='ocrx_word' id='word_1_125' title='bbox 345 1257 372 1282; x_wconf 90' lang='lat' dir='ltr'>et</span> <span class='ocrx_word' id='word_1_126' title='bbox 388 1255 418 1282; x_wconf 90' lang='lat' dir='ltr'>in</span> <span class='ocrx_word' id='word_1_127' title='bbox 432 1255 489 1282; x_wconf 89' lang='lat' dir='ltr'>hoc</span> <span class='ocrx_word' id='word_1_128' title='bbox 510 1255 571 1283; x_wconf 79' lang='lat' dir='ltr'>istae</span> <span class='ocrx_word' id='word_1_129' title='bbox 590 1255 757 1283; x_wconf 88' lang='lat' dir='ltr'>voluntates</span> <span class='ocrx_word' id='word_1_130' title='bbox 782 1262 843 1282; x_wconf 90' lang='lat' dir='ltr'>non</span> <span class='ocrx_word' id='word_1_131' title='bbox 867 1254 929 1281; x_wconf 86' lang='lat' dir='ltr'>fue-</span> 
     </span>
     <span class='ocr_line' id='line_1_21' title="bbox 153 1300 930 1336; baseline 0.001 -8"><span class='ocrx_word' id='word_1_132' title='bbox 153 1303 221 1329; x_wconf 86' lang='lat' dir='ltr'>runt</span> <span class='ocrx_word' id='word_1_133' title='bbox 234 1300 291 1328; x_wconf 85' lang='lat' dir='ltr'>sibi</span> <span class='ocrx_word' id='word_1_134' title='bbox 306 1301 459 1328; x_wconf 80' lang='lat' dir='ltr'>contrariae</span> <span class='ocrx_word' id='word_1_135' title='bbox 471 1323 479 1336; x_wconf 87' lang='lat'>,</span> <span class='ocrx_word' id='word_1_136' title='bbox 502 1301 569 1329; x_wconf 83' lang='lat' dir='ltr'>licet</span> <span class='ocrx_word' id='word_1_137' title='bbox 589 1302 680 1329; x_wconf 86' lang='lat' dir='ltr'>volita</span> <span class='ocrx_word' id='word_1_138' title='bbox 704 1301 851 1329; x_wconf 85' lang='lat' dir='ltr'>contraria</span> <span class='ocrx_word' id='word_1_139' title='bbox 867 1300 930 1329; x_wconf 85' lang='lat' dir='ltr'>fue-</span> 
     </span>
     <span class='ocr_line' id='line_1_22' title="bbox 152 1347 927 1383; baseline 0 -8"><span class='ocrx_word' id='word_1_140' title='bbox 152 1347 225 1382; x_wconf 86' lang='lat' dir='ltr'>rint,</span> <span class='ocrx_word' id='word_1_141' title='bbox 246 1347 390 1383; x_wconf 90' lang='lat' dir='ltr'>quoniam</span> <span class='ocrx_word' id='word_1_142' title='bbox 404 1348 570 1375; x_wconf 88' lang='lat' dir='ltr'>secundum</span> <span class='ocrx_word' id='word_1_143' title='bbox 585 1348 769 1375; x_wconf 86' lang='lat' dir='ltr'>voluntatem</span> <span class='ocrx_word' id='word_1_144' title='bbox 793 1348 927 1375; x_wconf 87' lang='lat' dir='ltr'>divinam</span> 
     </span>
     <span class='ocr_line' id='line_1_23' title="bbox 153 1394 929 1429; baseline 0.001 -8"><span class='ocrx_word' id='word_1_145' title='bbox 153 1394 281 1421; x_wconf 88' lang='lat' dir='ltr'>Christus</span> <span class='ocrx_word' id='word_1_146' title='bbox 299 1394 382 1429; x_wconf 89' lang='lat' dir='ltr'>quod</span> <span class='ocrx_word' id='word_1_147' title='bbox 391 1394 503 1428; x_wconf 84' lang='lat' dir='ltr'>justum</span> <span class='ocrx_word' id='word_1_148' title='bbox 520 1396 582 1422; x_wconf 85' lang='lat' dir='ltr'>erat</span> <span class='ocrx_word' id='word_1_149' title='bbox 596 1394 705 1429; x_wconf 86' lang='lat' dir='ltr'>voluit,</span> <span class='ocrx_word' id='word_1_150' title='bbox 719 1394 771 1421; x_wconf 86' lang='lat' dir='ltr'>sed</span> <span class='ocrx_word' id='word_1_151' title='bbox 785 1394 929 1422; x_wconf 88' lang='lat' dir='ltr'>voluntati</span> 
     </span>
     <span class='ocr_line' id='line_1_24' title="bbox 153 1440 930 1474; baseline 0.001 -7"><span class='ocrx_word' id='word_1_152' title='bbox 153 1440 275 1468; x_wconf 88' lang='lat' dir='ltr'>rationis</span> <span class='ocrx_word' id='word_1_153' title='bbox 288 1441 372 1474; x_wconf 81' lang='lat' dir='ltr'>justae</span> <span class='ocrx_word' id='word_1_154' title='bbox 383 1440 531 1468; x_wconf 86' lang='lat' dir='ltr'>consensit</span> <span class='ocrx_word' id='word_1_155' title='bbox 542 1450 549 1474; x_wconf 85' lang='lat'><em>3</em></span> <span class='ocrx_word' id='word_1_156' title='bbox 562 1441 726 1468; x_wconf 88' lang='lat' dir='ltr'>secundum</span> <span class='ocrx_word' id='word_1_157' title='bbox 741 1449 813 1468; x_wconf 84' lang='lat' dir='ltr'>vero</span> <span class='ocrx_word' id='word_1_158' title='bbox 826 1441 930 1468; x_wconf 89' lang='lat' dir='ltr'>volun-</span> 
     </span>
     <span class='ocr_line' id='line_1_25' title="bbox 153 1486 930 1522; baseline 0.001 -9"><span class='ocrx_word' id='word_1_159' title='bbox 153 1488 244 1515; x_wconf 87' lang='lat' dir='ltr'>tatem</span> <span class='ocrx_word' id='word_1_160' title='bbox 259 1486 355 1514; x_wconf 84' lang='lat' dir='ltr'>carnis</span> <span class='ocrx_word' id='word_1_161' title='bbox 373 1495 493 1522; x_wconf 81' lang='lat' dir='ltr'>poenam</span> <span class='ocrx_word' id='word_1_162' title='bbox 507 1487 651 1514; x_wconf 84' lang='lat' dir='ltr'>recusavit</span> <span class='ocrx_word' id='word_1_163' title='bbox 667 1496 674 1514; x_wconf 87' lang='lat'>:</span> <span class='ocrx_word' id='word_1_164' title='bbox 692 1490 718 1514; x_wconf 88' lang='lat' dir='ltr'>et</span> <span class='ocrx_word' id='word_1_165' title='bbox 734 1487 775 1514; x_wconf 85' lang='lat' dir='ltr'>sic</span> <span class='ocrx_word' id='word_1_166' title='bbox 789 1495 930 1522; x_wconf 72' lang='lat' dir='ltr'>unaquce—</span> 
     </span>
     <span class='ocr_line' id='line_1_26' title="bbox 154 1532 932 1569; baseline 0 -9"><span class='ocrx_word' id='word_1_167' title='bbox 154 1541 213 1569; x_wconf 85' lang='lat' dir='ltr'>que</span> <span class='ocrx_word' id='word_1_168' title='bbox 226 1533 363 1561; x_wconf 88' lang='lat' dir='ltr'>voluntas</span> <span class='ocrx_word' id='word_1_169' title='bbox 386 1532 469 1568; x_wconf 88' lang='lat' dir='ltr'>quod</span> <span class='ocrx_word' id='word_1_170' title='bbox 492 1541 579 1560; x_wconf 86' lang='lat' dir='ltr'>sunm</span> <span class='ocrx_word' id='word_1_171' title='bbox 601 1535 661 1560; x_wconf 85' lang='lat' dir='ltr'>erat</span> <span class='ocrx_word' id='word_1_172' title='bbox 687 1533 796 1567; x_wconf 89' lang='lat' dir='ltr'>tenuit,</span> <span class='ocrx_word' id='word_1_173' title='bbox 823 1533 932 1560; x_wconf 82' lang='lat' dir='ltr'>scilicet</span> 
     </span>
     <span class='ocr_line' id='line_1_27' title="bbox 153 1579 931 1613; baseline -0.001 -6"><span class='ocrx_word' id='word_1_174' title='bbox 153 1579 290 1607; x_wconf 87' lang='lat' dir='ltr'>voluntas</span> <span class='ocrx_word' id='word_1_175' title='bbox 315 1579 417 1606; x_wconf 83' lang='lat' dir='ltr'>divina</span> <span class='ocrx_word' id='word_1_176' title='bbox 431 1603 434 1609; x_wconf 79' lang='grc'>,</span> <span class='ocrx_word' id='word_1_177' title='bbox 446 1579 588 1613; x_wconf 85' lang='lat' dir='ltr'>justitiam</span> <span class='ocrx_word' id='word_1_178' title='bbox 600 1600 609 1612; x_wconf 88' lang='lat'><em>‚</em></span> <span class='ocrx_word' id='word_1_179' title='bbox 634 1579 773 1606; x_wconf 88' lang='lat' dir='ltr'>voluntas</span> <span class='ocrx_word' id='word_1_180' title='bbox 810 1579 931 1607; x_wconf 87' lang='lat' dir='ltr'>rationis</span> 
     </span>
     <span class='ocr_line' id='line_1_28' title="bbox 155 1625 930 1660; baseline 0 -7"><span class='ocrx_word' id='word_1_181' title='bbox 155 1625 355 1653; x_wconf 83' lang='lat' dir='ltr'>obedientiam</span> <span class='ocrx_word' id='word_1_182' title='bbox 366 1646 375 1659; x_wconf 94' lang='lat'>,</span> <span class='ocrx_word' id='word_1_183' title='bbox 390 1625 527 1652; x_wconf 84' lang='lat' dir='ltr'>voluntas</span> <span class='ocrx_word' id='word_1_184' title='bbox 542 1625 638 1652; x_wconf 86' lang='lat' dir='ltr'>carnis</span> <span class='ocrx_word' id='word_1_185' title='bbox 653 1627 790 1652; x_wconf 88' lang='lat' dir='ltr'>naturam</span> <span class='ocrx_word' id='word_1_186' title='bbox 802 1647 810 1660; x_wconf 92' lang='lat'>,</span> <span class='ocrx_word' id='word_1_187' title='bbox 827 1625 859 1653; x_wconf 90' lang='lat' dir='ltr'>id</span> <span class='ocrx_word' id='word_1_188' title='bbox 874 1628 930 1660; x_wconf 88' lang='lat' dir='ltr'>est,</span> 
     </span>
     <span class='ocr_line' id='line_1_29' title="bbox 154 1671 931 1707; baseline 0 -8"><span class='ocrx_word' id='word_1_189' title='bbox 154 1679 248 1707; x_wconf 84' lang='lat' dir='ltr'>poenae</span> <span class='ocrx_word' id='word_1_190' title='bbox 268 1671 493 1699; x_wconf 78' lang='lat' dir='ltr'>recusationem.</span> <span class='ocrx_word' id='word_1_191' title='bbox 516 1671 596 1699; x_wconf 89' lang='lat' dir='ltr'>Unde</span> <span class='ocrx_word' id='word_1_192' title='bbox 619 1673 698 1707; x_wconf 86' lang='lat' dir='ltr'>patet</span> <span class='ocrx_word' id='word_1_193' title='bbox 718 1672 801 1707; x_wconf 88' lang='lat' dir='ltr'>quod</span> <span class='ocrx_word' id='word_1_194' title='bbox 817 1672 931 1707; x_wconf 87' lang='lat' dir='ltr'>aliquid</span> 
     </span>
     <span class='ocr_line' id='line_1_30' title="bbox 155 1718 931 1753; baseline 0.003 -8"><span class='ocrx_word' id='word_1_195' title='bbox 155 1718 230 1746; x_wconf 88' lang='lat' dir='ltr'>velle</span> <span class='ocrx_word' id='word_1_196' title='bbox 245 1718 428 1745; x_wconf 86' lang='lat' dir='ltr'>estillicitum</span> <span class='ocrx_word' id='word_1_197' title='bbox 437 1718 559 1752; x_wconf 88' lang='lat' dir='ltr'>rationi,</span> <span class='ocrx_word' id='word_1_198' title='bbox 572 1718 655 1753; x_wconf 92' lang='lat' dir='ltr'>quod</span> <span class='ocrx_word' id='word_1_199' title='bbox 669 1726 731 1745; x_wconf 92' lang='lat' dir='ltr'>non</span> <span class='ocrx_word' id='word_1_200' title='bbox 742 1720 783 1745; x_wconf 86' lang='lat' dir='ltr'>est</span> <span class='ocrx_word' id='word_1_201' title='bbox 796 1718 931 1747; x_wconf 87' lang='lat' dir='ltr'>illicitum</span> 
     </span>
     <span class='ocr_line' id='line_1_31' title="bbox 156 1764 929 1799; baseline 0.001 -7"><span class='ocrx_word' id='word_1_202' title='bbox 156 1764 336 1792; x_wconf 79' lang='lat' dir='ltr'>sensualitati</span> <span class='ocrx_word' id='word_1_203' title='bbox 345 1785 354 1799; x_wconf 95' lang='lat'>,</span> <span class='ocrx_word' id='word_1_204' title='bbox 365 1764 439 1792; x_wconf 87' lang='lat' dir='ltr'>sicut</span> <span class='ocrx_word' id='word_1_205' title='bbox 452 1764 505 1792; x_wconf 86' lang='lat' dir='ltr'>fuit</span> <span class='ocrx_word' id='word_1_206' title='bbox 515 1765 544 1791; x_wconf 92' lang='lat' dir='ltr'>in</span> <span class='ocrx_word' id='word_1_207' title='bbox 555 1764 667 1792; x_wconf 88' lang='lat' dir='ltr'>Christo</span> <span class='ocrx_word' id='word_1_208' title='bbox 682 1764 758 1792; x_wconf 80' lang='lat' dir='ltr'>velle</span> <span class='ocrx_word' id='word_1_209' title='bbox 771 1773 833 1792; x_wconf 93' lang='lat' dir='ltr'>non</span> <span class='ocrx_word' id='word_1_210' title='bbox 843 1766 929 1793; x_wconf 89' lang='lat' dir='ltr'>mori.</span> 
     </span>
     <span class='ocr_line' id='line_1_32' title="bbox 156 1810 933 1844; baseline 0.003 -6"><span class='ocrx_word' id='word_1_211' title='bbox 156 1811 295 1844; x_wconf 85' lang='lat' dir='ltr'>Quamvis</span> <span class='ocrx_word' id='word_1_212' title='bbox 315 1813 414 1838; x_wconf 88' lang='lat' dir='ltr'>autem</span> <span class='ocrx_word' id='word_1_213' title='bbox 432 1810 570 1838; x_wconf 87' lang='lat' dir='ltr'>voluntas</span> <span class='ocrx_word' id='word_1_214' title='bbox 594 1819 655 1838; x_wconf 92' lang='lat' dir='ltr'>non</span> <span class='ocrx_word' id='word_1_215' title='bbox 677 1811 824 1838; x_wconf 84' lang='lat' dir='ltr'>moriendi</span> <span class='ocrx_word' id='word_1_216' title='bbox 846 1811 933 1840; x_wconf 86' lang='lat' dir='ltr'>fuerit</span> 
     </span>
     <span class='ocr_line' id='line_1_33' title="bbox 158 1857 931 1891; baseline 0.001 -6"><span class='ocrx_word' id='word_1_217' title='bbox 158 1857 311 1885; x_wconf 80' lang='lat' dir='ltr'>causaliter</span> <span class='ocrx_word' id='word_1_218' title='bbox 327 1865 344 1884; x_wconf 88' lang='lat' dir='ltr'>a</span> <span class='ocrx_word' id='word_1_219' title='bbox 359 1857 564 1891; x_wconf 76' lang='lat' dir='ltr'>sensualitate,</span> <span class='ocrx_word' id='word_1_220' title='bbox 579 1858 633 1885; x_wconf 81' lang='lat' dir='ltr'>fuit</span> <span class='ocrx_word' id='word_1_221' title='bbox 647 1860 746 1885; x_wconf 87' lang='lat' dir='ltr'>tamen</span> <span class='ocrx_word' id='word_1_222' title='bbox 761 1859 931 1886; x_wconf 89' lang='lat' dir='ltr'>occasiona-</span> 
     </span>
     <span class='ocr_line' id='line_1_34' title="bbox 157 1903 933 1939; baseline 0.003 -9"><span class='ocrx_word' id='word_1_223' title='bbox 157 1903 222 1931; x_wconf 84' lang='lat' dir='ltr'>liter</span> <span class='ocrx_word' id='word_1_224' title='bbox 237 1911 255 1931; x_wconf 87' lang='lat' dir='ltr'>a</span> <span class='ocrx_word' id='word_1_225' title='bbox 269 1903 396 1938; x_wconf 81' lang='lat' dir='ltr'>ratione3</span> <span class='ocrx_word' id='word_1_226' title='bbox 412 1904 483 1939; x_wconf 85' lang='lat' dir='ltr'>quia</span> <span class='ocrx_word' id='word_1_227' title='bbox 495 1904 637 1938; x_wconf 80' lang='lat' dir='ltr'>ChristuS,</span> <span class='ocrx_word' id='word_1_228' title='bbox 655 1904 728 1931; x_wconf 88' lang='lat' dir='ltr'>sicut</span> <span class='ocrx_word' id='word_1_229' title='bbox 742 1905 850 1939; x_wconf 84' lang='lat' dir='ltr'>voluit,</span> <span class='ocrx_word' id='word_1_230' title='bbox 866 1904 933 1932; x_wconf 86' lang='lat' dir='ltr'>fecit</span> 
     </span>
     <span class='ocr_line' id='line_1_35' title="bbox 159 1949 933 1985; baseline 0.004 -9"><span class='ocrx_word' id='word_1_231' title='bbox 159 1949 272 1985; x_wconf 87' lang='lat' dir='ltr'>aliquid</span> <span class='ocrx_word' id='word_1_232' title='bbox 290 1950 432 1977; x_wconf 85' lang='lat' dir='ltr'>horribile</span> <span class='ocrx_word' id='word_1_233' title='bbox 458 1950 557 1977; x_wconf 85' lang='lat' dir='ltr'>venire</span> <span class='ocrx_word' id='word_1_234' title='bbox 583 1951 612 1977; x_wconf 89' lang='lat' dir='ltr'>in</span> <span class='ocrx_word' id='word_1_235' title='bbox 638 1951 880 1985; x_wconf 77' lang='lat' dir='ltr'>imaginationem</span> <span class='ocrx_word' id='word_1_236' title='bbox 906 1954 933 1979; x_wconf 89' lang='lat' dir='ltr'>et</span> 
     </span>
     <span class='ocr_line' id='line_1_36' title="bbox 159 1996 933 2031; baseline 0.004 -9"><span class='ocrx_word' id='word_1_237' title='bbox 159 1996 381 2023; x_wconf 71' lang='lat' dir='ltr'>aestimafionem</span> <span class='ocrx_word' id='word_1_238' title='bbox 389 2017 397 2029; x_wconf 94' lang='lat'>,</span> <span class='ocrx_word' id='word_1_239' title='bbox 411 2004 471 2031; x_wconf 90' lang='lat' dir='ltr'>quo</span> <span class='ocrx_word' id='word_1_240' title='bbox 482 1996 558 2023; x_wconf 84' lang='lat' dir='ltr'>facto</span> <span class='ocrx_word' id='word_1_241' title='bbox 569 1997 740 2024; x_wconf 87' lang='lat' dir='ltr'>naturaliter</span> <span class='ocrx_word' id='word_1_242' title='bbox 751 2000 876 2025; x_wconf 87' lang='lat' dir='ltr'>mortem</span> <span class='ocrx_word' id='word_1_243' title='bbox 891 2005 933 2025; x_wconf 88' lang='lat' dir='ltr'>re-</span> 
     </span>
     <span class='ocr_line' id='line_1_37' title="bbox 159 2041 932 2078; baseline 0.001 -9"><span class='ocrx_word' id='word_1_244' title='bbox 159 2041 241 2077; x_wconf 84' lang='lat' dir='ltr'>fugit.</span> <span class='ocrx_word' id='word_1_245' title='bbox 268 2044 326 2069; x_wconf 81' lang='lat' dir='ltr'>Hoc</span> <span class='ocrx_word' id='word_1_246' title='bbox 347 2044 445 2069; x_wconf 86' lang='lat' dir='ltr'>autem</span> <span class='ocrx_word' id='word_1_247' title='bbox 469 2042 563 2069; x_wconf 80' lang='lat' dir='ltr'>voluit</span> <span class='ocrx_word' id='word_1_248' title='bbox 586 2044 706 2078; x_wconf 87' lang='lat' dir='ltr'>propter</span> <span class='ocrx_word' id='word_1_249' title='bbox 730 2045 861 2070; x_wconf 88' lang='lat' dir='ltr'>nostram</span> <span class='ocrx_word' id='word_1_250' title='bbox 887 2043 932 2070; x_wconf 87' lang='lat' dir='ltr'>in-</span> 
     </span>
     <span class='ocr_line' id='line_1_38' title="bbox 159 2088 932 2123; baseline 0.004 -9"><span class='ocrx_word' id='word_1_251' title='bbox 159 2088 348 2116; x_wconf 83' lang='lat' dir='ltr'>structionem</span> <span class='ocrx_word' id='word_1_252' title='bbox 363 2096 369 2115; x_wconf 90' lang='lat'><strong>:</strong></span> <span class='ocrx_word' id='word_1_253' title='bbox 387 2090 414 2115; x_wconf 89' lang='lat' dir='ltr'>et</span> <span class='ocrx_word' id='word_1_254' title='bbox 428 2088 468 2115; x_wconf 87' lang='lat' dir='ltr'>sic</span> <span class='ocrx_word' id='word_1_255' title='bbox 482 2088 556 2115; x_wconf 84' lang='lat' dir='ltr'>ratio</span> <span class='ocrx_word' id='word_1_256' title='bbox 570 2096 624 2123; x_wconf 90' lang='lat' dir='ltr'>pro</span> <span class='ocrx_word' id='word_1_257' title='bbox 637 2089 823 2116; x_wconf 79' lang='lat' dir='ltr'>sensualitate</span> <span class='ocrx_word' id='word_1_258' title='bbox 841 2089 932 2117; x_wconf 86' lang='lat' dir='ltr'>advo—</span> 
     </span>
     <span class='ocr_line' id='line_1_39' title="bbox 160 2135 934 2169; baseline 0.001 -7"><span class='ocrx_word' id='word_1_259' title='bbox 160 2135 236 2162; x_wconf 81' lang='lat' dir='ltr'>cavit</span> <span class='ocrx_word' id='word_1_260' title='bbox 259 2135 360 2162; x_wconf 88' lang='lat' dir='ltr'>dicens</span> <span class='ocrx_word' id='word_1_261' title='bbox 374 2136 384 2151; x_wconf 74' lang='lat'>2</span> <span class='ocrx_word' id='word_1_262' title='bbox 401 2144 407 2161; x_wconf 92' lang='lat'>:</span> <span class='ocrx_word' id='word_1_263' title='bbox 423 2136 515 2169; x_wconf 79' lang='lat' dir='ltr'>Pater,</span> <span class='ocrx_word' id='word_1_264' title='bbox 535 2136 559 2161; x_wconf 83' lang='lat' dir='ltr'>sz‘</span> <span class='ocrx_word' id='word_1_265' title='bbox 579 2136 639 2168; x_wconf 77' lang='lat' dir='ltr'>fieri</span> <span class='ocrx_word' id='word_1_266' title='bbox 651 2137 752 2169; x_wconf 74' lang='lat' dir='ltr'>potest,</span> <span class='ocrx_word' id='word_1_267' title='bbox 780 2138 898 2162; x_wconf 76' lang='lat' dir='ltr'>transeut</span> <span class='ocrx_word' id='word_1_268' title='bbox 918 2145 934 2163; x_wconf 85' lang='grc' dir='ltr'><em>α</em></span> 
     </span>
     <span class='ocr_line' id='line_1_40' title="bbox 159 2180 933 2216; baseline 0 -8"><span class='ocrx_word' id='word_1_269' title='bbox 159 2189 200 2208; x_wconf 85' lang='lat' dir='ltr'>me</span> <span class='ocrx_word' id='word_1_270' title='bbox 213 2182 286 2208; x_wconf 76' lang='lat' dir='ltr'>cali&#39;ae</span> <span class='ocrx_word' id='word_1_271' title='bbox 305 2183 355 2208; x_wconf 74' lang='lat' dir='ltr'>iste</span> <span class='ocrx_word' id='word_1_272' title='bbox 371 2191 376 2207; x_wconf 90' lang='lat'>:</span> <span class='ocrx_word' id='word_1_273' title='bbox 394 2183 421 2208; x_wconf 90' lang='lat' dir='ltr'>et</span> <span class='ocrx_word' id='word_1_274' title='bbox 440 2181 502 2208; x_wconf 70' lang='lat' dir='ltr'>hree</span> <span class='ocrx_word' id='word_1_275' title='bbox 517 2180 618 2216; x_wconf 87' lang='lat' dir='ltr'>petitio</span> <span class='ocrx_word' id='word_1_276' title='bbox 640 2180 694 2208; x_wconf 81' lang='lat' dir='ltr'>fuit</span> <span class='ocrx_word' id='word_1_277' title='bbox 718 2183 777 2208; x_wconf 89' lang='lat' dir='ltr'>tam</span> <span class='ocrx_word' id='word_1_278' title='bbox 794 2181 933 2208; x_wconf 90' lang='lat' dir='ltr'>sensuali-</span> 
     </span>
     <span class='ocr_line' id='line_1_41' title="bbox 160 2226 933 2263; baseline 0 -9"><span class='ocrx_word' id='word_1_279' title='bbox 160 2228 243 2261; x_wconf 83' lang='lat' dir='ltr'>tatis,</span> <span class='ocrx_word' id='word_1_280' title='bbox 260 2235 352 2263; x_wconf 87' lang='lat' dir='ltr'>quam</span> <span class='ocrx_word' id='word_1_281' title='bbox 372 2227 508 2261; x_wconf 87' lang='lat' dir='ltr'>rationis;</span> <span class='ocrx_word' id='word_1_282' title='bbox 525 2227 578 2254; x_wconf 87' lang='lat' dir='ltr'>sed</span> <span class='ocrx_word' id='word_1_283' title='bbox 593 2227 788 2254; x_wconf 82' lang='lat' dir='ltr'>sensualitatis</span> <span class='ocrx_word' id='word_1_284' title='bbox 803 2226 856 2254; x_wconf 78' lang='lat' dir='ltr'>fuit</span> <span class='ocrx_word' id='word_1_285' title='bbox 871 2229 933 2254; x_wconf 88' lang='lat' dir='ltr'>tan-</span> 
     </span>
     <span class='ocr_line' id='line_1_42' title="bbox 162 2273 936 2310; baseline 0 -9"><span class='ocrx_word' id='word_1_286' title='bbox 162 2282 253 2310; x_wconf 88' lang='lat' dir='ltr'>quam</span> <span class='ocrx_word' id='word_1_287' title='bbox 267 2274 428 2301; x_wconf 84' lang='lat' dir='ltr'>affectantis</span> <span class='ocrx_word' id='word_1_288' title='bbox 434 2294 444 2308; x_wconf 86' lang='lat'>,</span> <span class='ocrx_word' id='word_1_289' title='bbox 459 2273 580 2301; x_wconf 88' lang='lat' dir='ltr'>rationis</span> <span class='ocrx_word' id='word_1_290' title='bbox 596 2275 695 2301; x_wconf 84' lang='lat' dir='ltr'>autem</span> <span class='ocrx_word' id='word_1_291' title='bbox 709 2275 853 2309; x_wconf 87' lang='lat' dir='ltr'>tanquam</span> <span class='ocrx_word' id='word_1_292' title='bbox 868 2282 936 2309; x_wconf 88' lang='lat' dir='ltr'>pro—</span> 
     </span>
     <span class='ocr_line' id='line_1_43' title="bbox 161 2320 934 2356; baseline 0.001 -9"><span class='ocrx_word' id='word_1_293' title='bbox 161 2320 297 2356; x_wconf 89' lang='lat' dir='ltr'>ponentis</span> <span class='ocrx_word' id='word_1_294' title='bbox 314 2330 320 2347; x_wconf 89' lang='lat'>:</span> <span class='ocrx_word' id='word_1_295' title='bbox 337 2322 364 2347; x_wconf 88' lang='lat' dir='ltr'>et</span> <span class='ocrx_word' id='word_1_296' title='bbox 377 2320 434 2348; x_wconf 91' lang='lat' dir='ltr'>hoc</span> <span class='ocrx_word' id='word_1_297' title='bbox 450 2321 578 2348; x_wconf 85' lang='lat' dir='ltr'>Christus</span> <span class='ocrx_word' id='word_1_298' title='bbox 592 2320 656 2349; x_wconf 90' lang='lat' dir='ltr'>fieri</span> <span class='ocrx_word' id='word_1_299' title='bbox 680 2321 773 2348; x_wconf 89' lang='lat' dir='ltr'>voluit</span> <span class='ocrx_word' id='word_1_300' title='bbox 788 2321 826 2348; x_wconf 88' lang='lat' dir='ltr'>ad</span> <span class='ocrx_word' id='word_1_301' title='bbox 841 2321 934 2356; x_wconf 81' lang='lat' dir='ltr'>tripli-</span> 
     </span>
     <span class='ocr_line' id='line_1_44' title="bbox 164 2366 938 2402; baseline 0.001 -9"><span class='ocrx_word' id='word_1_302' title='bbox 164 2374 227 2393; x_wconf 85' lang='lat' dir='ltr'>cem</span> <span class='ocrx_word' id='word_1_303' title='bbox 240 2366 460 2394; x_wconf 79' lang='lat' dir='ltr'>instructionem</span> <span class='ocrx_word' id='word_1_304' title='bbox 474 2370 615 2394; x_wconf 89' lang='lat' dir='ltr'>nostram.</span> <span class='ocrx_word' id='word_1_305' title='bbox 635 2368 730 2395; x_wconf 88' lang='lat' dir='ltr'>Prima</span> <span class='ocrx_word' id='word_1_306' title='bbox 745 2370 803 2402; x_wconf 89' lang='lat' dir='ltr'>est,</span> <span class='ocrx_word' id='word_1_307' title='bbox 819 2370 851 2394; x_wconf 88' lang='lat' dir='ltr'>ut</span> <span class='ocrx_word' id='word_1_308' title='bbox 864 2367 938 2394; x_wconf 88' lang='lat' dir='ltr'>scia-</span> 
     </span>
     <span class='ocr_line' id='line_1_45' title="bbox 163 2413 937 2449; baseline 0.001 -10"><span class='ocrx_word' id='word_1_309' title='bbox 163 2421 229 2440; x_wconf 91' lang='lat' dir='ltr'>mus</span> <span class='ocrx_word' id='word_1_310' title='bbox 251 2421 313 2440; x_wconf 90' lang='lat' dir='ltr'>non</span> <span class='ocrx_word' id='word_1_311' title='bbox 332 2421 393 2440; x_wconf 88' lang='lat' dir='ltr'>esse</span> <span class='ocrx_word' id='word_1_312' title='bbox 416 2415 571 2448; x_wconf 88' lang='lat' dir='ltr'>peccatum</span> <span class='ocrx_word' id='word_1_313' title='bbox 595 2413 709 2449; x_wconf 88' lang='lat' dir='ltr'>aliquid</span> <span class='ocrx_word' id='word_1_314' title='bbox 724 2413 800 2441; x_wconf 87' lang='lat' dir='ltr'>velle</span> <span class='ocrx_word' id='word_1_315' title='bbox 820 2422 855 2440; x_wconf 80' lang='lat' dir='ltr'>ex</span> <span class='ocrx_word' id='word_1_316' title='bbox 873 2421 937 2440; x_wconf 90' lang='lat' dir='ltr'>sen-</span> 
     </span>
     <span class='ocr_line' id='line_1_46' title="bbox 165 2459 936 2495; baseline 0.003 -10"><span class='ocrx_word' id='word_1_317' title='bbox 165 2459 307 2494; x_wconf 78' lang='lat' dir='ltr'>sualitate,</span> <span class='ocrx_word' id='word_1_318' title='bbox 323 2459 407 2495; x_wconf 87' lang='lat' dir='ltr'>quod</span> <span class='ocrx_word' id='word_1_319' title='bbox 419 2462 461 2487; x_wconf 90' lang='lat' dir='ltr'>est</span> <span class='ocrx_word' id='word_1_320' title='bbox 473 2460 653 2487; x_wconf 87' lang='lat' dir='ltr'>contrarium</span> <span class='ocrx_word' id='word_1_321' title='bbox 664 2460 771 2487; x_wconf 71' lang='lat' dir='ltr'>divinae</span> <span class='ocrx_word' id='word_1_322' title='bbox 785 2460 936 2487; x_wconf 87' lang='lat' dir='ltr'>voluntati.</span> 
     </span>
     <span class='ocr_line' id='line_1_47' title="bbox 166 2506 937 2542; baseline 0.001 -10"><span class='ocrx_word' id='word_1_323' title='bbox 166 2506 299 2533; x_wconf 90' lang='lat' dir='ltr'>Secunda</span> <span class='ocrx_word' id='word_1_324' title='bbox 313 2508 366 2540; x_wconf 87' lang='lat' dir='ltr'>est,</span> <span class='ocrx_word' id='word_1_325' title='bbox 380 2508 412 2533; x_wconf 84' lang='lat' dir='ltr'>ut</span> <span class='ocrx_word' id='word_1_326' title='bbox 420 2508 565 2542; x_wconf 85' lang='lat' dir='ltr'>martyres</span> <span class='ocrx_word' id='word_1_327' title='bbox 577 2506 680 2534; x_wconf 89' lang='lat' dir='ltr'>Christi</span> <span class='ocrx_word' id='word_1_328' title='bbox 695 2515 756 2534; x_wconf 91' lang='lat' dir='ltr'>non</span> <span class='ocrx_word' id='word_1_329' title='bbox 772 2507 937 2542; x_wconf 85' lang='lat' dir='ltr'>desperent,</span> 
     </span>
     <span class='ocr_line' id='line_1_48' title="bbox 167 2552 939 2587; baseline 0.004 -9"><span class='ocrx_word' id='word_1_330' title='bbox 167 2552 190 2578; x_wconf 90' lang='lat' dir='ltr'>si</span> <span class='ocrx_word' id='word_1_331' title='bbox 205 2554 330 2579; x_wconf 89' lang='lat' dir='ltr'>mortem</span> <span class='ocrx_word' id='word_1_332' title='bbox 344 2553 493 2587; x_wconf 83' lang='lat' dir='ltr'>horreant,</span> <span class='ocrx_word' id='word_1_333' title='bbox 504 2561 571 2580; x_wconf 88' lang='lat' dir='ltr'>cum</span> <span class='ocrx_word' id='word_1_334' title='bbox 586 2553 669 2581; x_wconf 89' lang='lat' dir='ltr'>illam</span> <span class='ocrx_word' id='word_1_335' title='bbox 685 2555 772 2582; x_wconf 87' lang='lat' dir='ltr'>etiam</span> <span class='ocrx_word' id='word_1_336' title='bbox 788 2554 875 2582; x_wconf 88' lang='lat' dir='ltr'>Filius</span> <span class='ocrx_word' id='word_1_337' title='bbox 891 2553 939 2581; x_wconf 83' lang='lat' dir='ltr'>Dei</span> 
     </span>
     <span class='ocr_line' id='line_1_49' title="bbox 168 2598 939 2635; baseline 0.004 -10"><span class='ocrx_word' id='word_1_338' title='bbox 168 2598 321 2626; x_wconf 84' lang='lat' dir='ltr'>horruerit.</span> <span class='ocrx_word' id='word_1_339' title='bbox 337 2599 431 2627; x_wconf 89' lang='lat' dir='ltr'>Tertia</span> <span class='ocrx_word' id='word_1_340' title='bbox 452 2601 513 2634; x_wconf 87' lang='lat' dir='ltr'>est,</span> <span class='ocrx_word' id='word_1_341' title='bbox 535 2602 566 2626; x_wconf 91' lang='lat' dir='ltr'>ut</span> <span class='ocrx_word' id='word_1_342' title='bbox 581 2599 728 2627; x_wconf 88' lang='lat' dir='ltr'>discamus</span> <span class='ocrx_word' id='word_1_343' title='bbox 750 2601 873 2628; x_wconf 87' lang='lat' dir='ltr'>discrete</span> <span class='ocrx_word' id='word_1_344' title='bbox 888 2608 939 2635; x_wconf 84' lang='lat' dir='ltr'>pe-</span> 
     </span>
    </p>

    <p class='ocr_par' dir='ltr' id='par_1_5' title="bbox 170 2660 938 2727">
     <span class='ocr_line' id='line_1_50' title="bbox 202 2660 938 2693; baseline 0.004 -9"><span class='ocrx_word' id='word_1_345' title='bbox 202 2662 206 2675; x_wconf 78' lang='lat'><em>·</em></span> <span class='ocrx_word' id='word_1_346' title='bbox 221 2661 277 2685; x_wconf 84' lang='lat' dir='ltr'>vid.</span> <span class='ocrx_word' id='word_1_347' title='bbox 288 2660 407 2692; x_wconf 86' lang='lat' dir='ltr'>sup.,lib.</span> <span class='ocrx_word' id='word_1_348' title='bbox 418 2661 438 2690; x_wconf 86' lang='grc' dir='ltr'>Ι,</span> <span class='ocrx_word' id='word_1_349' title='bbox 448 2669 470 2686; x_wconf 79' lang='lat' dir='ltr'>c.</span> <span class='ocrx_word' id='word_1_350' title='bbox 486 2667 607 2692; x_wconf 75' lang='lat' dir='ltr'>xxx11,p.</span> <span class='ocrx_word' id='word_1_351' title='bbox 624 2664 652 2686; x_wconf 82' lang='lat'>85</span> <span class='ocrx_word' id='word_1_352' title='bbox 666 2665 690 2686; x_wconf 82' lang='lat' dir='ltr'>et</span> <span class='ocrx_word' id='word_1_353' title='bbox 704 2670 758 2693; x_wconf 71' lang='lat' dir='ltr'>seq.</span> <span class='ocrx_word' id='word_1_354' title='bbox 770 2664 819 2680; x_wconf 70' lang='lat'>-2</span> <span class='ocrx_word' id='word_1_355' title='bbox 834 2662 938 2687; x_wconf 62' lang='lat' dir='ltr'>Mami„</span> 
     </span>
     <span class='ocr_line' id='line_1_51' title="bbox 170 2697 295 2727; baseline -0.016 -7"><span class='ocrx_word' id='word_1_356' title='bbox 170 2702 241 2727; x_wconf 76' lang='lat' dir='ltr'>xxvi,</span> <span class='ocrx_word' id='word_1_357' title='bbox 256 2697 295 2720; x_wconf 76' lang='lat'>39.</span> 
     </span>
    </p>

    <p class='ocr_par' dir='ltr' id='par_1_6' title="bbox 308 2748 472 2771">
     <span class='ocr_line' id='line_1_52' title="bbox 308 2748 472 2771; baseline -0.006 -1"><span class='ocrx_word' id='word_1_358' title='bbox 308 2748 383 2771; x_wconf 75' lang='lat' dir='ltr'><strong>TOM.</strong></span> <span class='ocrx_word' id='word_1_359' title='bbox 407 2748 472 2770; x_wconf 80' lang='lat' dir='ltr'>viu.</span> 
     </span>
    </p>
   </div>
   <div class='ocr_carea' id='block_1_5' title="bbox 1691 269 1745 298">
    <p class='ocr_par' dir='ltr' id='par_1_7' title="bbox 1691 269 1745 298">
     <span class='ocr_line' id='line_1_53' title="bbox 1691 269 1745 298; baseline 0 0"><span class='ocrx_word' id='word_1_360' title='bbox 1691 269 1745 298; x_wconf 73' lang='lat'>161</span> 
     </span>
    </p>
   </div>
   <div class='ocr_carea' id='block_1_6' title="bbox 976 325 1751 407">
    <p class='ocr_par' dir='ltr' id='par_1_8' title="bbox 976 325 1751 407">
     <span class='ocr_line' id='line_1_54' title="bbox 976 325 1751 363; baseline 0.012 -11"><span class='ocrx_word' id='word_1_361' title='bbox 976 327 1036 353; x_wconf 82' lang='lat' dir='ltr'>tere</span> <span class='ocrx_word' id='word_1_362' title='bbox 1047 346 1056 359; x_wconf 93' lang='lat'>‚</span> <span class='ocrx_word' id='word_1_363' title='bbox 1072 325 1182 354; x_wconf 85' lang='lat' dir='ltr'>scilicet</span> <span class='ocrx_word' id='word_1_364' title='bbox 1204 327 1402 363; x_wconf 85' lang='lat' dir='ltr'>supponendo</span> <span class='ocrx_word' id='word_1_365' title='bbox 1421 328 1604 358; x_wconf 86' lang='lat' dir='ltr'>voluntatem</span> <span class='ocrx_word' id='word_1_366' title='bbox 1618 334 1751 361; x_wconf 85' lang='lat' dir='ltr'>nostram</span> 
     </span>
     <span class='ocr_line' id='line_1_55' title="bbox 976 371 1751 407; baseline 0.012 -9"><span class='ocrx_word' id='word_1_367' title='bbox 976 371 1122 399; x_wconf 88' lang='lat' dir='ltr'>voluntati</span> <span class='ocrx_word' id='word_1_368' title='bbox 1143 372 1251 400; x_wconf 64' lang='lat' dir='ltr'>divinae</span> <span class='ocrx_word' id='word_1_369' title='bbox 1265 381 1271 400; x_wconf 74' lang='grc' dir='ltr'><strong>ε</strong></span> <span class='ocrx_word' id='word_1_370' title='bbox 1288 375 1315 401; x_wconf 86' lang='lat' dir='ltr'>et</span> <span class='ocrx_word' id='word_1_371' title='bbox 1328 372 1385 401; x_wconf 91' lang='lat' dir='ltr'>hoc</span> <span class='ocrx_word' id='word_1_372' title='bbox 1399 376 1517 403; x_wconf 87' lang='lat' dir='ltr'>notatur</span> <span class='ocrx_word' id='word_1_373' title='bbox 1535 376 1565 404; x_wconf 91' lang='lat' dir='ltr'>iu</span> <span class='ocrx_word' id='word_1_374' title='bbox 1581 378 1751 407; x_wconf 89' lang='lat' dir='ltr'>conditione</span> 
     </span>
    </p>
   </div>
   <div class='ocr_carea' id='block_1_7' title="bbox 976 417 1752 499">
    <p class='ocr_par' dir='ltr' id='par_1_9' title="bbox 976 417 1752 499">
     <span class='ocr_line' id='line_1_56' title="bbox 978 417 1752 454; baseline 0.012 -10"><span class='ocrx_word' id='word_1_375' title='bbox 978 417 1132 454; x_wconf 85' lang='lat' dir='ltr'>apposita:</span> <span class='ocrx_word' id='word_1_376' title='bbox 1145 419 1176 446; x_wconf 77' lang='lat' dir='ltr'>Si</span> <span class='ocrx_word' id='word_1_377' title='bbox 1189 420 1249 453; x_wconf 75' lang='lat' dir='ltr'>fieri</span> <span class='ocrx_word' id='word_1_378' title='bbox 1258 422 1347 454; x_wconf 74' lang='lat' dir='ltr'>potest</span> <span class='ocrx_word' id='word_1_379' title='bbox 1357 440 1368 454; x_wconf 92' lang='lat'><em>‚</em></span> <span class='ocrx_word' id='word_1_380' title='bbox 1381 422 1408 448; x_wconf 87' lang='lat' dir='ltr'>et</span> <span class='ocrx_word' id='word_1_381' title='bbox 1418 421 1460 448; x_wconf 90' lang='lat' dir='ltr'>ibi</span> <span class='ocrx_word' id='word_1_382' title='bbox 1475 430 1482 449; x_wconf 91' lang='lat'><strong>:</strong></span> <span class='ocrx_word' id='word_1_383' title='bbox 1501 423 1689 452; x_wconf 81' lang='lat' dir='ltr'>Verumtamen</span> <span class='ocrx_word' id='word_1_384' title='bbox 1699 433 1752 453; x_wconf 81' lang='lat' dir='ltr'>non</span> 
     </span>
     <span class='ocr_line' id='line_1_57' title="bbox 976 465 1189 499; baseline 0.009 -8"><span class='ocrx_word' id='word_1_385' title='bbox 976 465 1047 492; x_wconf 81' lang='lat' dir='ltr'>sicut</span> <span class='ocrx_word' id='word_1_386' title='bbox 1061 472 1107 499; x_wconf 72' lang='lat' dir='ltr'>eqo</span> <span class='ocrx_word' id='word_1_387' title='bbox 1121 465 1189 493; x_wconf 82' lang='lat' dir='ltr'>volo.</span> 
     </span>
    </p>
   </div>
   <div class='ocr_carea' id='block_1_8' title="bbox 1055 545 1671 662">
    <p class='ocr_par' dir='ltr' id='par_1_10' title="bbox 1055 545 1671 662">
     <span class='ocr_line' id='line_1_58' title="bbox 1222 545 1510 580; baseline 0.007 -2"><span class='ocrx_word' id='word_1_388' title='bbox 1222 545 1365 578; x_wconf 90' lang='lat' dir='ltr'><strong>CAPUT</strong></span> <span class='ocrx_word' id='word_1_389' title='bbox 1389 546 1498 580; x_wconf 80' lang='lat' dir='ltr'>XVIII</span> <span class='ocrx_word' id='word_1_390' title='bbox 1503 573 1510 580; x_wconf 93' lang='lat'>.</span> 
     </span>
     <span class='ocr_line' id='line_1_59' title="bbox 1055 608 1671 662; baseline 0.006 -13"><span class='ocrx_word' id='word_1_391' title='bbox 1055 623 1094 650; x_wconf 86' lang='lat' dir='ltr'>De</span> <span class='ocrx_word' id='word_1_392' title='bbox 1113 608 1272 658; x_wconf 67' lang='lat' dir='ltr'>defectibus,</span> <span class='ocrx_word' id='word_1_393' title='bbox 1292 631 1356 658; x_wconf 79' lang='lat' dir='ltr'>quos</span> <span class='ocrx_word' id='word_1_394' title='bbox 1378 624 1499 652; x_wconf 77' lang='lat' dir='ltr'>Christus</span> <span class='ocrx_word' id='word_1_395' title='bbox 1518 629 1671 662; x_wconf 25' lang='lat' dir='ltr'>assumpsit*</span> 
     </span>
    </p>
   </div>
   <div class='ocr_carea' id='block_1_9' title="bbox 979 697 1763 2216">
    <p class='ocr_par' dir='ltr' id='par_1_11' title="bbox 979 697 1763 2216">
     <span class='ocr_line' id='line_1_60' title="bbox 1016 697 1755 734; baseline 0.011 -11"><span class='ocrx_word' id='word_1_396' title='bbox 1016 697 1079 724; x_wconf 89' lang='lat' dir='ltr'>Non</span> <span class='ocrx_word' id='word_1_397' title='bbox 1095 697 1193 724; x_wconf 84' lang='lat' dir='ltr'>solum</span> <span class='ocrx_word' id='word_1_398' title='bbox 1206 697 1334 725; x_wconf 85' lang='lat' dir='ltr'>Christus</span> <span class='ocrx_word' id='word_1_399' title='bbox 1355 699 1512 734; x_wconf 87' lang='lat' dir='ltr'>assumpsit</span> <span class='ocrx_word' id='word_1_400' title='bbox 1525 699 1687 730; x_wconf 86' lang='lat' dir='ltr'>humanam</span> <span class='ocrx_word' id='word_1_401' title='bbox 1703 711 1755 731; x_wconf 86' lang='lat' dir='ltr'>na·</span> 
     </span>
     <span class='ocr_line' id='line_1_61' title="bbox 979 743 1756 785; baseline 0.009 -15"><span class='ocrx_word' id='word_1_402' title='bbox 979 745 1092 778; x_wconf 88' lang='lat' dir='ltr'>turam,</span> <span class='ocrx_word' id='word_1_403' title='bbox 1108 744 1161 771; x_wconf 90' lang='lat' dir='ltr'>sed</span> <span class='ocrx_word' id='word_1_404' title='bbox 1176 743 1264 771; x_wconf 88' lang='lat' dir='ltr'>etiam</span> <span class='ocrx_word' id='word_1_405' title='bbox 1280 744 1410 772; x_wconf 84' lang='lat' dir='ltr'>desectus</span> <span class='ocrx_word' id='word_1_406' title='bbox 1425 745 1503 773; x_wconf 88' lang='lat' dir='ltr'>circa</span> <span class='ocrx_word' id='word_1_407' title='bbox 1517 748 1668 782; x_wconf 87' lang='lat' dir='ltr'>naturam,</span> <span class='ocrx_word' id='word_1_408' title='bbox 1680 757 1756 785; x_wconf 86' lang='lat' dir='ltr'>quos</span> 
     </span>
     <span class='ocr_line' id='line_1_62' title="bbox 981 789 1756 826; baseline 0.01 -10"><span class='ocrx_word' id='word_1_409' title='bbox 981 789 1119 817; x_wconf 88' lang='lat' dir='ltr'>videlicet</span> <span class='ocrx_word' id='word_1_410' title='bbox 1142 790 1240 826; x_wconf 88' lang='lat' dir='ltr'>ipsum</span> <span class='ocrx_word' id='word_1_411' title='bbox 1265 791 1364 818; x_wconf 85' lang='lat' dir='ltr'>decuit</span> <span class='ocrx_word' id='word_1_412' title='bbox 1387 800 1560 821; x_wconf 90' lang='lat' dir='ltr'>assumere:</span> <span class='ocrx_word' id='word_1_413' title='bbox 1581 795 1661 822; x_wconf 90' lang='lat' dir='ltr'>unde</span> <span class='ocrx_word' id='word_1_414' title='bbox 1687 804 1756 824; x_wconf 87' lang='lat' dir='ltr'>cum</span> 
     </span>
     <span class='ocr_line' id='line_1_63' title="bbox 981 836 1758 876; baseline 0.009 -13"><span class='ocrx_word' id='word_1_415' title='bbox 981 844 1076 872; x_wconf 77' lang='lat' dir='ltr'>poenae</span> <span class='ocrx_word' id='word_1_416' title='bbox 1101 836 1158 864; x_wconf 89' lang='lat' dir='ltr'>sint</span> <span class='ocrx_word' id='word_1_417' title='bbox 1183 837 1377 865; x_wconf 80' lang='lat' dir='ltr'>exercitativae</span> <span class='ocrx_word' id='word_1_418' title='bbox 1405 839 1520 867; x_wconf 87' lang='lat' dir='ltr'>virtutis</span> <span class='ocrx_word' id='word_1_419' title='bbox 1546 841 1699 876; x_wconf 63' lang='lat' dir='ltr'>pert&#39;ectfe,</span> <span class='ocrx_word' id='word_1_420' title='bbox 1730 845 1758 871; x_wconf 89' lang='lat' dir='ltr'>et</span> 
     </span>
     <span class='ocr_line' id='line_1_64' title="bbox 982 883 1757 921; baseline 0.009 -11"><span class='ocrx_word' id='word_1_421' title='bbox 982 883 1170 911; x_wconf 85' lang='lat' dir='ltr'>testificativae</span> <span class='ocrx_word' id='word_1_422' title='bbox 1186 884 1323 912; x_wconf 81' lang='lat' dir='ltr'>humanae</span> <span class='ocrx_word' id='word_1_423' title='bbox 1346 886 1472 920; x_wconf 80' lang='lat' dir='ltr'>naturae,</span> <span class='ocrx_word' id='word_1_424' title='bbox 1488 894 1549 914; x_wconf 90' lang='lat' dir='ltr'>non</span> <span class='ocrx_word' id='word_1_425' title='bbox 1562 887 1697 916; x_wconf 87' lang='lat' dir='ltr'>simulate</span> <span class='ocrx_word' id='word_1_426' title='bbox 1713 897 1757 921; x_wconf 85' lang='lat' dir='ltr'>as-</span> 
     </span>
     <span class='ocr_line' id='line_1_65' title="bbox 983 930 1758 971; baseline 0.008 -14"><span class='ocrx_word' id='word_1_427' title='bbox 983 931 1107 966; x_wconf 85' lang='lat' dir='ltr'>sumpsit</span> <span class='ocrx_word' id='word_1_428' title='bbox 1120 930 1302 965; x_wconf 79' lang='lat' dir='ltr'>poenalitates</span> <span class='ocrx_word' id='word_1_429' title='bbox 1317 932 1377 959; x_wconf 89' lang='lat' dir='ltr'>tam</span> <span class='ocrx_word' id='word_1_430' title='bbox 1393 933 1580 968; x_wconf 79' lang='lat' dir='ltr'>corporaleS,</span> <span class='ocrx_word' id='word_1_431' title='bbox 1596 942 1687 970; x_wconf 86' lang='lat' dir='ltr'>quam</span> <span class='ocrx_word' id='word_1_432' title='bbox 1701 936 1758 971; x_wconf 84' lang='lat' dir='ltr'>spi-</span> 
     </span>
     <span class='ocr_line' id='line_1_66' title="bbox 982 975 1758 1012; baseline 0.009 -10"><span class='ocrx_word' id='word_1_433' title='bbox 982 975 1119 1010; x_wconf 81' lang='lat' dir='ltr'>ritualeS,</span> <span class='ocrx_word' id='word_1_434' title='bbox 1139 985 1205 1012; x_wconf 59' lang='lat' dir='ltr'>quae</span> <span class='ocrx_word' id='word_1_435' title='bbox 1230 977 1390 1012; x_wconf 88' lang='lat' dir='ltr'>respiciunt</span> <span class='ocrx_word' id='word_1_436' title='bbox 1412 981 1543 1007; x_wconf 84' lang='lat' dir='ltr'>nostram</span> <span class='ocrx_word' id='word_1_437' title='bbox 1567 982 1703 1008; x_wconf 89' lang='lat' dir='ltr'>naturam</span> <span class='ocrx_word' id='word_1_438' title='bbox 1728 983 1758 1009; x_wconf 92' lang='lat' dir='ltr'>in</span> 
     </span>
     <span class='ocr_line' id='line_1_67' title="bbox 984 1023 1759 1058; baseline 0.01 -9"><span class='ocrx_word' id='word_1_439' title='bbox 984 1023 1151 1058; x_wconf 68' lang='lat' dir='ltr'>communi,</span> <span class='ocrx_word' id='word_1_440' title='bbox 1167 1023 1241 1051; x_wconf 89' lang='lat' dir='ltr'>sicut</span> <span class='ocrx_word' id='word_1_441' title='bbox 1268 1024 1377 1052; x_wconf 82' lang='lat' dir='ltr'>famem</span> <span class='ocrx_word' id='word_1_442' title='bbox 1406 1028 1434 1053; x_wconf 88' lang='lat' dir='ltr'>et</span> <span class='ocrx_word' id='word_1_443' title='bbox 1460 1027 1537 1054; x_wconf 86' lang='lat' dir='ltr'>sitim</span> <span class='ocrx_word' id='word_1_444' title='bbox 1565 1027 1596 1054; x_wconf 90' lang='lat' dir='ltr'>in</span> <span class='ocrx_word' id='word_1_445' title='bbox 1626 1028 1759 1058; x_wconf 85' lang='lat' dir='ltr'>absentia</span> 
     </span>
     <span class='ocr_line' id='line_1_68' title="bbox 983 1069 1758 1109; baseline 0.009 -13"><span class='ocrx_word' id='word_1_446' title='bbox 983 1069 1129 1104; x_wconf 85' lang='lat' dir='ltr'>alimenti,</span> <span class='ocrx_word' id='word_1_447' title='bbox 1152 1070 1297 1098; x_wconf 86' lang='lat' dir='ltr'>tristitiam</span> <span class='ocrx_word' id='word_1_448' title='bbox 1326 1074 1353 1098; x_wconf 85' lang='lat' dir='ltr'>et</span> <span class='ocrx_word' id='word_1_449' title='bbox 1382 1072 1517 1100; x_wconf 86' lang='lat' dir='ltr'>dolorem</span> <span class='ocrx_word' id='word_1_450' title='bbox 1547 1073 1578 1100; x_wconf 90' lang='lat' dir='ltr'>in</span> <span class='ocrx_word' id='word_1_451' title='bbox 1605 1076 1758 1109; x_wconf 80' lang='lat' dir='ltr'>praesentia</span> 
     </span>
     <span class='ocr_line' id='line_1_69' title="bbox 983 1116 1757 1157; baseline 0.009 -15"><span class='ocrx_word' id='word_1_452' title='bbox 983 1116 1172 1151; x_wconf 88' lang='lat' dir='ltr'>nocumenti,</span> <span class='ocrx_word' id='word_1_453' title='bbox 1189 1119 1216 1144; x_wconf 90' lang='lat' dir='ltr'>et</span> <span class='ocrx_word' id='word_1_454' title='bbox 1231 1117 1421 1153; x_wconf 88' lang='lat' dir='ltr'>hujusmodi,</span> <span class='ocrx_word' id='word_1_455' title='bbox 1437 1121 1469 1146; x_wconf 91' lang='lat' dir='ltr'>ut</span> <span class='ocrx_word' id='word_1_456' title='bbox 1483 1122 1525 1147; x_wconf 90' lang='lat' dir='ltr'>est</span> <span class='ocrx_word' id='word_1_457' title='bbox 1539 1120 1634 1154; x_wconf 84' lang='lat' dir='ltr'>calor,</span> <span class='ocrx_word' id='word_1_458' title='bbox 1649 1121 1757 1157; x_wconf 83' lang='lat' dir='ltr'>frigus,</span> 
     </span>
     <span class='ocr_line' id='line_1_70' title="bbox 983 1162 1759 1203; baseline 0.01 -15"><span class='ocrx_word' id='word_1_459' title='bbox 983 1162 1143 1196; x_wconf 88' lang='lat' dir='ltr'>lassitudo,</span> <span class='ocrx_word' id='word_1_460' title='bbox 1159 1165 1210 1190; x_wconf 89' lang='lat' dir='ltr'>etc.</span> <span class='ocrx_word' id='word_1_461' title='bbox 1232 1165 1288 1191; x_wconf 88' lang='lat' dir='ltr'>Nec</span> <span class='ocrx_word' id='word_1_462' title='bbox 1313 1172 1416 1192; x_wconf 86' lang='lat' dir='ltr'>omnes</span> <span class='ocrx_word' id='word_1_463' title='bbox 1438 1165 1567 1194; x_wconf 81' lang='lat' dir='ltr'>defectus</span> <span class='ocrx_word' id='word_1_464' title='bbox 1589 1169 1759 1203; x_wconf 82' lang='lat' dir='ltr'>corporales</span> 
     </span>
     <span class='ocr_line' id='line_1_71' title="bbox 984 1209 1758 1248; baseline 0.01 -14"><span class='ocrx_word' id='word_1_465' title='bbox 984 1209 1159 1244; x_wconf 84' lang='lat' dir='ltr'>assumpsit,</span> <span class='ocrx_word' id='word_1_466' title='bbox 1184 1210 1258 1236; x_wconf 90' lang='lat' dir='ltr'>sicut</span> <span class='ocrx_word' id='word_1_467' title='bbox 1290 1213 1358 1238; x_wconf 90' lang='lat' dir='ltr'>suut</span> <span class='ocrx_word' id='word_1_468' title='bbox 1386 1211 1516 1239; x_wconf 78' lang='lat' dir='ltr'>defectus</span> <span class='ocrx_word' id='word_1_469' title='bbox 1548 1213 1758 1248; x_wconf 77' lang='lat' dir='ltr'>aegritudinum</span> 
     </span>
     <span class='ocr_line' id='line_1_72' title="bbox 984 1255 1758 1296; baseline 0.01 -15"><span class='ocrx_word' id='word_1_470' title='bbox 984 1255 1225 1290; x_wconf 84' lang='lat' dir='ltr'>multiformium;</span> <span class='ocrx_word' id='word_1_471' title='bbox 1242 1265 1296 1284; x_wconf 88' lang='lat' dir='ltr'>uec</span> <span class='ocrx_word' id='word_1_472' title='bbox 1313 1265 1416 1285; x_wconf 90' lang='lat' dir='ltr'>omnes</span> <span class='ocrx_word' id='word_1_473' title='bbox 1431 1258 1562 1286; x_wconf 87' lang='lat' dir='ltr'>defectus</span> <span class='ocrx_word' id='word_1_474' title='bbox 1577 1260 1758 1296; x_wconf 81' lang='lat' dir='ltr'>spiritualeS,</span> 
     </span>
     <span class='ocr_line' id='line_1_73' title="bbox 984 1301 1758 1339; baseline 0.01 -12"><span class='ocrx_word' id='word_1_475' title='bbox 984 1301 1058 1328; x_wconf 90' lang='lat' dir='ltr'>sicut</span> <span class='ocrx_word' id='word_1_476' title='bbox 1072 1304 1139 1329; x_wconf 89' lang='lat' dir='ltr'>sunt</span> <span class='ocrx_word' id='word_1_477' title='bbox 1152 1304 1324 1337; x_wconf 88' lang='lat' dir='ltr'>peccatum,</span> <span class='ocrx_word' id='word_1_478' title='bbox 1345 1303 1529 1339; x_wconf 81' lang='lat' dir='ltr'>ignorantia,</span> <span class='ocrx_word' id='word_1_479' title='bbox 1544 1306 1668 1334; x_wconf 80' lang='lat' dir='ltr'>rebellio</span> <span class='ocrx_word' id='word_1_480' title='bbox 1693 1316 1758 1335; x_wconf 86' lang='lat' dir='ltr'>car-</span> 
     </span>
     <span class='ocr_line' id='line_1_74' title="bbox 984 1348 1761 1387; baseline 0.01 -13"><span class='ocrx_word' id='word_1_481' title='bbox 984 1348 1030 1375; x_wconf 90' lang='lat' dir='ltr'>nis</span> <span class='ocrx_word' id='word_1_482' title='bbox 1053 1348 1091 1375; x_wconf 80' lang='lat' dir='ltr'>ad</span> <span class='ocrx_word' id='word_1_483' title='bbox 1113 1348 1257 1384; x_wconf 88' lang='lat' dir='ltr'>spiritum.</span> <span class='ocrx_word' id='word_1_484' title='bbox 1285 1351 1440 1385; x_wconf 61' lang='lat' dir='ltr'>Praeterea,</span> <span class='ocrx_word' id='word_1_485' title='bbox 1461 1352 1532 1387; x_wconf 89' lang='lat' dir='ltr'>quia</span> <span class='ocrx_word' id='word_1_486' title='bbox 1553 1353 1654 1380; x_wconf 88' lang='lat' dir='ltr'>nullus</span> <span class='ocrx_word' id='word_1_487' title='bbox 1675 1354 1761 1382; x_wconf 89' lang='lat' dir='ltr'>iuno-</span> 
     </span>
     <span class='ocr_line' id='line_1_75' title="bbox 985 1395 1761 1433; baseline 0.009 -12"><span class='ocrx_word' id='word_1_488' title='bbox 985 1403 1054 1422; x_wconf 90' lang='lat' dir='ltr'>cens</span> <span class='ocrx_word' id='word_1_489' title='bbox 1068 1395 1157 1423; x_wconf 88' lang='lat' dir='ltr'>debet</span> <span class='ocrx_word' id='word_1_490' title='bbox 1171 1395 1279 1423; x_wconf 88' lang='lat' dir='ltr'>invitus</span> <span class='ocrx_word' id='word_1_491' title='bbox 1300 1405 1418 1432; x_wconf 89' lang='lat' dir='ltr'>poenam</span> <span class='ocrx_word' id='word_1_492' title='bbox 1443 1398 1600 1433; x_wconf 81' lang='lat' dir='ltr'>sustinere,</span> <span class='ocrx_word' id='word_1_493' title='bbox 1617 1408 1685 1427; x_wconf 88' lang='lat' dir='ltr'>cum</span> <span class='ocrx_word' id='word_1_494' title='bbox 1704 1401 1761 1428; x_wconf 88' lang='lat' dir='ltr'>hoc</span> 
     </span>
     <span class='ocr_line' id='line_1_76' title="bbox 986 1443 1762 1480; baseline 0.008 -12"><span class='ocrx_word' id='word_1_495' title='bbox 986 1443 1059 1468; x_wconf 88' lang='lat' dir='ltr'>esset</span> <span class='ocrx_word' id='word_1_496' title='bbox 1079 1444 1182 1470; x_wconf 88' lang='lat' dir='ltr'>contra</span> <span class='ocrx_word' id='word_1_497' title='bbox 1200 1443 1337 1470; x_wconf 88' lang='lat' dir='ltr'>ordinem</span> <span class='ocrx_word' id='word_1_498' title='bbox 1358 1443 1466 1471; x_wconf 76' lang='lat' dir='ltr'>divinae</span> <span class='ocrx_word' id='word_1_499' title='bbox 1482 1445 1613 1480; x_wconf 74' lang='lat' dir='ltr'>justitiae,</span> <span class='ocrx_word' id='word_1_500' title='bbox 1634 1447 1762 1474; x_wconf 88' lang='lat' dir='ltr'>Christus</span> 
     </span>
     <span class='ocr_line' id='line_1_77' title="bbox 985 1487 1762 1527; baseline 0.009 -13"><span class='ocrx_word' id='word_1_501' title='bbox 985 1487 1026 1514; x_wconf 89' lang='lat' dir='ltr'>sic</span> <span class='ocrx_word' id='word_1_502' title='bbox 1051 1488 1234 1523; x_wconf 83' lang='lat' dir='ltr'>poenalitates</span> <span class='ocrx_word' id='word_1_503' title='bbox 1262 1490 1405 1525; x_wconf 79' lang='lat' dir='ltr'>suscepit,</span> <span class='ocrx_word' id='word_1_504' title='bbox 1430 1493 1461 1517; x_wconf 88' lang='lat' dir='ltr'>ut</span> <span class='ocrx_word' id='word_1_505' title='bbox 1490 1493 1587 1518; x_wconf 87' lang='lat' dir='ltr'>tamen</span> <span class='ocrx_word' id='word_1_506' title='bbox 1612 1493 1672 1527; x_wconf 89' lang='lat' dir='ltr'>pati</span> <span class='ocrx_word' id='word_1_507' title='bbox 1701 1501 1762 1521; x_wconf 91' lang='lat' dir='ltr'>non</span> 
     </span>
     <span class='ocr_line' id='line_1_78' title="bbox 985 1534 1761 1570; baseline 0.009 -10"><span class='ocrx_word' id='word_1_508' title='bbox 985 1536 1084 1569; x_wconf 89' lang='lat' dir='ltr'>posset</span> <span class='ocrx_word' id='word_1_509' title='bbox 1108 1534 1214 1568; x_wconf 78' lang='lat' dir='ltr'>invite,</span> <span class='ocrx_word' id='word_1_510' title='bbox 1230 1535 1301 1570; x_wconf 88' lang='lat' dir='ltr'>quia</span> <span class='ocrx_word' id='word_1_511' title='bbox 1320 1536 1419 1570; x_wconf 84' lang='lat' dir='ltr'>passio</span> <span class='ocrx_word' id='word_1_512' title='bbox 1441 1545 1495 1564; x_wconf 84' lang='lat' dir='ltr'>sua</span> <span class='ocrx_word' id='word_1_513' title='bbox 1511 1545 1564 1564; x_wconf 86' lang='lat' dir='ltr'>nec</span> <span class='ocrx_word' id='word_1_514' title='bbox 1586 1538 1639 1565; x_wconf 85' lang='lat' dir='ltr'>suit</span> <span class='ocrx_word' id='word_1_515' title='bbox 1660 1543 1761 1568; x_wconf 81' lang='lat' dir='ltr'>contra</span> 
     </span>
     <span class='ocr_line' id='line_1_79' title="bbox 987 1579 1761 1615; baseline 0.01 -9"><span class='ocrx_word' id='word_1_516' title='bbox 987 1579 1122 1607; x_wconf 84' lang='lat' dir='ltr'>ordinem</span> <span class='ocrx_word' id='word_1_517' title='bbox 1136 1580 1242 1607; x_wconf 55' lang='lat' dir='ltr'>divinae</span> <span class='ocrx_word' id='word_1_518' title='bbox 1253 1581 1427 1615; x_wconf 86' lang='lat' dir='ltr'>voluntatis,</span> <span class='ocrx_word' id='word_1_519' title='bbox 1439 1590 1492 1609; x_wconf 86' lang='lat' dir='ltr'>nee</span> <span class='ocrx_word' id='word_1_520' title='bbox 1507 1586 1610 1611; x_wconf 89' lang='lat' dir='ltr'>contra</span> <span class='ocrx_word' id='word_1_521' title='bbox 1625 1585 1761 1614; x_wconf 86' lang='lat' dir='ltr'>ordinem</span> 
     </span>
     <span class='ocr_line' id='line_1_80' title="bbox 986 1626 1761 1661; baseline 0.008 -8"><span class='ocrx_word' id='word_1_522' title='bbox 986 1626 1123 1661; x_wconf 89' lang='lat' dir='ltr'>rationis,</span> <span class='ocrx_word' id='word_1_523' title='bbox 1139 1626 1206 1654; x_wconf 89' lang='lat' dir='ltr'>licet</span> <span class='ocrx_word' id='word_1_524' title='bbox 1219 1626 1306 1654; x_wconf 84' lang='lat' dir='ltr'>suerit</span> <span class='ocrx_word' id='word_1_525' title='bbox 1325 1630 1426 1655; x_wconf 88' lang='lat' dir='ltr'>contra</span> <span class='ocrx_word' id='word_1_526' title='bbox 1446 1629 1628 1657; x_wconf 87' lang='lat' dir='ltr'>voluntatem</span> <span class='ocrx_word' id='word_1_527' title='bbox 1645 1639 1761 1660; x_wconf 80' lang='lat' dir='ltr'>sensua-</span> 
     </span>
     <span class='ocr_line' id='line_1_81' title="bbox 986 1672 1761 1711; baseline 0.008 -12"><span class='ocrx_word' id='word_1_528' title='bbox 986 1672 1075 1700; x_wconf 88' lang='lat' dir='ltr'>litatis</span> <span class='ocrx_word' id='word_1_529' title='bbox 1090 1675 1118 1700; x_wconf 90' lang='lat' dir='ltr'>et</span> <span class='ocrx_word' id='word_1_530' title='bbox 1138 1673 1244 1700; x_wconf 87' lang='lat' dir='ltr'>carnis.</span> <span class='ocrx_word' id='word_1_531' title='bbox 1268 1673 1395 1701; x_wconf 83' lang='lat' dir='ltr'>Dicimus</span> <span class='ocrx_word' id='word_1_532' title='bbox 1417 1674 1506 1702; x_wconf 90' lang='lat' dir='ltr'>etiam</span> <span class='ocrx_word' id='word_1_533' title='bbox 1531 1677 1613 1711; x_wconf 91' lang='lat' dir='ltr'>quod</span> <span class='ocrx_word' id='word_1_534' title='bbox 1633 1677 1761 1706; x_wconf 89' lang='lat' dir='ltr'>Christus</span> 
     </span>
     <span class='ocr_line' id='line_1_82' title="bbox 986 1720 1760 1759; baseline 0.008 -13"><span class='ocrx_word' id='word_1_535' title='bbox 986 1727 1055 1746; x_wconf 83' lang='lat' dir='ltr'>vere</span> <span class='ocrx_word' id='word_1_536' title='bbox 1074 1720 1185 1754; x_wconf 88' lang='lat' dir='ltr'>timuit,</span> <span class='ocrx_word' id='word_1_537' title='bbox 1201 1722 1229 1747; x_wconf 87' lang='lat' dir='ltr'>et</span> <span class='ocrx_word' id='word_1_538' title='bbox 1248 1728 1316 1747; x_wconf 85' lang='lat' dir='ltr'>vere</span> <span class='ocrx_word' id='word_1_539' title='bbox 1336 1720 1445 1754; x_wconf 85' lang='lat' dir='ltr'>doluit,</span> <span class='ocrx_word' id='word_1_540' title='bbox 1462 1723 1490 1748; x_wconf 91' lang='lat' dir='ltr'>et</span> <span class='ocrx_word' id='word_1_541' title='bbox 1504 1730 1572 1749; x_wconf 89' lang='lat' dir='ltr'>vere</span> <span class='ocrx_word' id='word_1_542' title='bbox 1586 1723 1674 1751; x_wconf 87' lang='lat' dir='ltr'>tristis</span> <span class='ocrx_word' id='word_1_543' title='bbox 1688 1724 1741 1752; x_wconf 86' lang='lat' dir='ltr'>fuit</span> <span class='ocrx_word' id='word_1_544' title='bbox 1752 1745 1760 1759; x_wconf 87' lang='lat'>,</span> 
     </span>
     <span class='ocr_line' id='line_1_83' title="bbox 985 1766 1762 1802; baseline 0.009 -10"><span class='ocrx_word' id='word_1_545' title='bbox 985 1768 1074 1801; x_wconf 88' lang='lat' dir='ltr'>prout</span> <span class='ocrx_word' id='word_1_546' title='bbox 1088 1766 1141 1793; x_wconf 86' lang='lat' dir='ltr'>ista</span> <span class='ocrx_word' id='word_1_547' title='bbox 1153 1768 1256 1793; x_wconf 88' lang='lat' dir='ltr'>notant</span> <span class='ocrx_word' id='word_1_548' title='bbox 1270 1767 1512 1802; x_wconf 78' lang='lat' dir='ltr'>propassionem,</span> <span class='ocrx_word' id='word_1_549' title='bbox 1525 1776 1586 1796; x_wconf 93' lang='lat' dir='ltr'>non</span> <span class='ocrx_word' id='word_1_550' title='bbox 1598 1771 1762 1799; x_wconf 88' lang='lat' dir='ltr'>secundum</span> 
     </span>
     <span class='ocr_line' id='line_1_84' title="bbox 987 1812 1761 1852; baseline 0.009 -14"><span class='ocrx_word' id='word_1_551' title='bbox 987 1812 1070 1847; x_wconf 89' lang='lat' dir='ltr'>quod</span> <span class='ocrx_word' id='word_1_552' title='bbox 1085 1812 1251 1846; x_wconf 87' lang='lat' dir='ltr'>significant</span> <span class='ocrx_word' id='word_1_553' title='bbox 1265 1812 1445 1848; x_wconf 86' lang='lat' dir='ltr'>passionem.</span> <span class='ocrx_word' id='word_1_554' title='bbox 1463 1814 1560 1842; x_wconf 77' lang='lat' dir='ltr'>Differt</span> <span class='ocrx_word' id='word_1_555' title='bbox 1579 1818 1677 1843; x_wconf 87' lang='lat' dir='ltr'>autem</span> <span class='ocrx_word' id='word_1_556' title='bbox 1691 1825 1761 1852; x_wconf 86' lang='lat' dir='ltr'>pro-</span> 
     </span>
     <span class='ocr_line' id='line_1_85' title="bbox 986 1858 1762 1894; baseline 0.008 -9"><span class='ocrx_word' id='word_1_557' title='bbox 986 1858 1085 1893; x_wconf 84' lang='lat' dir='ltr'>passio</span> <span class='ocrx_word' id='word_1_558' title='bbox 1108 1866 1126 1885; x_wconf 94' lang='lat' dir='ltr'>a</span> <span class='ocrx_word' id='word_1_559' title='bbox 1149 1858 1285 1894; x_wconf 84' lang='lat' dir='ltr'>passione</span> <span class='ocrx_word' id='word_1_560' title='bbox 1299 1879 1308 1892; x_wconf 94' lang='lat'>,</span> <span class='ocrx_word' id='word_1_561' title='bbox 1333 1859 1404 1894; x_wconf 90' lang='lat' dir='ltr'>quia</span> <span class='ocrx_word' id='word_1_562' title='bbox 1428 1862 1497 1887; x_wconf 86' lang='lat' dir='ltr'>tunc</span> <span class='ocrx_word' id='word_1_563' title='bbox 1520 1860 1634 1889; x_wconf 84' lang='lat' dir='ltr'>affectio</span> <span class='ocrx_word' id='word_1_564' title='bbox 1657 1862 1762 1891; x_wconf 89' lang='lat' dir='ltr'>dicitur</span> 
     </span>
     <span class='ocr_line' id='line_1_86' title="bbox 987 1905 1762 1945; baseline 0.008 -14"><span class='ocrx_word' id='word_1_565' title='bbox 987 1905 1142 1940; x_wconf 82' lang='lat' dir='ltr'>propassio</span> <span class='ocrx_word' id='word_1_566' title='bbox 1156 1926 1164 1939; x_wconf 91' lang='lat'>,</span> <span class='ocrx_word' id='word_1_567' title='bbox 1187 1905 1309 1940; x_wconf 86' lang='lat' dir='ltr'>quando</span> <span class='ocrx_word' id='word_1_568' title='bbox 1334 1905 1434 1933; x_wconf 89' lang='lat' dir='ltr'>anima</span> <span class='ocrx_word' id='word_1_569' title='bbox 1457 1906 1497 1933; x_wconf 90' lang='lat' dir='ltr'>sic</span> <span class='ocrx_word' id='word_1_570' title='bbox 1521 1907 1661 1942; x_wconf 83' lang='lat' dir='ltr'>afficitur,</span> <span class='ocrx_word' id='word_1_571' title='bbox 1679 1910 1762 1945; x_wconf 82' lang='lat' dir='ltr'>quod</span> 
     </span>
     <span class='ocr_line' id='line_1_87' title="bbox 988 1951 1761 1989; baseline 0.006 -11"><span class='ocrx_word' id='word_1_572' title='bbox 988 1951 1108 1978; x_wconf 83' lang='lat' dir='ltr'>oculum</span> <span class='ocrx_word' id='word_1_573' title='bbox 1125 1951 1230 1978; x_wconf 87' lang='lat' dir='ltr'>mentis</span> <span class='ocrx_word' id='word_1_574' title='bbox 1244 1959 1437 1987; x_wconf 86' lang='lat' dir='ltr'>nequaquam</span> <span class='ocrx_word' id='word_1_575' title='bbox 1452 1953 1550 1980; x_wconf 88' lang='lat' dir='ltr'>turbat</span> <span class='ocrx_word' id='word_1_576' title='bbox 1555 1963 1564 1989; x_wconf 74' lang='lat'>3</span> <span class='ocrx_word' id='word_1_577' title='bbox 1575 1955 1673 1989; x_wconf 84' lang='lat' dir='ltr'>passio</span> <span class='ocrx_word' id='word_1_578' title='bbox 1690 1964 1761 1983; x_wconf 88' lang='lat' dir='ltr'>vero</span> 
     </span>
     <span class='ocr_line' id='line_1_88' title="bbox 988 1997 1762 2035; baseline 0.009 -12"><span class='ocrx_word' id='word_1_579' title='bbox 988 1997 1109 2031; x_wconf 86' lang='lat' dir='ltr'>dicitur,</span> <span class='ocrx_word' id='word_1_580' title='bbox 1134 1997 1255 2032; x_wconf 86' lang='lat' dir='ltr'>quando</span> <span class='ocrx_word' id='word_1_581' title='bbox 1283 1998 1323 2024; x_wconf 82' lang='lat' dir='ltr'>ita</span> <span class='ocrx_word' id='word_1_582' title='bbox 1351 1998 1433 2025; x_wconf 81' lang='lat' dir='ltr'>fortis</span> <span class='ocrx_word' id='word_1_583' title='bbox 1457 2001 1510 2032; x_wconf 86' lang='lat' dir='ltr'>est,</span> <span class='ocrx_word' id='word_1_584' title='bbox 1536 2001 1619 2035; x_wconf 88' lang='lat' dir='ltr'>quod</span> <span class='ocrx_word' id='word_1_585' title='bbox 1642 2002 1762 2030; x_wconf 88' lang='lat' dir='ltr'>oculum</span> 
     </span>
     <span class='ocr_line' id='line_1_89' title="bbox 988 2043 1762 2080; baseline 0.009 -11"><span class='ocrx_word' id='word_1_586' title='bbox 988 2043 1093 2070; x_wconf 86' lang='lat' dir='ltr'>mentis</span> <span class='ocrx_word' id='word_1_587' title='bbox 1117 2044 1230 2077; x_wconf 87' lang='lat' dir='ltr'>turbat,</span> <span class='ocrx_word' id='word_1_588' title='bbox 1247 2046 1275 2070; x_wconf 88' lang='lat' dir='ltr'>et</span> <span class='ocrx_word' id='word_1_589' title='bbox 1290 2044 1356 2071; x_wconf 84' lang='lat' dir='ltr'>facit</span> <span class='ocrx_word' id='word_1_590' title='bbox 1371 2052 1388 2071; x_wconf 90' lang='lat' dir='ltr'>a</span> <span class='ocrx_word' id='word_1_591' title='bbox 1407 2045 1580 2073; x_wconf 78' lang='lat' dir='ltr'>rectitudine</span> <span class='ocrx_word' id='word_1_592' title='bbox 1591 2068 1599 2080; x_wconf 87' lang='lat'><em>‚</em></span> <span class='ocrx_word' id='word_1_593' title='bbox 1616 2047 1662 2074; x_wconf 87' lang='lat' dir='ltr'>vel</span> <span class='ocrx_word' id='word_1_594' title='bbox 1677 2056 1694 2074; x_wconf 87' lang='lat' dir='ltr'>a</span> <span class='ocrx_word' id='word_1_595' title='bbox 1713 2049 1762 2076; x_wconf 88' lang='lat' dir='ltr'>Dei</span> 
     </span>
     <span class='ocr_line' id='line_1_90' title="bbox 989 2089 1763 2124; baseline 0.009 -9"><span class='ocrx_word' id='word_1_596' title='bbox 989 2089 1238 2124; x_wconf 83' lang='lat' dir='ltr'>contemplatione</span> <span class='ocrx_word' id='word_1_597' title='bbox 1260 2090 1393 2123; x_wconf 85' lang='lat' dir='ltr'>deviare,</span> <span class='ocrx_word' id='word_1_598' title='bbox 1412 2092 1439 2117; x_wconf 85' lang='lat' dir='ltr'>et</span> <span class='ocrx_word' id='word_1_599' title='bbox 1458 2092 1527 2118; x_wconf 87' lang='lat' dir='ltr'>tunc</span> <span class='ocrx_word' id='word_1_600' title='bbox 1551 2093 1625 2119; x_wconf 86' lang='lat' dir='ltr'>ratio</span> <span class='ocrx_word' id='word_1_601' title='bbox 1647 2093 1763 2123; x_wconf 81' lang='lat' dir='ltr'>laeditur</span> 
     </span>
     <span class='ocr_line' id='line_1_91' title="bbox 990 2135 1760 2172; baseline 0.009 -11"><span class='ocrx_word' id='word_1_602' title='bbox 990 2137 1017 2162; x_wconf 88' lang='lat' dir='ltr'>et</span> <span class='ocrx_word' id='word_1_603' title='bbox 1031 2135 1142 2170; x_wconf 86' lang='lat' dir='ltr'>patitur</span> <span class='ocrx_word' id='word_1_604' title='bbox 1158 2144 1164 2162; x_wconf 80' lang='lat' dir='ltr'><em>z</em></span> <span class='ocrx_word' id='word_1_605' title='bbox 1182 2136 1261 2162; x_wconf 82' lang='lat' dir='ltr'>unde</span> <span class='ocrx_word' id='word_1_606' title='bbox 1277 2135 1414 2163; x_wconf 85' lang='lat' dir='ltr'>ditl&#39;erunt</span> <span class='ocrx_word' id='word_1_607' title='bbox 1438 2136 1491 2164; x_wconf 86' lang='lat' dir='ltr'>ista</span> <span class='ocrx_word' id='word_1_608' title='bbox 1514 2137 1590 2172; x_wconf 90' lang='lat' dir='ltr'>duo,</span> <span class='ocrx_word' id='word_1_609' title='bbox 1606 2139 1680 2167; x_wconf 87' lang='lat' dir='ltr'>sicut</span> <span class='ocrx_word' id='word_1_610' title='bbox 1700 2140 1760 2168; x_wconf 81' lang='lat' dir='ltr'>dis-</span> 
     </span>
     <span class='ocr_line' id='line_1_92' title="bbox 988 2181 1281 2216; baseline 0.003 -9"><span class='ocrx_word' id='word_1_611' title='bbox 988 2181 1097 2216; x_wconf 86' lang='lat' dir='ltr'>positio</span> <span class='ocrx_word' id='word_1_612' title='bbox 1113 2183 1140 2208; x_wconf 89' lang='lat' dir='ltr'>et</span> <span class='ocrx_word' id='word_1_613' title='bbox 1155 2181 1281 2209; x_wconf 87' lang='lat' dir='ltr'>habitus.</span> 
     </span>
    </p>
   </div>
   <div class='ocr_carea' id='block_1_10' title="bbox 1219 2276 1536 2382">
    <p class='ocr_par' dir='ltr' id='par_1_12' title="bbox 1219 2276 1536 2382">
     <span class='ocr_line' id='line_1_93' title="bbox 1247 2276 1507 2310; baseline 0.008 -2"><span class='ocrx_word' id='word_1_614' title='bbox 1247 2276 1389 2309; x_wconf 88' lang='lat' dir='ltr'>CAPUT</span> <span class='ocrx_word' id='word_1_615' title='bbox 1417 2277 1507 2310; x_wconf 87' lang='lat' dir='ltr'>XIX.</span> 
     </span>
     <span class='ocr_line' id='line_1_94' title="bbox 1219 2348 1536 2382; baseline 0.009 -9"><span class='ocrx_word' id='word_1_616' title='bbox 1219 2348 1256 2374; x_wconf 82' lang='lat' dir='ltr'>De</span> <span class='ocrx_word' id='word_1_617' title='bbox 1278 2349 1404 2382; x_wconf 73' lang='lat' dir='ltr'>passione</span> <span class='ocrx_word' id='word_1_618' title='bbox 1430 2349 1536 2376; x_wconf 78' lang='lat' dir='ltr'>Christi.</span> 
     </span>
    </p>
   </div>
   <div class='ocr_carea' id='block_1_11' title="bbox 993 2414 1769 2727">
    <p class='ocr_par' dir='ltr' id='par_1_13' title="bbox 993 2414 1769 2727">
     <span class='ocr_line' id='line_1_95' title="bbox 1027 2414 1765 2450; baseline 0.008 -9"><span class='ocrx_word' id='word_1_619' title='bbox 1027 2414 1108 2441; x_wconf 87' lang='lat' dir='ltr'>Circa</span> <span class='ocrx_word' id='word_1_620' title='bbox 1132 2415 1299 2450; x_wconf 87' lang='lat' dir='ltr'>passionem</span> <span class='ocrx_word' id='word_1_621' title='bbox 1329 2416 1443 2443; x_wconf 88' lang='lat' dir='ltr'>Domini</span> <span class='ocrx_word' id='word_1_622' title='bbox 1468 2418 1713 2446; x_wconf 87' lang='lat' dir='ltr'>commendamus</span> <span class='ocrx_word' id='word_1_623' title='bbox 1735 2421 1765 2447; x_wconf 92' lang='lat' dir='ltr'>in</span> 
     </span>
     <span class='ocr_line' id='line_1_96' title="bbox 993 2461 1766 2497; baseline 0.006 -9"><span class='ocrx_word' id='word_1_624' title='bbox 993 2468 1082 2496; x_wconf 85' lang='lat' dir='ltr'>opere</span> <span class='ocrx_word' id='word_1_625' title='bbox 1097 2461 1270 2496; x_wconf 89' lang='lat' dir='ltr'>patientiam</span> <span class='ocrx_word' id='word_1_626' title='bbox 1289 2462 1538 2497; x_wconf 84' lang='lat' dir='ltr'>insuperabilem,</span> <span class='ocrx_word' id='word_1_627' title='bbox 1553 2464 1583 2491; x_wconf 93' lang='lat' dir='ltr'>in</span> <span class='ocrx_word' id='word_1_628' title='bbox 1605 2465 1696 2492; x_wconf 90' lang='lat' dir='ltr'>modo</span> <span class='ocrx_word' id='word_1_629' title='bbox 1712 2466 1766 2493; x_wconf 90' lang='lat' dir='ltr'>hu-</span> 
     </span>
     <span class='ocr_line' id='line_1_97' title="bbox 994 2507 1765 2542; baseline 0.008 -9"><span class='ocrx_word' id='word_1_630' title='bbox 994 2507 1147 2534; x_wconf 90' lang='lat' dir='ltr'>militatem</span> <span class='ocrx_word' id='word_1_631' title='bbox 1175 2507 1402 2542; x_wconf 85' lang='lat' dir='ltr'>admirabilem,</span> <span class='ocrx_word' id='word_1_632' title='bbox 1425 2508 1455 2535; x_wconf 90' lang='lat' dir='ltr'>in</span> <span class='ocrx_word' id='word_1_633' title='bbox 1484 2517 1572 2537; x_wconf 86' lang='lat' dir='ltr'>causa</span> <span class='ocrx_word' id='word_1_634' title='bbox 1597 2511 1765 2539; x_wconf 85' lang='lat' dir='ltr'>charitatem</span> 
     </span>
     <span class='ocr_line' id='line_1_98' title="bbox 995 2552 1767 2591; baseline 0.008 -12"><span class='ocrx_word' id='word_1_635' title='bbox 995 2552 1239 2580; x_wconf 83' lang='lat' dir='ltr'>inaestimabilem.</span> <span class='ocrx_word' id='word_1_636' title='bbox 1257 2553 1339 2581; x_wconf 85' lang='lat' dir='ltr'>Circa</span> <span class='ocrx_word' id='word_1_637' title='bbox 1361 2562 1436 2589; x_wconf 88' lang='lat' dir='ltr'>opus</span> <span class='ocrx_word' id='word_1_638' title='bbox 1451 2557 1521 2582; x_wconf 86' lang='lat' dir='ltr'>nota</span> <span class='ocrx_word' id='word_1_639' title='bbox 1543 2556 1626 2591; x_wconf 89' lang='lat' dir='ltr'>quod</span> <span class='ocrx_word' id='word_1_640' title='bbox 1640 2557 1767 2586; x_wconf 89' lang='lat' dir='ltr'>Christus</span> 
     </span>
     <span class='ocr_line' id='line_1_99' title="bbox 994 2599 1768 2637; baseline 0.009 -11"><span class='ocrx_word' id='word_1_641' title='bbox 994 2599 1130 2627; x_wconf 89' lang='lat' dir='ltr'>sustinuit</span> <span class='ocrx_word' id='word_1_642' title='bbox 1144 2599 1174 2626; x_wconf 91' lang='lat' dir='ltr'>in</span> <span class='ocrx_word' id='word_1_643' title='bbox 1188 2602 1264 2627; x_wconf 86' lang='lat' dir='ltr'>tactu</span> <span class='ocrx_word' id='word_1_644' title='bbox 1282 2600 1434 2628; x_wconf 83' lang='lat' dir='ltr'>clavorum</span> <span class='ocrx_word' id='word_1_645' title='bbox 1448 2601 1633 2636; x_wconf 86' lang='lat' dir='ltr'>asperitatem</span> <span class='ocrx_word' id='word_1_646' title='bbox 1643 2624 1651 2637; x_wconf 88' lang='lat'>,</span> <span class='ocrx_word' id='word_1_647' title='bbox 1667 2603 1697 2631; x_wconf 86' lang='lat' dir='ltr'>in</span> <span class='ocrx_word' id='word_1_648' title='bbox 1718 2612 1768 2633; x_wconf 90' lang='lat' dir='ltr'>au-</span> 
     </span>
     <span class='ocr_line' id='line_1_100' title="bbox 997 2645 1768 2681; baseline 0.008 -9"><span class='ocrx_word' id='word_1_649' title='bbox 997 2645 1059 2672; x_wconf 87' lang='lat' dir='ltr'>ditu</span> <span class='ocrx_word' id='word_1_650' title='bbox 1084 2646 1317 2681; x_wconf 86' lang='lat' dir='ltr'>opprobriorum</span> <span class='ocrx_word' id='word_1_651' title='bbox 1342 2646 1565 2681; x_wconf 87' lang='lat' dir='ltr'>confusionem,</span> <span class='ocrx_word' id='word_1_652' title='bbox 1587 2648 1617 2675; x_wconf 89' lang='lat' dir='ltr'>in</span> <span class='ocrx_word' id='word_1_653' title='bbox 1641 2650 1768 2678; x_wconf 87' lang='lat' dir='ltr'>odoratu</span> 
     </span>
     <span class='ocr_line' id='line_1_101' title="bbox 997 2692 1769 2727; baseline 0.005 -8"><span class='ocrx_word' id='word_1_654' title='bbox 997 2694 1151 2727; x_wconf 88' lang='lat' dir='ltr'>sputorum</span> <span class='ocrx_word' id='word_1_655' title='bbox 1175 2692 1352 2725; x_wconf 84' lang='lat' dir='ltr'>foeditatem,</span> <span class='ocrx_word' id='word_1_656' title='bbox 1376 2693 1405 2719; x_wconf 94' lang='lat' dir='ltr'>in</span> <span class='ocrx_word' id='word_1_657' title='bbox 1431 2695 1516 2727; x_wconf 85' lang='lat' dir='ltr'>gustu</span> <span class='ocrx_word' id='word_1_658' title='bbox 1541 2694 1614 2722; x_wconf 87' lang='lat' dir='ltr'>aceti</span> <span class='ocrx_word' id='word_1_659' title='bbox 1640 2697 1667 2723; x_wconf 90' lang='lat' dir='ltr'>et</span> <span class='ocrx_word' id='word_1_660' title='bbox 1694 2696 1769 2723; x_wconf 85' lang='lat' dir='ltr'>fellis</span> 
     </span>
    </p>
   </div>
   <div class='ocr_carea' id='block_1_12' title="bbox 1593 2747 1625 2774">
    <p class='ocr_par' dir='ltr' id='par_1_14' title="bbox 1593 2747 1625 2774">
     <span class='ocr_line' id='line_1_102' title="bbox 1593 2747 1625 2774; baseline 0 0"><span class='ocrx_word' id='word_1_661' title='bbox 1593 2747 1625 2774; x_wconf 75' lang='lat'>11</span> 
     </span>
    </p>
   </div>
  </div>
 </body>
</html>
