2004 3037
247 231 306 260 126

241 297 314 324 nota
327 293 410 330 quod
425 293 499 321 nihil
519 295 562 321 est
580 295 736 330 peccatum
753 295 786 324 in
798 296 864 325 viro
877 297 1019 334 perfecto,

241 341 326 378 quod
344 348 406 368 non
427 340 463 367 sit
482 344 639 376 peccatum
658 341 690 369 in
707 341 898 379 imperfecto,
918 344 975 372 nisi
988 344 1020 372 in

241 388 288 416 his
307 395 374 423 quae
397 387 481 415 novit
504 386 542 423 (a)
559 396 566 414 :
590 395 661 416 nam
685 388 826 425 perfectio
845 398 907 418 non
925 393 1020 419 mutat

240 442 337 470 genus
350 434 479 470 peccati,
495 433 548 462 sed
562 434 626 470 ejus
640 435 833 471 quantitatem
848 439 945 472 auget.

512 530 655 564 CAPUT
681 531 743 565 VI.

462 604 497 630 De
516 603 656 630 Diuisione
674 603 791 630 Peccata

274 672 382 700 Divisio
405 673 597 708 peecatorum
615 671 770 708 multiplex
787 673 839 700 est.
859 672 924 700 Alia
938 672 1017 701 enim

237 722 281 747 est
289 719 455 748 seeundum
470 727 590 747 causam
605 718 780 747 efficientem
794 720 960 748 secundum
974 728 1015 755 se,

237 768 270 794 ut
283 766 345 795 haec
357 777 364 794 :
376 772 395 792 ἀ
412 768 601 794 Peccatorum
619 765 702 794 aliud
717 768 760 794 est
774 775 811 794 ex
825 767 1015 803 impotentia,

237 813 320 840 aliud
341 821 376 840 ex
396 813 580 848 ignorantia,
604 812 688 840 aliud
713 821 749 841 ex
775 813 898 841 malitia.
922 824 936 839 ι)
952 814 1016 842 Alia

236 859 361 887 sumitur
379 859 544 887 secundum
568 867 690 887 causam
711 859 887 888 efficientem
900 860 1014 888 ratione

236 907 362 942 annexi,
378 907 545 935 secundum
563 915 655 943 quam
668 907 792 934 sumitur
806 907 868 934 haee
883 907 989 934 divisio
1006 916 1013 934 ;

242 962 255 979 α
271 955 458 982 peccatorum
481 953 564 981 aliud
579 956 622 982 est
643 962 679 981 ex
703 961 804 981 amore
819 953 895 981 male
910 961 1014 980 accen—

237 1001 343 1036 dente3
359 1000 443 1028 aliud
457 1008 492 1028 ex
509 1000 613 1028 timore
628 1000 706 1028 male
720 1000 910 1034 humiliante,
926 1010 939 1025 ι)
956 999 1014 1027 hoc

236 1050 279 1075 est.
300 1047 407 1082 dicere,
431 1047 515 1083 quod
537 1047 628 1081 homo
652 1047 750 1082 potius
773 1046 837 1074 vult
859 1047 1014 1082 peccatum

235 1094 432 1127 committere,
457 1101 549 1128 quam
571 1094 670 1120 amato
691 1100 808 1128 carere,
829 1094 880 1120 aut
900 1093 1014 1120 malum

234 1148 344 1176 poenae,
361 1140 444 1176 quod
459 1139 555 1174 timet,
572 1139 731 1168 incurrere.
749 1140 911 1168 Sumuntur
926 1139 1014 1166 etiam

235 1189 425 1223 peecatorum
440 1187 600 1214 divisiones
613 1187 778 1215 secundum
791 1196 911 1215 causam
926 1189 1013 1214 mate·

234 1234 347 1267 rialem,
359 1234 436 1261 eirea
451 1241 542 1269 quam
557 1234 655 1269 primo
670 1235 794 1262 sumitur
809 1234 870 1262 haec
886 1233 991 1261 divisio
1005 1242 1011 1260 ε

237 1291 251 1306 α
267 1282 455 1309 peccatorum
476 1280 558 1308 aliud
578 1283 621 1307 est
637 1280 749 1315 cordis,
771 1280 853 1308 aliud
872 1280 979 1316 operis.
996 1290 1008 1305 »ι

234 1329 304 1355 Item
332 1328 393 1355 haec
409 1336 415 1354 z
447 1336 459 1352 α
484 1328 672 1355 Peccatorum
697 1327 780 1354 aliud
806 1327 992 1362 cogitationis
1004 1348 1012 1359 ‚

235 1374 317 1402 aliud
340 1374 513 1408 locutionis,
530 1373 613 1401 aliud
632 1374 822 1410 operationis.
845 1384 857 1399 n
876 1373 1011 1401 Secundo

234 1421 326 1449 modo
351 1420 475 1448 sumitur
498 1420 562 1448 sie:
590 1422 778 1448 Pcccatorum
806 1420 889 1448 aliud
917 1422 959 1447 est
982 1420 1011 1447 in

234 1469 336 1501 Deum,
352 1467 434 1495 aliud
449 1467 478 1494 in
501 1467 650 1502 seipsum,
666 1467 748 1494 aliud
775 1467 804 1494 in
828 1467 1009 1503 proximum.

233 1515 264 1542 ln
280 1515 369 1541 Deum
386 1513 528 1541 dividitur
544 1513 585 1540 sic
602 1522 608 1540 :
626 1513 712 1541 Aliud
733 1513 763 1540 in
779 1515 910 1547 Patrem,
929 1512 1011 1540 aliud

233 1560 263 1588 in
273 1560 388 1594 Filium,
399 1559 482 1587 aliud
494 1559 523 1587 in
533 1560 672 1595 Spiritum
683 1559 906 1587 san0111111.Aliis
919 1559 1012 1586 tribus

232 1607 330 1635 modis
344 1609 482 1643 peccatur
496 1607 526 1634 in
543 1608 644 1641 Deum,
661 1606 770 1634 scilicet
785 1606 861 1634 male
877 1614 930 1641 per
946 1606 1011 1633 infi-

233 1653 382 1682 delitatem
407 1653 443 1680 de
474 1655 532 1680 Deo
558 1653 731 1686 sentiendo‚·
759 1653 844 1686 item,
874 1652 1012 1688 blasphe-

232 1700 364 1734 mando3
393 1700 462 1727 item
473 1720 482 1734 ,
508 1707 591 1726 saera
619 1699 667 1726 liei
695 1699 815 1733 indigne
845 1699 1008 1726 tractando.

232 1746 295 1774 Alio
315 1746 407 1774 modo
426 1748 528 1781 peccat
541 1745 607 1780 quis
623 1745 653 1772 in
669 1747 770 1779 Deum,
789 1745 897 1772 scilicet
913 1746 1010 1781 ipsum

231 1792 383 1826 tentando,
396 1795 423 1820 et
435 1792 491 1820 hoc
503 1792 535 1819 fit
550 1791 699 1827 tripliciter
714 1801 719 1819 :
738 1800 807 1819 nam
822 1791 1008 1827 quandoque

231 1840 321 1867 tentat
335 1839 401 1875 quis
416 1839 464 1866 Dei
483 1839 662 1874 potentiam,
680 1841 711 1865 ut
732 1846 799 1865 eum
819 1838 903 1872 signa
918 1838 1008 1874 petit;

232 1886 415 1922 quandoque
431 1886 479 1913 llei
499 1885 639 1920 justitiam
653 1906 660 1919 ,
678 1887 708 1912 ut
729 1894 797 1912 eum
812 1894 864 1921 per
879 1885 1009 1913 candens

231 1934 352 1968 ferrum,
367 1933 415 1961 vel
429 1941 482 1969 per
498 1933 650 1967 duellum,
666 1932 713 1959 vel
729 1932 838 1959 similia
853 1932 918 1968 quis
930 1931 1009 1967 judi-

232 1981 310 2008 cium
324 1980 408 2016 petit;
431 1979 615 2015 quandoque
640 1978 686 2006 iio}
712 1978 961 2012 misericordiam,
977 1981 1009 2006 ut

231 2035 299 2054 cum
318 2027 384 2062 quis
404 2027 452 2053 Dei
475 2026 638 2054 bonitatem
653 2025 840 2059 examinans,
855 2025 1009 2052 committit

230 2081 260 2100 se
276 2073 369 2101 stultis
383 2073 530 2108 perieulis.

265 2121 295 2147 ln
318 2120 447 2155 seipsum
469 2121 571 2155 peceat
592 2119 658 2155 quis
684 2118 850 2154 tripliciter,
874 2118 1006 2146 scilieet:

230 2167 394 2194 necessaria
425 2166 481 2194 sibi
509 2165 708 2193 subtrahendo
722 2175 729 2199 ;
760 2165 828 2192 item
858 2165 1007 2201 superflua

230 2215 389 2248 sumendo,
420 2214 488 2240 item
513 2214 590 2241 ultra
615 2213 692 2240 vires
716 2212 872 2247 quippiam
901 2220 1007 2248 aggre-

230 2263 349 2290 diendo.

265 2311 336 2337 ltem
362 2308 393 2335 in
420 2307 589 2342 proximum
617 2307 719 2341 peceat
745 2305 811 2340 quis
840 2304 1005 2340 tripliciter,

229 2355 338 2382 scilicet
354 2363 360 2381 ε
376 2354 514 2389 proximo
529 2361 583 2380 suo
599 2352 760 2379 auferendo
774 2361 780 2385 ;
799 2351 867 2378 item
881 2360 935 2379 sua
949 2351 1004 2378 sibi

230 2403 258 2429 in
279 2401 447 2429 necessitate
469 2407 529 2427 non
549 2398 816 2432 communicando;
835 2398 904 2425 item
925 2398 1005 2425 malo

229 2448 366 2484 exemplo
382 2447 466 2474 illum
479 2446 518 2474 ad
531 2447 684 2481 peccatum
701 2444 854 2472 trahendo.

264 2496 423 2523 Sumuntur
453 2494 593 2529 praeterea
623 2491 784 2519 divisiones
815 2493 1005 2526 peccatorum

229 2541 393 2569 secundum
422 2547 543 2568 causam
569 2538 744 2572 formalem3
772 2540 799 2565 et
827 2538 884 2564 hoc
912 2537 1005 2565 tribus

262 2617 293 2646 (a)
311 2616 405 2639 Forsan
427 2612 555 2645 quendum
578 2619 630 2636 non
654 2612 734 2635 nevit.
755 2625 785 2629 —
809 2610 840 2639 (la)
857 2612 918 2634 ΟΜ.
944 2611 1003 2633 eslt'l.

229 2651 295 2674 deese
306 2651 346 2674 vel
356 2649 497 2674 secundum
507 2648 722 2679 quantitat‹=1u.—
733 2647 761 2678 (c)
778 2646 838 2671 Caet.
852 2646 911 2669 edit.
924 2653 1002 2676 quau-

230 2686 334 2711 titatem.

569 226 828 262 COMPENDIUM
848 228 1110 262 THEOLOGICAE
1129 230 1354 264 VERITATIS.
1378 232 1458 265 LIB.
1481 233 1534 264 ΙΙΙ.

1077 298 1176 327 modis
1190 308 1198 327 :
1215 299 1400 336 quandoque
1414 299 1589 328 naturaliter
1602 299 1767 329 seeundum
1781 308 1856 337 qua-

1075 344 1202 379 litatem,
1219 346 1267 374 vel
1288 347 1454 375 seeundum
1477 346 1671 382 quantitatem
1691 346 1738 382 (b),
1750 347 1800 375 vel
1813 355 1857 376 se-

1078 391 1211 420 cundum
1246 393 1430 421 relationem.
1473 393 1643 422 Secundum
1682 392 1856 429 qualitatem

1077 439 1202 467 sumitur
1228 439 1291 468 haec
1318 440 1424 468 divisio
1446 449 1452 468 ε
1484 431 1676 468 Peccatorum
1704 439 1787 467 aliud
1814 442 1857 468 est

1076 485 1247 520 commissi,
1267 485 1352 514 aliud
1368 486 1467 514 delicti
1485 495 1491 514 :
1516 494 1645 522 quorum
1666 485 1794 521 primum
1814 487 1857 514 est

1075 532 1278 567 praevaricatio
1291 535 1508 569 praeceptorum
1517 533 1738 569 negativorum3
1754 541 1857 562 secun-

1075 578 1149 607 dum
1163 587 1235 608 vero
1254 582 1297 608 est
1315 580 1519 616 praevaricatio
1543 582 1759 616 praeceptorum
1774 579 1855 608 affir-

1074 624 1264 654 mativorum.
1288 626 1359 654 Item
1381 626 1551 662 praedictum
1571 628 1728 662 peccatum
1742 628 1785 654 est
1798 626 1855 654 du-

1074 670 1142 707 plex
1170 674 1273 703 contra
1300 672 1375 700 duas
1401 674 1500 709 partes
1526 673 1643 708 justitioe
1654 692 1664 707 ‚
1692 681 1758 709 quae
1787 674 1854 701 sunt

1075 717 1223 746 declinare
1237 726 1256 746 a
1275 719 1373 753 malo,
1395 721 1423 747 et
1441 719 1537 747 faeere
1559 720 1684 747 bonum.
1709 719 1780 747 ltem
1795 719 1854 747 alia

1074 763 1180 792 divisio
1199 765 1324 793 sumitur
1344 766 1508 794 seeundum
1529 766 1700 802 qualitatem
1725 766 1756 802 (c)
1778 766 1820 794 sic
1843 776 1852 793 .-

1073 811 1263 839 Peccatorum
1284 812 1422 847 quaedam
1446 814 1515 840 sunt
1541 812 1684 847 carnalia,
1712 813 1852 849 quaedam

1072 856 1252 892 spiritualia;
1269 857 1322 885 sed
1336 858 1467 886 earnalia
1490 858 1612 894 majoris
1631 861 1699 886 sunt
1712 858 1851 892 infamiae,

1072 903 1235 939 spiritualia
1249 904 1372 940 majoris
1384 907 1451 932 sunt
1462 904 1565 941 eulpae.
1577 905 1748 932 Secundum
1760 913 1851 941 quan-

1071 949 1183 978 titatem
1196 951 1321 978 sumitur
1334 951 1397 978 haec
1419 951 1527 979 divisio
1541 960 1548 978 :
1566 952 1755 979 Peccatorum
1769 951 1851 979 aliud

1072 998 1114 1024 est
1123 997 1260 1031 mortale,
1275 997 1358 1025 aliud
1368 999 1411 1026 est
1425 998 1539 1025 veniale
1552 1007 1558 1025 ε
1576 1005 1706 1034 quorum
1720 998 1850 1033 primum

1072 1043 1177 1071 dicitur
1192 1045 1342 1079 perversio
1354 1066 1362 1079 ,
1379 1044 1544 1072 secundum
1559 1052 1630 1072 vero
1644 1043 1826 1072 inordinatio
1842 1054 1848 1072 :

1072 1090 1215 1125 quoniam
1236 1093 1390 1127 peccatum
1409 1091 1534 1119 mortale
1554 1093 1595 1118 est
1618 1090 1733 1118 aversio
1753 1090 1850 1118 totalis

1071 1145 1088 1164 a
1102 1137 1184 1165 hono
1201 1137 1455 1172 incommutabili,
1472 1140 1500 1166 et
1514 1139 1668 1166 conversio
1688 1138 1786 1166 totalis
1810 1138 1848 1165 ad

1071 1183 1185 1211 bonum
1201 1185 1410 1212 commutabile
1422 1195 1430 1220 3
1442 1185 1495 1212 sed
1510 1187 1665 1221 peecatum
1675 1184 1793 1213 veniale
1807 1187 1850 1212 est

1071 1239 1155 1259 amor
1176 1231 1362 1267 voluptatum
1386 1232 1415 1259 iu
1437 1234 1585 1266 creatura,
1608 1232 1680 1259 eitra
1696 1233 1786 1259 Deum
1809 1234 1849 1259 ta-

1070 1285 1148 1305 men.
1165 1278 1332 1305 Secundum
1352 1278 1527 1306 relationem
1544 1279 1669 1306 sumitur
1691 1278 1753 1306 hoec
1774 1277 1848 1305 divi-

1069 1324 1113 1351 sio
1127 1333 1133 1351 :
1149 1325 1338 1352 Peccatorum
1362 1325 1445 1353 aliud
1466 1327 1509 1353 est
1523 1325 1667 1361 originale
1678 1345 1687 1359 ,
1702 1324 1785 1353 aliud
1799 1332 1847 1352 ac-

1070 1371 1158 1399 tuale.

1105 1418 1209 1446 Ultima
1223 1419 1330 1446 divisio
1343 1421 1385 1447 est
1399 1419 1564 1446 seeundum
1575 1426 1694 1446 causam
1710 1417 1846 1452 finalem,

1069 1466 1097 1492 ct
1110 1465 1168 1492 hoc
1180 1464 1347 1501 dupliciter,
1362 1465 1432 1501 quia
1444 1465 1491 1493 vel
1504 1465 1669 1493 seeundum
1684 1465 1781 1500 ipsum
1794 1472 1846 1500 ap-

1068 1511 1204 1546 petibile,
1225 1512 1271 1539 vel
1293 1512 1458 1539 secundum
1482 1515 1580 1540 actum
1604 1511 1733 1540 hominis
1754 1519 1845 1547 appe-

1069 1558 1163 1585 tentis.
1179 1558 1348 1586 Secundum
1363 1559 1461 1594 ipsum
1476 1558 1636 1595 appetibile
1647 1558 1773 1585 sumitur
1784 1558 1845 1585 haec

1068 1604 1174 1632 divisio
1190 1605 1195 1620 ¹
1214 1614 1220 1632 :
1237 1606 1318 1633 Omne
1333 1605 1404 1640 quod
1416 1609 1454 1633 est
1470 1608 1499 1633 in
1514 1606 1624 1640 mundo,
1637 1608 1685 1632 aut
1701 1608 1739 1632 est
1752 1613 1845 1632 concu-

1064 1653 1199 1687 piso-encta
1215 1654 1304 1678 carnis
1317 1673 1323 1683 ,
1340 1654 1386 1678 aut
1400 1654 1614 1687 concupiscentia
1629 1653 1780 1686 oculorum,
1797 1654 1845 1678 aut

1066 1699 1194 1732 snperbia
1211 1699 1275 1725 vitoe
1299 1707 1304 1725 :
1328 1706 1457 1734 quorum
1483 1698 1611 1734 primum
1633 1701 1675 1726 est
1697 1698 1843 1733 appetitus

1066 1744 1270 1780 voluptatum,
1292 1745 1457 1772 seeundum
1485 1745 1629 1781 appetitus
1652 1745 1821 1772 divitiarum
1835 1766 1842 1778 ,

1067 1791 1183 1819 tertimn
1204 1791 1350 1827 appetitus
1368 1791 1527 1819 honorum.
1554 1791 1722 1819 Secundum
1745 1794 1842 1819 actum

1066 1838 1195 1865 hominis
1214 1838 1377 1874 appetentis
1393 1838 1536 1866 dividitur
1555 1841 1710 1874 peccatum
1731 1839 1760 1866 in
1777 1846 1842 1874 sep-

1066 1886 1124 1912 tem
1147 1884 1218 1912 vitia
1239 1885 1394 1921 capitalia,
1422 1885 1530 1913 scilicet
1552 1885 1723 1921 superbiam
1737 1906 1744 1920 ,
1769 1884 1843 1912 invi-

1066 1931 1157 1965 diam,
1174 1931 1260 1966 iram,
1278 1931 1423 1967 acediam,
1439 1932 1608 1966 avaritiam,
1625 1931 1742 1966 gulam,
1758 1931 1841 1959 luxu-

1065 1977 1150 2005 riam.

1100 2026 1172 2052 Nota
1200 2025 1283 2060 quod
1308 2025 1440 2061 quinque
1468 2027 1535 2053 sunt
1560 2033 1669 2060 genera
1704 2033 1838 2061 operum.

1065 2073 1136 2098 Nam
1157 2071 1296 2107 quaedam
1314 2075 1381 2099 sunt
1396 2072 1476 2099 mala
1490 2072 1520 2099 in
1537 2080 1566 2099 se
1580 2093 1588 2105 ,
1604 2074 1635 2099 ut
1649 2071 1699 2099 illa
1714 2080 1780 2107 quae
1795 2079 1839 2098 se-

1064 2118 1196 2145 cundum
1210 2126 1294 2146 suam
1316 2121 1451 2146 naturam
1466 2118 1545 2146 mala
1559 2120 1643 2152 sunt,
1659 2120 1782 2153 possunt
1796 2120 1838 2145 ta-

1064 2173 1131 2191 men
1152 2173 1206 2200 per
1228 2165 1360 2200 aliquam
1385 2165 1634 2192 circumstantium
1658 2164 1719 2191 lieri
1743 2164 1837 2198 bona,

1063 2214 1095 2238 ut
1108 2211 1319 2245 homicidium,
1337 2206 1476 2246 quaedam'
1490 2213 1557 2238 sunt
1572 2211 1651 2238 mala
1674 2211 1838 2238 secundum

1063 2266 1110 2291 se,
1124 2260 1157 2285 ut
1171 2258 1221 2284 illa
1237 2266 1301 2293 quae
1314 2266 1366 2293 per
1379 2257 1493 2285 nullam
1508 2257 1756 2285 circumstantiam
1772 2265 1838 2293 pos-

1062 2306 1129 2331 sunt
1144 2303 1206 2331 fieri
1226 2303 1325 2338 bona,
1350 2303 1424 2331 sieut
1445 2304 1528 2331 odire
1554 2306 1659 2339 Deum,
1677 2304 1835 2338 fornicari,

1063 2353 1090 2378 et
1113 2350 1305 2384 hujusmodi3
1328 2350 1467 2385 quaedam
1495 2353 1563 2378 suut
1582 2351 1663 2378 bona.
1685 2351 1715 2378 in
1737 2359 1785 2384 se,
1807 2353 1837 2377 ut

1062 2405 1128 2433 quw
1147 2399 1214 2423 sunt
1232 2396 1313 2424 bona
1338 2405 1374 2423 ex
1397 2405 1521 2432 genere,
1549 2399 1576 2424 ct
1596 2400 1692 2425 tamen
1714 2399 1835 2432 possunt

1063 2444 1125 2471 lieri
1140 2443 1219 2470 mala
1233 2451 1269 2470 ex
1284 2443 1518 2477 circumstantia,
1534 2445 1608 2471 sicut
1620 2446 1661 2470 est
1677 2443 1747 2470 darc
1763 2443 1836 2471 elee-

1062 2498 1236 2525 inosynam;
1254 2490 1391 2525 quaedam
1407 2493 1474 2518 sunt
1493 2491 1572 2518 bona
1595 2490 1758 2518 secundum
1783 2498 1813 2517 se
1825 2511 1833 2524 ‚

1062 2539 1093 2564 ut
1103 2544 1169 2572 quae
1179 2544 1232 2572 per
1246 2536 1360 2563 nullam
1373 2537 1621 2565 circumstantiam
1636 2539 1759 2572 possunt
1772 2537 1834 2564 fieri

1061 2582 1156 2616 mala,
1172 2582 1245 2610 sicut
1264 2583 1386 2617 diligere
1409 2585 1500 2611 Deum
1519 2591 1553 2611 ex
1573 2583 1730 2614 charitate;
1755 2591 1833 2618 quae-

1099 2682 1195 2709 'Jomz,
1216 2688 1244 2712 11,
1267 2683 1304 2705 ¹6.
