2004 3037
641 183 692 216 DE
723 182 887 216 NATURA
909 182 984 215 DEI.
1009 182 1095 214 CAP.
1120 180 1213 214 xvii.
1691 182 1730 212 73

119 253 218 282 Adhuc
238 260 298 281 cum
322 253 422 288 leqitur
436 253 558 288 Moyses,
581 252 701 280 velamen
722 253 843 288 positum
859 253 898 278 est

119 308 200 337 super
220 300 302 328 corda
324 302 455 335 ipsorum.
479 298 635 334 Secundo,
650 307 704 336 per
723 298 829 327 falsam
850 296 897 326 lu-

120 355 185 376 cem
206 357 212 376 :
237 347 296 376 hoc
324 349 423 376 autem
452 347 484 376 fit
499 368 509 382 ‚
532 346 656 383 quando
685 346 752 383 quis
779 345 898 374 metitur

119 396 228 423 aeterna
242 395 408 423 seeundum
427 394 584 422 naturalia.
609 393 786 430 Exemplum
808 392 898 420 habe-

120 443 168 470 tur
181 441 212 470 in
226 441 309 478 ligno
324 440 444 478 putrido
457 461 466 476 ,
483 440 565 477 quod
580 441 612 468 in
632 442 718 469 noete
733 439 898 477 quamdam

120 488 220 517 lucem
239 488 358 516 videtur
372 488 498 522 habere,
514 487 567 516 sed
589 495 658 516 cum
678 487 741 515 dies
764 486 898 522 venerit,

120 535 195 564 nihil
209 537 259 564 est.
275 535 369 563 Tertio
381 555 390 569 ,
404 543 459 571 per
483 535 670 563 aversionem
685 543 703 563 a
722 542 754 562 re
769 533 898 568 visibili,

121 582 182 611 sive
197 582 390 618 cognoscibili
399 591 407 618 ;
419 582 476 610 hoc
491 584 547 617 est,
563 581 686 618 quando
702 581 768 618 quis
778 603 786 617 ,
798 582 897 618 spreto

120 629 360 658 incommutabili
383 629 487 663 bono,
510 629 600 657 rebus
622 628 818 658 mutabilibus
842 628 897 656 ad-

120 676 210 705 haeret
228 676 354 705 :talium
377 676 488 712 oculis,
514 685 582 704 cum
605 676 663 704 sint
684 676 772 712 oegri,
792 675 899 704 odiosa

121 725 164 752 est
177 723 229 752 lux
240 745 249 758 ,
265 725 293 752 et
306 723 390 760 puris
404 726 446 752 est
456 723 679 752 amabilissima.
696 725 771 752 Deus
786 731 898 759 cogno-

120 770 208 799 scitur
225 770 364 806 interius,
378 772 406 799 et
425 771 561 799 exterius.
578 770 700 799 Interius
719 770 876 807 dupliciter
890 780 896 798 :

121 817 191 854 quia
206 817 390 854 quandoque
403 826 457 854 per
472 817 696 854 inspirationem
707 838 714 852 ,
731 817 814 854 quod
826 825 899 853 pau<

120 864 162 892 eis
183 864 285 892 datum
305 866 365 900 est;
381 864 539 900 Apostolus
555 864 595 892 ad
615 864 800 892 Corinthios¹
819 865 899 892 :St-1¹0

120 911 252 939 hominem
271 913 301 939 in
325 912 428 940 Christo
451 913 513 939 Jesu
527 932 537 946 ,
561 913 615 939 etc.
640 911 823 947 Quandoque
846 920 900 947 per

120 958 394 994 ratiocinationem3
406 966 459 995 per
469 966 560 994 quem
576 958 702 986 modum
717 958 818 995 plures
832 960 899 995 phi-

119 1005 238 1041 losophi
253 1005 290 1033 de
305 1007 364 1033 Deo
378 1005 514 1033 notitiam
532 1005 718 1040 habuerunt3
735 1006 774 1033 ad
788 1008 898 1034 Roma-

119 1059 174 1080 nos
186 1053 197 1069 ²
213 1060 220 1079 :
239 1053 393 1080 Invisibilia
407 1054 474 1086 Dei,
490 1053 544 1079 ete.
565 1052 696 1080 exterius
719 1053 807 1080 ctiam
830 1062 900 1089 cog-

119 1099 252 1128 noscitur
279 1099 436 1136 dupliciter
451 1119 460 1133 ,
486 1099 597 1127 scilicet
619 1109 626 1128 :
650 1108 704 1136 per
731 1103 897 1135 creaturas;

119 1147 277 1184 Apostolus
293 1156 299 1174 :
320 1148 450 1175 Videmus
464 1155 534 1175 nunc
553 1155 604 1183 per·
618 1149 772 1183 specularii,
790 1149 900 1177 scilicet

120 1196 339 1229 ereaturarum,
356 1202 422 1230 quae
438 1194 531 1222 modo
552 1196 620 1222 sunt
641 1195 794 1231 speculum
812 1197 898 1223 Crea-

119 1241 191 1269 toris
206 1241 236 1268 in
250 1241 387 1277 praesenti
402 1250 409 1268 :
426 1241 467 1268 sic
485 1249 500 1269 e
517 1249 661 1269 converso
677 1242 739 1278 ipse
757 1244 831 1270 Deus
846 1242 900 1270 erit

120 1287 276 1324 speculum
288 1289 490 1316 creaturarum
499 1288 531 1316 in
545 1288 646 1316 futuro
655 1309 664 1322 ‚
678 1289 707 1316 in
720 1298 781 1325 quo
798 1289 899 1318 omnia

119 1334 303 1370 videbimus,
319 1343 386 1371 quae
405 1335 444 1363 ad
460 1335 606 1370 gaudium
623 1337 756 1364 nostrum
770 1337 899 1372 pertine-

118 1381 204 1410 bunt.
228 1383 300 1409 Item
328 1390 381 1418 per
412 1382 578 1410 doctrinam
598 1392 605 1417 ;
632 1383 789 1419 Apostolus
814 1383 896 1420 (a)'':

119 1428 199 1456 Fides
221 1437 253 1456 θα]
266 1428 375 1456 auditu.
392 1429 471 1456 Sicut
486 1429 673 1464 cognoscitur
687 1430 790 1457 vinum
806 1439 899 1466 quan-

121 1474 222 1510 doque
247 1483 282 1503 ex
304 1475 422 1509 auditu,
448 1475 631 1512 quandoque
656 1476 721 1504 visu
735 1498 742 1510 ‚
764 1477 900 1512 quando-

123 1529 182 1557 que
207 1523 310 1556 gustu,
338 1522 379 1549 sic
394 1523 469 1549 Deus
492 1522 720 1558 quodammodo
746 1524 901 1559 cognosci-

121 1569 167 1595 tur
183 1568 286 1596 auditu
304 1577 310 1596 :
328 1570 512 1603 cognoscunt
531 1569 610 1597 enim
636 1571 748 1604 Deum,
775 1570 825 1606 qui
851 1579 900 1598 au<

121 1615 206 1643 diunt
227 1615 355 1642 verbum
369 1615 418 1642 Dei
434 1637 442 1649 ,
460 1617 488 1643 et
511 1624 564 1651 per
580 1616 655 1643 illud
679 1616 812 1645 credunt.
830 1618 899 1645 Visu

123 1663 308 1697 cognoscunt
340 1662 473 1697 theologi
495 1684 503 1697 ,
534 1663 586 1698 qui
620 1663 723 1699 legunt
751 1665 843 1691 Deum
870 1665 901 1693 in

122 1708 294 1744 Scripturis3
311 1710 339 1736 et
358 1708 545 1745 philosophi,
562 1709 613 1745 qui
627 1710 817 1745 speculantur
832 1719 901 1739 eum

122 1757 151 1784 in
167 1757 317 1785 creaturis.
334 1757 424 1784 Gustu
440 1759 625 1792 cognoscunt
646 1757 701 1785 soli
716 1758 788 1786 boni
802 1768 810 1794 ;
825 1759 901 1787 Psal-

123 1811 189 1831 mus
204 1804 213 1821 ⁵
227 1812 233 1831 z
252 1803 364 1831 Gustate
378 1805 403 1831 et
417 1803 518 1838 videte,
532 1805 658 1838 quoniam
675 1807 783 1839 suavz'S,
799 1808 852 1833 eie.
869 1807 902 1833 Et

122 1850 175 1878 iste
195 1850 316 1878 ultimus
337 1849 447 1877 modus
465 1850 694 1886 perfectissimus
710 1854 771 1886 est,
792 1855 821 1880 et
842 1861 902 1880 cer·-

124 1896 262 1924 tissimus.
279 1896 436 1933 Dionysius
451 1896 522 1924 dicit
535 1897 545 1913 ⁶
557 1918 565 1931 ,
582 1897 665 1932 quod
687 1897 780 1925 tribus
804 1899 901 1926 modis

124 1943 311 1978 cognoscitur
323 1945 408 1977 DeuS,
421 1943 547 1971 scilicet:
562 1952 615 1979 per
629 1944 825 1973 remotionem
841 1946 901 1973 sive

124 1989 367 2025 abnegationem,
384 1992 416 2018 ut
431 1997 499 2017 cum
515 1989 622 2018 dicitur
639 2001 646 2017 :
666 2003 677 2017 u
696 1993 769 2018 Deus
785 2000 846 2019 non
861 1995 903 2020 est

124 2035 196 2071 hoc,
211 2036 257 2063 vel
272 2036 364 2068 illud,
384 2046 398 2061 n
420 2037 500 2063 unde
522 2037 678 2072 Dionysius
696 2047 701 2064 :
724 2048 737 2062 κ
756 2038 902 2073 Negativae

125 2082 163 2110 de
177 2084 235 2110 Deo
250 2084 317 2110 sunt
331 2090 408 2110 verae
424 2091 430 2109 ε
444 2083 628 2110 affirmativae
641 2092 712 2111 vero
728 2084 900 2119 incompac-

125 2131 169 2157 tae.
180 2139 193 2155 n
212 2130 283 2157 Item
298 2137 352 2164 per
366 2129 568 2164 eminentiam,
582 2130 624 2161 ut,
641 2137 707 2156 eum
723 2130 752 2156 iu
769 2133 902 2159 creatura

126 2175 291 2203 inveniatur
303 2175 450 2211 potentia,
464 2175 652 2203 attribuenda
666 2178 707 2203 est
720 2177 776 2203 Deo
787 2185 903 2205 summa

125 2222 267 2258 potentia,
289 2224 316 2249 et
331 2222 372 2249 sic
386 2221 424 2249 de
446 2221 520 2249 aliis.
544 2223 615 2249 ltem
635 2230 689 2258 per
703 2231 824 2250 causam
838 2245 844 2257 ‚
861 2233 904 2251 sc-

126 2269 258 2296 cundum
275 2268 358 2304 quod
372 2276 425 2304 per
440 2268 559 2296 effectus
574 2269 690 2296 venitur
705 2269 743 2297 ad
760 2271 903 2305 cognitio-

126 2323 195 2342 nem
210 2323 305 2343 causae
317 2335 326 2348 ,
348 2315 395 2342 vel
417 2323 471 2351 per
494 2315 696 2350 cognitionem
713 2318 849 2344 motuum
864 2317 903 2345 ad

127 2362 326 2397 cognitionem
340 2362 497 2389 moventis.
513 2363 585 2390 Item
608 2365 679 2390 nota
700 2363 785 2398 quod
804 2364 904 2392 animo.

127 2416 215 2436 sensu
229 2408 355 2444 percipit
376 2416 520 2444 corpora,
536 2409 608 2444 quia
625 2408 753 2436 formam
767 2410 797 2437 in
815 2412 904 2438 mate-

126 2454 185 2488 ria,
210 2456 324 2482 tantum
350 2456 492 2490 praesente
513 2463 638 2490 corpore
661 2464 668 2482 :
691 2455 903 2491 imaginatione

127 2508 199 2528 vero
222 2509 383 2536 corporum
406 2501 629 2535 similitudines,
647 2502 704 2530 hoc
729 2506 770 2531 est
793 2504 904 2533 formas

127 2547 287 2575 abstractas
302 2555 320 2575 a
335 2547 473 2581 materia,
495 2547 582 2575 etiam
599 2551 741 2584 praesentc
757 2558 882 2586 corpore
894 2573 902 2587 ‚

160 2606 164 2618 ¹
183 2606 199 2628 u
219 2605 287 2634 Cor.¹
305 2611 352 2637 x11,
368 2607 390 2630 2.
406 2619 438 2624 —
453 2606 463 2622 2
480 2605 557 2634 Rom,
575 2611 592 2635 Ι,
608 2607 648 2629 20.
664 2620 694 2624 —-
711 2607 720 2623 ³
737 2608 742 2631 t
762 2609 830 2637 Con,
846 2616 903 2641 κω,

160 2645 195 2676 (a)
207 2645 267 2669 Coet.
283 2645 342 2670 edit.
359 2645 502 2671 doctrinam
518 2645 641 2676 Apostoli.

953 249 1003 278 vel
1018 249 1156 285 absente;
1173 249 1286 278 ratione
1302 250 1401 277 autem
1415 255 1576 284 corporum
1590 249 1710 276 naturas
1719 268 1731 284 ‚

953 297 1104 326 intellectu
1122 297 1258 334 spiritum
1281 297 1412 325 creatum
1423 317 1430 331 ‚
1449 295 1644 332 intelligentia
1657 303 1731 326 vero

953 345 1089 381 spiritum
1103 344 1276 373 increatum.

989 391 1149 420 Sciendum
1164 394 1207 420 est
1219 391 1308 420 etiam
1323 391 1406 427 quod
1421 390 1636 427 cognoscibilia
1651 398 1732 427 quae-

955 439 1026 468 dam
1040 441 1108 468 sunt
1122 440 1198 468 infra
1211 439 1355 468 rationem
1369 460 1377 474 ‚
1392 437 1531 474 quiedam
1541 438 1637 474 juxta,
1652 445 1734 474 quae·

955 486 1026 515 dam
1049 495 1150 523 supra.
1173 487 1251 515 Infra
1274 486 1422 514 rationem
1445 487 1530 519 sunt,
1552 491 1620 521 qum
1641 491 1731 512 sensu

954 534 1134 572 percipimus
1149 556 1159 569 ‚
1185 535 1217 562 ut
1243 533 1313 562 alba
1331 553 1339 566 ‚
1362 532 1467 567 nigra,
1491 533 1519 559 et
1546 530 1729 567 hujusmodi.

954 583 1040 610 Juxta
1053 582 1200 610 rationem
1218 582 1286 608 sunt
1307 588 1373 616 quie
1394 579 1508 607 ratione
1529 578 1710 614 percipimus
1722 599 1731 613 ‚

953 631 986 657 ut
999 637 1088 663 vcra,
1103 628 1193 662 falsa,
1211 628 1304 664 justa,
1320 627 1368 654 vel
1390 626 1508 662 injusta.
1531 626 1626 661 Supra
1645 623 1734 652 ratio-

954 684 1024 704 nem
1047 678 1128 711 sunt,
1146 684 1212 712 quae
1236 674 1299 703 sola
1323 673 1425 702 divina
1445 672 1627 700 revelatione
1649 679 1734 699 com-

954 723 1180 760 prehenduntur
1195 743 1204 758 ‚
1231 724 1281 750 aut
1314 720 1487 749 auctoritate
1517 719 1734 755 scripturarum

955 770 1116 799 ereduntur
1126 790 1135 804 ,
1150 772 1182 798 ut
1196 772 1254 798 tres
1267 776 1329 796 esse
1344 775 1488 805 personas
1499 788 1508 802 ‚
1521 774 1616 794 unum
1631 767 1733 794 Deum.

1210 864 1352 898 CAPUT
1376 863 1482 897 XVII.

1106 939 1143 965 De
1162 937 1505 972 1noireumscrzptibtlitate
1524 937 1584 963 Dei.

991 1008 1104 1044 Ubique
1121 1009 1194 1035 Deus
1209 1009 1261 1040 est,
1276 1009 1303 1035 et
1317 1009 1417 1035 tamen
1430 1014 1580 1043 nusquam
1596 1009 1647 1041 est,
1664 1006 1735 1043 quia

955 1064 1010 1084 nec
1027 1056 1112 1083 abest
1133 1056 1172 1083 ab
1188 1056 1250 1083 ullo
1274 1055 1341 1083 loeo
1354 1077 1362 1089 ,
1379 1063 1434 1082 nec
1450 1055 1510 1082 ullo
1524 1055 1637 1090 eapitur
1656 1054 1733 1082 loco.

955 1104 1152 1138 Augustinus:
1169 1104 1267 1130 «Deus
1282 1104 1324 1130 est
1338 1102 1368 1130 in
1379 1102 1505 1136 mundo,
1517 1110 1578 1129 non
1589 1101 1735 1136 inclusus3

957 1152 1039 1177 extra
1049 1150 1209 1183 mundum,
1225 1157 1287 1177 non
1302 1149 1454 1183 exclusus;
1473 1156 1562 1184 supra
1577 1148 1736 1183 mundum,

955 1204 1017 1224 non
1030 1196 1138 1231 elatus;
1155 1195 1231 1224 infra
1243 1196 1472 1230 mundum,n0n
1487 1195 1682 1230 depressus.»
1697 1197 1737 1222 Ex

954 1243 1000 1270 his
1015 1245 1094 1279 patet
1109 1243 1192 1279 quod
1216 1245 1291 1271 Deus
1314 1244 1358 1270 est
1372 1243 1448 1270 intra
1472 1241 1593 1277 omnia;
1613 1243 1641 1269 et
1659 1241 1735 1276 hoc,

956 1291 1026 1326 quia
1041 1290 1143 1317 omnia
1157 1290 1267 1326 replet,
1284 1291 1312 1317 et
1327 1289 1439 1325 ubique
1454 1297 1585 1325 prffisens
1600 1290 1652 1316 est.
1667 1290 1736 1316 item

956 1339 1037 1365 extra
1053 1337 1153 1365 omnia
1169 1339 1226 1371 est,
1242 1336 1314 1372 quia
1329 1336 1430 1364 onmia
1447 1337 1577 1364 continet
1588 1357 1596 1370 ,
1616 1344 1671 1364 nec
1690 1344 1738 1364 us·

954 1392 1046 1420 quam
1059 1384 1138 1412 valet
1153 1384 1305 1412 coarctari.

991 1432 1047 1460 Sed
1061 1434 1131 1459 nota
1148 1432 1231 1467 quod
1246 1432 1308 1459 haec
1324 1430 1495 1467 praepositio
1511 1433 1589 1458 eoetra
1605 1429 1675 1458 dicit
1694 1429 1736 1457 ibi

955 1487 1016 1506 non
1032 1478 1180 1506 actualem
1199 1478 1387 1514 praesentiam
1412 1478 1451 1506 ad
1471 1478 1589 1512 locum,
1611 1477 1663 1504 sed
1683 1484 1738 1512 po-

955 1526 1106 1554 tentialem
1116 1547 1123 1559 ,
1139 1534 1204 1560 quae
1219 1527 1261 1553 est
1276 1527 1325 1552 Dei
1341 1525 1523 1552 immensitas
1535 1546 1543 1559 ,
1558 1533 1624 1560 quse
1640 1524 1737 1560 infini-

955 1575 999 1601 tos
1014 1572 1144 1600 mundos
1160 1574 1254 1608 potest
1273 1572 1385 1608 replere
1398 1593 1406 1606 ,
1424 1572 1447 1599 si
1462 1576 1567 1599 essent.
1591 1573 1660 1599 Item
1674 1571 1736 1607 ipse

957 1622 998 1647 est
1022 1627 1113 1655 supra
1132 1619 1248 1653 omnia,
1269 1619 1339 1655 quia
1364 1618 1504 1646 omnibus
1525 1619 1661 1654 praestat,
1681 1625 1737 1645 nec

956 1666 1072 1702 aliquid
1087 1666 1114 1693 ei
1128 1668 1272 1702 aequatur.
1290 1667 1359 1693 item
1382 1665 1458 1692 inti-a
1474 1664 1576 1692 omnia
1590 1666 1649 1697 est,
1667 1664 1737 1700 quia

957 1717 1061 1742 cuncta
1076 1714 1217 1749 sustinet,
1242 1716 1270 1741 et
1292 1714 1354 1741 sine
1371 1714 1436 1750 ipso
1460 1713 1534 1740 nihil
1554 1713 1735 1740 subsisteret.

958 1761 1084 1789 Dicimus
1100 1761 1188 1788 etiam
1203 1761 1286 1797 quod
1300 1760 1411 1796 ubique
1424 1762 1475 1794 est,
1487 1768 1548 1788 non
1558 1762 1590 1787 ut
1606 1759 1736 1795 indigeat

956 1808 1045 1835 rebus
1057 1829 1066 1843 ,
1084 1808 1167 1844 quod
1181 1808 1211 1835 in
1228 1808 1269 1835 eis
1283 1808 1334 1842 sit,
1349 1807 1402 1835 sed
1419 1808 1518 1844 potius
1532 1816 1578 1835 res
1601 1808 1645 1835 sui
1662 1807 1735 1835 indi-

958 1857 1046 1890 geant
1057 1876 1065 1889 ,
1080 1857 1112 1882 ut
1126 1863 1178 1891 per
1194 1863 1263 1882 eum
1277 1855 1446 1882 subsistant.
1472 1856 1546 1882 Deus
1569 1854 1648 1882 enim
1670 1856 1736 1882 ante

958 1902 1061 1929 mundi
1077 1902 1315 1929 constitutionem
1329 1901 1381 1929 fuit
1397 1901 1448 1929 ubi
1463 1909 1542 1929 nunc
1558 1904 1609 1935 est,
1625 1901 1734 1928 scilicet

957 1949 988 1976 in
1003 1957 1047 1983 se,
1064 1948 1209 1984 quoniam
1225 1948 1286 1984 ipse
1306 1947 1414 1975 sufficit
1429 1948 1495 1975 sibi.
1521 1947 1680 1976 Sciendum
1696 1949 1738 1975 est

959 2003 1030 2030 ergo
1044 2017 1052 2029 ‚
1067 1995 1150 2031 quod
1169 1995 1284 2031 aliquid
1301 1997 1342 2022 est
1358 1995 1387 2022 in
1403 1995 1471 2022 loco
1487 1993 1736 2030 circumscriptive

959 2044 987 2070 et
1000 2042 1164 2075 diffinitive,
1180 2044 1212 2069 ut
1225 2050 1350 2077 corpusg
1367 2041 1480 2077 aliquid
1493 2041 1658 2075 diffinitive,
1676 2049 1737 2067 non

960 2089 1226 2124 eircumscriptive,
1253 2091 1285 2116 ut
1303 2089 1442 2123 angelus3
1465 2088 1579 2124 aliquid
1600 2096 1654 2115 nee
1673 2088 1714 2115 sie
1729 2109 1738 2121 ,

960 2143 1014 2162 nec
1028 2135 1085 2169 sic,
1100 2136 1132 2161 ut
1146 2136 1235 2162 Deus:
1253 2137 1280 2162 et
1294 2135 1351 2162 hoc
1367 2135 1435 2162 ideo
1445 2156 1452 2169 ,
1470 2135 1541 2171 quia
1554 2142 1615 2162 non
1630 2134 1737 2162 indivi-

960 2181 1067 2208 duatur
1093 2189 1146 2216 per
1168 2181 1342 2215 materiam,
1367 2183 1398 2209 ut
1417 2189 1544 2217 eorpus,
1569 2189 1665 2217 neque
1685 2189 1738 2217 per

959 2227 1160 2263 suppositum,
1179 2229 1211 2255 ut
1235 2228 1368 2263 angelus.
1392 2228 1512 2264 Aliquid
1532 2230 1574 2255 est
1598 2228 1686 2255 ctiam
1706 2228 1737 2254 in

958 2273 1036 2309 loco,
1050 2275 1158 2310 partim
1174 2275 1436 2311 circumscriptive,
1448 2275 1555 2311 partim
1571 2274 1735 2308 diffinitive,

960 2323 990 2348 ut
1002 2329 1110 2356 eorpus
1125 2321 1229 2349 Christi
1240 2322 1270 2349 in
1280 2325 1477 2355 sacramento,
1490 2322 1573 2357 quod
1588 2323 1630 2349 est
1645 2323 1738 2349 totum

959 2367 1014 2395 sub
1030 2370 1091 2395 tota
1114 2368 1228 2402 hostia,
1246 2368 1285 2396 ita
1300 2369 1384 2404 quod
1405 2377 1466 2396 non
1490 2369 1623 2403 excedit,
1644 2370 1672 2395 et
1695 2375 1738 2394 se-

959 2414 1091 2442 cundum
1110 2414 1167 2442 hoc
1194 2417 1236 2442 est
1260 2415 1526 2452 circumscriptive5
1555 2417 1598 2443 est
1617 2422 1738 2450 quoque

959 2461 1000 2487 sic
1015 2461 1070 2488 sub
1085 2461 1199 2495 hostia,
1215 2462 1299 2497 quod
1315 2470 1376 2489 non
1392 2462 1521 2498 ubique,
1539 2464 1565 2489 et
1580 2462 1620 2488 sic
1636 2463 1679 2488 est
1696 2460 1738 2488 ibi
1764 2477 1767 2479 -

960 2508 1188 2542 quodammodo
1201 2508 1367 2536 diffinitive.
1384 2510 1496 2545 Corpus
1510 2510 1608 2536 autem
1625 2506 1738 2541 Christi,

959 2553 1027 2582 lieet
1040 2562 1102 2582 non
1116 2555 1153 2583 sit
1167 2554 1298 2591 ubique,
1317 2564 1386 2583 cum
1400 2556 1436 2583 sit
1459 2558 1609 2590 creatura,
1633 2562 1688 2582 nec
1703 2562 1739 2581 εε-

962 2619 1040 2641 12.-
1056 2618 1154 2648 iliona,
1170 2625 1195 2647 x,
1216 2620 1294 2643 17.—
1311 2620 1320 2636 ⁶
1336 2619 1403 2644 Psul.
1421 2625 1515 2649 xxxiii,
1535 2621 1557 2642 ti.
1577 2631 1604 2636 -
1624 2618 1633 2631 ⁶
1653 2618 1739 2647 Dion„

959 2653 988 2676 (le
1006 2653 1062 2678 Di'v.
1077 2654 1191 2684 Nomia„
1206 2662 1228 2678 c.
1246 2660 1291 2678 vn.
