2004 3037
232 201 293 231 408

231 275 338 296 munes
353 274 446 303 quam
463 267 639 302 singulares,
653 266 706 294 ubi
719 266 843 294 intentio
868 266 1008 295 omnibus

231 313 421 342 inferioribus
434 313 627 350 superfertur,
643 315 725 342 extra
738 313 886 342 mundum
901 313 1010 342 eonsti-

231 360 331 396 tuitur,
345 360 377 389 in
390 360 504 389 aeternis
526 361 689 389 collocatur
704 362 732 389 et
754 360 911 397 quietatur.
926 360 1009 390 Unde

231 407 399 443 Gregorius,
413 407 559 443 vigesimo
574 408 678 444 quinto
688 408 848 442 Moralium,
862 407 934 436 dicit
947 407 988 435 sic
1000 416 1008 436 :

231 454 259 482 Si
273 453 366 483 semel
379 454 411 482 in
424 454 602 491 appetitione
616 454 741 483 ccelesiis
754 455 856 491 patriae
869 454 938 483 forti
952 456 1009 483 sta-

232 501 344 530 bilitate
354 501 471 530 animus
485 510 540 538 pro
552 501 713 530 intentione
726 501 839 537 figitur,
853 501 952 530 minus
965 509 1010 530 re-

231 557 298 578 rum
308 551 520 587 temporalium
528 550 750 587 perturbatione
760 551 895 578 vexatur.
909 550 932 577 Α
941 556 1011 577 cun-

232 597 285 625 ctis
296 597 406 634 quippe
418 597 614 626 exterioribus
622 596 755 625 motibus
767 596 905 624 eamdem
916 596 1010 624 inten-

232 644 344 673 tionem
357 652 454 680 suam,
469 644 555 681 quasi
573 643 737 681 quemdam
752 645 897 672 secretum
917 651 1011 672 seces-

232 700 300 720 sum
311 691 398 729 petit,
422 691 526 729 ibique
547 691 787 721 incommutabili
806 691 968 725 inhaerens,
983 691 1012 718 et

233 739 390 768 mutabilia
410 741 516 768 cuneta
529 738 755 774 transcendens,
774 738 834 773 jam
853 738 918 774 ipsa
931 739 1011 766 tran-

233 787 377 824 quillitate
386 786 492 823 quietis
500 794 559 814 suae
567 786 598 814 in
608 785 711 820 domo,
722 785 833 813 scilicet
841 784 873 813 in
882 784 1009 819 mundo,

233 836 315 863 extra
327 833 476 863 mundum
490 835 543 862 est.
558 833 678 862 Excedit
692 832 804 869 quippe
818 831 921 861 omnia
939 831 1011 865 ima,

233 881 393 910 intentione
415 888 602 909 summorum
608 889 617 916 ;
634 882 662 908 et
685 879 797 908 cunctis
815 878 920 914 rebuS,
936 886 1011 915 quas

232 936 295 957 non
305 928 426 965 appetit,
441 927 575 956 libertate
590 926 723 964 quadam
732 933 885 963 superesse
899 933 930 953 se
944 933 1011 953 sen-

233 975 276 1011 tit,
291 983 346 1004 nec
368 977 574 1012 tempestatem
592 981 694 1003 rerum
708 973 920 1010 temporalium
934 973 1012 1002 intus

233 1023 366 1058 sustinet,
382 1030 473 1059 quam
488 1022 616 1050 intuetur
630 1019 721 1049 foris:
738 1021 809 1057 quia
820 1022 938 1049 terrena
950 1029 1012 1049 om-

232 1070 294 1104 nia,
305 1077 371 1106 quae
378 1069 535 1106 concupita
545 1069 715 1105 opprimere
725 1069 856 1096 mentem
864 1070 1011 1104 poterant,

234 1116 373 1153 despecta
393 1116 498 1144 subtus
519 1116 626 1152 J'acent.
655 1115 735 1143 Unde
757 1123 812 1151 per
834 1114 1011 1151 prophetam

233 1163 340 1192 dicitur
356 1164 362 1181 ¹
381 1172 387 1191 :
403 1163 498 1191 Statue
513 1163 564 1190 cibi
578 1163 728 1198 speculam,
744 1162 815 1198 quia
840 1162 913 1190 dum
933 1162 1013 1198 quis-

233 1219 291 1247 que
305 1210 474 1246 speculatur
493 1217 620 1242 summa,
637 1209 838 1245 supereminet
858 1208 978 1236 intimis.
995 1219 1008 1235 »

234 1259 299 1286 lloec
313 1257 480 1293 Gregorius.
496 1256 523 1285 Si
542 1256 631 1291 igitur
650 1256 770 1292 spiritus
793 1257 903 1290 noster,
926 1255 957 1283 in
980 1263 1011 1283 se

231 1304 309 1332 bene
333 1303 505 1339 ordinatus,
531 1311 600 1331 cum
622 1302 762 1331 omnibns
787 1302 953 1330 actionibus
981 1302 1012 1330 in

232 1359 330 1380 unum
344 1359 374 1379 se
390 1351 525 1386 colligat,
541 1358 659 1378 sursum
675 1350 713 1378 ad
730 1352 837 1378 {eterna
857 1349 968 1384 tendat,
985 1352 1013 1378 et

236 1398 304 1426 licet
319 1398 421 1434 quoad
437 1397 537 1434 aliqua
551 1397 695 1425 instabilis
710 1398 896 1433 permaneat,
919 1397 1013 1425 inten-

234 1446 313 1473 tione
327 1447 425 1473 tamen
441 1445 472 1472 in
487 1445 646 1473 aeternitate
662 1443 774 1472 stabilis
789 1444 930 1480 persistit,
947 1452 1013 1480 quae

233 1500 295 1520 non
310 1492 366 1520 nisi
391 1492 421 1520 in
435 1491 551 1520 aeternis
572 1491 728 1519 stabilitur.
746 1491 816 1519 Dicit
839 1491 1012 1526 Gregorius,

235 1542 262 1567 et
275 1541 370 1575 Hugo,
383 1538 461 1566 libro
474 1540 581 1575 quarto
592 1540 601 1556 ²
618 1539 649 1566 dc
664 1539 738 1566 Arca
752 1539 808 1567 Noe
822 1548 828 1566 :
849 1547 861 1563 «
877 1537 1013 1572 Quaudiu

234 1587 326 1615 homo
341 1586 478 1614 ordinem
494 1594 554 1613 suae
568 1587 679 1613 natura]
693 1585 794 1619 tenuit,
810 1585 946 1622 quamvis
960 1593 1014 1621 per

236 1634 383 1662 actionem
398 1633 571 1667 variaretur,
594 1632 716 1660 interius
734 1634 833 1660 tamen
855 1641 908 1669 per
923 1633 1015 1661 inten-

235 1682 347 1710 tionem
358 1683 526 1709 etamorem
536 1681 649 1708 stabilis
657 1680 828 1716 permansit,
843 1680 913 1716 quia
922 1688 1015 1708 unum

237 1728 428 1762 intendebat,
449 1730 476 1756 et
497 1730 618 1764 propter
642 1735 735 1754 unum
751 1728 852 1754 omnia
870 1727 1015 1762 faciebat,

238 1783 332 1803 unum
353 1775 512 1809 diligebat,
531 1776 558 1802 et
574 1774 710 1802 oninium
725 1774 912 1801 voluntatum
927 1776 1015 1809 atque

239 1822 390 1849 actionum
422 1829 542 1849 suarum
568 1821 658 1848 finem
684 1820 722 1848 ad
751 1828 844 1848 unum
871 1820 1018 1849 referebat

239 1869 408 1897 Creatorem
425 1876 512 1896 suum
524 1888 533 1902 ‚
554 1868 605 1904 qui
624 1867 705 1895 solus
725 1867 899 1895 suilieiebat.
922 1877 936 1894 »
954 1869 1018 1895 llaec

239 1915 299 1943 ille.
316 1917 347 1943 Et
361 1915 500 1950 Basilius,
516 1922 668 1950 exponens
688 1914 764 1943 illud
784 1916 866 1942 Lucae
880 1915 890 1931 ³
906 1922 912 1941 :
934 1915 1017 1942 Porro

240 1971 322 1990 unum
337 1964 375 1989 est
388 1963 574 1993 necessarium,
594 1961 663 1988 (licit
678 1970 684 1988 :
705 1970 718 1987 α
733 1961 889 1988 uniformis
905 1963 947 1989 est
958 1961 1019 1990 vita

242 2009 409 2044 christiana,
426 2009 466 2037 ad
480 2017 572 2037 unam
586 2007 710 2036 tendens
725 2008 929 2042 intentionem,
944 2008 1020 2036 seili-

242 2057 309 2084 licet
323 2056 448 2091 gloriam
466 2055 531 2090 Dei3
547 2054 738 2083 multiformis
755 2062 827 2082 vero
844 2057 871 2082 et
885 2056 966 2083 varia
979 2057 1021 2084 est

242 2103 302 2131 vita
324 2111 427 2131 eorum
444 2103 494 2139 qui
520 2103 556 2137 (a)
572 2102 680 2130 deforis
705 2103 781 2136 sunt,
797 2109 851 2137 pro
866 2101 952 2130 libitu
965 2110 1020 2130 suo

243 2149 365 2178 variata.
382 2160 394 2175 n

468 2199 708 2234 DlSTlNC'rlo
739 2200 795 2233 vl.

248 2272 372 2305 Qualiter
392 2274 506 2308 spiritns
528 2273 565 2299 acl
588 2272 743 2299 z-cnz'mnhnn
763 2280 810 2307 pei·
831 2274 881 2299 ilci·
905 2274 979 2298 ναίω
1001 2274 1023 2299 ct

283 2319 418 2352 simplicis
445 2318 605 2344 ‘intentionis
633 2317 669 2342 all
696 2319 821 2343 alermum
850 2318 1024 2343 intrinsecum

283 2363 389 2389 Domini
400 2363 461 2388 Jcsu
476 2362 589 2388 dulciter
603 2361 635 2388 ab
650 2368 677 2387 co
693 2361 824 2387 invitetur·
841 2360 885 2395 (Ιι).

283 2433 368 2460 Sexto
384 2430 548 2458 videndum
562 2431 619 2463 est,
636 2429 762 2465 qualiter
784 2429 901 2465 spiritus
921 2429 959 2457 ad
975 2436 1025 2457 ve-

248 2479 393 2507 niendum
408 2486 461 2514 per
475 2477 529 2506 iter
552 2479 636 2504 reetae
652 2478 680 2504 et
701 2476 842 2512 simplicis
857 2476 1026 2505 intentionis

251 2525 290 2554 ad
309 2526 451 2554 aeternum
464 2524 655 2552 intrinsecum
671 2523 786 2551 Domini
801 2524 878 2558 lesu,
902 2523 1026 2552 dulciter

286 2601 405 2630 Herem„
425 2606 496 2627 xxxi.
512 2600 550 2623 21.
563 2611 592 2616 —
610 2599 618 2612 ²
633 2599 709 2630 ling„
724 2599 753 2622 cle
768 2599 826 2622 Arc.
842 2598 903 2628 Nee,
921 2598 965 2622 lib.
983 2598 1025 2628 li’,

253 2644 275 2659 c.
292 2642 330 2665 ιιι,
348 2636 431 2660 statim
447 2644 461 2659 a
475 2635 557 2667 princ.
571 2648 600 2653 —
617 2635 627 2651 ³
642 2635 710 2665 Lucra,
730 2641 754 2664 x,
771 2636 809 2658 122.
827 2647 853 2651 —-
869 2634 878 2650 ὅ
895 2634 978 2658 Cant..
997 2640 1026 2663 Η,

254 2673 291 2695 10.
304 2684 333 2689 —
349 2672 358 2688 ⁸
373 2672 441 2696 Psal.
457 2677 532 2702 xxvi,
548 2673 571 2696 8.
594 2684 617 2688 -
633 2671 642 2687 Β
655 2671 738 2701 Cant„
757 2676 792 2700 VI,
811 2671 833 2694 8.
852 2683 876 2687 -—
900 2669 907 2685 ¹
924 2669 1027 2700 Meum„

645 199 695 231 DE
717 197 875 232 SEPTEM
896 198 1123 232 lTlNERlBUS
1145 198 1436 232 AETERNITATIS.

1064 267 1104 296 ab
1118 275 1154 296 eo
1169 267 1308 296 invitetur
1319 267 1368 304 (b),
1381 267 1496 296 dicente
1505 275 1617 304 sponso
1629 268 1663 298 iu
1674 269 1799 300 canticis
1812 272 1841 299 ⁴:

1066 315 1087 342 Ο
1099 315 1189 354 amica
1202 323 1271 350 mea,
1286 316 1408 351 propter
1420 313 1592 343 intentionis
1600 316 1658 344 tuae
1671 316 1842 354 simplicita—

1066 361 1135 396 tem,
1150 363 1212 389 tam
1231 361 1262 389 in
1279 361 1377 397 quiete
1400 361 1548 390 interioris
1561 362 1821 399 contemplationis
1831 386 1841 400 ,

1067 415 1158 443 quam
1169 407 1202 436 in
1217 407 1354 436 exercitio
1371 407 1525 436 exterioris
1537 408 1671 445 actionis,
1687 411 1717 438 et
1730 409 1763 438 in
1775 419 1843 440 con-

1066 454 1211 483 solatione
1229 454 1369 490 angelicae
1387 455 1590 491 allocutionis,
1612 463 1661 484 me
1681 456 1780 485 solum
1801 457 1844 486 in-

1065 502 1219 538 tendebas,
1238 511 1308 531 cum
1321 503 1414 530 mein
1427 502 1537 531 lectulo
1553 503 1695 540 quaesisti,
1712 504 1844 534 civitates

1066 550 1204 585 circuisti,
1214 550 1297 579 vicos
1307 551 1531 587 perambulasti,
1543 552 1680 580 custodes
1694 552 1845 589 angelicos

1066 597 1242 626 sustinuisti:
1259 605 1353 634 quare
1366 597 1548 633 pertransitis
1562 598 1608 626 his
1623 598 1774 634 omnihus,
1785 599 1844 628 sin-

1066 644 1177 680 gularis
1199 652 1247 672 me
1272 644 1460 680 singulariter
1484 645 1622 673 invenisti
1656 648 1684 674 et
1713 646 1842 675 tenuisti.

1067 692 1152 726 Sur-92
1167 700 1175 718 ε
1192 691 1310 720 sienim
1328 691 1425 720 amica
1444 698 1512 720 mea
1532 700 1578 727 es,
1603 693 1790 728 surgendum
1804 696 1847 722 est

1067 738 1132 772 tihi,
1145 745 1200 774 per
1213 739 1271 765 tuae
1285 737 1454 766 intentionis
1471 738 1671 775 stabilitatem,
1687 740 1727 768 ad
1740 748 1789 768 me
1804 740 1846 769 in-

1067 786 1213 813 cessanter
1232 784 1403 820 tendendo,
1427 785 1499 821 quia
1521 785 1574 813 etsi
1593 794 1641 814 me
1659 787 1693 814 ut
1715 787 1846 816 amicum

1066 830 1213 866 invenisti,
1224 831 1362 859 nondum
1372 833 1470 860 tamen
1481 831 1520 860 ad
1531 831 1656 868 plenum
1670 833 1844 868 cognovisti.

1066 879 1167 913 Quaere
1191 886 1262 914 ergo
1285 879 1392 907 faciem
1413 886 1514 907 meam
1534 886 1651 916 semper
1674 888 1743 908 cum
1769 881 1848 909 Psal-

1066 926 1153 954 mista
1162 926 1172 942 ⁵
1179 935 1187 961 ς
1203 926 1275 962 quia
1285 926 1337 962 qui
1350 926 1413 954 sine
1428 925 1487 953 fine
1498 928 1539 954 est
1549 926 1706 962 amandus,
1712 927 1775 956 sine
1787 927 1847 956 fine

1066 974 1110 1001 est
1123 973 1318 1009 quoerendus,
1333 973 1374 1001 ait
1388 972 1568 1008 Augustinus
1585 973 1617 1001 in
1637 973 1748 1002 Glossa.
1765 976 1787 1004 Ο
1805 983 1848 1003 co-

1067 1021 1156 1047 lumba
1176 1028 1248 1054 mea,
1263 1021 1386 1056 propter
1402 1019 1573 1047 intentionis
1586 1020 1805 1056 simplicitatem
1819 1023 1848 1050 et

1066 1067 1218 1095 unitatem.
1239 1067 1296 1093 l'na
1314 1066 1394 1094 euim
1409 1067 1419 1084 ⁶
1435 1069 1475 1094 est
1495 1067 1616 1094 columba
1629 1075 1702 1102 mea,
1719 1075 1801 1103 quae,
1815 1071 1847 1097 ut

1067 1114 1138 1142 dicit
1155 1113 1347 1142 Vercellensis
1362 1113 1476 1142 ibidem
1486 1135 1495 1148 ,
1511 1113 1600 1142 unica
1613 1113 1779 1150 simplicem
1793 1114 1846 1143 ha-

1066 1161 1296 1196 bensintuitum3
1306 1161 1386 1188 unde
1395 1160 1490 1196 signat
1497 1168 1605 1197 puram
1612 1160 1846 1197 intelligentiam,

1067 1208 1272 1245 contemplans
1289 1207 1424 1236 divinam
1446 1207 1614 1244 simplicem
1627 1208 1795 1243 essentiam,
1810 1216 1847 1236 ex

1067 1264 1128 1292 quo
1143 1255 1331 1291 simplificata
1346 1254 1441 1290 magis
1451 1254 1515 1289 fuit,
1527 1254 1601 1283 sicut
1615 1255 1757 1291 scriptum
1769 1256 1845 1284 est⁷:

1066 1304 1158 1330 Estote
1174 1304 1309 1337 simplices
1324 1304 1394 1330 sicut
1410 1302 1545 1329 columbae.
1560 1302 1679 1337 Propera
1694 1300 1714 1337 ⁸,
1727 1304 1848 1338 propter

1067 1349 1236 1377 intentionis
1250 1351 1309 1377 tuae
1319 1348 1480 1384 agilitatem
1495 1348 1569 1376 mihi
1584 1349 1722 1376 continue
1738 1357 1846 1386 appro-

1067 1396 1210 1424 ximando
1222 1418 1230 1431 ,
1248 1396 1318 1432 quia
1332 1403 1386 1432 per
1406 1395 1578 1423 continuam
1601 1395 1758 1424 desiderati
1780 1396 1848 1425 finis

1067 1443 1276 1476 intentionem,
1301 1443 1492 1478 consequeris
1517 1442 1688 1470 continuam
1710 1443 1848 1478 approxi-

1068 1490 1229 1518 mationem
1245 1489 1283 1517 ad
1299 1498 1356 1523 nie,
1370 1489 1422 1525 qui
1438 1497 1504 1517 sum
1519 1490 1708 1525 ⁹principiurn
1723 1493 1749 1517 et
1763 1491 1844 1524 finis:

1068 1537 1249 1575 principium
1262 1540 1288 1565 te
1299 1537 1460 1565 liberaliter
1475 1545 1586 1571 creanS,
1600 1536 1666 1564 finis
1677 1539 1704 1565 te
1719 1537 1847 1565 finaliter

1069 1585 1214 1621 quietans.
1236 1586 1257 1612 Ο
1273 1586 1392 1618 formosa
1407 1593 1466 1612 mea
1481 1584 1513 1618 ¹⁰,
1535 1585 1656 1620 propter
1678 1583 1847 1612 intentionis

1070 1635 1126 1661 tuce
1141 1633 1379 1661 deiformitatem.
1397 1634 1461 1668 ipsa
1482 1632 1561 1659 enini
1576 1632 1698 1659 intentio
1708 1652 1716 1666 ‚
1738 1632 1779 1660 ait
1792 1634 1848 1660 Do-

1070 1680 1167 1707 minus
1183 1679 1213 1713 ¹¹,
1229 1681 1308 1714 quusi
1323 1681 1430 1706 lucerna
1445 1680 1561 1713 fulgoris
1576 1679 1744 1706 illuminabit
1767 1682 1801 1710 lc,
1817 1681 1849 1707 ut

1067 1727 1131 1762 jani
1146 1727 1219 1754 nihil
1242 1727 1397 1762 proprium
1414 1726 1444 1753 in
1466 1728 1493 1754 te
1509 1725 1678 1761 relinquens
1689 1747 1697 1760 ,
1721 1726 1804 1762 quod
1819 1726 1849 1754 in

1071 1782 1118 1801 me
1140 1781 1276 1801 amorose
1292 1780 1352 1800 non
1368 1772 1567 1806 ordinaveris,
1590 1774 1710 1808 propter
1733 1772 1817 1808 quod
1830 1771 1849 1790 ¹¹

1072 1823 1129 1847 tola
1138 1820 1251 1855 pulchra
1267 1827 1300 1849 cs,
1317 1821 1404 1846 amica
1412 1827 1482 1852 mea,
1495 1822 1518 1846 ct
1530 1820 1636 1845 macula
1650 1826 1703 1846 non
1717 1822 1757 1846 est
1772 1820 1800 1846 in
1813 1821 1849 1847 te.

1075 1867 1144 1895 Veni
1160 1867 1181 1884 ¹³
1195 1866 1282 1901 igitur
1297 1865 1337 1894 ad
1350 1873 1449 1893 meam
1464 1864 1660 1900 divinitatem,
1676 1865 1747 1901 quia
1759 1865 1851 1893 inten-

1075 1913 1160 1941 tionis
1177 1915 1234 1940 tuae
1255 1912 1405 1940 tendentia
1425 1919 1487 1939 nou
1511 1911 1635 1947 quiescit
1656 1911 1713 1939 nisi
1735 1912 1765 1939 in
1786 1920 1853 1941 mea

1073 1960 1244 1993 aeternitate,
1255 1967 1321 1995 quoe
1335 1961 1378 1987 est
1387 1960 1532 1986 secretum
1546 1966 1648 1986 meum
1663 1959 1853 1987 intrinsecum

1075 2009 1103 2034 et
1116 2006 1252 2034 aeternale
1264 2005 1439 2033 manerium.
1449 2005 1520 2034 Veni
1535 2007 1644 2040 autem,
1659 2006 1801 2041 quiajam
1812 2007 1854 2034 est

1075 2053 1231 2082 itinerandi
1247 2056 1440 2089 temporanea
1447 2052 1664 2088 opportunitas,
1678 2053 1747 2088 quia
1757 2053 1818 2087 jam
1833 2052 1853 2070 ¹⁴

1076 2103 1159 2129 hiems
1174 2103 1296 2129 transiit.
1314 2099 1401 2134 Quod
1417 2099 1607 2127 Vercellensis
1623 2107 1775 2136 exponens
1791 2100 1851 2128 ait:

1079 2148 1200 2176 «Hiems
1215 2147 1373 2183 multiplici
1382 2146 1556 2182 intemperie
1571 2146 1738 2174 itinerantes
1747 2155 1855 2183 praepe-

1078 2195 1129 2223 dit.
1143 2206 1155 2221 n
1172 2195 1252 2223 Unde
1269 2194 1409 2222 Dominus
1423 2193 1463 2221 ait
1480 2194 1518 2220 ¹⁵:
1533 2193 1624 2225 Orate,
1641 2202 1673 2221 ne
1687 2196 1754 2228 fuya
1768 2197 1854 2222 vestra

1077 2245 1128 2277 fiat
1142 2243 1226 2269 hieme
1247 2242 1288 2268 cel
1311 2241 1431 2268 sabbato.
1450 2250 1463 2265 ιι
1478 2240 1585 2267 lliemis
1608 2240 1695 2275 igitur
1716 2241 1853 2276 nomine,

1078 2289 1173 2325 inquit
1186 2287 1387 2320 vercellensis,
1399 2286 1602 2321 intelliguntur
1614 2286 1752 2323 quaelibet
1765 2287 1856 2322 impe-

1080 2336 1228 2369 dimenta,
1250 2334 1296 2363 vel
1317 2334 1498 2362 ostendicula
1518 2334 1656 2362 itinerum
1680 2333 1854 2362 aeternitatis.

1080 2385 1190 2411 llorum
1204 2383 1302 2411 autem
1318 2381 1457 2409 itinerum
1472 2380 1655 2408 offendicula
1669 2382 1736 2407 sunt
1750 2388 1857 2409 eoncu-

1079 2420 1347 2466 piscentia‘carnisJ
1357 2429 1385 2455 et
1395 2426 1631 2463 concupiscentia
1647 2426 1816 2461 oculorum,
1830 2429 1858 2455 et

1080 2475 1316 2512 superbiassvitae,
1332 2482 1401 2502 cum
1415 2474 1554 2502 omnibus
1572 2472 1692 2500 familiis
1714 2473 1773 2500 suis
1780 2482 1788 2508 ;
1805 2473 1858 2501 sed

1082 2562 1108 2583 x.
1131 2557 1168 2579 ¹6.
1187 2567 1217 2572 —-
1234 2554 1244 2570 ²²
1260 2554 1342 2582 Cant„
1367 2560 1398 2583 n,
1429 2556 1464 2578 10.
1483 2566 1509 2570 —
1535 2553 1544 2566 ⁹
1567 2552 1653 2582 Apoc,
1677 2557 1746 2582 xxii,
1772 2553 1808 2575 13.
1828 2565 1858 2570 -

1084 2593 1101 2608 ¹⁰
1117 2592 1200 2622 Cant„
1213 2597 1241 2622 Π,
1257 2592 1292 2615 10.
1306 2604 1335 2608 —-
1348 2592 1363 2607 ¹¹
1377 2591 1444 2620 Luc..
1459 2595 1497 2619 11,
1514 2590 1553 2613 35.
1564 2602 1595 2606 -
1611 2589 1627 2602 ¹²
1645 2590 1776 2619 Cant.‚1v,
1792 2589 1815 2612 Τ.
1827 2601 1858 2606 -

1085 2627 1319 2657 ¹²lbid.,n,10.—
1335 2627 1485 2655 ¹⁸C0nt.,n‚
1501 2627 1577 2648 11.-
1592 2625 1609 2641 '⁵
1620 2624 1722 2655 Maian,
1736 2629 1808 2654 xxiv,
1819 2625 1856 2649 20.

1115 2670 1147 2700 (α)
1161 2670 1220 2694 Coet.
1235 2669 1296 2693 edil.
1309 2676 1374 2700 qnae.
1386 2668 1459 2699 —(0)
1472 2668 1531 2691 Ilcm
1545 2666 1675 2691 invitatur.
