2004 3037
123 223 183 255 428

124 290 217 327 surgit
233 290 308 319 ratio
326 289 366 318 ad
385 289 579 319 invisibilium
593 290 808 327 cognitionem,
823 299 899 328 quo-

124 337 198 366 tiens
215 337 261 365 his
275 336 387 372 adjuta,
401 336 452 365 illa
467 337 555 366 trahit
567 337 608 365 ad
621 337 786 374 quamdam
799 337 900 367 simili-

125 384 267 412 tudinem.
285 383 344 412 Sed
359 385 473 412 constat
490 384 578 420 quia,
593 384 656 412 sine
671 384 899 420 imaginatione,

125 437 269 466 corporea
288 430 428 465 nesciret,
443 431 506 459 sine
523 439 653 467 quorum
675 431 845 467 cognitione
859 432 900 460 ad

125 477 288 506 coelestium
303 477 519 514 cognitionem,
539 478 588 506 vel
607 478 900 515 contemplationem,

125 531 187 552 non
201 524 381 553 ascenderet.
392 535 406 550 n

164 580 179 598 ι(
193 571 317 605 Quartus
336 571 458 606 gradus,
482 571 650 599 secundum
677 571 858 601 Richardum
878 575 899 608 ¹,

126 619 180 652 est,
195 617 247 654 qui
266 617 298 646 in
317 618 430 646 ratione
453 620 481 647 et
502 618 669 647 seeundum
682 619 826 647 rationem
844 619 902 648 for-

127 666 243 693 matur:
259 665 343 701 quod
351 665 454 701 utique
464 665 506 701 fit,
522 673 601 701 eum,
613 667 728 695 semoto
743 667 826 695 omni
838 667 901 695 offi-

127 712 173 740 cio
187 711 423 748 imaginationis,
440 712 538 741 solum
552 712 611 741 illis
629 713 746 742 animus
765 714 901 748 intendit,

127 767 193 794 quae
214 759 386 795 imaginatio
405 767 466 788 non
486 760 580 795 novit,
603 760 656 788 sed
679 769 745 797 quae
766 769 850 789 mens
865 769 902 790 ex

126 805 350 835 ratiocinatione
364 806 493 843 colligit,
508 807 555 835 vel
569 815 623 843 per
635 807 781 836 rationem
795 807 902 844 depre-

127 852 240 880 hendit.
255 852 317 881 Tali
331 853 410 882 enim
424 853 619 890 speculationi
633 855 702 882 tune
723 853 902 889 insistimus,

127 900 250 936 quando
269 900 429 929 invisibilia
447 903 568 935 nostra,
590 908 656 937 quae
674 908 728 936 per
749 901 903 937 experien-

127 947 198 974 tiam
220 947 370 982 novimus,
393 949 420 976 et
440 955 475 976 ex
502 947 694 983 intelligentia
712 947 856 984 capimus,
872 948 903 977 in

127 993 394 1022 considerationem
407 993 564 1029 {ducimum
588 995 617 1022 et
634 1002 671 1022 ex
691 1002 796 1022 eorum
810 995 904 1022 eonsi-

128 1039 280 1068 deratione
307 1040 338 1068 in
362 1040 525 1068 coelestium
546 1040 729 1076 animorum,
753 1043 782 1069 et
802 1049 904 1077 super-

127 1086 351 1115 mundanorum
383 1087 585 1116 intellectuum
621 1087 904 1124 contemplationem

128 1133 318 1169 assurgimus.
334 1144 347 1161 »
369 1134 505 1170 Sequitur
521 1143 528 1162 :
555 1144 568 1160 «
585 1135 649 1162 lloec
664 1137 764 1163 autem
776 1138 905 1164 contem-

127 1180 218 1216 platio
242 1180 274 1208 in
296 1181 411 1209 ratione
439 1180 580 1215 consistIt,
606 1181 687 1217 quia,
714 1181 904 1210 sensibilibus

127 1228 262 1263 semotis,
277 1229 374 1256 solum
393 1229 627 1264 intelligibilibus
647 1228 777 1256 intendit.
798 1230 829 1256 Et
842 1229 905 1257 hrec

129 1275 252 1311 quidem
268 1276 476 1311 contemplatio
496 1276 534 1303 ab
553 1275 611 1303 illis
627 1275 728 1311 utique
751 1275 905 1303 invisibili-

128 1323 185 1351 bus
206 1323 313 1350 nostris
330 1323 448 1350 videtur
468 1322 584 1350 initium
605 1330 739 1357 sumere,
754 1324 782 1350 et
798 1322 905 1351 funda-

128 1371 262 1398 mentum
280 1378 402 1406 capere,
417 1378 483 1406 quae
502 1369 668 1397 humanum
689 1369 822 1397 animum
837 1377 906 1398 con·

129 1418 184 1444 stat
204 1425 258 1453 per
278 1417 490 1453 experientiam
509 1416 736 1444 intellectualem
756 1425 858 1452 nosse,
879 1419 906 1446 et

129 1474 182 1502 per
197 1474 388 1494 communem
403 1465 625 1501 intelligentiam
642 1466 904 1501 comprehendere.

129 1513 186 1541 Sed
211 1514 310 1541 tamen
338 1521 392 1549 pro
418 1513 474 1541 hac
499 1516 581 1549 parte
606 1513 668 1540 lime
695 1513 906 1550 contemplatio

131 1560 218 1588 etiam
237 1560 267 1587 in
286 1560 399 1588 ratione
418 1562 495 1588 recte
513 1559 620 1587 dieitur
640 1560 814 1594 consistere,
836 1560 907 1596 quia

130 1607 195 1642 ipsa
222 1607 383 1635 invisibilla
406 1609 507 1635 nostra
531 1615 549 1634 a
573 1606 687 1634 ratione
715 1606 908 1642 comprehen-

131 1655 258 1689 duntur,
283 1657 310 1682 et
329 1655 359 1682 in
383 1662 418 1682 eo
439 1654 504 1690 ipso
529 1653 761 1681 ratiocinationis
782 1653 907 1682 modum

131 1702 252 1729 minime
273 1701 504 1737 supergreditur.
526 1711 538 1726 n
562 1702 626 1729 llzee
644 1700 703 1728 ille.
728 1701 777 1728 llic
796 1701 908 1735 gradus

132 1748 388 1784 contemplationis
407 1748 564 1784 perfectior
589 1750 632 1774 est
654 1747 905 1783 praecedentibus,

132 1803 167 1823 eo
183 1795 266 1831 quod
283 1796 341 1822 tam
359 1803 376 1823 a
389 1794 603 1830 corporalibus,
621 1802 712 1829 qnam
728 1802 745 1821 a
763 1796 909 1829 tempora-

131 1841 209 1870 libus
220 1863 228 1876 ,
244 1841 338 1876 magis
352 1841 507 1876 elongatur
517 1862 525 1875 ‚
541 1842 568 1868 et
582 1840 699 1876 spiritus
717 1840 811 1875 magis
826 1841 856 1868 in
871 1848 907 1868 eo

131 1888 319 1924 purificatur,
335 1889 362 1916 et
380 1887 493 1915 aeteruis
512 1887 620 1914 unitur.
643 1886 723 1914 Unde
746 1886 908 1914 Richardus

132 1934 245 1962 ibidem
266 1934 356 1969 dicit,
377 1934 461 1970 quod
489 1943 504 1960 α
525 1934 555 1961 in
578 1933 634 1961 hac
658 1933 908 1969 contemplatione

133 1981 250 2009 animus
276 1981 425 2009 humanus
452 1980 582 2016 primum
611 1988 687 2015 pura
717 1980 909 2015 intelligentia

134 2028 232 2063 utitur,
248 2027 318 2063 quia
333 2027 382 2063 (a),
398 2030 510 2055 semoto
531 2027 613 2055 omni
632 2028 662 2061 (b)
688 2026 908 2062 imaginationis

133 2075 248 2109 officio,
266 2074 331 2110 ipsa
345 2073 536 2109 intelligentia
550 2074 651 2101 nostra
664 2073 694 2100 in
707 2073 764 2101 hoc
780 2074 909 2109 primum

133 2121 253 2156 negotio
268 2121 395 2157 seipsam
409 2129 463 2156 per
481 2121 609 2156 seipsam
628 2120 761 2155 ingerere
781 2120 907 2148 videtur.

135 2169 197 2195 Haec
216 2168 294 2195 enim
311 2176 363 2203 per
380 2167 507 2203 seipsam
531 2168 684 2202 operatur,
701 2169 728 2194 et
753 2167 838 2202 quasi
857 2175 910 2203 per

134 2215 262 2250 speeiem
273 2214 498 2249 contemplatur.
515 2223 528 2239 >1
546 2215 609 2241 llaee
622 2213 681 2240 ille.

174 2261 323 2293 «Quintus
341 2261 451 2295 gradus
476 2260 732 2294 contemplationis
755 2268 816 2287 esse
841 2259 910 2287 diei-

136 2309 197 2340 tur,
217 2307 268 2342 qui
289 2309 330 2334 est
348 2315 436 2342 supra
455 2307 615 2340 rationem,
641 2306 693 2333 sed
722 2314 783 2334 non
806 2308 911 2342 pin-[ater

136 2354 290 2382 rationem.
312 2354 342 2381 ln
361 2353 438 2380 hanc
459 2355 557 2380 autem
577 2353 833 2388 contemplationis
848 2361 911 2388 spe-

138 2400 333 2435 culationem,
356 2400 462 2427 inentis
486 2399 688 2426 sublevatione
713 2399 910 2433 ascendimus,

138 2446 259 2482 qnando
287 2454 323 2473 cx
351 2446 453 2473 divina
480 2445 659 2473 revelatione
687 2445 909 2480 cognoscimus,

139 2502 204 2528 qum
225 2493 305 2520 nulli
323 2493 435 2519 ratione
458 2493 587 2519 hnmana
610 2492 697 2527 plene
722 2492 913 2527 comprehen-

140 2540 208 2566 dore
236 2540 378 2573 valemus,
405 2542 431 2566 et
459 2539 539 2566 nulla
566 2538 786 2565 ratiocinatione
814 2541 913 2566 nostra

173 2612 179 2627 ¹
195 2612 322 2643 Ricliurd„
334 2613 362 2636 de
374 2612 523 2643 Commium„
535 2612 577 2636 lib.
596 2613 613 2642 l,
635 2619 656 2635 e.
674 2618 707 2635 vi.
720 2625 750 2631 —
765 2612 772 2625 ²
785 2611 912 2642 Richard.,

141 2648 183 2708 pilliji
198 2655 342 2707 §xxm-cpz-OX‘
358 2661 388 2666 —
401 2649 411 2665 ⁸
428 2649 474 2680 ld„
490 2648 561 2678 ibid„
576 2647 618 2672 lib.
637 2648 679 2678 lv,
695 2654 716 2672 c.
732 2653 760 2672 11.
773 2660 803 2666 —
814 2647 913 2677 ι11)“1(1.,

182 2701 186 2707 .
230 2700 234 2711 ,
267 2700 271 2705 .
306 2700 311 2706 .

533 223 584 256 DE
607 222 765 256 SEPTEM
785 223 1012 258 ITINERIBUS
1031 225 1321 260 AETERNITATIS.

954 293 1118 329 intelligere
1137 296 1166 323 et
1184 294 1362 331 investigare
1380 295 1553 326 sufficimus.
1568 297 1648 327 Talia
1661 299 1730 329 sunt

953 339 1021 375 illa,
1036 348 1103 376 quae
1125 341 1162 369 de
1179 341 1340 370 divinitatis
1361 343 1467 371 natura
1484 343 1516 371 in
1535 343 1588 373 illa
1602 344 1730 382 simplici

955 387 1080 416 essentia
1100 387 1263 423 credimus,
1283 390 1312 416 et
1325 388 1537 425 scripturarum
1560 390 1730 420 divinarum

955 435 1127 463 auctoritate
1141 435 1338 471 probamus.»
1351 436 1488 472 Sequitur
1500 436 1528 465 ²:
1541 447 1555 464 α
1569 439 1645 474 Ergo
1659 446 1731 467 con-

955 483 1107 519 templatio
1121 485 1222 511 nostra
1235 485 1306 512 tunc
1319 483 1463 513 veraciter
1480 493 1571 521 supra
1584 485 1731 515 rationem

956 529 1101 565 ascendit,
1120 530 1244 567 quando
1264 530 1296 558 id
1310 531 1427 559 animus
1439 539 1494 568 per
1508 532 1615 560 mentis
1629 532 1730 561 suble-

956 575 1107 605 vationem
1141 577 1233 606 credit
1242 598 1251 613 ,
1281 577 1365 614 quod
1391 577 1529 607 humanae
1562 579 1731 615 capacitatis

956 624 1049 650 metas
1070 623 1250 652 transcendit
1256 633 1265 660 3
1285 625 1314 652 et
1332 632 1423 661 supra
1441 625 1602 658 rationem,
1617 633 1672 654 nee
1687 627 1732 655 ta-

956 677 1027 697 men
1043 671 1148 706 praeter
1165 670 1312 699 rationem
1327 671 1476 700 censenda
1489 673 1549 707 est,
1566 673 1689 709 quando
1704 673 1732 702 ei

957 716 1042 752 quod
1055 724 1109 752 per
1123 716 1322 752 intelligentiae
1335 717 1430 745 aciem
1443 719 1586 754 cernitur,
1600 719 1733 748 humana

956 763 1032 791 ratio
1053 763 1199 791 contraire
1215 770 1278 791 non
1297 765 1394 800 potest
1412 773 1420 792 :
1443 765 1517 802 quin
1535 766 1633 802 potius
1647 765 1732 795 facile

958 811 1134 847 acquiescit,
1159 812 1187 839 et
1207 819 1261 839 sua
1283 810 1465 840 attestatione
1488 810 1604 841 all'udit.
1628 822 1644 840 ιο
1669 814 1734 842 Haec

957 857 1018 885 ille.
1034 858 1066 886 Et
1085 857 1133 886 hie
1149 858 1259 894 gradus
1280 859 1323 886 est
1339 857 1515 895 perfectior,
1530 860 1559 887 et
1577 858 1734 888 sublimior

957 904 1193 940 praecedentibus
1206 904 1369 940 gradibus,
1385 913 1421 933 eo
1437 905 1521 941 quod
1534 905 1588 934 ista
1603 907 1734 935 contem-

958 951 1051 987 platio
1074 953 1117 979 est
1138 959 1229 987 supra
1250 951 1406 980 rationem.
1432 951 1516 980 Circa
1538 952 1622 989 quod
1643 955 1734 988 nota,

959 998 1052 1034 quod,
1068 999 1142 1027 sieut
1156 998 1228 1026 dicit
1238 998 1319 1026 idem
1333 998 1497 1026 Riehardus
1511 999 1522 1016 ³
1537 1008 1544 1028 ε
1564 1008 1578 1026 α
1594 999 1734 1034 Quaedam

959 1047 1027 1074 sunt
1048 1045 1125 1073 infra
1149 1045 1315 1080 rationem,
1330 1047 1363 1074 ut
1387 1053 1453 1081 quoe
1475 1053 1564 1073 sensu
1589 1054 1735 1083 corporeo

958 1091 1138 1128 percipimus
1146 1101 1155 1127 3
1179 1092 1318 1128 quaedam
1339 1092 1504 1120 seeundum
1526 1092 1622 1121 solam
1644 1093 1735 1122 ratio-

959 1146 1028 1166 nem
1042 1140 1127 1174 sunt,
1142 1140 1174 1166 ut
1188 1147 1255 1175 quae
1274 1139 1387 1167 ratione
1409 1139 1638 1176 investigamus3
1653 1147 1735 1176 quae-

960 1185 1031 1213 dam
1045 1193 1136 1222 supra
1149 1185 1294 1214 rationem
1308 1187 1435 1222 sunt,.ut
1446 1194 1512 1222 quae
1525 1186 1574 1214 vel
1585 1194 1639 1223 per
1653 1194 1736 1215 reve—

959 1231 1119 1267 lationem,
1145 1232 1193 1260 vel
1220 1240 1287 1269 quae
1317 1232 1417 1260 nullus
1444 1240 1547 1261 sensus
1576 1240 1737 1269 corporeus

959 1281 1055 1315 potest
1069 1279 1224 1315 attingere,
1247 1281 1276 1307 et
1289 1279 1373 1307 nulla
1393 1279 1469 1308 ratio
1488 1280 1621 1308 humana
1643 1288 1736 1316 pene—

960 1327 1054 1361 trare,
1075 1325 1126 1353 sed
1147 1328 1246 1354 tamen
1266 1326 1409 1355 veraciter
1432 1334 1467 1354 ea
1493 1335 1555 1354 esse
1578 1326 1737 1362 eredimus,

960 1372 1028 1400 licet
1046 1380 1101 1400 nec
1119 1373 1338 1409 experimento,
1357 1381 1412 1402 nec
1433 1373 1580 1402 intellectu
1603 1381 1737 1410 compre-

960 1419 1091 1447 hendere
1105 1419 1263 1455 possimus.
1278 1429 1292 1446 ι)

1001 1477 1015 1491 «
1029 1467 1131 1494 Sextus
1149 1466 1260 1502 gradus
1280 1466 1538 1502 contemplationis
1553 1469 1612 1501 est,
1627 1475 1693 1504 quae
1706 1467 1737 1496 in

961 1513 1007 1541 his
1020 1515 1168 1548 versatur,
1183 1521 1249 1549 quae
1269 1515 1337 1541 sunt
1352 1521 1442 1549 supra
1464 1513 1628 1549 rationem,
1645 1515 1673 1542 et
1693 1514 1737 1542 vi-

962 1559 1068 1588 dentur
1090 1567 1152 1588 esse
1169 1561 1273 1595 praeter
1287 1560 1432 1587 rationem
1442 1581 1451 1594 ,
1466 1568 1518 1588 seu
1533 1560 1622 1588 etiam
1636 1563 1738 1590 contra

962 1607 1116 1635 rationem.
1134 1609 1164 1635 ln
1184 1608 1240 1635 hac
1258 1607 1360 1643 utique
1381 1615 1521 1643 suprema
1536 1608 1678 1643 omnique
1693 1607 1737 1636 di—

961 1654 1102 1690 gnissima
1117 1654 1374 1690 contemplationis
1387 1654 1522 1690 specula,
1537 1656 1606 1682 tunc
1621 1655 1738 1682 animus

962 1702 1103 1729 veraciter
1123 1701 1233 1728 exultat
1255 1703 1343 1736 atque
1366 1701 1527 1736 tripudiat,
1543 1701 1665 1736 quando
1686 1701 1738 1729 illa

963 1755 999 1775 ex
1018 1747 1110 1774 divini
1130 1747 1249 1774 luminis
1266 1747 1457 1774 irradiatione
1478 1747 1629 1781 cognoscit
1649 1749 1737 1783 atque

963 1793 1144 1828 considerat,
1161 1793 1270 1829 quibus
1290 1794 1387 1821 omnis
1407 1793 1539 1821 limnana
1557 1794 1631 1822 ratio
1646 1793 1737 1822 reela-

962 1842 1032 1868 mat.
1048 1840 1127 1868 Talia
1141 1842 1209 1867 sunt
1226 1847 1302 1876 pene
1322 1839 1441 1874 omnia,
1457 1848 1523 1876 quae
1542 1840 1579 1868 de
1599 1848 1740 1876 persona-

963 1895 1029 1916 rum
1044 1887 1181 1915 Trinitate
1196 1887 1315 1915 eredere
1327 1888 1478 1923 jubemur,
1495 1888 1532 1916 de
1547 1888 1656 1924 quibus
1672 1896 1741 1917 cum

962 1934 1094 1962 humana
1107 1935 1182 1962 ratio
1198 1934 1370 1970 consulitur,
1382 1934 1456 1962 nihil
1471 1934 1554 1962 aliud
1569 1943 1660 1971 quam
1672 1943 1740 1963 eon-

965 1981 1052 2009 traire
1076 1981 1201 2009 videtur.
1228 1991 1242 2007 n
1273 1982 1324 2009 iste
1349 1981 1458 2017 gradus
1484 1981 1741 2018 contemplationis

965 2027 1121 2064 perfectior
1136 2029 1178 2056 est
1191 2028 1330 2055 omnibus
1344 2028 1586 2064 proecedentibus,
1608 2036 1642 2056 eo
1658 2028 1740 2064 quod

963 2074 993 2101 in
1016 2082 1050 2102 eo
1065 2082 1140 2110 pura
1155 2074 1347 2109 intelligentia
1361 2077 1519 2110 operatur,
1536 2083 1602 2110 quas
1616 2075 1655 2102 ad
1670 2083 1740 2102 eon-

964 2121 1187 2157 templationem
1203 2122 1310 2149 divinae
1325 2122 1483 2156 majestatis
1498 2121 1669 2150 admittitur.
1685 2123 1741 2150 Un-

965 2167 1001 2195 de
1024 2168 1103 2195 idem
1127 2168 1290 2196 Riehardus
1305 2168 1375 2196 dicit
1395 2177 1402 2196 :
1423 2169 1608 2203 «Quantum,
1629 2177 1740 2204 quasso,

965 2216 1017 2249 est,
1032 2215 1115 2251 quod
1131 2215 1321 2250 intelligentia
1333 2215 1463 2242 humana
1478 2215 1610 2250 quotidie
1626 2216 1664 2242 ad
1675 2215 1741 2243 illos

964 2261 1215 2297 supercoelestium
1242 2262 1411 2289 animorum
1436 2261 1582 2289 theoricos
1605 2269 1741 2289 excessus

964 2309 1074 2342 nititur,
1094 2310 1121 2336 et
1136 2308 1318 2344 quandoque
1335 2308 1422 2335 etiam
1438 2316 1492 2345 pro
1514 2308 1622 2335 divinae
1637 2308 1741 2343 digna-

966 2355 1052 2382 tionis
1074 2354 1276 2390 beneplaeito,
1302 2354 1340 2382 ad
1365 2354 1415 2382 illa
1439 2362 1561 2381 summae
1583 2353 1740 2388 majestatis

965 2401 1115 2436 magnalia
1131 2400 1362 2436 contemplando
1382 2400 1568 2428 sublevatur!
1585 2401 1596 2417 ¹*
1610 2401 1674 2427 Haec
1690 2407 1740 2427 au-

965 2450 1024 2475 tem
1051 2448 1216 2475 sublevatio
1227 2468 1236 2482 ‚
1267 2455 1335 2483 quae
1364 2447 1546 2483 quandoque
1574 2445 1740 2473 extenditur

966 2502 1060 2530 usque
1085 2494 1122 2522 ad
1147 2494 1253 2522 mentis
1277 2494 1493 2527 elevationem,
1515 2493 1548 2520 fit
1569 2500 1605 2520 ex
1626 2492 1738 2520 tribus:

967 2541 1150 2577 quandoque
1170 2548 1207 2568 ex
1223 2540 1427 2574 magnitudine
1444 2538 1627 2574 devotionis;
1648 2546 1741 2574 quan-

968 2587 1068 2623 doque
1087 2595 1123 2614 ex
1147 2586 1350 2621 magnitudine
1366 2585 1568 2614 admirationis
1577 2595 1585 2620 3
1602 2585 1742 2621 quando-

1002 2687 1035 2716 (α)
1053 2685 1113 2709 Ccrl.
1128 2683 1189 2707 edet.
1207 2689 1306 2714 qute.—
1323 2683 1356 2714 (b)
1373 2684 1433 2707 Item
1448 2683 1540 2708 omnia
