2004 3037
216 285 275 316 136

216 358 338 379 causam
351 349 396 378 sui
409 348 483 377 boni
495 359 503 385 ς
523 349 577 377 sed
589 349 622 377 in
635 348 768 377 secunda
779 348 865 384 ponit
877 356 910 376 se
923 356 993 376 cau-

216 405 281 426 sam
293 395 508 433 principalem;
529 395 560 424 in
574 395 660 424 tertia
673 403 746 424 vero
759 394 858 431 specie
871 394 994 430 injuria-

216 446 264 472 tur
276 443 369 471 homo
384 443 444 470 Deo
458 443 489 471 iu
502 442 641 479 proximo
653 452 661 478 ;
676 442 707 470 in
722 443 827 478 quarta
839 443 939 470 autem
952 441 994 470 in-

213 490 340 525 juriatur
353 489 446 517 homo
461 490 521 517 Deo
536 489 567 517 in
582 497 618 518 eo
629 509 638 523 ‚
653 488 738 525 quod
751 496 815 516 non
826 488 925 516 habet.

251 536 366 565 Gradus
388 535 536 572 superbiae
546 557 555 571 ‚
587 535 754 564 secundum
778 535 962 564 Bernardum
972 537 992 571 ¹,

215 585 285 612 sunt
305 583 484 617 duodecim,
503 582 555 619 qui
579 584 666 611 sunt:
692 582 865 617 curiositas,
887 582 995 610 mentis

215 630 319 658 levitas
330 650 338 665 ‚
353 630 454 666 inepta
467 629 585 665 laetitia,
603 629 744 665 Jaetantia
756 649 765 664 ‚
784 629 973 665 singularitas
984 650 993 664 ‚

215 676 385 712 arrogantia
395 697 404 711 ,
419 676 628 713 praesumptio,
643 678 834 712 peccatorum
851 675 995 710 defensio,

215 723 353 752 simulata
364 723 525 758 confessio,
541 722 682 758 rebellio,
698 722 835 757 libertas,
850 722 995 759 peccandi

216 769 411 798 consuetudo.
445 771 589 798 Numerus
621 770 747 798 istorum
774 769 815 798 sie
842 769 994 805 accipitur.

216 818 310 845 Homo
321 824 374 853 per
384 816 556 853 superbiam
568 816 725 852 injuriatur
738 817 808 851 Deo,
820 818 848 844 et
859 815 974 844 homini
987 825 994 843 ε

216 865 293 899 Deo,
314 863 361 891 cui
376 863 466 892 debet
485 871 548 892 esse
567 863 707 898 inserior;
727 863 843 891 homini
855 884 864 898 ,
880 862 926 890 cui
942 862 995 890 de-

215 910 266 938 bet
286 918 348 938 esse
368 918 432 946 par.
455 911 511 939 Sex
527 910 616 946 primi
636 910 747 945 gradus
762 908 996 937 determinantur

216 956 383 985 secundum
403 956 544 992 injuriam
565 964 632 993 quas
652 956 686 984 fit
706 955 821 984 homini
842 955 889 983 eui
910 955 998 983 debet

217 1011 280 1032 esse
293 1011 348 1040 par
354 1013 362 1039 3
379 1005 508 1040 quatuor
521 1003 583 1037 alii,
598 1002 764 1031 secundm
778 1002 918 1038 injuriam
931 1010 998 1038 quae

216 1050 250 1078 fit
262 1050 377 1078 homini
393 1050 556 1086 superiori;
575 1050 636 1077 duo
652 1049 748 1077 ultimi
764 1049 998 1077 determinantur

217 1097 336 1133 proprie
359 1099 504 1133 quantum
526 1096 566 1124 ad
580 1096 720 1131 injuriam
735 1104 802 1132 quae
823 1097 880 1124 Deo
895 1096 998 1124 imme-

218 1143 296 1172 diate
316 1143 368 1172 fit:
392 1144 450 1171 hoc
469 1143 538 1172 ideo
561 1143 707 1177 dicimus,
726 1143 798 1179 quia
817 1145 846 1171 et
864 1143 998 1180 superio-

218 1198 264 1218 res
285 1190 396 1225 gradus
410 1190 440 1217 in
455 1191 547 1218 Deum
568 1189 757 1224 redundant,
777 1190 831 1218 sed
850 1189 997 1218 mediante

218 1237 367 1272 proximo.
393 1236 506 1264 Gradus
530 1238 629 1264 autem
653 1239 807 1271 vocantur,
833 1237 904 1272 quia
926 1236 959 1264 fit
981 1245 999 1264 a

219 1284 328 1311 minori
343 1292 517 1319 progressus
533 1283 572 1311 ad
586 1284 692 1319 majus.
716 1283 830 1311 Primus
845 1284 923 1312 enim
937 1292 998 1312 ina-

220 1330 267 1358 lus
281 1332 343 1365 est,
365 1330 515 1358 secundus
533 1331 618 1366 pejor
638 1333 699 1365 est,
719 1332 745 1358 et
767 1331 808 1358 sic
826 1330 998 1359 scandendo

221 1377 377 1412 invenitur,
393 1377 478 1413 quod
493 1377 614 1405 ultimus
629 1379 672 1405 cst
686 1377 840 1413 pessimus
859 1377 938 1405 Unde
954 1378 999 1406 in-

220 1424 300 1459 juria
320 1432 386 1461 quoe
410 1425 452 1452 est
480 1425 614 1460 respectu
636 1424 735 1460 paris,
758 1425 799 1452 est
814 1424 931 1459 minor;
950 1424 1000 1452 illa

221 1478 293 1498 vero
315 1479 381 1507 quoe
402 1472 444 1498 cst
463 1473 597 1506 respectu
619 1470 800 1506 superioris,
822 1473 863 1498 cst
882 1471 999 1506 major3

222 1517 275 1545 scd
286 1517 338 1545 illa
351 1525 416 1554 quae
430 1519 471 1545 cst
482 1520 617 1553 respectu
630 1517 689 1551 Dei,
703 1519 745 1545 est
757 1517 896 1545 maxima.
914 1520 1001 1554 Prop-

223 1567 263 1592 ter
276 1564 358 1600 quod
371 1564 415 1592 isti
427 1564 538 1599 gradus
551 1564 646 1592 taliter
658 1564 843 1592 ordinantur.
857 1564 1002 1600 Superbia

224 1610 317 1638 multa
332 1610 411 1639 mala
426 1611 504 1639 facit.
521 1611 618 1638 Primo
630 1611 671 1646 id,
689 1611 772 1647 quod
789 1611 837 1638 Dei
852 1614 905 1645 est,
917 1619 1002 1639 usur-

224 1660 284 1693 pat,
300 1658 409 1685 scilicet
424 1657 550 1693 gloriam
561 1657 570 1672 ²
584 1666 590 1684 :
609 1659 729 1685 Gloriam
742 1666 826 1685 ηιεαιη
841 1659 932 1692 alteri,
946 1660 1000 1686 etc.

225 1707 255 1732 ln
269 1704 357 1731 bonis
369 1705 449 1732 enim
460 1705 611 1739 operibus,
626 1713 692 1740 quae
703 1704 837 1739 facimus,
852 1704 912 1732 duo
924 1708 1001 1739 sunt,

225 1750 335 1778 scilicet
349 1751 456 1785 honor,
471 1754 499 1778 ct
511 1751 618 1778 utilitas
632 1761 638 1778 :
655 1751 707 1779 sed
720 1751 849 1787 primum
862 1751 1004 1779 Dominus

226 1798 282 1825 sibi
301 1800 449 1832 reservat,
469 1798 550 1825 aliud
572 1798 658 1826 nobis
678 1798 788 1825 tribuit.
813 1798 892 1826 l'ude
912 1798 1003 1826 debe-

227 1852 293 1872 mus
317 1846 373 1872 Deo
398 1852 483 1872 suam
507 1847 621 1880 partem
645 1845 812 1880 relinquere
825 1866 833 1879 ‚
857 1845 881 1872 si
904 1848 1004 1873 nostra

227 1894 309 1927 parte
323 1891 462 1918 nolumus
474 1891 605 1927 spoliari.
622 1891 756 1919 Secundo
770 1891 913 1927 perlectos
927 1892 1005 1919 viros

228 1939 396 1973 impugnat:
410 1938 551 1973 superbia
563 1940 605 1966 est
617 1938 695 1965 enim
708 1938 793 1974 quasi
807 1938 892 1965 turris
906 1938 1004 1974 Babel,

229 1993 295 2020 quoe
307 1993 401 2020 usque
416 1985 456 2012 ad
471 1985 561 2012 cwlos
572 2007 580 2020 ‚
597 1985 627 2012 id
642 1987 685 2012 est
700 1993 793 2021 usque
807 1985 845 2012 ad
861 1985 940 2013 viros
951 1994 1006 2014 coe-

230 2032 315 2059 lestes
325 2053 333 2066 ,
354 2031 483 2059 debebat
499 2032 671 2067 pertingere.
689 2033 868 2067 Augustinus
878 2032 888 2048 ³
902 2042 907 2060 :
929 2044 941 2058 ι(
956 2034 1006 2061 δικ

231 2078 333 2114 perbia
353 2078 441 2105 etium
461 2078 548 2106 bonis
562 2079 703 2114 operibus
717 2078 883 2113 insidiatur,
905 2081 936 2106 ut
956 2087 1008 2114 pc-

231 2128 322 2153 reant.
337 2136 349 2151 n
360 2125 439 2153 Unde
455 2126 596 2161 superbia
611 2125 851 2161 inexpugnabilis
867 2128 918 2160 est,
934 2126 1009 2154 sicut

233 2174 359 2199 castrum
379 2172 407 2199 in
428 2173 486 2199 allo
507 2175 605 2199 monte
627 2173 724 2199 situm.
741 2172 834 2200 Tertio
850 2173 943 2207 gratia
959 2173 1008 2201 Dei

233 2218 385 2246 hominem
399 2218 532 2246 denudat
544 2220 550 2235 '⁴
564 2229 570 2246 :
584 2220 713 2253 Superbis
726 2221 795 2246 Deus
809 2221 924 2252 resistit,
938 2221 1008 2247 etc.⁵

234 2267 337 2293 Montes
359 2267 449 2293 Galbae
462 2287 470 2299 ,
492 2275 535 2293 net·
552 2275 609 2299 ros,
630 2274 674 2293 nce
694 2268 790 2300 pluria
804 2268 914 2293 veniunt
929 2275 1010 2301 super

233 2321 288 2340 eos.
304 2313 384 2339 [nde
395 2312 558 2340 secundum
570 2315 705 2339 naturam
717 2320 883 2340 convexum
896 2321 957 2340 non
969 2316 1010 2340 est

234 2359 438 2395 receptivum,
459 2359 510 2387 >ed
530 2367 705 2386 concavum.
729 2362 837 2392 Quarto
858 2359 1010 2387 bominem

237 2408 293 2434 Deo
307 2406 415 2442 privat3
432 2407 514 2440 llugo
526 2406 562 2432 de
575 2405 737 2433 §.metm-e:
749 2406 915 2441 «Superbia
927 2406 1011 2434 offert

236 2453 308 2480 mihi
325 2454 426 2487 Deum,
443 2452 555 2479 invidia
571 2452 750 2487 proximum,
768 2452 811 2480 ira
822 2452 979 2488 meipsum.
995 2464 1007 2479 »

237 2499 379 2534 Superbia
395 2501 453 2526 Deo
467 2501 509 2526 cst
527 2498 666 2526 odibilis*3
682 2508 687 2525 :
714 2500 778 2525 Tria
796 2502 857 2526 sunt
875 2508 934 2533 ‹111oe
953 2499 1010 2526 odit

237 2548 305 2573 [leus
318 2555 324 2573 :
339 2547 487 2581 Pauper-em
501 2546 652 2580 superbum.
669 2548 722 2572 etc*
741 2547 830 2573 licum
847 2547 1012 2582 impugnat,

238 2593 307 2627 quia
316 2592 459 2620 vexillum
470 2592 579 2620 inimici
591 2592 645 2626 sui,
658 2592 687 2619 id
700 2595 741 2619 est
752 2593 875 2627 diaboli,
886 2594 970 2628 ponit
981 2593 1012 2621 in

272 2667 278 2681 ¹
292 2667 377 2695 Boin„
393 2667 422 2689 da·
438 2667 509 2697 57²'st'l-
527 2666 648 2690 humilii..
665 2666 679 2696 ξ
695 2668 714 2690 l.
730 2679 755 2682 -
773 2668 782 2682 ²
798 2667 857 2694 Iso..
873 2673 936 2695 XLII,
950 2667 1012 2690 SJ—

238 2702 247 2718 ⁸
266 2703 339 2732 Aug„
359 2703 416 2733 lisy.
437 2709 476 2733 ιιι,
495 2710 517 2726 c.
534 2708 555 2726 v,
576 2715 601 2719 -
616 2706 622 2716 ·
638 2703 701 2731 Jam,
720 2708 753 2732 lv,
770 2704 833 2725 6,-
848 2703 858 2719 ⁵
875 2703 893 2726 ll
912 2703 977 2733 Ite-rs„
996 2709 1012 2733 i,

238 2738 276 2761 21.
290 2751 319 2756 -—-
337 2737 445 2767 ⁰Ect‘lz'„
470 2744 527 2768 xxv,
546 2740 566 2763 si.
585 2751 614 2756 —
628 2739 635 2752 ⁷
654 2738 741 2766 Mare„
760 2744 820 2768 vm,
835 2739 874 2762 32.
891 2751 920 2756 —
935 2737 945 2756 θ
957 2738 1014 2769 Joh,

541 279 800 315 COMPENDIUM
819 279 1078 313 THEOLOGlCAE
1098 278 1323 313 VERITATJS.
1343 280 1420 313 LlB.
1444 280 1497 313 111.

1050 349 1147 376 castro
1161 355 1218 376 suo
1227 368 1237 383 ‚
1257 349 1287 376 et
1307 348 1432 385 deponit
1444 347 1590 376 vexillum
1602 339 1708 376 ehi-isti
1717 368 1727 383 ‚
1744 346 1826 377 scili-

1049 395 1096 422 cet
1109 401 1240 429 crucem,
1255 402 1347 431 quam
1358 402 1475 432 semper
1486 395 1579 423 homo
1594 393 1684 423 debet
1697 395 1828 431 portare,

1046 441 1131 476 juxta
1143 440 1259 470 illud⁷z
1284 442 1338 475 Qui
1350 443 1409 470 vuit
1423 443 1514 470 venire
1534 443 1596 477 post
1608 449 1665 475 me,
1686 442 1742 469 ete.
1762 440 1828 469 Din-

1048 488 1122 518 bolo
1136 489 1292 517 hominem
1303 489 1446 518 assimilat
1459 498 1466 517 :
1482 490 1544 524 lpse
1558 490 1598 517 est
1612 487 1713 516 enim⁸
1727 494 1828 515 remma

1048 544 1098 571 per
1118 544 1206 564 omnes
1220 537 1292 571 filios
1308 537 1449 572 superbioe.
1472 535 1553 564 Unde
1564 556 1573 571 ‚
1594 534 1669 563 sicut
1687 533 1829 562 Dominus

1050 582 1090 612 ait
1103 582 1140 611 de
1155 583 1335 611 charitate⁹z
1358 584 1391 611 1²1
1406 583 1453 611 hoc
1473 585 1629 618 cognoscent
1649 588 1739 609 omnes
1757 580 1830 616 quod

1051 629 1182 665 discipuli
1200 631 1254 657 mei
1274 631 1369 661 eritis,
1391 631 1417 658 si
1437 630 1607 657 ditectionem
1628 628 1775 656 habueritis
1793 627 1831 656 ad

1051 677 1165 704 invicem
1175 686 1184 711 ;
1200 676 1240 704 ita
1251 678 1347 712 potest
1357 676 1496 704 diabolus
1508 676 1607 704 dicere
1619 675 1657 703 de
1668 673 1828 711 superbia:

1055 733 1069 748 «
1083 725 1115 752 ln
1134 723 1192 751 hoc
1211 725 1409 759 cognoscent,
1423 733 1437 750 »
1453 725 1506 752 etc.
1531 722 1686 751 Hominem
1707 721 1830 750 stultum

1052 769 1254 805 demonstrat,
1271 769 1342 806 quia
1356 769 1496 798 ancillam
1512 771 1618 803 ornat,
1633 771 1662 797 et
1676 768 1831 797 dominam

1053 816 1168 844 nudam
1181 815 1337 852 relinquit;
1345 815 1427 850 item,
1441 816 1514 852 quia
1522 823 1633 851 magna
1643 823 1698 852 pro
1708 815 1830 844 modico

1052 863 1167 897 vendit,
1175 862 1207 890 id
1219 865 1263 891 est
1273 870 1328 898 pro
1339 862 1429 890 laude
1437 862 1570 890 humana
1577 872 1586 897 ;
1597 862 1679 897 item,
1690 862 1761 898 quia
1772 869 1832 890 cre·

1053 909 1096 937 dit
1109 917 1140 937 se
1154 917 1242 946 posse
1263 917 1332 936 cum
1351 908 1492 945 superbia
1507 908 1577 937 illuc
1596 907 1739 944 attingere
1749 929 1758 944 ,
1777 908 1832 938 uhi

1052 955 1192 984 diabolus
1202 955 1265 990 jam
1280 955 1406 983 existens
1421 963 1482 983 non
1496 955 1592 992 potuit
1605 962 1675 983 cum
1689 954 1831 991 superbia

1052 1010 1215 1030 remanere.
1232 1002 1388 1030 Hominem
1403 1001 1512 1037 dejicit,
1528 1002 1599 1039 quia
1611 1001 1788 1030 scandentes
1800 1001 1831 1030 in

1053 1049 1146 1077 altum
1165 1049 1203 1077 de
1222 1048 1300 1077 sacili
1320 1049 1449 1084 cadunt3
1469 1051 1498 1076 et
1516 1049 1569 1085 qui
1586 1056 1616 1077 se
1636 1048 1753 1077 elevant
1774 1048 1830 1076 sub

1054 1095 1128 1124 ostio
1143 1095 1268 1130 humili,
1285 1095 1370 1124 facile
1385 1097 1474 1132 caput
1486 1094 1606 1123 loedunt.

1291 1189 1350 1224 CA
1361 1189 1459 1223 PUT
1491 1189 1594 1223 XVI.

1360 1263 1396 1289 De
1415 1261 1534 1289 Invidia.

1092 1332 1207 1359 invidia
1222 1333 1275 1366 est,
1291 1334 1323 1358 ut
1337 1331 1377 1359 ait
1390 1329 1569 1365 Augustinus
1580 1330 1609 1364 ¹⁰,
1624 1328 1729 1357 odium
1743 1328 1835 1357 felici-

1056 1378 1120 1406 tutis
1126 1378 1240 1406 alienae.
1250 1377 1420 1406 Secundum
1428 1378 1572 1405 loannem
1584 1377 1834 1410 Damascenumv,

1056 1424 1169 1452 invidia
1185 1425 1227 1452 ost
1242 1424 1355 1452 tristitia
1369 1424 1406 1452 de
1421 1423 1526 1452 alienis
1540 1423 1638 1451 bonis.
1661 1422 1769 1450 Dicitur
1782 1429 1836 1450 au-

1057 1475 1116 1500 tem
1129 1471 1243 1499 invidia
1257 1479 1275 1499 a
1287 1479 1340 1498 non
1360 1471 1493 1502 videndo,
1516 1469 1587 1506 quia
1608 1476 1669 1497 non
1684 1470 1779 1505 potest
1793 1468 1836 1496 vi-

1058 1519 1128 1546 dere
1152 1518 1233 1546 bona
1257 1517 1396 1546 aliorum.
1429 1517 1508 1545 Unde
1533 1515 1719 1552 displicentia
1742 1515 1815 1544 boni
1825 1535 1835 1550 ‚

1059 1574 1124 1601 quse
1139 1568 1183 1592 est
1196 1564 1309 1592 invidia
1320 1586 1329 1599 ‚
1344 1566 1440 1600 potest
1453 1563 1550 1592 notari
1564 1570 1617 1599 per
1631 1562 1776 1590 visionem
1791 1561 1836 1589 in-

1060 1612 1197 1640 teriorem
1215 1613 1242 1639 et
1260 1611 1454 1645 exteriorem,
1476 1610 1550 1638 sicut
1565 1608 1629 1637 vult
1648 1609 1777 1642 Seneca,
1793 1608 1837 1636 di-

1059 1667 1128 1687 cens
1142 1668 1148 1687 :
1163 1669 1177 1685 ιι
1187 1658 1340 1694 Quidquid
1350 1660 1447 1686 mente
1459 1657 1598 1692 sugimus,
1610 1656 1757 1692 ingestum
1768 1663 1838 1684 ocu-

1060 1706 1095 1734 lis
1111 1706 1159 1734 vix
1176 1705 1322 1733 videmus.
1341 1716 1352 1730 n

1096 1753 1210 1781 invidia
1227 1752 1359 1788 quinque
1381 1752 1458 1779 filias
1479 1751 1570 1779 habet
1589 1750 1753 1779 secundum
1772 1751 1839 1779 Gre-

1061 1800 1179 1835 gorium
1192 1801 1209 1816 '²
1225 1809 1231 1826 :
1249 1799 1345 1835 prima
1354 1801 1396 1826 est
1408 1798 1523 1832 odium,
1535 1798 1618 1834 quod
1630 1800 1673 1825 est
1687 1797 1762 1825 velle
1776 1805 1839 1825 ma-

1061 1846 1123 1874 lum
1139 1845 1227 1873 alicui
1240 1867 1247 1880 ,
1265 1848 1292 1873 et
1307 1845 1385 1873 nolle
1400 1845 1515 1872 honum
1529 1854 1536 1879 ;
1553 1843 1685 1871 secunda
1699 1845 1742 1871 est
1756 1843 1839 1872 exul-

1062 1893 1132 1921 tatio
1148 1893 1178 1920 in
1197 1892 1329 1920 adversis
1350 1891 1497 1927 proxi1ni3
1517 1890 1599 1918 tertia
1613 1892 1655 1918 est
1667 1889 1786 1918 afflictio
1807 1890 1838 1918 in

1061 1940 1210 1975 prosperis
1229 1938 1356 1975 proximi
1370 1947 1377 1970 ;
1399 1940 1504 1973 quarta
1519 1939 1562 1965 est
1575 1937 1736 1965 susurratio
1747 1957 1757 1970 ‚
1773 1944 1839 1973 quae

1063 1989 1105 2015 cst
1119 1986 1260 2014 detractio
1276 1985 1387 2019 latens;
1410 1984 1514 2020 quinta
1529 1985 1573 2011 est
1592 1983 1733 2012 detractio
1747 1992 1754 2011 ε
1777 1984 1839 2011 haec

1064 2036 1162 2060 autcni
1178 2034 1210 2060 tit
1224 2032 1253 2060 in
1269 2034 1371 2067 aperto
1383 2053 1391 2066 ,
1407 2031 1478 2067 quia
1493 2030 1617 2058 intendit
1630 2031 1736 2059 melior
1750 2038 1840 2067 appa-

1064 2088 1127 2107 rere
1142 2079 1193 2107 illo
1210 2079 1256 2106 cui
1271 2078 1407 2106 detrahit.

1101 2126 1214 2154 Invidia
1229 2126 1323 2154 inulta
1339 2125 1418 2153 mala
1434 2125 1510 2152 lacit.
1528 2125 1566 2152 De
1581 2123 1691 2151 lumine
1706 2125 1839 2157 caecatur,

1066 2173 1136 2209 quia
1151 2172 1276 2208 proximi
1292 2172 1373 2199 bona
1388 2171 1489 2198 videre
1504 2178 1564 2198 non
1578 2171 1682 2206 potest.
1699 2169 1780 2197 Unde
1796 2169 1841 2197 in-

1067 2220 1153 2247 vidus
1174 2220 1362 2254 comparatur
1382 2220 1496 2244 noctuae
1512 2219 1539 2244 et
1556 2215 1765 2252 vespertilioni.
1786 2217 1841 2243 Αυ-

1068 2266 1199 2301 gustinus
1213 2266 1231 2283 ¹²¹
1246 2274 1252 2291 ι
1273 2275 1285 2289 «
1300 2263 1393 2298 AEgris
1408 2263 1502 2290 oculis
1517 2262 1622 2291 odiosa
1636 2264 1678 2290 est
1692 2262 1759 2298 lux,
1776 2270 1842 2298 quoe

1068 2313 1148 2348 puris
1163 2314 1205 2339 est
1219 2310 1365 2339 amabilis.
1380 2320 1392 2336 n

1105 2361 1142 2387 De
1152 2359 1210 2386 vita
1224 2358 1356 2385 moritur.
1371 2356 1544 2390 Gregorius:
1560 2367 1572 2382 «
1586 2356 1670 2384 Panis
1685 2356 1774 2383 vitani
1786 2355 1844 2383 for-

1070 2407 1140 2434 tium
1160 2405 1298 2438 roborat,
1318 2403 1512 2440 parvulorum
1532 2405 1624 2430 necat.
1642 2413 1656 2428 ι»
1676 2402 1756 2430 Unde
1771 2401 1844 2429 invi-

1070 2454 1125 2481 dus
1139 2454 1327 2488 comparatur
1339 2450 1525 2484 febricitanti,
1541 2450 1587 2477 cui
1601 2450 1687 2478 etiam
1701 2449 1773 2477 boni
1786 2448 1844 2477 cibi

1070 2503 1136 2528 sunt
1151 2498 1299 2527 contrarii.
1320 2500 1377 2525 Deo
1399 2498 1604 2531 contrariatur,
1625 2497 1696 2532 quia
1711 2498 1770 2524 tuni
1790 2496 1845 2524 bo-

1070 2555 1125 2575 nus
1144 2548 1185 2574 est
1204 2547 1277 2573 Deus
1290 2566 1299 2578 ‚
1321 2547 1353 2572 ut
1373 2545 1413 2572 ait
1432 2544 1629 2579 AugustinuS,
1649 2545 1681 2570 ut
1701 2543 1789 2571 etiam
1808 2542 1844 2571 de

1072 2639 1128 2662 xm,
1149 2633 1187 2655 253.
1209 2644 1239 2648 —
1262 2632 1269 2643 *¹
1288 2631 1369 2658 Matr.
1390 2636 1453 2660 xiii,
1469 2631 1509 2653 5⁴5.
1532 2642 1556 2645 —
1575 2630 1592 2642 ¹⁰
1611 2630 1684 2660 Aug„
1708 2630 1800 2653 Emit-r.
1819 2630 1845 2653 in

1071 2667 1137 2691 Psal.
1162 2673 1211 2697 civ,
1235 2673 1260 2690 n.
1290 2667 1325 2690 Π.
1352 2678 1381 2683 -
1405 2667 1419 2680 ¹¹
1446 2666 1572 2691 Damaso.v
1596 2665 1625 2688 de
1651 2665 1708 2688 Fid.
1733 2665 1844 2694 Orthod„

1070 2704 1113 2727 lib.
1131 2703 1160 2732 il,
1174 2709 1196 2726 c.
1211 2708 1263 2726 xiv.
1274 2714 1304 2719 —
1319 2703 1337 2717 ¹·’
1351 2702 1437 2730 Gran,
1453 2700 1553 2730 Mor-aL,
1568 2700 1611 2724 lib.
1627 2701 1715 2731 ΧΧΧΙ,
1728 2708 1750 2724 c.
1768 2707 1802 2725 xi.

1073 2740 1091 2755 ¹³
1106 2739 1180 2769 Aug„
1196 2738 1318 2767 Confess„
1334 2736 1376 2761 lib.
1394 2736 1449 2767 Vll,
1464 2743 1486 2760 c.
1503 2741 1555 2760 xri.
