2004 3037
706 291 792 324 CAP.
817 291 870 323 lll.
894 290 1120 322 PARTICULA
1143 292 1196 323 111.
1719 292 1759 323 33

145 369 175 389 se
190 359 349 389 extendere
364 358 513 395 diligentis
522 359 571 388 vel
587 359 742 396 cupientis.
758 360 821 388 Non
833 358 924 394 enim,

146 407 221 435 sicut
233 406 358 435 humani
372 406 559 443 philosophi,
576 406 626 443 qui
646 406 697 434 illa
719 414 785 443 quae
800 413 924 442 quoquo

145 453 238 482 modo
263 461 368 490 capere
389 454 527 489 poterant
549 453 715 488 intellectu,
732 452 808 481 fastu
823 460 926 488 super-

145 500 202 529 hiae
223 499 334 535 inflati,
355 499 514 528 attribuere
538 501 780 536 contempserunt
798 498 843 527 illi
862 498 926 527 fon-

144 547 196 576 tali
208 546 371 583 principio,
387 555 405 574 a
420 555 480 583 quo
495 546 526 574 in
545 547 694 574 mentibus
719 545 855 574 omnium
878 553 925 573 ra-

145 593 334 622 tionabilium
363 593 520 630 spirituum
545 593 642 621 omnis
668 593 800 621 veritatis
823 592 926 620 radius

145 639 313 676 emanavit,
331 640 384 668 sed
398 648 414 668 e
436 640 602 675 contrario,
616 640 646 668 in
667 641 814 676 quantum
835 639 926 667 sensi-

145 686 257 715 bilibus
271 695 355 715 mens
375 687 483 723 majori
498 687 646 716 desiderio
660 687 838 722 inardescit,
855 686 927 722 quia

145 743 199 772 per
212 743 315 763 veram
330 735 507 772 sapientiam
521 743 606 763 mens
627 734 733 763 edocta
755 734 809 762 scit
828 742 858 762 se
873 742 927 770 per

146 782 192 810 sui
206 782 327 818 merita,
338 791 405 819 quae
416 783 481 819 ipsa
494 782 643 818 possidet,
656 781 824 810 nullatenus
838 789 925 818 posse

147 829 299 863 obtinere,
315 829 345 857 in
361 829 524 864 gratiarum
539 829 681 857 laudibus
705 828 841 856 collatori
866 836 927 856 om-

146 876 231 904 nium
245 884 275 904 se
291 876 445 912 diffundit,
461 879 493 904 ut
512 876 541 903 in
563 878 709 912 quantum
729 876 767 903 ab
784 876 848 912 ipso
864 883 927 903 am-

146 923 245 958 pliora
258 923 378 959 recipit,
391 923 422 950 in
437 925 550 951 tantum
567 931 596 950 se
609 923 801 951 humiliorem
816 922 846 949 in
868 922 927 949 suis

149 969 242 998 oculis
257 970 426 1006 reputando
447 970 582 1006 abjiciat,
598 973 630 998 ut
651 978 712 997 non
735 969 804 997 furti
824 969 926 997 divino

144 1016 258 1051 judicio
274 1019 424 1051 arguatur,
441 1019 474 1044 ut
488 1025 537 1052 ea,
553 1017 584 1044 in
600 1017 710 1053 quibus
729 1016 804 1044 nihil
818 1016 926 1050 habet,

147 1063 203 1091 sibi
218 1063 394 1098 tribuendo,
409 1063 523 1099 proprii
547 1063 640 1091 animi
664 1063 791 1091 elatione
811 1062 928 1090 inanes-

147 1113 201 1138 cat.
225 1111 281 1138 ista
300 1119 371 1146 ergo
396 1112 463 1138 sunt
488 1111 549 1138 duo
567 1110 707 1144 brachia,
732 1110 841 1146 quihus
864 1118 927 1137 me-

147 1157 298 1185 diantibus
313 1158 419 1186 mentis
431 1166 549 1185 sursum
565 1159 642 1186 actio
657 1157 816 1185 affectuum
831 1157 928 1184 multi-

145 1204 269 1240 plicium
297 1204 401 1241 recipit
428 1205 646 1232 incrementum
661 1215 669 1240 3
697 1204 768 1240 quia
797 1204 836 1231 ab
866 1212 928 1231 una

145 1254 228 1287 parte
253 1252 381 1288 seipsam
405 1252 594 1288 disponendo
620 1253 784 1288 praeparat,
808 1251 847 1278 ab
869 1250 927 1279 alia

146 1301 228 1334 parte
242 1298 376 1326 divinam
398 1299 583 1326 influentiam
605 1298 819 1335 provocando,
836 1298 928 1333 ipsius

146 1345 228 1373 dono
248 1345 375 1381 gratuito
398 1346 553 1382 pervenire
574 1346 613 1373 ad
639 1346 755 1380 majora
778 1348 805 1373 et
825 1345 928 1381 copio-

146 1392 225 1421 siora
247 1392 371 1428 praemia
394 1395 591 1428 promeretur.
607 1393 639 1420 ln
659 1393 716 1420 1100
738 1392 818 1420 enim
842 1391 926 1428 quod

146 1439 226 1475 ipsa,
242 1447 308 1475 quae
322 1439 426 1474 habet,
443 1448 505 1467 non
520 1439 576 1467 sibi
595 1439 741 1472 attribuit,
759 1439 811 1467 sed
826 1439 928 1466 omnia

147 1486 255 1521 redigit
268 1487 307 1514 ad
318 1487 440 1514 laudem
460 1487 596 1514 omnium
611 1486 773 1521 largitoris,
790 1486 927 1513 concavi-

148 1535 237 1561 tatem
249 1534 280 1561 in
296 1543 326 1562 se
345 1537 446 1562 exarat
467 1536 569 1562 contra
583 1542 613 1561 se
634 1534 729 1569 ipsam
744 1533 842 1560 verius
856 1540 926 1568 pro-

147 1581 333 1616 pugnando,
359 1589 419 1617 qua
442 1580 544 1616 pluvia
569 1580 739 1608 divinarum
764 1579 926 1614 gratiarum

147 1627 328 1661 exuberans,
350 1629 466 1655 montes
486 1630 514 1654 ct
537 1627 628 1654 colles
652 1626 836 1660 transiliens,
854 1625 927 1653 iocis

146 1673 357 1702 humilioribus
372 1682 402 1701 se
427 1674 578 1708 infundit,-
604 1675 636 1701 ut
663 1675 774 1709 quanto
804 1672 927 1707 maj0ris

146 1720 319 1748 humilitatis
334 1720 421 1748 fuerit
435 1721 615 1754 concavitas,
626 1720 658 1748 in
672 1722 755 1748 tanto
772 1719 926 1755 amplioris

147 1767 248 1802 gratiae
277 1767 474 1803 susceptibilis
499 1767 653 1795 habeatur.
681 1769 712 1795 Et
739 1767 795 1794 hoc
818 1789 826 1802 ,
855 1767 927 1802 quia

147 1815 243 1842 omnis
258 1817 408 1849 creatura,
423 1814 453 1842 in
469 1818 615 1850 quantum
635 1823 722 1842 suum
740 1814 926 1849 recognoscit

145 1861 341 1898 principium,
362 1862 489 1898 seipsam
506 1862 665 1895 annihilat,
680 1864 711 1889 ut
734 1870 800 1898 quae
821 1862 857 1889 de
880 1861 925 1888 ni-

145 1908 207 1936 hilo
227 1911 324 1936 creata
339 1910 397 1942 cst,
417 1909 448 1936 in
462 1911 543 1937 tanto
558 1909 626 1944 plus
641 1908 828 1944 recognoscit
842 1916 926 1943 mag-

145 1955 326 1983 nificentiam
354 1956 519 1990 Creatoris,
547 1964 615 1983 cum
645 1955 700 1991 ipsi
729 1955 785 1983 soli
810 1963 872 1982 esse
900 1958 928 1983 et

147 2011 235 2030 omne
249 2003 365 2030 bonum
380 2003 537 2037 attribuat,
551 2004 613 2038 Jam
634 2011 696 2030 non
717 2003 864 2030 immerito
881 2002 925 2029 di-

147 2049 236 2076 citur¹
253 2059 259 2076 :
272 2052 338 2077 Deus
348 2051 469 2084 superbis
486 2052 601 2084 resistit,
614 2051 760 2076 humilibus
775 2052 864 2076 autem
878 2050 927 2076 dat

148 2097 273 2129 qratiam.
285 2095 371 2123 Aliud
387 2098 485 2123 autem
495 2098 537 2123 est
547 2096 704 2123 brachium
717 2096 806 2123 etiam
816 2104 833 2123 a
842 2098 924 2131 parte

148 2141 276 2170 dexterae
291 2163 299 2177 ,
325 2151 385 2178 quo
409 2143 551 2177 juvantur
573 2142 679 2169 mentis
705 2142 870 2176 desideria,
896 2144 927 2169 ut

148 2189 299 2217 ardentius
315 2189 402 2217 solito
417 2197 501 2217 mens
526 2189 556 2216 111
572 2189 664 2224 ipsius
683 2188 827 2216 exercitiis
847 2196 927 2215 exer-

148 2237 262 2270 ceatur,
279 2236 349 2271 quia
365 2236 437 2263 dum
451 2244 504 2272 per
529 2235 639 2263 amoris
662 2235 805 2262 unionem
826 2234 926 2262 anima

148 2283 234 2310 sentit
255 2291 321 2319 quae
336 2283 384 2310 Dei
400 2286 481 2316 sunt,
497 2283 666 2318 prorumpit
688 2282 717 2309 in
739 2282 859 2309 laudem
882 2281 926 2316 ip-

148 2330 208 2357 sius
224 2330 447 2363 multimodam,
464 2338 530 2365 quae
551 2330 615 2357 laus
636 2337 723 2365 super
743 2329 858 2363 omnia,
876 2337 926 2355 ex-

149 2377 240 2412 ceptis
265 2376 374 2404 amoris
390 2376 550 2411 exercitiis,
568 2376 606 2403 ad
632 2375 847 2403 conferendum
869 2375 927 2402 001»

148 2423 282 2451 laudanti
308 2423 443 2458 majora,
472 2425 616 2458 provocat
639 2423 810 2457 largientem
824 2443 832 2456 ,
853 2421 927 2449 dum

149 2471 180 2499 in
194 2479 322 2507 persona
337 2471 441 2498 talium
455 2470 692 2498 collaudantium
716 2470 787 2497 dicit
800 2471 926 2496 Joannes

150 2518 180 2546 in
195 2518 373 2555 Apocalypsi
385 2519 394 2534 2
412 2527 417 2544 :
439 2518 611 2549 Benedictio,
628 2519 755 2552 claritas,
778 2520 804 2544 et
819 2518 927 2551 sapien-

152 2567 204 2599 tia,
221 2568 246 2593 ct
262 2567 413 2600 gratiarum
432 2566 516 2597 actio,
532 2566 585 2591 etc.
611 2563 691 2590 Unde
712 2564 851 2599 frequens
874 2563 926 2590 be-

151 2612 326 2640 neficiorum
351 2611 488 2646 cogitatio
513 2612 556 2638 est
584 2610 668 2646 quasi
693 2610 831 2646 quaedam
855 2609 927 2637 tuba

151 2658 288 2686 intonans
311 2658 342 2686 in
366 2657 488 2686 auribus
510 2656 624 2690 dilecti,
646 2659 678 2684 ut
701 2656 758 2684 sibi
781 2655 927 2691 ampliora

185 2723 188 2734 ¹
215 2722 221 2744 1
243 2721 322 2751 petr„
338 2726 362 2751 ν,
377 2721 536 2751 55Jac.,1v‚
553 2721 575 2744 6.
596 2733 628 2738 --
648 2720 656 2733 ²
673 2720 758 2750 Apoc.‚
775 2720 927 2749 ν11,12.-

152 2757 161 2773 ³
176 2756 243 2781 Psal.
260 2761 370 2786 xxxvm,
390 2757 412 2779 4.
430 2769 459 2773 -—
476 2756 507 2787 (a)
527 2755 612 2786 Suppl.
630 2756 707 2786 quod.

293 2809 370 2832 Tou.
395 2809 461 2831 vlu.

981 358 1199 387 condonentur.
1225 360 1281 387 lsta
1305 359 1385 387 enim
1400 359 1617 388 beneficiorum
1639 358 1760 386 divino-

980 413 1048 433 rum
1069 405 1208 442 frequens
1230 405 1384 434 meditatio
1407 406 1538 434 stimulat
1559 405 1714 442 spiritum,
1730 408 1762 434 ut

981 459 1011 480 se
1024 452 1151 480 totaliter
1166 451 1315 480 diffundat
1330 452 1362 480 in
1376 452 1597 481 ardentioribus
1608 451 1761 488 ohsequiis

981 499 1195 527 affluentissimi
1210 499 1365 528 creatoris.
1383 499 1465 528 Unde
1481 499 1574 528 David
1588 499 1619 526 in
1634 505 1762 535 persona

981 546 1086 574 talium
1103 568 1111 582 ,
1138 546 1237 574 (110115
1259 556 1264 575 :
1287 548 1320 574 In
1348 547 1524 574 meditatione
1552 554 1612 574 mea
1637 546 1762 573 exardes-

981 596 1035 628 cet,
1052 596 1118 629 etc„
1135 594 1206 630 quia
1221 594 1294 621 dum
1310 593 1412 622 divina
1427 592 1574 621 beneficia
1588 592 1761 620 meditando

981 640 1137 676 recogitat,
1158 640 1189 668 in
1212 642 1327 668 tantum
1348 640 1388 668 ad
1413 639 1620 676 amplectenda
1646 639 1763 674 majora

981 694 1036 722 pro
1053 695 1156 715 amore
1173 687 1350 716 conserentis
1361 687 1478 715 animus
1492 685 1660 714 inardescit.

1250 767 1428 793 PARTlCULA
1454 767 1495 791 lii.

983 822 1119 851 Quomodo
1135 822 1232 847 unitiva
1244 824 1270 847 et
1282 822 1391 854 mystica
1406 821 1531 852 sapientia
1546 820 1657 845 obtineri
1672 821 1762 852 possit.

1019 878 1100 906 Dicto
1121 878 1158 906 de
1182 879 1228 906 his
1248 880 1370 914 propter
1390 885 1457 914 quae
1477 876 1590 905 unitiva
1613 876 1704 904 debet
1725 876 1763 903 ab

983 925 1065 953 omni
1085 925 1223 953 rationali
1246 925 1351 961 spiritu
1371 923 1557 960 concupisci,
1576 926 1604 951 ct
1621 931 1675 959 per
1695 930 1764 950 con-

983 980 1110 1008 sequens
1129 972 1182 1000 illa
1200 972 1232 999 in
1248 971 1357 1008 quibus
1380 971 1446 1008 ipsa
1465 971 1609 1007 sapientia
1623 970 1763 998 determi-

982 1021 1052 1047 nata
1066 1018 1203 1047 diffusius
1223 1018 1389 1046 continetur
1399 1039 1406 1052 ,
1422 1017 1574 1054 praesentis
1594 1017 1764 1045 intentionis

983 1068 1026 1093 est
1039 1065 1206 1102 inquirere,
1224 1065 1380 1101 quomodo
1400 1065 1515 1092 unitiva
1537 1066 1565 1092 et
1583 1064 1707 1100 mystica
1722 1072 1764 1091 sa-

982 1112 1093 1148 pientia
1120 1112 1220 1140 valeat
1245 1111 1371 1140 obtineri
1387 1133 1395 1146 ‚
1426 1112 1482 1139 tria
1506 1110 1710 1147 principaliter
1734 1112 1764 1138 in

982 1158 1040 1186 hoc
1065 1167 1155 1195 opere
1180 1158 1369 1186 ostendentes
1397 1167 1403 1186 ε
1431 1158 1529 1194 primo
1562 1158 1598 1185 de
1621 1157 1766 1193 sapientia

982 1205 1047 1241 ipsa
1070 1205 1101 1232 in
1124 1205 1278 1240 generali,
1302 1205 1468 1232 secundum
1492 1205 1575 1240 quod
1599 1204 1765 1232 alternatim

983 1252 1097 1288 duplex
1116 1252 1282 1280 intellectus
1304 1252 1440 1279 theoricae
1461 1251 1493 1278 in
1516 1251 1671 1287 Scripturis
1696 1258 1766 1278 con—

983 1299 1132 1334 scribitur,
1146 1298 1293 1332 secundo,
1311 1298 1348 1326 de
1364 1298 1489 1334 mystica
1504 1297 1656 1333 theologia
1672 1305 1766 1333 quan-

983 1348 1045 1374 tum
1071 1346 1110 1374 ad
1133 1347 1178 1374 sui
1203 1346 1451 1382 praeparationcm
1463 1367 1472 1380 ,
1489 1346 1519 1373 id
1542 1348 1603 1380 est,
1620 1346 1657 1373 de
1672 1353 1768 1373 remo-

983 1394 1088 1422 vendis
1112 1394 1275 1421 obstaculis
1292 1415 1300 1427 ,
1324 1395 1356 1421 ut
1378 1393 1461 1429 prius
1485 1392 1566 1420 invia
1577 1414 1585 1428 ‚
1607 1393 1636 1420 in
1662 1393 1766 1420 subse-

984 1441 1085 1476 quenti
1105 1440 1280 1476 planissima
1296 1440 1460 1474 habeatur3
1476 1440 1577 1474 tertio,
1592 1439 1628 1467 de
1656 1439 1768 1466 unitiva

983 1487 1127 1524 sapientia
1142 1487 1173 1514 in
1189 1487 1287 1523 seipsa
1301 1487 1497 1515 considerata.

1020 1535 1099 1563 Dicto
1127 1535 1211 1570 quod
1244 1535 1300 1562 nisi
1324 1534 1478 1562 rationalis
1503 1533 1622 1570 spiritus
1648 1542 1766 1561 summo

983 1581 1065 1609 bono
1081 1582 1239 1615 inhaereat,
1256 1589 1318 1608 non
1332 1582 1428 1616 potest
1442 1580 1472 1607 in
1488 1580 1547 1607 alio
1563 1580 1666 1616 aliquo
1686 1580 1767 1615 quie-

983 1629 1048 1663 tari,
1066 1628 1228 1656 dicendum
1244 1630 1286 1655 est
1298 1627 1335 1655 de
1351 1627 1513 1661 industriis,
1529 1634 1582 1662 per
1595 1635 1669 1662 quas
1682 1634 1767 1654 amor

983 1675 1134 1703 ardentius
1149 1674 1287 1702 incitatur
1307 1676 1335 1701 et
1351 1674 1472 1708 juvatur
1487 1673 1634 1700 unitivum
1650 1673 1767 1700 deside-

982 1722 1060 1749 rium
1076 1722 1114 1749 ad
1130 1722 1203 1756 hoc,
1221 1721 1305 1756 quod
1325 1721 1465 1753 dilectus,
1483 1721 1580 1756 ipsum
1601 1719 1744 1755 erigendo
1756 1742 1765 1754 ,

984 1768 1071 1796 oculo
1087 1768 1224 1804 respiciat
1244 1768 1379 1803 pietatis,
1402 1770 1428 1794 et
1447 1767 1504 1794 hoe
1525 1766 1699 1801 intelligitur
1713 1775 1766 1802 per

982 1815 1039 1843 hoc
1055 1815 1138 1851 quod
1159 1815 1266 1842 dicitur
1287 1817 1412 1850 postea:
1434 1815 1588 1848 Inspectriw
1607 1814 1707 1840 divinoe
1721 1821 1766 1840 sa-

981 1863 1102 1897 pientioe.
1114 1862 1157 1889 Ad
1166 1862 1248 1897 quod
1257 1861 1434 1894 notandum,
1449 1861 1481 1896 (a)
1491 1869 1559 1888 cum
1574 1861 1656 1888 bona
1670 1868 1765 1887 assue-

982 1908 1070 1936 factio
1094 1909 1130 1936 sit
1149 1909 1246 1936 omnis
1267 1908 1353 1935 ardui
1372 1907 1501 1943 possessi
1523 1907 1633 1934 initiale
1654 1906 1764 1942 princi<

982 1955 1086 1992 pium,
1113 1958 1240 1991 quatuor
1255 1955 1297 1982 ibi
1319 1955 1355 1982 de
1378 1954 1548 1982 necessitate
1565 1956 1762 1987 concurrunt,

983 2002 1022 2030 ad
1037 2002 1093 2029 hoc
1108 2002 1193 2038 quod
1212 2001 1338 2037 perfecte
1362 2001 1537 2036 respiciatur
1557 2000 1717 2034 divinitus,
1737 2002 1764 2027 ct

982 2049 1125 2076 unionem
1150 2047 1432 2076 desideratissimam
1456 2049 1664 2082 consequatur,
1690 2054 1764 2082 quo-

982 2104 1049 2123 rum
1064 2104 1157 2123 unum
1179 2098 1221 2123 est
1243 2094 1365 2122 interius
1380 2094 1410 2121 in
1426 2096 1522 2121 mente
1535 2114 1544 2127 ‚
1566 2093 1731 2120 secundum
1747 2102 1763 2121 a

983 2151 1108 2177 corpore
1120 2164 1127 2176 ,
1144 2142 1262 2169 tertium
1278 2150 1295 2168 a
1308 2141 1376 2168 loco
1388 2162 1395 2174 ,
1413 2142 1553 2175 quartum
1568 2148 1586 2167 a
1601 2142 1743 2175 tempore.

1019 2189 1115 2215 Primo
1129 2188 1219 2221 enim,
1235 2188 1308 2215 sicut
1321 2187 1458 2214 videmus
1473 2186 1566 2222 quod,
1583 2186 1705 2222 quando
1717 2187 1762 2214 sol

982 2235 1076 2269 fulget
1090 2235 1120 2261 in
1134 2234 1240 2262 virtute
1256 2242 1310 2261 sua
1325 2233 1356 2261 in
1370 2233 1495 2261 meridie
1506 2254 1515 2267 ,
1533 2233 1762 2260 reverberantur

984 2281 1062 2309 oculi
1077 2289 1094 2309 a
1109 2280 1257 2308 solaribus
1271 2280 1362 2308 radiis
1375 2302 1383 2314 ,
1402 2282 1429 2307 et
1445 2280 1533 2307 etiam
1549 2280 1760 2314 obt'uscantur;

983 2327 1051 2356 ideo
1067 2336 1186 2355 necesse
1203 2330 1263 2362 est,
1280 2327 1320 2354 ad
1331 2327 1389 2354 1100
1404 2326 1487 2362 qnod
1501 2326 1613 2354 fontem
1628 2326 1699 2353 solis
1715 2325 1760 2352 di-

982 2377 1058 2402 recte
1074 2374 1210 2410 aspiciat,
1227 2374 1268 2401 uti
1284 2373 1419 2409 quodam
1434 2373 1549 2407 ordine,
1565 2373 1663 2408 primo
1678 2372 1762 2399 vide-

983 2422 1050 2450 licet
1065 2421 1179 2449 clarum
1195 2420 1320 2456 aliquod
1334 2420 1464 2455 aspicere
1476 2441 1482 2453 ,
1498 2419 1546 2446 vel
1562 2420 1648 2446 etiam
1664 2419 1760 2454 ipsum

983 2469 1077 2496 solem
1091 2469 1122 2495 in
1137 2470 1203 2495 ortu
1222 2466 1421 2501 consurgentis
1436 2474 1550 2493 aurorae
1560 2487 1568 2499 ,
1592 2465 1700 2493 deinde
1715 2465 1756 2501 ip-
1785 2462 1788 2465 ’

983 2524 1049 2543 sum
1064 2515 1142 2542 circa
1156 2515 1262 2542 horam
1277 2514 1392 2541 tertiam
1403 2534 1411 2547 ,
1428 2515 1530 2548 postea
1546 2512 1634 2540 etiam
1648 2519 1701 2547 per
1715 2520 1761 2539 as-

983 2562 1196 2589 suefactionem
1210 2561 1308 2596 ipsum
1323 2560 1430 2595 poterit
1451 2559 1482 2586 in
1502 2558 1625 2586 meridie
1639 2558 1741 2585 videre
1753 2568 1760 2593 ς

984 2609 1025 2637 sic
1040 2617 1122 2636 mens
1137 2609 1297 2643 postquam
1309 2606 1371 2641 jam
1387 2606 1487 2633 onmia
1503 2607 1617 2632 terrena
1632 2604 1762 2638 dimisit,

983 2658 1143 2691 postquam
1158 2654 1246 2681 etiam
1261 2661 1278 2680 a
1292 2652 1409 2688 gaudiis
1428 2651 1586 2679 mundanis
1602 2659 1632 2679 se
1646 2652 1763 2687 penitus

984 2701 1196 2739 sequestravit,
1222 2701 1321 2727 tamen
1335 2701 1377 2726 est
1392 2698 1526 2726 involuta
1541 2698 1695 2733 multiplici
1711 2698 1763 2726 ob-

985 2748 1157 2776 tenebrante
1175 2746 1317 2779 caligine,
1340 2753 1406 2780 quae
1426 2745 1523 2771 adhuc
1545 2752 1605 2771 non
1625 2744 1764 2779 permittit

1626 2796 1642 2824 3
