2004 3037
235 175 295 206 226

233 239 433 278 praeexigitur,
447 238 502 267 sed
515 238 556 267 ad
568 238 646 267 bene
660 247 723 267 esse
733 241 754 275 ¹,
771 239 843 276 quia
856 239 1011 277 dispositio

234 286 426 323 congruitatis
440 287 483 315 est
495 285 561 324 ipsa
581 287 704 315 tonsura
719 286 760 315 ad
775 286 912 316 ordinem
921 308 930 323 ,
949 293 1013 315 non

232 333 420 362 necessitatis.

267 382 352 417 nugo
364 380 401 409 de
411 381 516 409 Sancto
528 380 640 409 Victore
653 380 790 409 ordinem
800 380 842 409 sic
855 380 1011 409 describit:

234 438 249 455 α
263 428 342 457 Ordo
362 429 405 456 est
425 427 614 464 signaculum
633 427 807 464 quoddam,
827 427 858 456 in
876 435 938 464 quo
957 435 1012 464 po-

231 477 319 505 testas
329 475 489 513 spiritualis
499 475 623 504 traditur
632 475 786 510 ordinatis,
802 476 829 503 et
841 474 984 503 officium.
995 485 1009 502 u

231 523 283 552 llic
300 525 373 552 nota
388 523 472 560 quod
490 523 565 550 sicut
583 522 615 550 in
636 522 821 550 naturalibus
840 522 923 550 dedit
937 523 1013 550 Deus

232 571 387 608 superiora
407 578 535 606 corpora
553 570 584 598 in
602 570 736 606 regimen
754 569 949 604 inferiorum,
971 571 1013 597 sic

233 621 262 648 et
279 618 311 647 in
330 617 532 655 spiritualibus
546 617 696 654 quosdam
710 617 810 653 posuit
823 616 991 652 superiores
1002 637 1011 651 ‚

233 665 384 703 quosdam
397 664 552 700 interiores
562 686 571 700 ‚
587 665 620 692 ut
632 663 676 692 illi
691 665 866 700 potestatem
881 663 1013 691 habeant

233 721 322 750 super
337 712 430 740 istos:
451 711 526 740 sicut
539 712 607 739 sunt
625 710 743 746 cleriei,
766 711 818 747 qui
837 711 968 747 praesunt
982 709 1013 737 in

233 759 450 797 spiritualibus,
466 760 494 787 et
506 757 655 794 principes
670 766 704 786 ac
716 757 831 794 judices
846 757 1012 791 saeculares,

233 807 285 844 qui
299 808 429 844 praesunt
442 806 473 834 in
487 805 713 842 temporalibus.

269 856 308 883 De
323 853 486 882 substantia
499 846 588 888 hujus
603 852 778 880 sacramenti
791 853 859 879 sunt
870 859 921 878 sex
934 858 941 878 z
955 850 1014 887 pri-

233 910 318 931 mum
340 903 383 930 est
401 901 529 938 potestas
548 899 680 934 ordinis,
703 899 774 935 quia
794 899 910 935 oportet
929 897 1014 933 quod

233 949 269 978 sit
292 948 468 985 episcopus;
493 946 658 976 seeundum
677 948 719 974 est
738 945 880 979 materia,
903 944 1015 972 scilicet

231 995 333 1024 unctio
355 995 386 1023 in
404 994 627 1028 sacerdotibus,
651 995 677 1021 et
696 995 789 1020 tactus
806 992 927 1020 illorum
945 1000 1012 1027 quae

233 1042 385 1078 tangenda
405 1043 473 1069 sunt
491 1041 522 1069 in
544 1040 608 1068 aliis
619 1049 628 1075 ς
650 1040 767 1068 tertium
783 1042 825 1067 est
838 1039 935 1067 forma
949 1047 1013 1066 ver-

233 1090 343 1119 borum
355 1099 363 1125 ;
379 1090 519 1126 quartum
534 1090 576 1116 est
592 1095 680 1115 sexus
694 1087 804 1122 virilis,
821 1087 892 1123 quia
907 1085 1014 1114 mulier

232 1145 295 1166 non
313 1136 417 1173 recipit
436 1135 636 1164 characterem
658 1134 790 1169 ordinis3
812 1134 951 1170 quintum
973 1134 1016 1160 est

233 1183 356 1212 intentio
371 1185 470 1217 recta;
493 1184 609 1210 sextum
624 1184 666 1209 est
681 1181 764 1218 quod
779 1180 964 1208 ordinandus
980 1179 1016 1207 sit

233 1231 414 1268 baptizatus,
434 1230 505 1266 quia
524 1229 690 1266 baptismus
710 1231 753 1256 est
768 1229 860 1264 janua
878 1227 1013 1256 omnium

233 1280 497 1307 sacramentorum.

269 1325 427 1360 Quoddam
443 1325 485 1352 est
498 1323 545 1351 liic
560 1325 776 1351 sacramentum
787 1323 912 1357 tantum,
927 1323 960 1349 ut
974 1321 1015 1349 vi-

234 1373 320 1402 sibile
334 1372 462 1408 signum,
479 1378 540 1407 quo
555 1371 684 1406 potestas
698 1369 841 1404 traditur;
859 1368 1015 1405 quoddam

235 1421 278 1448 est
298 1428 345 1448 res
366 1420 502 1453 tantum,
526 1417 637 1445 scilicet
659 1416 753 1452 gratia
777 1424 843 1452 quae
867 1415 1016 1443 confertur

235 1467 325 1503 digne
338 1466 490 1502 recipienti
503 1475 510 1499 ;
527 1464 684 1501 quoddam
696 1466 738 1491 est
751 1471 798 1491 res
811 1465 839 1491 et
851 1469 1016 1491 sacramen-

235 1517 298 1543 tum
308 1535 316 1549 ,
333 1516 364 1541 ut
378 1514 539 1541 character.

271 1562 387 1598 Septem
402 1562 470 1588 sunt
487 1559 624 1593 ordines,
646 1558 756 1586 scilicet
770 1556 909 1585 Ostiarius
920 1577 929 1590 ‚
948 1557 1018 1584 Lec-

237 1611 292 1644 tor,
309 1607 457 1636 Exorcisti
468 1629 475 1642 ‚
496 1606 653 1642 Acolytus,
674 1604 899 1637 subdiaconus,
916 1603 1017 1630 Diaco-

237 1663 313 1689 nuS,
338 1656 366 1682 ct
387 1654 553 1689 Presbyter,
577 1653 628 1688 qui
652 1651 788 1679 omnium
812 1651 952 1678 ordinum
976 1651 1018 1677 est

238 1701 467 1738 perfectissimus
478 1721 486 1734 ,
503 1702 530 1727 ct
544 1699 685 1727 terminus
702 1698 838 1726 aliorum.
863 1697 904 1724 llli
919 1699 1017 1724 autem

239 1751 307 1777 sunt
328 1748 413 1784 quasi
434 1749 546 1783 septem
566 1745 696 1781 gradus,
718 1744 827 1781 quibus
852 1743 1018 1770 ascenditur

240 1795 279 1824 ad
298 1796 438 1823 thronum
461 1793 636 1822 Salomonis.
661 1794 747 1819 Actus
767 1791 954 1818 ostiariorum
977 1791 1019 1816 cst

240 1842 388 1871 custodire
398 1841 498 1869 locum
511 1839 702 1868 consectionis
714 1840 966 1865 sacramentorum
980 1835 1018 1863 ab

240 1891 275 1919 iis
290 1891 341 1927 qui
363 1888 510 1917 immundi
531 1886 713 1915 determinati
730 1888 814 1920 suut,
835 1885 865 1912 id
885 1887 946 1918 est,
968 1892 1018 1911 ex-

241 1936 476 1966 communicatis⁴
502 1937 588 1963 Actus
607 1934 752 1962 lectorum
775 1935 816 1960 est
838 1932 933 1967 legere
953 1939 1019 1967 pro-

240 1985 364 2022 phetias.
389 1985 474 2011 Actus
493 1982 705 2010 exorcistarum
726 1982 768 2007 est
786 1988 886 2007 arcere
908 1978 1020 2005 daemo-

241 2040 311 2067 nes,
328 2040 364 2059 ne
381 2031 571 2058 dominentur
590 2029 619 2056 in
635 2035 760 2063 corpore
774 2026 910 2054 nondum
925 2025 1020 2061 bapti-

241 2079 308 2113 zati,
316 2078 426 2106 scilicet
434 2085 486 2113 per
497 2075 725 2111 conjurationes.
741 2076 826 2101 Actus
835 2072 1020 2108 acolytorum

242 2129 284 2154 est
303 2125 416 2153 deferre
437 2125 538 2152 lumen
560 2122 711 2157 Evangelii
732 2122 761 2148 in
780 2120 892 2148 lumine
913 2127 1019 2155 eorpo-

242 2173 307 2202 rali.
324 2175 410 2200 Actus
423 2171 677 2199 subdiaconorum
694 2171 736 2196 est
750 2168 881 2204 accipere
897 2167 1021 2195 oblatio-

243 2229 295 2249 nes
308 2219 511 2253 offerentibus,
525 2225 634 2253 easque
648 2216 752 2243 otl'erre
766 2215 908 2247 diacono;
924 2215 1021 2249 legere

243 2269 342 2296 autem
358 2265 511 2302 epistolas,
526 2272 587 2291 non
603 2266 645 2290 est
658 2265 739 2290 actus
754 2270 857 2288 eorum
873 2261 1021 2296 priucipa-

243 2315 279 2344 lis
290 2335 299 2348 ‚
314 2313 367 2341 sed
382 2319 576 2347 consequens.
600 2312 686 2337 Actus
702 2309 898 2335 diaconorum
915 2310 955 2334 (est
972 2315 1020 2334 or-

244 2361 347 2389 dinare
367 2359 476 2387 hostias
491 2358 520 2385 in
537 2357 638 2391 altari;
659 2356 757 2390 legere
777 2357 876 2381 autem
892 2355 1020 2388 Evaugc-

243 2408 337 2441 lium,
360 2406 408 2434 vel
432 2404 614 2442 praedicare,
644 2404 686 2430 est
714 2404 795 2429 actus
825 2408 1019 2436 consequens.

243 2457 329 2484 Actus
345 2452 587 2490 presbyterorum
607 2452 649 2477 cst
668 2455 840 2476 consecrare
863 2456 971 2483 corpus
995 2448 1021 2474 et

243 2501 419 2536 sanguinem
431 2498 544 2531 Christi,
559 2500 586 2525 et
598 2499 639 2525 est
652 2499 732 2524 actus
744 2495 932 2532 principali&
946 2493 1021 2521 alius

244 2550 287 2577 est
304 2554 509 2583 consequens,
532 2544 642 2572 seilicet
654 2544 747 2579 ligare
763 2544 791 2570 et
811 2541 926 2570 solvere
938 2562 946 2576 ‚
969 2548 1022 2577 per

275 2611 283 2625 ⁴
305 2610 359 2635 Vid.
375 2610 428 2641 huj.
445 2610 506 2634 edit.
522 2611 583 2633 tom.
601 2608 648 2639 Vt,
664 2615 690 2639 p.
708 2608 748 2631 151
764 2607 857 2636 etseq.
873 2617 904 2623 —
925 2605 936 2620 ἵ
954 2604 1020 2634 Luc„

244 2651 281 2677 iv,
297 2648 375 2670 Π.--
389 2646 400 2663 ³
415 2646 497 2676 Joan„
512 2651 571 2676 vui,
590 2646 626 2668 12.
637 2657 667 2662 —
679 2643 781 2672 Noun„
796 2647 855 2671 xm,
874 2642 897 2664 4.

561 170 821 204 GOMPENDIUM
842 171 1103 204 THEOLOGIGAE
1123 170 1349 205 VERITATIS.
1372 170 1448 204 LlB.
1471 166 1541 204 Vis

1067 247 1158 276 quem
1177 241 1277 268 actum
1297 247 1405 276 corpus
1422 239 1582 276 mysticum
1601 243 1794 278 proeparatur,
1813 245 1846 272 ut

1067 286 1104 314 sit
1115 289 1219 323 aptum
1232 289 1261 315 et
1272 286 1417 315 idoneum
1429 286 1468 315 ad
1479 287 1703 324 perceptionem
1713 289 1846 327 corporis

1066 333 1170 363 Christi
1184 334 1257 362 veri.

1102 382 1134 410 ln
1148 381 1284 418 quolibet
1299 380 1404 409 ordine
1419 380 1570 410 character
1583 381 1777 418 imprimitur3
1792 383 1847 412 sed

1067 429 1190 465 quando
1204 428 1256 457 fiat
1267 450 1276 464 ,
1291 436 1370 456 nuuc
1386 428 1547 456 dicendum
1562 430 1616 457 est.
1635 429 1766 458 ostiariis
1779 430 1846 467 qui-

1067 475 1137 504 dem
1161 475 1313 504 character
1335 475 1525 511 imprimitur,
1549 475 1673 512 quando
1695 476 1783 505 datur
1804 474 1848 505 eis

1067 522 1179 558 clavis,
1203 525 1232 551 et
1250 522 1378 551 dicitur:
1399 523 1443 550 Sic
1463 524 1538 558 aqite
1561 525 1693 558 tanquam
1714 525 1848 552 rationem

1066 569 1205 597 reddituri
1225 571 1279 597 Deo
1299 569 1332 597 de
1351 569 1428 597 rebus
1439 591 1446 602 ,
1468 578 1527 605 quae
1545 571 1667 598 clavibus
1682 572 1746 598 istis
1759 571 1848 599 reclu-

1067 617 1181 644 duntur.
1204 616 1374 645 Lectoribus
1395 616 1548 644 character
1569 617 1757 653 imprimitur,
1779 625 1848 646 cum

1067 663 1229 700 Episcopus
1240 663 1366 699 porrigit
1375 663 1416 691 eis
1429 663 1539 691 librum
1552 671 1620 691 eum
1640 664 1741 692 debita
1752 663 1849 692 forma

1067 710 1229 738 verborum
1242 719 1251 745 ;
1268 709 1425 738 Exoreistis
1436 717 1520 745 vero,
1537 718 1605 738 cum
1620 710 1671 738 dat
1682 711 1724 738 eis
1736 710 1848 739 librum

1068 756 1305 784 exorcismorum
1328 764 1396 784 cum
1420 755 1522 784 debita
1544 756 1641 785 forma
1665 757 1846 792 verborum;

1067 802 1197 838 Acolytis
1218 804 1318 830 autem
1332 802 1363 830 In
1378 802 1478 830 verbis
1497 811 1564 838 quae
1578 803 1649 831 dicit
1667 804 1847 840 Episcopus,

1068 848 1142 876 dum
1156 848 1207 876 dat
1221 848 1263 876 eis
1279 848 1494 877 candelabrum
1506 859 1514 884 ;
1535 849 1733 878 Subdiaconis
1746 850 1849 887 impri-

1068 895 1168 930 mitur,
1183 895 1305 931 quando
1321 895 1483 932 Episcopus
1495 903 1562 924 cum
1575 895 1671 924 forma
1686 896 1848 926 verborum

1069 941 1121 970 dat
1133 942 1174 970 eis
1187 942 1310 970 calicem
1322 950 1467 976 vacuum,
1481 945 1508 970 et
1519 945 1622 971 caetera
1635 951 1706 972 vasa
1719 951 1849 980 quorum

1068 997 1139 1017 usus
1163 991 1205 1017 est
1228 989 1258 1016 in
1283 989 1467 1017 confectione
1493 990 1687 1018 Eucharistiae.
1715 990 1849 1019 Diaconis

1068 1038 1096 1064 et
1116 1036 1294 1072 presbyteris
1316 1036 1513 1072 imprimitur,
1538 1036 1662 1073 quando
1687 1037 1849 1074 Episcopus

1068 1083 1196 1119 imponit
1214 1091 1338 1111 manum
1352 1083 1440 1119 capiti
1462 1091 1532 1112 cum
1554 1083 1652 1111 verbis
1667 1084 1705 1112 ad
1720 1084 1778 1112 hoc
1791 1086 1849 1112 sta·

1070 1130 1146 1158 lutis.

1106 1176 1262 1204 Prmdictos
1281 1177 1380 1204 autem
1402 1175 1522 1204 ordines
1543 1176 1673 1205 Christus
1695 1176 1846 1206 exercuit:

1070 1223 1272 1256 ostiariatum,
1295 1222 1419 1259 quaudo
1440 1225 1570 1251 ementes
1590 1225 1618 1251 et
1636 1223 1796 1252 vendentes
1811 1223 1849 1252 de

1070 1270 1181 1306 templo
1197 1270 1299 1305 ejecit3
1314 1270 1498 1304 lectoratum,
1513 1278 1580 1298 cum
1595 1271 1625 1298 in
1638 1271 1738 1298 medio
1755 1270 1850 1299 senio-

1070 1325 1136 1345 rum
1153 1317 1264 1344 librum
1282 1317 1359 1344 lsaiae
1370 1316 1380 1331 ²
1394 1317 1530 1353 aperiens
1541 1338 1550 1351 ,
1565 1317 1636 1352 legit
1651 1317 1680 1344 in
1695 1325 1750 1352 co;
1766 1325 1850 1346 exor-

1071 1364 1217 1399 cistatum,
1243 1363 1365 1400 quando
1381 1363 1581 1391 da’moniacos
1595 1364 1728 1400 sanavit3
1745 1363 1848 1400 acoly-

1071 1413 1184 1445 tatum,
1209 1411 1332 1447 quando
1358 1411 1474 1438 dixit³z
1499 1400 1556 1446 Εῇο
1579 1419 1639 1439 sum
1662 1412 1711 1438 lua>
1733 1411 1848 1444 mundi:

1071 1457 1332 1492 subdiaconatum,
1346 1458 1469 1494 quando
1480 1459 1490 1476 ⁸
1502 1458 1593 1486 linteo
1605 1466 1636 1486 se
1647 1457 1809 1494 praecinxit,
1823 1460 1851 1486 et

1071 1505 1164 1541 pedes
1175 1505 1390 1540 discipulorum
1401 1505 1486 1540 lavit;
1504 1505 1710 1540 diaconatum,
1727 1505 1850 1541 quando

1071 1552 1102 1580 in
1117 1560 1201 1580 coena
1216 1560 1324 1587 eorpus
1339 1553 1367 1579 et
1381 1552 1557 1587 sanguinem
1574 1560 1662 1580 suum
1677 1552 1851 1580 ministravit

1073 1599 1224 1635 discipulis
1236 1620 1244 1633 ,
1269 1601 1295 1626 ct
1319 1599 1498 1627 dormientes
1520 1599 1671 1635 apostolos
1695 1598 1849 1633 excitavit;

1072 1647 1328 1682 presbyteratum,
1350 1646 1472 1682 quando
1488 1654 1518 1673 se
1541 1647 1571 1673 iu
1591 1653 1642 1673 ara
1658 1646 1751 1673 crucis
1765 1645 1851 1674 obtu-

1072 1694 1122 1728 lit,
1139 1697 1165 1722 et
1181 1694 1303 1730 quando
1320 1694 1349 1720 iu
1364 1702 1447 1720 cerua
1463 1701 1572 1728 panem
1585 1696 1612 1720 et
1624 1693 1728 1721 vinum
1742 1693 1773 1721 in
1787 1701 1850 1721 cor-

1072 1749 1128 1776 pus
1142 1742 1170 1768 et
1184 1740 1360 1775 sanguinem
1375 1748 1462 1767 suum
1477 1739 1629 1767 convertit.

1292 1834 1434 1867 CAPUT
1457 1834 1618 1868 XXXVII
1622 1859 1629 1867 .

1239 1909 1276 1935 De
1301 1908 1434 1943 qualitate
1452 1907 1690 1938 ‚Ordinandorum

1111 1976 1239 2010 Qualitas
1260 1976 1499 2005 ordinandorum
1517 1977 1648 2004 consistit
1670 1976 1701 2004 in
1723 1975 1851 2010 duobus,

1075 2023 1183 2050 scilicet
1203 2023 1232 2050 in
1247 2023 1405 2058 faciendis,
1430 2024 1501 2051 etin
1526 2023 1681 2051 evitandis.
1707 2022 1852 2051 Facienda

1075 2073 1141 2097 sunt
1153 2070 1214 2097 haec
1227 2079 1233 2098 :
1247 2072 1276 2098 lu
1288 2071 1422 2098 moribus
1435 2071 1471 2098 sit
1480 2071 1607 2107 pudicus
1620 2072 1732 2105 (Decret.
1745 2071 1819 2105 part.
1831 2070 1852 2102 l,

1076 2117 1142 2144 dist.
1164 2125 1230 2145 xxxx
1248 2118 1295 2152 (a),
1310 2118 1345 2152 (c.
1366 2118 1416 2152 vi).
1434 2119 1464 2145 lu
1485 2117 1587 2144 habitu
1607 2117 1747 2144 honestus
1765 2117 1850 2151 (Decr.

1075 2166 1149 2200 part.
1167 2166 1207 2198 11,
1225 2172 1302 2191 caus.
1321 2172 1380 2197 xxi,
1395 2166 1497 2199 quaest.
1516 2172 1561 2197 1v,
1582 2172 1634 2199 per
1649 2164 1763 2199 totum).
1781 2163 1853 2192 Cibo

1077 2212 1183 2246 etpotu
1198 2212 1377 2245 temperatus
1391 2210 1516 2245 (Eaelrav.
1529 2210 1566 2238 de
1579 2210 1628 2238 vit.
1647 2212 1674 2238 et
1684 2210 1754 2238 hon.
1771 2210 1852 2244 cler„

1076 2265 1102 2285 c.
1115 2257 1139 2283 Α
1162 2257 1293 2291 crapula).
1311 2258 1531 2291 competenter,
1547 2257 1685 2292 quamvis
1706 2265 1767 2284 non
1782 2257 1854 2284 emi-

1076 2305 1178 2331 nenter
1188 2303 1329 2330 litteratus
1342 2304 1465 2337 (Etru-av.
1479 2303 1515 2330 de
1531 2303 1627 2338 elect„
1641 2312 1666 2331 c.
1683 2303 1747 2330 Cum
1757 2303 1852 2338 nobis).

1077 2353 1240 2379 Mansuetus
1252 2373 1260 2383 ‚
1285 2353 1313 2378 et
1328 2351 1496 2378 moderatus
1515 2352 1627 2385 (Decret.
1650 2352 1725 2386 part.
1742 2352 1770 2384 l,
1787 2349 1854 2377 dist.

1077 2407 1134 2432 xm,
1146 2406 1170 2425 c.
1188 2406 1197 2425 1
1212 2400 1239 2425 et
1251 2406 1270 2425 ιι
1284 2406 1337 2433 per
1352 2398 1639 2432 totum).Tonsuram
1654 2396 1764 2424 deferat
1775 2395 1856 2424 cleri-

1077 2445 1171 2472 calem
1183 2446 1307 2480 (Exn-av.
1319 2445 1356 2472 de
1368 2445 1417 2471 rit.
1432 2446 1460 2471 et
1471 2444 1542 2471 hon.
1558 2443 1640 2477 cler„
1650 2450 1673 2470 e.
1689 2443 1800 2470 Clericis
1809 2442 1853 2478 (b).

1077 2491 1234 2527 Hospitalis
1249 2491 1362 2527 (Deerat.
1382 2493 1456 2527 part.
1473 2492 1494 2525 1,
1510 2490 1576 2517 dist.
1597 2498 1663 2525 xm,
1676 2498 1700 2517 e.
1718 2490 1749 2517 Si
1757 2491 1818 2525 quis
1828 2491 1856 2517 et

1078 2539 1248 2571 Quiescamus
1267 2538 1311 2574 (c),
1325 2541 1352 2566 et
1365 2540 1439 2574 part.
1454 2539 1486 2572 11,
1503 2545 1583 2565 cauS.
1599 2545 1657 2572 xvr,
1675 2538 1776 2573 quaest.
1794 2544 1814 2571 ι,
1829 2544 1854 2564 c.

1110 2602 1142 2634 (ιι)
1160 2602 1222 2625 Coet.
1234 2602 1295 2625 edit.
1304 2602 1362 2626 dist.
1376 2607 1452 2625 nui.
1462 2614 1492 2618 --
1505 2600 1534 2631 (b)
1549 2602 1612 2625 Cart.
1622 2601 1682 2624 odie.
1691 2600 1757 2625 deest
1765 2607 1787 2625 c.
1800 2599 1856 2624 Cle-

1078 2638 1145 2661 victv.
1155 2651 1185 2655 —
1198 2639 1208 2667 (ι
1219 2639 1225 2668 )
1237 2639 1295 2661 Item
1304 2638 1369 2662 dces!
1381 2645 1402 2661 (τ.
1413 2638 1440 2661 Si
1451 2637 1507 2668 quis
1517 2638 1539 2660 et
1551 2637 1716 2666 Quies-camus,
1727 2639 1775 2661 etc.
