2004 3037
231 216 292 247 410

466 328 707 364 DISTINGTIO
730 330 773 364 II.

276 403 348 437 Quid
363 404 402 432 sit
419 404 570 436 meditatio,
591 406 617 432 et
635 405 754 440 qualiter
771 412 789 433 a
806 405 970 441 cogitatione

524 449 718 486 distinquatur.

267 517 403 546 Secundo
427 517 593 547 videndum
615 520 673 554 est,
693 518 768 555 quid
789 518 827 547 sit
848 518 1009 556 cogitatio,

232 571 270 592 ne
295 564 414 601 spiritus
439 564 589 593 humanus
613 573 668 602 per
692 565 774 593 viam
799 565 1009 602 cogitationis,

232 619 287 647 pro
301 611 352 640 via
364 612 577 648 meditationis,
586 613 640 642 iter
652 613 784 650 arripiat.
801 615 920 650 Oportet
933 614 1008 643 scire

233 657 306 694 quid
320 659 356 686 sit
369 659 523 695 cogitatio,
538 663 566 689 et
580 661 654 697 quid
668 661 705 689 sit
718 661 882 695 meditatio,
894 662 923 689 et
937 669 1009 697 qua-

232 705 298 734 liter
311 705 386 734 inter
407 714 438 734 se
454 706 682 744 distinguantur.
699 709 738 736 De
759 716 821 745 quo
839 711 911 738 nota
924 708 1009 746 quod

233 752 397 781 Richardus
410 752 482 782 dicit
494 754 535 782 sic
548 754 556 770 ¹
573 763 580 782 :
598 764 612 781 «
626 755 802 791 Sciendum,
819 756 903 792 quod
916 764 1010 785 unam

232 800 430 836 eamdemque
444 801 600 829 materiam
614 802 771 838 habentia,
787 802 872 831 aliter
890 811 944 839 per
959 811 1010 831 co-

231 847 406 882 gitationem
427 848 587 883 intuemur,
603 849 687 877 aliter
708 857 761 885 per
784 849 1009 878 meditationem

231 893 386 922 rimamur.
407 903 422 922 »
443 895 568 924 Multum
589 896 669 923 enim
683 903 701 924 a
722 904 753 923 se
774 895 902 924 invicem
926 896 1010 925 diffe-

231 942 301 969 runt
314 941 392 976 haee,
407 943 544 978 quamvis
559 942 741 979 quandoque
756 942 788 970 in
800 943 923 972 materia
939 951 1011 972 con-

232 988 360 1016 veniant.
372 990 405 1016 Et
416 989 485 1017 ideo
500 989 572 1017 dicit
586 989 750 1018 Richardus
763 989 887 1025 ibidem,
901 1000 914 1016 α
925 990 1010 1027 quod

232 1035 370 1071 cogitatio
392 1038 434 1064 est
454 1036 546 1072 ipsius
569 1036 661 1065 animi
679 1039 832 1073 aspectus,
847 1037 886 1065 ad
902 1045 1010 1072 evaga-

233 1083 343 1110 tionem
356 1091 481 1119 pronus.
497 1093 510 1111 n
531 1083 598 1120 Ipsa
613 1084 693 1112 enim
707 1083 832 1119 singulis
845 1091 921 1120 pene
945 1093 1011 1112 mo-

231 1130 337 1157 mentis
351 1131 505 1158 consuevit
528 1139 559 1158 se
575 1130 613 1158 ad
636 1131 737 1167 inepta
758 1133 786 1159 et
808 1130 915 1159 frivola
933 1131 1010 1159 rela-

231 1185 316 1211 xare,
335 1179 363 1205 et
385 1177 448 1206 sine
469 1177 532 1206 ullo
552 1177 736 1206 discretionis
751 1177 836 1206 freno
857 1178 1011 1207 adomnia

232 1232 262 1252 se
291 1225 424 1260 ingerere
435 1245 443 1259 ,
473 1225 518 1253 vel
547 1225 728 1262 praeeipitem
753 1225 835 1253 dare.
863 1225 1010 1254 Meditatio

231 1279 319 1306 vero,
335 1274 367 1299 ut
382 1272 452 1300 dicit
475 1272 555 1300 idem
566 1293 574 1306 ,
593 1282 607 1298 «
622 1274 665 1300 cst
685 1272 818 1300 studiosa
843 1272 950 1300 mentis
965 1272 1011 1300 in-

233 1318 338 1353 tentio,
355 1318 393 1346 ad
408 1318 648 1354 investigandum
667 1318 822 1354 diligenter
836 1319 1010 1354 intendens,

233 1367 260 1393 et
281 1367 324 1393 est
336 1365 479 1401 providus
501 1365 592 1394 animi
615 1365 750 1401 intuitus,
766 1366 806 1394 ad
822 1366 952 1394 veritatis
966 1366 1012 1394 in-

233 1411 424 1448 quisitionem
447 1412 638 1441 vehementer
662 1414 834 1449 occupatus.
862 1422 875 1438 n
902 1414 943 1441 Ex
965 1413 1012 1441 his

233 1460 313 1495 patet
324 1459 479 1496 multiplex
493 1459 617 1487 istorum
632 1459 813 1493 differentia,
832 1460 864 1488 nt
885 1459 1012 1488 ostendit

234 1506 396 1535 Richardus
422 1506 536 1535 ibidem
560 1507 686 1535 dicens:
706 1517 719 1533 «
740 1507 823 1535 Prius
848 1507 1009 1544 differunt,

233 1554 304 1590 quia
319 1554 457 1587 cogitatio
477 1562 532 1590 per
553 1554 670 1582 diversa
693 1562 819 1590 qumque
834 1555 913 1582 lento
933 1554 1011 1591 pede

232 1601 380 1636 graditur,
404 1601 466 1629 sine
487 1603 622 1637 respectu
645 1601 847 1637 perventionis
865 1622 874 1635 ,
901 1602 1012 1638 passim

233 1648 290 1676 hue
304 1648 435 1684 illucque
449 1651 584 1683 vagatur.
601 1648 747 1676 Meditatio
768 1656 840 1676 vcro
863 1657 940 1685 saepe
958 1657 1012 1686 per

233 1695 328 1723 ardua
345 1696 372 1723 et
386 1703 491 1731 aspera
506 1695 545 1722 ad
561 1695 731 1723 directionis
746 1696 837 1723 finem
860 1704 928 1723 cum
949 1704 1013 1723 ma-

233 1751 292 1778 gna
306 1743 397 1770 animi
412 1743 556 1770 industria
568 1743 723 1778 pervenire
747 1743 858 1770 nititur.
875 1743 1011 1772 Secundo

234 1790 388 1824 dill'ernnt,
404 1789 474 1825 quia
498 1789 636 1824 cogitatio
661 1790 771 1825 scrpit3
794 1789 947 1817 meditatio
970 1790 1014 1816 in-

235 1836 326 1870 cedit,
342 1839 369 1864 et
386 1836 593 1872 utplurimum
616 1836 716 1863 currit⁴
732 1836 826 1864 Tertio
853 1836 1010 1870 differunt,

235 1883 306 1919 quia
321 1883 459 1918 cogitatio
476 1885 518 1910 cst
536 1883 596 1910 sine
617 1883 721 1910 labore
737 1885 764 1910 ct
786 1883 900 1917 l'rnctu;
921 1883 1015 1910 medi-

235 1929 304 1958 tatio
319 1937 408 1964 vero,
424 1937 491 1957 cum
506 1930 609 1957 labore
631 1931 659 1957 et
679 1930 785 1957 fructu.
802 1931 912 1963 Quarto
928 1930 1015 1958 diffe-

234 1980 322 2012 runt,
338 1977 410 2013 quia
425 1976 563 2011 cogitatio
588 1985 704 2012 semper
724 1977 808 2011 vagis
829 1977 961 2005 motibus
976 1977 1014 2005 de

235 2032 295 2051 uno
311 2024 341 2052 in
365 2024 447 2051 aliud
471 2024 589 2056 transit;
606 2023 759 2051 meditatio
778 2026 876 2052 autem
897 2031 1015 2060 semper

235 2071 312 2099 circa
329 2079 423 2099 unum
438 2071 563 2107 aliquod
579 2071 758 2099 incessanter
773 2070 892 2098 incedit.
906 2071 1013 2104 Quinto

236 2118 397 2152 differunt,
424 2118 495 2154 qnia
519 2118 660 2152 cogitatio
689 2117 781 2145 oritur
807 2126 842 2145 ex
867 2117 1016 2153 imagina-

236 2165 332 2200 tione,
353 2166 380 2192 et
403 2165 472 2192 ideo
497 2164 680 2200 quandoque
703 2166 745 2191 est
770 2164 833 2192 sine
860 2165 1012 2192 ratione.»

235 2212 279 2240 Ad
301 2211 386 2247 cujus
410 2211 593 2239 intellectum
613 2213 700 2245 nota,
722 2211 826 2247 qnod,
851 2211 925 2239 sicut
947 2211 1017 2239 dicit

235 2258 399 2285 Richardus
417 2259 427 2273 ‘³
443 2278 452 2291 ,
475 2258 589 2293 duplex
618 2260 661 2285 est
684 2258 857 2293 imaginatio
876 2267 882 2285 :
900 2266 961 2286 una
976 2260 1019 2286 est

235 2305 380 2339 bestialis,
403 2304 461 2332 alia
476 2304 644 2332 rationalis:
670 2305 798 2331 bestialis
813 2305 875 2332 sine
892 2305 1016 2332 utilitate

236 2354 264 2380 et
280 2351 493 2379 deliberatione
515 2351 572 2378 huc
597 2351 728 2386 illucque
753 2351 910 2386 discurrit,
930 2352 1016 2388 quod

237 2401 265 2427 ct
278 2399 373 2427 bestia
387 2398 482 2425 facere
499 2400 608 2433 potest;
625 2398 777 2425 rationalis
793 2400 892 2425 antem
908 2401 951 2426 cst
966 2399 1017 2427 illa

238 2454 299 2482 qna
312 2445 512 2480 imaginamur
527 2445 660 2478 diversa,
675 2445 885 2480 componendo
905 2445 954 2472 vel
975 2445 1017 2473 di-

238 2492 370 2520 videndo
390 2494 479 2528 prout
494 2491 648 2526 volumus,
664 2492 749 2528 quod
763 2492 851 2519 bruta
874 2499 935 2520 non
950 2500 1018 2528 pos-

269 2583 274 2595 ¹
290 2581 422 2611 llicliurd„
434 2579 464 2603 (le
477 2580 532 2603 Arc.
545 2580 630 2610 Myst..
646 2579 688 2602 lib.
705 2581 723 2609 l,
735 2586 758 2602 c.
773 2585 813 2603 111.
825 2592 855 2597 —
867 2580 1018 2610 ⁵lllicliard„

237 2617 307 2647 Benj.
324 2624 396 2645 min„
412 2624 433 2640 c.
457 2622 509 2639 xvt.
532 2629 558 2632 -
581 2616 591 2631 ³
607 2615 734 2645 1d„1,’e11s.
750 2615 811 2645 maj.
826 2614 855 2638 (le
869 2615 1017 2646 Contr’mpl„

237 2651 280 2674 lib.
304 2653 326 2681 1,
351 2659 374 2675 e.
400 2658 432 2675 iv.
449 2663 480 2668 --
497 2651 506 2667 ⁴
530 2652 595 2674 Bern
610 2667 616 2679 ‚
640 2651 665 2673 in
686 2652 769 2680 t'ant.y
793 2657 872 2675 serm.
896 2657 971 2675 xxxi.
989 2664 1019 2668 —-

237 2686 247 2702 ⁶
263 2687 329 2716 Lm,
346 2693 416 2717 xxiv,
433 2688 471 2711 32.
492 2700 522 2704 —
539 2687 548 2699 ⁰
561 2687 643 2716 loon„
666 2691 684 2716 1,
700 2687 723 2710 9.
739 2698 770 2703 —
783 2686 790 2699 ⁷
806 2687 895 2718 Greg„
911 2686 1015 2716 Mor-ol„

642 215 694 247 DE
715 214 874 248 SEPTEM
895 215 1119 249 lTlNERIBUS
1139 216 1430 250 AETERNITATIS.

1065 285 1135 313 sunt
1156 284 1199 313 sic
1218 284 1326 313 facere.
1349 283 1499 314 meditatio
1521 284 1603 314 enim
1622 284 1716 315 oritur
1731 293 1774 316 ex
1792 294 1840 316 ra-

1065 330 1146 360 tione
1161 339 1169 360 :
1184 331 1265 360 unde
1279 331 1465 368 quandoque
1477 331 1581 361 transit
1603 331 1636 360 in
1658 333 1842 370 contempla-

1065 378 1178 407 tionem
1198 386 1253 415 per
1275 379 1520 414 admirationem,
1537 380 1566 407 et
1585 379 1808 410 exultationem.
1821 390 1837 409 »

1065 426 1130 454 Haec
1143 425 1204 453 ille.
1220 426 1254 454 Et
1267 425 1309 454 sic
1322 428 1460 462 apparet,
1484 425 1559 462 quid
1580 425 1618 454 sit
1638 426 1778 462 cogitatio
1788 447 1798 461 ,
1813 428 1844 457 et

1065 472 1141 508 quid
1154 471 1324 508 meditatio,
1336 474 1366 501 et
1379 472 1507 509 qualiter
1524 473 1600 501 inter
1614 481 1646 502 se
1660 473 1799 502 differant
1811 474 1842 502 et

1066 519 1243 548 conveniant
1265 519 1302 556 (a)
1329 528 1335 548 :
1359 527 1454 548 unum
1475 522 1575 548 tamen
1594 528 1650 556 pro
1672 520 1765 548 altero
1784 519 1843 549 fre-

1066 567 1191 602 quenter
1212 567 1348 603 ponitur,
1364 566 1437 603 quia
1460 567 1600 602 cogitatio
1626 567 1659 595 in
1678 566 1844 596 meditatio·

1065 620 1137 641 nem
1150 613 1344 649 convertitur,
1360 615 1394 642 ut
1407 613 1479 642 dicit
1490 614 1653 643 Richardus
1668 615 1690 642 ⁸.

1292 709 1534 744 DISTINCTIO
1557 711 1615 746 111.

1094 765 1218 815 Qualiter
1235 783 1265 809 in
1283 783 1381 810 itinere
1398 782 1586 820 meditationis
1603 783 1673 810 Deus
1689 783 1821 818 spiritum

1189 826 1336 854 humanum
1350 827 1501 860 illuminet,
1517 828 1542 855 et
1555 827 1722 862 alloquatur.

1102 896 1197 925 Tertio
1212 917 1221 931 ‚
1252 896 1324 933 quia
1348 895 1490 925 allocutio
1519 895 1621 924 divina
1637 917 1647 931 ,
1673 895 1846 925 illuminans

1066 942 1243 971 mirabiliter
1260 951 1279 971 a
1292 943 1447 971 montibus
1460 943 1575 971 aeternis
1582 963 1591 978 ,
1606 945 1737 971 mentem
1751 943 1847 972 homi-

1067 997 1141 1018 num
1164 989 1202 1018 ad
1227 989 1448 1018 ambulandum
1473 990 1513 1018 ad
1537 991 1648 1018 aeterna
1669 989 1803 1026 inducit,
1819 993 1848 1019 et

1067 1037 1186 1066 alleviat
1199 1036 1281 1065 viam
1291 1046 1301 1072 3
1318 1037 1388 1065 ideo
1403 1036 1571 1066 notandum
1594 1040 1652 1072 est,
1667 1037 1795 1073 qualiter
1815 1037 1847 1066 in

1067 1083 1170 1112 itinere
1193 1083 1393 1112 meditationis
1417 1085 1494 1112 Deus
1521 1083 1657 1120 spiritum
1679 1084 1846 1112 humanum

1067 1130 1238 1167 alloquatur
1253 1151 1262 1165 ‚
1291 1132 1320 1158 et
1345 1130 1384 1158 de
1411 1130 1527 1159 aeternis
1554 1130 1738 1167 quandoque
1761 1130 1847 1167 quasi

1067 1178 1286 1213 confabuletur,
1301 1185 1350 1213 ne,
1365 1178 1445 1210 sicut.
1453 1177 1524 1205 dicit
1537 1178 1703 1206 Bernardus
1717 1178 1744 1211 ⁴,
1761 1177 1847 1206 itine-

1067 1227 1164 1253 rantes
1180 1224 1336 1252 laboribus
1350 1224 1510 1260 fatigentur
1520 1245 1529 1259 ‚
1545 1224 1734 1252 sermonibus
1749 1224 1847 1253 delec-

1068 1271 1128 1299 tati.
1146 1271 1217 1300 Dicit
1231 1279 1361 1308 namque
1373 1271 1540 1299 Bernardus
1555 1279 1645 1308 super
1659 1271 1774 1300 Cantica
1786 1271 1845 1302 sie:

1071 1328 1085 1344 «
1106 1320 1200 1354 Deus,
1224 1318 1310 1354 quasi
1333 1319 1429 1346 viator
1451 1318 1598 1355 quispiam
1612 1339 1620 1351 ,
1643 1318 1848 1346 itinerantibus

1067 1373 1130 1394 sese
1142 1365 1305 1401 associans,
1314 1365 1456 1401 jucundis
1472 1365 1766 1393 confabulationibus
1776 1365 1846 1401 suis,

1068 1420 1086 1441 a
1099 1412 1203 1441 labore
1219 1413 1274 1440 vim
1288 1420 1411 1441 omnem
1431 1412 1586 1440 hominem
1600 1412 1714 1440 relevat
1728 1414 1756 1440 et
1770 1420 1849 1440 com-

1067 1462 1180 1495 mutat,
1207 1460 1248 1488 ita
1272 1462 1326 1496 ut,
1352 1468 1388 1488 eo
1417 1460 1586 1488 discedente
1603 1480 1613 1494 ,
1641 1460 1802 1496 loquantur
1813 1460 1824 1478 ⁸
1838 1470 1847 1488 .-

1067 1509 1162 1536 Nonne
1176 1515 1220 1535 ror
1235 1509 1355 1535 nostrum
1380 1507 1478 1535 ardens
1501 1510 1559 1535 erat
1574 1509 1603 1535 in
1618 1507 1693 1535 nobis
1703 1528 1713 1542 ‚
1731 1508 1794 1535 dum
1809 1508 1848 1535 Io·

1068 1557 1192 1590 queretur
1208 1555 1284 1582 nobis
1298 1557 1328 1582 in
1341 1556 1408 1582 via?
1424 1565 1438 1581 »
1460 1555 1523 1582 ltaec
1537 1554 1598 1582 ille.

1105 1604 1202 1632 Primo
1226 1611 1299 1638 ergo
1323 1602 1489 1632 videndum
1505 1604 1548 1630 est
1561 1623 1570 1638 ,
1592 1602 1719 1638 qualiter
1732 1603 1806 1630 Deus
1818 1603 1848 1632 in

1067 1649 1315 1678 meditationibus
1337 1649 1446 1677 nostris
1464 1657 1532 1677 cnm
1554 1649 1658 1685 spiritu
1681 1651 1782 1677 nostro
1804 1650 1849 1678 lo-

1069 1699 1177 1733 quatur
1192 1698 1220 1724 et
1235 1696 1452 1724 confabuletur.
1470 1697 1506 1723 De
1529 1704 1589 1731 quo
1605 1695 1771 1723 notandum
1787 1697 1848 1730 est,

1068 1743 1151 1780 quod
1170 1743 1327 1779 Dionysius
1348 1743 1378 1770 in
1400 1742 1547 1778 principio
1573 1743 1708 1776 Angelicoe
1730 1743 1845 1770 Hierar-

1068 1790 1134 1818 chz'oe
1149 1790 1218 1817 dicit
1234 1799 1241 1817 ε
1263 1800 1275 1815 α
1290 1790 1372 1817 Pater
1387 1791 1512 1816 aeternus
1526 1789 1629 1816 lumen
1642 1791 1763 1824 generat
1777 1789 1847 1817 sim-

1067 1837 1264 1873 plicissimum
1288 1836 1318 1863 in
1343 1836 1484 1870 essentia,
1508 1837 1536 1863 et
1559 1835 1656 1871 ipsum
1682 1836 1848 1865 universale

1068 1883 1170 1912 lumen
1192 1883 1230 1911 ab
1254 1883 1319 1918 ipso
1342 1884 1425 1910 Patre
1449 1882 1614 1918 prodiens,
1629 1882 1669 1910 ad
1684 1883 1852 1911 communi-

1069 1931 1200 1959 candum
1226 1929 1272 1957 sni
1297 1929 1498 1964 cognitionem
1522 1931 1550 1957 et
1571 1929 1829 1966 participationem
1840 1952 1849 1965 ,

1069 1985 1130 2006 non
1147 1977 1246 2005 solum
1262 1976 1389 2004 admittit
1403 1976 1535 2004 coelestes
1555 1978 1688 2011 mentes,
1703 1977 1756 2004 sed
1771 1980 1799 2005 et
1811 1978 1849 2006 ad

1069 2033 1124 2053 nos
1138 2032 1192 2061 per
1208 2023 1447 2052 distributionem
1462 2022 1602 2051 bonitatis
1624 2031 1683 2051 suae
1704 2024 1802 2058 venit,
1818 2026 1850 2052 ut

1070 2079 1126 2099 nos
1137 2092 1145 2105 ‚
1164 2071 1202 2099 ab
1218 2070 1327 2098 infimis
1346 2072 1511 2106 separatos,
1527 2070 1646 2098 suscitet
1661 2070 1699 2098 ad
1715 2070 1759 2098 sui
1774 2070 1850 2098 desi-

1071 2119 1188 2146 derium
1205 2119 1231 2145 et
1249 2118 1467 2153 cognitionem,
1483 2119 1510 2144 et
1529 2119 1644 2145 remota
1663 2117 1770 2144 mentis
1792 2117 1852 2146 dis-

1072 2166 1229 2199 tractione,
1244 2164 1389 2192 convertit
1412 2172 1467 2191 nos
1487 2163 1526 2191 ad
1541 2163 1745 2199 congregantis
1760 2164 1850 2192 Patris

1073 2212 1215 2240 visionem
1237 2213 1387 2239 aeternam.
1401 2221 1414 2236 n
1432 2212 1499 2238 liceo
1513 2210 1574 2238 ille.
1589 2212 1622 2238 Et
1644 2211 1703 2238 hoc
1723 2211 1788 2239 est⁰
1801 2211 1848 2238 lu-

1071 2267 1157 2294 men,
1173 2258 1254 2294 quod
1276 2258 1416 2284 illuminat
1436 2264 1538 2284 omnem
1556 2258 1689 2284 hominem
1705 2259 1850 2285 venientem

1071 2307 1101 2334 ‘1⁴72
1117 2307 1185 2333 hunc
1200 2305 1348 2338 mundum,
1365 2305 1512 2339 quantum
1533 2303 1563 2330 in
1581 2311 1611 2331 se
1626 2305 1668 2331 est
1683 2313 1690 2331 ε
1706 2303 1758 2331 sed
1774 2303 1850 2331 divi·

1072 2361 1111 2381 na
1126 2350 1305 2380 illuminatio
1316 2371 1324 2384 ,
1341 2352 1385 2378 est
1405 2350 1548 2386 inspirata
1564 2350 1612 2378 Dei
1632 2350 1755 2378 locutio.
1768 2350 1849 2378 Unde

1072 2397 1247 2434 Gregorius,
1268 2396 1400 2425 secundo
1416 2397 1580 2424 Moralium⁷
1593 2417 1602 2432 ‚
1619 2396 1689 2424 dicit
1705 2405 1711 2423 :
1733 2406 1747 2422 «
1762 2397 1849 2430 Quasi

1074 2445 1152 2474 enim
1168 2443 1357 2472 audientibus
1372 2443 1494 2478 dicitur,
1512 2443 1596 2479 quod
1610 2443 1780 2471 videntibus
1794 2444 1850 2471 ins-

1072 2493 1211 2529 piratur.»
1227 2492 1260 2518 Et
1273 2491 1453 2526 Augustinus
1463 2490 1484 2525 ⁸,
1500 2490 1532 2517 de
1555 2490 1662 2524 triplici
1679 2490 1849 2525 habitaculo,

1073 2567 1117 2592 lib.
1135 2567 1165 2596 lt,
1184 2573 1206 2590 c.
1224 2571 1259 2593 iv,
1275 2566 1333 2588 ante
1349 2565 1416 2589 med.
1429 2577 1460 2582 -
1475 2565 1484 2578 ⁹
1499 2564 1553 2587 imo
1568 2565 1667 2591 auctor,
1683 2564 1796 2596 quisquis
1809 2565 1850 2589 ille

1075 2603 1115 2633 sit.
1129 2601 1183 2625 libri
1197 2600 1227 2623 tle
1242 2600 1347 2631 Triplici
1362 2599 1487 2629 Habitum,
1499 2605 1522 2623 c.
1533 2604 1558 2629 V,
1570 2599 1638 2623 inter
1648 2601 1725 2631 Oper.
1736 2602 1762 2626 S.
1775 2601 1850 2632 Aug„

1075 2637 1186 2669 append.
1202 2639 1264 2661 tom.
1281 2637 1325 2660 Vl.

1106 2685 1139 2717 (a)
1153 2684 1214 2710 Caet.
1230 2683 1290 2708 edit.
1307 2682 1427 2707 differunt
1442 2683 1467 2706 et
1481 2681 1648 2706 conveniunt.
