2004 3037
96 907 163 928 Fides

93 939 169 959 multis

86 976 172 998 eompa-

84 1002 153 1024 ratur.

196 265 255 295 296

441 375 621 410 CAPUT
651 375 726 410 111.

520 448 559 476 De
576 447 652 476 Fide.

231 518 317 547 Fides
326 520 370 547 est
381 518 484 554 virtus,
498 526 559 555 qua
571 525 607 546 ea
620 525 688 554 quoe
699 516 739 546 ad
748 517 976 547 fundamentum

195 565 348 602 religionis
361 565 509 602 pertinent
521 564 646 594 firmiter
655 564 825 600 creduntur,
840 566 873 593 ut
885 564 976 593 habe-

195 614 244 641 tur
258 613 290 641 in
304 612 389 642 tertio
402 613 605 642 Sententiarum
618 611 637 640 ¹.
653 612 692 639 De
707 611 767 640 fide
780 613 852 640 nota
865 611 976 648 specia-

195 659 262 688 liter
276 659 350 695 tria,
372 659 483 688 scilicet
503 659 566 695 ejus
584 660 690 696 typum
709 658 877 695 speciosum
888 679 896 692 ,
912 659 976 694 ejus

195 709 296 738 aetum
313 707 498 742 virtuosum,
514 708 542 735 et
559 706 622 742 ejus
640 706 768 735 fructum
785 714 974 743 generosum.

231 754 329 784 Primo
345 754 430 789 dieo,
447 753 531 790 quod
545 753 621 782 fides
635 753 725 782 habet
739 756 844 790 typum
858 753 975 790 specio-

197 809 281 838 sum,
296 801 345 830 vel
364 802 494 838 figuram
515 801 729 838 multiplicem,
749 801 797 829 eui
816 800 978 836 eleganter,

196 849 245 877 vel
258 850 387 884 strenue,
401 849 450 877 vel
464 856 596 884 congrue
611 849 811 884 comparatur.
831 848 863 875 Et
878 847 976 883 primo

197 897 388 933 eomparatur
414 896 527 931 tribus,
552 896 662 924 scilieet
689 903 764 924 areae
793 895 977 930 testamenti,

197 943 286 971 stelloe
304 942 501 979 firmamenti,
519 945 547 972 et
565 945 656 980 petroe
678 942 873 970 fundamenti.
891 941 977 969 Fides

197 990 321 1026 quidem
335 992 378 1018 est
391 990 466 1018 siout
479 998 547 1018 area
560 989 735 1018 testamenti.
747 991 820 1017 Nam
830 988 936 1017 dicitur
946 990 956 1006 ²
969 998 975 1016 :

200 1046 214 1063 ιι
227 1036 464 1073 Propitiatorium
483 1044 546 1065 non
567 1036 682 1065 excedit
700 1043 816 1071 aream,
835 1035 888 1064 sed
909 1044 978 1064 area

195 1083 434 1120 propitiatorium
452 1093 459 1111 :
476 1093 490 1110 >1
508 1083 549 1111 sic
568 1091 622 1120 per
636 1082 745 1118 tidem,
769 1084 797 1111 et
821 1091 978 1119 nunquam

196 1131 259 1159 sine
273 1130 334 1159 fide
348 1130 475 1159 habetur
489 1130 659 1167 propitiatio
675 1131 876 1166 peccatorum.
894 1129 978 1158 Fides

196 1178 285 1206 etiam
298 1179 340 1206 est
354 1178 429 1206 sicut
440 1178 524 1206 stella
539 1177 718 1206 firmamenti
729 1178 777 1213 (a),
789 1179 817 1204 et
831 1177 977 1213 praecipue

197 1225 304 1254 dieitur
319 1225 403 1254 stella
418 1225 518 1260 maris,
539 1224 611 1261 quia
625 1224 834 1259 navigantibus
850 1223 978 1252 ostendit

195 1275 317 1310 portum
332 1272 432 1308 gratioe
455 1272 517 1300 sive
535 1271 648 1299 salutis.
668 1271 777 1299 Dicitur
791 1271 880 1299 etiam
894 1270 978 1299 stella

196 1319 390 1354 matutinalis,
405 1319 477 1354 quia
490 1318 632 1355 proevenit
646 1317 744 1346 Solem
756 1317 884 1353 justitiae.
902 1318 977 1346 Dici-

195 1368 243 1394 tur
266 1366 460 1395 nihilominus
485 1365 568 1393 stella
601 1364 768 1399 orientalis,
796 1364 866 1400 quia
897 1364 977 1392 ducit

196 1421 280 1450 reges
291 1412 474 1450 spirituales,
491 1414 519 1440 et
533 1412 601 1440 facit
616 1419 667 1440 eos
679 1411 825 1440 Christum
840 1411 977 1446 adorare,

197 1461 271 1489 sieut
298 1459 351 1489 illa
369 1459 407 1489 de
424 1468 485 1497 qua
497 1459 599 1487 scribit
614 1459 776 1487 Matthaeus.
790 1458 874 1486 Fides
889 1459 978 1486 etiam

198 1509 240 1536 est
263 1507 338 1536 sicut
361 1509 446 1544 petra
469 1506 665 1535 fundamenti.
692 1508 763 1534 Nam
791 1505 865 1533 sicut
887 1506 978 1533 aediti-

198 1554 277 1583 cium
292 1557 334 1582 est
350 1554 499 1588 solidum,
517 1553 600 1590 quod
618 1555 660 1581 est
675 1561 765 1589 supra
783 1555 897 1589 petram
912 1552 978 1580 sun-

198 1601 321 1636 datum,
343 1601 391 1630 vel
410 1601 555 1634 locatum;
572 1600 613 1628 sic
628 1602 772 1628 structura
795 1599 936 1627 virtutum
950 1602 978 1627 et

197 1657 285 1678 omne
307 1649 459 1685 spirituale
481 1648 640 1677 aediiicium
663 1648 772 1684 optimo
796 1648 911 1676 locatur
929 1656 977 1675 su-

196 1704 252 1733 pra
277 1696 347 1724 fidei
376 1695 612 1723 fundamentum.
639 1695 718 1722 Unde
741 1695 811 1722 dicit
838 1694 978 1722 Dominus

197 1744 280 1771 Petro
297 1744 307 1761 ³
325 1752 331 1771 :
351 1743 437 1778 Super
459 1743 525 1770 Itane
546 1746 653 1778 petrum
677 1742 816 1777 oedt'ficabo
833 1743 977 1769 Ecclesium

197 1798 291 1818 meam.

234 1838 305 1865 ltem
321 1836 395 1864 fides
410 1836 475 1864 aliis
495 1836 587 1864 tribus
602 1836 678 1864 bene
697 1837 723 1863 et
748 1842 878 1870 congrue
899 1843 978 1862 com-

197 1886 328 1920 paratur.
358 1883 511 1919 Figuratur
533 1883 612 1910 enim
635 1891 687 1918 per
709 1882 856 1910 mundum
875 1890 978 1918 specu-

198 1930 279 1965 lum,
300 1938 354 1967 per
380 1930 533 1958 dexterum
549 1929 690 1963 oculum,
716 1932 744 1957 et
768 1937 820 1964 per
844 1936 979 1965 personae

200 1977 354 2006 annulum.
381 1977 465 2005 Fides
485 1985 615 2012 namque
642 1978 831 2012 comparatur
856 1975 978 2012 speculo

200 2025 334 2059 mundo,
359 2024 431 2060 quia
454 2024 527 2052 sieut
552 2023 638 2052 turris
666 2031 776 2058 magna
800 2023 830 2050 in
859 2023 978 2050 modico

200 2072 321 2108 speculo
348 2071 494 2106 cernitur,
521 2070 562 2098 sic
588 2070 725 2106 majestas
754 2073 781 2098 et
804 2070 979 2105 magnitudo

202 2118 303 2146 divina
315 2119 345 2145 in
359 2118 481 2154 speculo
495 2117 563 2145 fidei
576 2120 810 2153 repraesentatur.
826 2118 901 2144 Bene
918 2117 981 2152 ipsa

203 2168 245 2193 est
262 2166 272 2182 '·
294 2167 430 2200 speculum
453 2167 511 2192 sine
530 2166 650 2196 macula,
671 2167 702 2192 ut
724 2164 830 2191 dieitur
850 2164 879 2191 in
903 2164 980 2191 libro

203 2213 359 2247 Sapiencz‘oe.
382 2212 466 2239 Fides
487 2212 574 2239 etiam
596 2213 785 2247 comparatur
805 2210 892 2238 oculo
909 2210 980 2238 dex-

202 2260 274 2286 tero.
295 2259 412 2286 Sinister
435 2258 538 2286 oculus
563 2260 605 2285 est
627 2258 718 2292 ratio,
743 2266 808 2293 quxe
831 2257 928 2285 solum
945 2258 981 2284 de

204 2304 389 2333 naturalibus
407 2305 520 2340 judicat
545 2315 550 2332 :
577 2305 677 2332 dexter
706 2312 776 2331 vero
800 2304 893 2339 sities,
917 2313 982 2339 quae

206 2351 306 2380 omnia
330 2354 389 2380 tam
412 2352 566 2386 naturalia,
588 2359 679 2387 quam
707 2351 861 2386 miracula,
888 2352 983 2379 ‹leter-

205 2399 308 2433 minat‚
325 2401 352 2426 et
363 2398 544 2426 intellectum
560 2400 588 2425 in
603 2399 754 2433 obsequium
773 2398 874 2425 Christi
893 2398 983 2434 eapti-

206 2449 266 2482 vat,
291 2448 322 2474 ut
349 2446 418 2474 dicit
440 2446 594 2482 Apostolus
613 2447 633 2473 ³⁴
658 2448 689 2473 let
712 2446 785 2473 sicut
809 2445 860 2481 qui
888 2446 985 2473 amisit

208 2493 330 2521 oculum
355 2493 508 2526 dextrum,
534 2493 644 2520 inutilis
667 2495 708 2520 est
736 2492 774 2519 ad
794 2492 889 2526 bella,
914 2493 985 2528 qnia

208 2543 322 2569 scutum
342 2540 436 2577 operit
454 2540 618 2573 sinistrum,
639 2542 666 2567 ct
694 2539 733 2566 sic
758 2539 874 2567 nullum
895 2539 984 2567 habet

210 2587 348 2622 oculum,
366 2595 426 2624 quo
448 2586 547 2615 videat
569 2586 655 2614 ferire
683 2586 729 2614 vel
751 2594 854 2614 cavere
882 2586 986 2614 adver-

244 2663 248 2676 '
265 2663 342 2692 svnt„
361 2662 405 2686 lib.
424 2662 473 2692 lll,
502 2661 560 2686 dist.
581 2667 657 2689 xxm.
674 2661 688 2691 ξ
708 2661 781 2684 Fides
800 2663 835 2684 est
856 2661 943 2684 virtus.
957 2673 986 2678 ——

212 2699 221 2714 ⁹
237 2698 326 2726 Erotl,
344 2705 401 2728 xxv,
421 2699 456 2728 ¹0,
475 2698 512 2728 Π,
527 2697 610 2728 quoad
626 2704 738 2721 sensum.
751 2710 781 2715 -
792 2697 802 2713 ³
813 2696 915 2726 Maean,
932 2702 984 2723 xxi,

213 2736 251 2759 18.
263 2734 310 2751 -⁴
323 2733 393 2765 Sap„
410 2739 454 2763 vii,
470 2735 508 2757 26.
520 2734 569 2751 -5
583 2733 601 2756 lt
620 2734 688 2763 Com,
703 2740 729 2763 x,
744 2734 766 2756 3.
779 2746 808 2751 -
820 2733 827 2745 ⁶
842 2733 848 2755 l
865 2732 930 2762 qu..
950 2738 985 2762 st,

761 261 903 294 DIAETAE
924 261 1090 295 SALUTIS
1111 261 1189 295 TIT.
1211 262 1248 294 V.

1028 330 1159 359 sarium:
1174 330 1216 359 sic
1227 330 1280 368 qui
1293 337 1355 359 non
1368 330 1460 360 habet
1468 330 1571 366 fidem,
1586 329 1701 360 inutilis
1711 333 1755 363 est
1766 332 1808 362 ad

1028 385 1163 414 pugnam
1181 377 1375 414 spiritualem.
1395 377 1477 406 Unde
1498 379 1574 407 Naas
1591 377 1664 407 dicit
1681 378 1808 408 homini—

1029 424 1086 453 bus
1104 424 1153 453 vel
1166 424 1238 453 viris
1250 425 1338 454 Jabez
1352 424 1464 454 Galaad
1481 434 1488 453 :
1503 426 1537 453 In
1548 425 1596 454 hoe
1608 425 1708 459 feriam
1721 426 1808 454 vebis-

1028 479 1087 500 cum
1100 472 1206 506 foedus,
1227 475 1258 500 ut
1277 480 1370 500 eruam
1385 473 1504 500 omnium
1520 473 1608 500 oculos
1631 471 1758 506 dextros,
1774 474 1809 502 ut

1028 518 1155 547 habetur
1176 519 1208 547 in
1227 519 1312 548 libris
1332 520 1433 555 Regum
1455 519 1477 546 ⁶.
1497 520 1573 547 Naas
1601 518 1808 555 interpretatur

1029 573 1146 602 serpens,
1168 566 1217 594 vel
1237 567 1355 598 coluber,
1380 569 1409 594 et
1426 566 1523 602 signat
1545 567 1713 603 serpentem
1733 565 1809 595 anti-

1030 621 1138 650 quum,
1166 613 1198 641 id
1221 615 1279 648 est,
1305 613 1476 649 diabolum,
1506 613 1558 650 qui
1581 613 1682 641 nititur
1705 620 1809 642 eruere

1031 660 1154 688 oculum
1168 659 1322 696 dextrum,
1336 660 1369 688 id
1390 662 1446 696 est,
1461 660 1570 696 fidem,
1589 663 1622 688 ut
1641 660 1680 689 ad
1694 659 1810 688 bellum

1030 706 1182 744 spirituale
1196 706 1351 735 hominem
1367 707 1475 736 reddat
1488 707 1633 736 inutilem.
1650 709 1713 744 lpse
1729 707 1810 735 enim

1031 756 1074 782 est
1084 761 1192 781 corvus
1205 752 1366 789 infernalis,
1377 754 1429 790 qui
1444 762 1512 782 eum
1527 754 1676 782 cadavera
1688 754 1808 789 invenit,

1030 800 1161 836 primum
1180 799 1301 828 oculum
1314 799 1440 828 invadit.
1457 800 1542 829 Fides
1555 801 1677 837 insuper
1689 808 1811 837 eompa-

1030 849 1112 874 ratur
1126 846 1248 882 annqu,
1264 847 1335 883 quia
1349 847 1424 875 sicut
1437 847 1468 875 in
1477 840 1705 876 subarrhatione
1719 855 1811 884 spon-
1857 873 1865 878 .

1032 901 1082 928 sae,
1097 893 1225 922 annulus
1251 893 1283 922 in
1299 893 1393 930 digito
1407 894 1528 930 ponitur
1547 894 1586 922 ad
1607 894 1794 922 ornationem
1800 903 1809 928 ς

1032 941 1073 969 sie
1087 940 1162 969 fides
1177 943 1262 969 ornat
1276 941 1432 976 rationem,
1444 949 1511 978 quae
1524 949 1577 978 per
1589 941 1716 977 digitum
1728 941 1813 969 intel·

1031 987 1149 1023 ligitur,
1167 988 1237 1024 quia
1251 987 1404 1023 discernit,
1422 990 1449 1015 et
1463 988 1504 1016 sic
1518 996 1536 1016 a
1551 989 1608 1016 Deo
1621 987 1812 1025 spiritualiter

1033 1035 1239 1072 desponsatur.
1260 1037 1333 1063 Nam
1357 1035 1463 1064 dieitur
1476 1036 1487 1053 ἵ
1504 1045 1510 1063 ;
1534 1035 1673 1071 Sponsabo
1697 1039 1722 1064 te
1743 1036 1812 1065 mihi

1032 1084 1062 1110 in
1075 1083 1138 1117 fide.
1160 1082 1293 1110 Annulus
1311 1082 1364 1111 iste
1387 1085 1542 1118 argenteus
1563 1084 1660 1119 potest
1679 1082 1756 1118 diei,
1775 1089 1811 1112 eo

1033 1129 1116 1165 quod
1137 1129 1222 1164 fides,
1250 1129 1341 1157 instar
1364 1129 1488 1164 argenti,
1513 1129 1609 1158 luceat
1634 1137 1688 1166 per
1708 1137 1812 1158 veram

1033 1175 1250 1211 cognitionem,
1268 1178 1296 1204 et
1313 1178 1431 1204 resonet
1446 1184 1500 1212 per
1516 1175 1677 1213 perfectam
1696 1175 1810 1204 confes-

1032 1223 1148 1251 sionem
1163 1232 1169 1250 :
1186 1223 1257 1259 quia
1271 1223 1342 1251 dicit
1361 1223 1519 1259 Apostolus
1533 1224 1543 1239 ⁸
1559 1233 1565 1251 :
1590 1223 1674 1252 Corde
1689 1223 1812 1252 creditur

1033 1271 1231 1305 adjustitiam,
1247 1278 1290 1298 ore
1304 1273 1394 1298 autem
1406 1271 1535 1304 confessio
1547 1272 1579 1306 fit
1594 1271 1630 1298 ad
1642 1272 1766 1299 satutem.

1069 1320 1139 1346 ltem
1163 1318 1237 1346 fides
1261 1321 1449 1355 comparatur
1469 1318 1535 1346 aliis
1560 1319 1674 1354 tribus,
1703 1319 1814 1348 scilieet

1033 1365 1118 1401 signo
1133 1365 1281 1400 vexillari,
1299 1368 1382 1394 scuto
1400 1361 1536 1401 militari,
1558 1368 1585 1394 et
1604 1366 1689 1394 radio
1712 1366 1811 1395 solari.

1034 1413 1118 1440 Fides
1133 1413 1213 1441 euim
1228 1415 1270 1440 est
1287 1413 1360 1441 sicut
1379 1412 1524 1441 vexillum
1538 1413 1616 1448 regis
1631 1422 1638 1440 :
1654 1421 1725 1441 nam
1739 1413 1814 1442 sicut

1033 1459 1176 1487 vexillum
1194 1460 1272 1495 regis
1286 1462 1445 1494 monstrat,
1462 1459 1543 1496 quod
1562 1468 1611 1488 rex
1632 1461 1667 1496 (b)
1683 1462 1725 1488 est
1743 1468 1815 1497 prae-

1034 1515 1100 1534 scus
1115 1506 1144 1534 in
1161 1506 1239 1540 acie,
1259 1507 1387 1535 maxime
1406 1508 1438 1535 ut
1457 1508 1620 1535 terreantur
1642 1507 1754 1542 hostes;
1773 1507 1814 1535 sie

1035 1554 1109 1581 fides
1137 1556 1179 1581 est
1207 1553 1337 1589 signum,
1365 1553 1448 1590 quod
1474 1555 1534 1582 Rex
1562 1562 1676 1589 regum,
1706 1554 1816 1583 scilieet

1035 1602 1109 1628 Deus
1123 1609 1251 1637 praesens
1266 1603 1307 1629 est
1330 1601 1361 1628 in
1384 1609 1500 1637 pugna,
1524 1600 1572 1628 vel
1591 1600 1767 1635 tentatione,
1781 1601 1815 1629 ut

1034 1647 1147 1683 fugiant
1160 1648 1321 1676 dcemones.
1336 1650 1368 1676 Et
1380 1648 1448 1676 ideo
1465 1648 1570 1676 dicitur
1585 1649 1596 1665 ⁰
1609 1657 1615 1676 :
1633 1649 1682 1676 Cui
1695 1649 1815 1677 resistite

1034 1698 1115 1727 sortes
1142 1697 1168 1721 ιἰι
1195 1696 1248 1730 fide
1278 1706 1285 1722 :
1316 1695 1388 1722 sicut
1414 1695 1493 1723 enim
1519 1695 1662 1723 vexillum
1684 1695 1762 1731 regis
1783 1695 1814 1723 in

1035 1743 1152 1777 signum
1167 1742 1291 1769 dominii
1307 1743 1338 1777 tc)
1353 1742 1472 1778 ponitur
1486 1742 1516 1770 in
1533 1750 1599 1769 arce
1612 1742 1654 1777 (d)
1668 1742 1761 1776 urbis,
1773 1742 1814 1770 sic

1035 1789 1109 1816 fides
1121 1789 1236 1816 locatur
1251 1788 1280 1816 in
1292 1796 1359 1816 arce
1371 1789 1487 1823 mentis,
1500 1788 1531 1816 id
1544 1791 1595 1823 est,
1609 1789 1637 1816 in
1654 1789 1814 1818 eminentia

1034 1835 1165 1864 rationis.
1183 1837 1220 1863 De
1237 1835 1293 1863 hoc
1308 1835 1443 1863 vexillari
1458 1835 1544 1870 signo
1559 1835 1665 1863 dicitur
1678 1835 1698 1853 ¹⁰
1712 1845 1719 1864 :
1733 1837 1814 1864 Leva—

1035 1885 1075 1910 rt't
1092 1885 1220 1910 Dominus
1236 1884 1342 1918 signum
1360 1884 1387 1910 in
1403 1885 1534 1917 nationes,
1554 1883 1585 1910 id
1600 1886 1642 1911 est
1659 1883 1751 1911 fidem
1766 1891 1815 1912 su-

1035 1939 1088 1967 per
1103 1930 1134 1966 (e)
1151 1929 1312 1957 credentes.
1335 1929 1420 1957 Fides
1441 1929 1529 1957 etiam
1544 1932 1586 1957 est
1600 1931 1674 1958 sicut
1688 1930 1815 1959 militare

1036 1980 1165 2005 scutum:
1183 1985 1252 2004 nam
1263 1976 1337 2004 sicut
1352 1978 1467 2004 scutum
1482 1977 1602 2013 ponitur
1616 1977 1654 2005 ad
1669 1977 1816 2006 sinistram

1036 2026 1168 2060 partem,
1196 2023 1236 2051 sic
1264 2023 1338 2051 fides
1367 2024 1513 2060 praecipue
1541 2026 1636 2052 armat
1663 2024 1816 2053 hominem

1037 2072 1141 2099 contra
1155 2070 1377 2105 adversitatcm;
1391 2073 1418 2098 ct
1432 2071 1506 2098 sicut
1521 2073 1636 2098 scutum
1650 2072 1783 2107 portatur
1797 2078 1816 2100 a

1037 2120 1119 2154 parte
1140 2117 1252 2152 cordis,
1270 2117 1353 2153 quod
1375 2120 1417 2145 est
1438 2117 1467 2145 in
1486 2117 1601 2145 sinistra
1622 2119 1704 2153 parte
1718 2117 1814 2145 homi-

1038 2165 1098 2198 nis,
1115 2164 1156 2191 sic
1172 2164 1246 2192 tides
1265 2166 1306 2191 est
1321 2166 1470 2192 armatura
1488 2164 1608 2198 mentis;
1625 2166 1652 2191 et
1666 2164 1739 2192 sicut
1752 2171 1816 2192 seu-

1039 2213 1101 2238 tum
1117 2214 1158 2239 est
1175 2211 1371 2245 triangulum,
1397 2211 1437 2238 ita
1455 2210 1529 2238 fides
1549 2210 1641 2238 credit
1663 2212 1754 2238 Deum
1769 2211 1817 2239 tri-

1039 2266 1111 2285 nuni
1131 2259 1158 2285 et
1179 2266 1280 2285 unuin.
1298 2259 1334 2284 Dc
1356 2259 1436 2284 scuto
1460 2257 1529 2285 dicit
1552 2257 1709 2293 Apostolus
1727 2257 1767 2285 ¹¹:
1784 2259 1818 2286 In

1039 2306 1159 2332 omuibus
1174 2307 1304 2331 sumentes
1320 2307 1422 2331 scutum
1433 2304 1506 2338 fidei.
1525 2304 1609 2332 Fides
1624 2304 1818 2332 nihilominus

1041 2355 1081 2379 est
1103 2352 1176 2378 sicut
1195 2350 1256 2385 sol,
1281 2350 1329 2378 vel
1352 2350 1421 2378 solis
1443 2351 1554 2378 radius
1582 2353 1653 2378 Nam
1676 2351 1749 2378 sicut
1772 2351 1817 2379 sol

1040 2398 1157 2425 videtur
1171 2397 1268 2426 solum
1286 2397 1414 2433 propriis
1434 2397 1539 2431 radiis,
1557 2405 1617 2424 non
1636 2397 1754 2425 torchiis
1769 2397 1818 2426 vel

1042 2444 1186 2478 candelis3
1213 2444 1253 2471 sic
1274 2445 1347 2471 Deus
1369 2444 1485 2471 videtur
1504 2444 1602 2472 solum
1624 2443 1708 2471 radio
1730 2444 1816 2479 fidei,

1042 2492 1092 2527 qui
1108 2491 1204 2519 solum
1226 2490 1358 2518 innititur
1379 2491 1436 2519 luci
1459 2491 1560 2527 primae
1582 2490 1728 2526 veritatis,
1756 2499 1817 2519 non

1043 2578 1065 2600 2⁴
1079 2590 1108 2594 —-
1121 2577 1131 2593 ⁷
1149 2575 1360 2605 Ose.,n,10,—
1382 2577 1389 2589 ⁸
1406 2577 1482 2603 Rom..
1499 2582 1529 2606 x,
1550 2577 1587 2599 ¹0.
1602 2589 1632 2594 -—
1646 2576 1778 2606 ⁹1Petr.‚
1792 2582 1817 2608 v,

1043 2613 1065 2636 9.
1078 2625 1108 2629 --
1121 2612 1208 2641 ¹⁰Jse.,
1222 2613 1352 2640 x1,12.—
1369 2611 1500 2643 ¹¹Ephes.,
1516 2617 1551 2642 w,
1567 2613 1603 2636 16.

1076 2659 1108 2689 (a)
1125 2659 1185 2684 caet.
1206 2658 1266 2682 cette.
1282 2659 1441 2683 armamenti.
1457 2673 1488 2677 —
1507 2659 1539 2690 (ὁ)
1561 2658 1620 2684 Coet.
1640 2658 1701 2682 edit.
1720 2665 1769 2683 res.
1788 2673 1818 2677 —

1046 2695 1153 2753 (valtem
1170 2694 1280 2720 Domini.
1297 2709 1326 2714 —-
1344 2696 1377 2726 gd]
1396 2697 1456 2720 Item
1472 2701 1567 2719 arcem.
1583 2708 1609 2712 —
1631 2695 1663 2725 (e)
1680 2695 1740 2719 Caet.
1755 2693 1815 2719 edit.

1044 2738 1072 2754 sn
1096 2750 1100 2754 .
