2004 3037
164 226 223 262 362

164 291 321 320 indiscrete
329 290 554 326 interrogantes,
565 297 628 318 non
637 291 705 319 sunt
712 289 853 319 vitiorum
861 289 943 319 evul-

166 346 248 368 sores
260 339 289 366 et
303 337 509 373 destructores,
518 336 572 365 sed
581 336 682 374 potius
695 335 900 373 aedificatores,
914 338 944 366 et

163 385 355 422 plantatores.
371 384 453 420 ldeo,
467 386 500 414 ut
513 384 626 414 dictum
641 385 694 420 est,
704 391 767 413 non
781 384 892 413 dehent
904 384 942 413 de

164 431 292 469 peccatis
305 431 450 460 inusitatis
464 439 602 468 expresse
616 431 812 468 interrogare,
820 431 874 460 sed
887 438 944 460 nec

165 479 204 509 ad
233 478 465 508 circumstantias
493 477 636 516 speciales
663 478 864 515 descendere3
890 477 943 507 sed

168 526 375 555 tantummodo
390 526 421 554 in
443 526 663 555 universalibus
682 527 769 562 stare,
785 527 813 555 et
826 525 944 562 sapien-

168 576 211 603 ter
224 574 313 602 valde
328 582 346 603 a
359 574 448 610 longe
468 575 496 603 et
510 581 528 603 a
540 573 662 603 remotis
684 573 874 609 generalibus
888 572 944 601 cir·

169 621 350 650 cumstantiis
360 621 489 658 incipere
503 628 645 658 quaerere,
654 621 695 650 ita
707 622 740 650 ut
749 620 772 648 si
781 620 860 656 fecit,
876 627 946 648 con-

168 668 254 697 fitens
268 668 364 697 statim
372 670 545 705 cognoscat,
554 668 578 696 si
585 676 648 697 non
656 667 734 702 fecit,
749 667 861 696 nesciat
869 666 945 704 quid

169 715 320 745 confessor
334 715 422 744 dicat.
433 715 632 752 Verbigratia‚
645 715 668 743 si
684 715 722 743 de
732 713 945 743 incontinentia

169 766 290 800 quaerat,
307 765 335 792 et
348 763 419 792 velit
428 764 511 799 seire,
526 772 566 792 an
577 764 608 792 in
623 763 700 800 turpi
713 763 785 792 vitio
799 761 944 799 peccavit,

169 810 267 839 dicere
284 812 400 847 potest:
419 820 432 837 α
448 811 577 840 Habuisti
597 818 732 847 unquam
745 809 944 847 pollutionem

169 859 347 887 dormiendo
357 859 371 886 ἱ)
386 868 400 886 »
416 859 444 887 Si
460 858 539 887 dicat
552 858 635 894 quod
650 858 706 894 si05
724 859 846 894 quaerat,
862 856 888 884 si
901 856 946 884 vi-

168 906 301 942 gilando,
318 905 389 942 quia
403 905 500 934 omnis
513 905 687 942 pollutionis
701 903 869 932 voluntaria
877 910 946 939 pro-

170 954 294 990 curatio,
319 955 442 991 excepto
464 953 574 982 foedere
594 951 818 988 matrimoniali,
839 959 946 988 pecca-

168 1004 231 1030 tum
252 1001 377 1030 mortale
401 1003 452 1029 est.
478 1001 506 1028 Si
535 1000 633 1028 adhuc
661 999 754 1033 dicat,
779 998 864 1035 quod
887 998 945 1034 sic,

168 1050 268 1085 posset
278 1055 408 1085 quaerere
420 1047 591 1084 quomodo;
604 1048 707 1076 caveat
720 1048 832 1080 tamen,
842 1053 879 1074 ne
892 1054 946 1074 un-

168 1103 259 1132 quam
271 1096 381 1131 quaerat
394 1096 493 1122 utrum
504 1094 568 1129 illo,
578 1093 627 1122 vel
641 1093 694 1122 illo
705 1093 798 1122 modo
812 1093 944 1129 speciali,

168 1142 221 1171 sed
235 1142 396 1179 quaerendo
412 1141 588 1178 generaliter
596 1140 733 1175 modum,
744 1142 892 1177 exspectet
906 1140 944 1168 ab

168 1190 220 1218 illo
238 1189 524 1217 determinationem.
540 1189 571 1216 ln
587 1196 648 1224 quo
664 1196 735 1216 casu
746 1190 842 1224 potest
858 1187 942 1215 intel-

166 1237 229 1273 ligi,
247 1237 330 1273 quod
340 1236 470 1273 praecipit
479 1236 618 1264 Dominus
629 1235 790 1264 consessori
801 1235 857 1263 sub
872 1237 945 1271 typo

167 1284 319 1312 creditoris
328 1283 357 1311 in
365 1284 567 1311 Deuteronomio
576 1284 584 1300 ¹
595 1290 602 1310 :
613 1283 675 1310 Cum
682 1285 785 1318 repetes
796 1290 813 1309 a
819 1284 945 1318 prooeimo

168 1334 214 1358 tuo
228 1339 284 1358 rem
299 1332 431 1366 aliquam,
444 1338 525 1366 quam
541 1330 615 1357 debet
631 1330 694 1364 tibi,
709 1337 762 1357 non
782 1330 946 1364 ingredieris

168 1379 274 1406 domum
289 1378 355 1412 ejus,
371 1376 403 1405 id
417 1379 459 1405 est
473 1385 525 1405 cor
539 1377 586 1404 vel
602 1376 814 1404 conscientiam
825 1376 899 1412 ejus,
914 1379 946 1404 ut

165 1427 266 1461 pignus
279 1426 400 1458 auferas,·
413 1424 458 1451 sed
468 1424 553 1451 stabis
567 1424 646 1458 foris,
658 1425 684 1451 et
699 1425 746 1451 ille
762 1424 813 1450 tibi
824 1424 946 1459 proferet

168 1472 239 1507 quod
253 1472 387 1499 habuerit.
404 1470 431 1498 Si
453 1478 524 1498 vero
541 1469 636 1504 dicat,
651 1470 735 1506 qnod
754 1477 826 1505 non,
852 1471 947 1498 taceat

168 1519 305 1547 sacerdos
321 1527 328 1547 ε
345 1526 449 1546 cavere
463 1518 544 1546 enim
558 1517 644 1546 debet
659 1525 694 1545 ne
721 1517 826 1553 lupum
841 1516 947 1545 excitet

169 1566 377 1600 dormientem,
388 1573 425 1592 ne
434 1564 571 1592 videlicet
581 1566 702 1600 peccata
711 1571 791 1592 nova
801 1563 831 1591 in
845 1563 945 1592 animo

168 1613 296 1641 hominis
307 1614 504 1649 repra⁴senteh
516 1611 654 1639 Similiter
665 1610 835 1639 faciendum
851 1613 893 1639 est
909 1611 945 1638 de

169 1660 234 1687 aliis
251 1659 379 1695 peccatis
408 1658 597 1686 inconsuetis.
627 1658 654 1686 Si
683 1660 781 1685 antem
804 1658 946 1686 confitens

169 1706 256 1734 ctiam
272 1708 392 1742 peccata
405 1707 543 1733 consueta
556 1705 665 1733 neseiat
681 1704 825 1739 confiteri,
841 1708 872 1732 ut
886 1705 946 1732 ferc

170 1753 364 1781 communiter
385 1760 489 1780 omnes
510 1760 665 1786 rurenses,
690 1753 786 1787 potest
810 1753 837 1779 et
859 1751 948 1778 ‹lebet

170 1800 320 1828 confessor
334 1800 533 1833 interrogare,
549 1798 714 1825 secundnm
730 1798 804 1825 illud
823 1799 948 1825 Ezechie-

170 1846 304 1874 lis².·Fz'li
318 1847 443 1877 hominis,
459 1846 522 1879 fode
539 1847 681 1880 parietem.
698 1845 875 1879 Augustinus
890 1846 900 1861 ³
916 1844 948 1872 de

170 1903 191 1920 r·
202 1902 233 1921 ra
243 1897 266 1921 et
276 1895 347 1926 fals«
358 1894 528 1925 I'rrut'tcntin,
537 1892 613 1918 circa
623 1892 711 1918 tinem
723 1901 748 1918 :u
759 1891 886 1925 Diligens
895 1891 948 1926 igi-

170 1942 216 1967 tur
227 1940 382 1976 inquisitor
394 1941 421 1966 et
432 1939 546 1966 subtilis
557 1939 747 1973 investigator
760 1938 906 1973 sapienter
920 1940 948 1966 et

170 1987 254 2023 qnasi
264 1988 355 2014 astute
364 1987 523 2020 interroget
533 1994 550 2013 a
559 1987 724 2021 peccatore,
734 1985 816 2020 quod
827 1984 948 2012 forsitan

170 2033 296 2068 ignorat,
314 2033 361 2061 vel
376 2032 542 2061 verecunde
563 2032 633 2059 velit
648 2031 804 2059 occultare.
821 2031 947 2066 Cognito

170 2081 268 2116 itaque
293 2080 426 2114 crimine,
445 2079 598 2107 varietates
622 2079 684 2113 ejus
701 2085 762 2105 non
778 2077 892 2105 dubitet
906 2077 947 2104 in-

171 2127 322 2162 vestigare,
339 2130 365 2155 ot
386 2128 485 2154 locum
501 2129 527 2153 et
543 2130 669 2162 teinpus,
690 2128 757 2159 ete„
774 2134 839 2160 qum
858 2133 948 2160 snpra

172 2174 300 2201 diximus
323 2174 352 2201 in
372 2173 550 2209 exponendo
570 2181 673 2200 corum
695 2172 866 2208 qualitates3
884 2171 948 2207 qni-

171 2221 228 2247 bus
248 2221 381 2255 cogniti&
399 2221 475 2248 adsit
489 2220 665 2254 bcnevottffi,
685 2221 806 2254 paratus
825 2218 947 2253 erigere,

172 2270 200 2295 et
220 2275 320 2294 secum
342 2275 416 2294 onus
436 2269 563 2302 portare.
586 2266 695 2293 liabent
713 2265 902 2292 dnlcedinem
918 2266 948 2292 in

172 2314 337 2346 affectione,
346 2313 519 2349 pietateinin
531 2312 648 2340 alterius
657 2312 789 2344 crimine,
799 2312 948 2339 discretio-

172 2369 241 2388 nem
254 2361 283 2387 in
298 2360 436 2387 varietate
450 2367 655 2395 personarum.
668 2369 681 2385 »
696 2361 726 2386 Et
737 2358 812 2386 infra
826 2367 833 2386 z
848 2369 860 2384 «
871 2360 948 2386 Sem-

171 2416 225 2443 per
244 2415 312 2435 eum
332 2407 414 2442 juvet
436 2406 595 2440 leniendo,
617 2414 700 2442 spem
724 2406 946 2441 promittendo,

172 2454 374 2489 consolando,
391 2455 418 2481 et
440 2462 508 2481 cum
531 2461 606 2489 opus
625 2452 721 2486 suerit,
745 2453 833 2480 etiam
854 2453 948 2480 incre-

172 2501 283 2536 pando.
301 2511 314 2527 »
332 2502 394 2528 llaec
413 2500 599 2534 Augustinus
617 2501 649 2527 Et
672 2499 868 2527 introducitur
887 2500 948 2527 haec

171 2548 338 2582 auctoritas,
353 2550 380 2576 et
395 2547 486 2575 multa
502 2546 601 2574 deista
617 2546 750 2581 materia,
766 2546 798 2574 de
813 2547 947 2574 Pontum--

172 2597 221 2629 tia,
239 2594 269 2622 d.
286 2604 314 2623 ri
329 2595 350 2629 ⁴,
366 2603 418 2630 per
432 2596 537 2622 totum.

206 2659 209 2670 ¹
236 2658 317 2686 Dent.y
339 2663 409 2686 mlv,
434 2658 470 2680 itt.
490 2670 520 2674 —
535 2656 545 2672 ²
568 2656 666 2687 Est-lt,
686 2663 745 2687 vni,
767 2658 790 2680 8.
811 2669 841 2674 —
864 2657 875 2673 ³
896 2657 947 2681 lmo

173 2694 270 2723 auctor,
284 2693 397 2724 quisquis
417 2693 457 2717 itte
477 2693 522 2723 sit,
543 2692 599 2717 libri
617 2692 646 2716 (Ie
664 2700 713 2717 ver.
734 2694 757 2717 et
771 2692 829 2723 fals.
849 2693 947 2724 Poma„

755 216 758 217 ⁷
797 221 1131 257 CONFESSIONALE.

1277 341 1461 368 PAR'rthLA
1479 342 1510 368 n.

998 413 1112 444 Qualiter
1131 415 1158 440 et
1178 413 1210 440 de
1229 413 1322 446 quihus
1342 413 1555 445 interrogandum
1578 414 1624 446 sit;
1645 415 1672 441 et
1691 393 1775 448 primo

1298 449 1330 474 de
1348 449 1480 482 superbia.

1032 527 1137 556 Taliter
1159 529 1260 556 autem
1273 528 1413 557 sacerdos
1435 528 1534 565 potest
1555 528 1694 558 incedere
1709 537 1717 558 :
1733 529 1776 558 in-

996 575 1179 611 terrogando
1193 574 1292 612 primo
1308 575 1346 604 de
1360 575 1516 613 superbia;
1531 577 1560 604 et
1573 575 1685 613 primo,
1699 576 1724 604 si
1739 584 1777 605 ex

996 624 1113 651 tumore
1128 621 1228 651 cordis
1243 630 1313 650 cum
1327 622 1542 651 deliberatione
1559 622 1726 659 superbivit
1739 622 1777 652 de

997 669 1086 698 bonis
1098 671 1221 704 naturae,
1235 668 1311 698 alios
1320 669 1552 704 contemnendo,
1565 671 1668 707 utpote
1682 670 1720 699 de
1734 669 1778 699 in-

998 715 1078 752 genii
1099 715 1245 744 naturalis
1267 715 1439 752 subtilitate,
1455 716 1493 745 de
1507 716 1641 753 corporis
1663 716 1778 746 fortitu-

1000 765 1080 800 dine,
1095 763 1336 801 pulchritudine,
1350 763 1497 800 agilitate,
1514 766 1542 793 et
1556 764 1719 801 similibus,
1740 765 1779 794 de

999 810 1141 840 omnibus
1155 810 1253 846 donis,
1265 809 1376 839 scilicet
1391 810 1493 846 gratiae
1502 810 1592 847 gratis
1603 811 1690 847 datae,
1704 812 1779 841 sicut

1001 859 1038 887 de
1051 857 1134 886 bona
1147 865 1234 892 voce,
1249 857 1287 886 de
1301 856 1486 893 affabilitate,
1501 857 1683 894 eloquentia,
1698 859 1726 887 et
1740 858 1780 887 si-

999 904 1132 939 mitibus,
1148 903 1318 941 appetendo
1331 911 1388 940 pro
1403 903 1450 932 his
1463 903 1632 933 inordinate
1643 904 1762 941 placere
1769 915 1778 942 ς

998 951 1048 980 vel
1062 950 1184 986 eadem,
1199 951 1224 979 si
1239 958 1301 980 non
1315 950 1475 986 adfuerint,
1489 950 1678 988 culpabiliter
1693 951 1780 980 affec-

998 997 1100 1026 tando.
1118 997 1266 1033 Secundo,
1289 998 1327 1026 de
1342 997 1431 1026 bonis
1443 996 1580 1033 fortunae,
1595 997 1621 1025 si
1634 1006 1665 1026 se
1677 998 1781 1027 extulit

1000 1045 1038 1073 de
1049 1045 1169 1079 divitiiS,
1180 1045 1217 1073 de
1231 1046 1390 1082 parentum
1400 1044 1602 1079 multitudine,
1613 1044 1779 1079 nobilitate,

1000 1094 1028 1120 et
1043 1091 1081 1120 de
1095 1091 1216 1128 propria
1231 1091 1383 1127 dignitate,
1399 1093 1561 1128 potestate,
1576 1092 1614 1120 de
1637 1091 1781 1128 acquisita

999 1138 1130 1173 scicntia,
1145 1138 1309 1174 industria,
1325 1138 1516 1174 experientia,
1541 1137 1578 1166 de
1600 1138 1715 1166 consilii
1729 1146 1779 1166 ex-

1001 1185 1147 1220 cellentia,
1161 1187 1189 1213 et
1202 1185 1367 1221 similibus,
1383 1184 1432 1213 vel
1446 1185 1470 1212 si
1485 1184 1655 1220 defuerunt,
1667 1192 1703 1213 ea
1717 1185 1780 1213 cul-

1000 1232 1138 1269 pabiliter
1150 1232 1308 1260 affectavit.
1319 1233 1433 1266 Quaeret
1443 1231 1532 1260 etiam
1541 1231 1566 1259 si
1577 1231 1614 1259 de
1623 1231 1781 1268 praemissis

1002 1279 1153 1314 omnibus,
1175 1279 1224 1307 vel
1239 1279 1400 1315 aliquibus,
1417 1277 1582 1315 aliquando
1607 1286 1638 1306 se
1649 1278 1780 1314 Jactavit,

1001 1326 1076 1354 sorte
1087 1326 1174 1354 etiam
1185 1325 1378 1360 mendaciter,
1390 1328 1417 1353 et
1431 1325 1468 1353 de
1481 1327 1611 1363 quatuor
1625 1325 1781 1362 speciebus

1002 1373 1162 1409 superbiae,
1175 1381 1241 1409 quae
1256 1360 1444 1401 continentur
1458 1371 1489 1400 in
1500 1372 1558 1401 hoc
1571 1379 1660 1400 versu
1674 1381 1681 1400 ε

1034 1445 1064 1468 Et
1079 1442 1115 1475 (a)
1131 1450 1157 1467 sc
1172 1450 1218 1475 pro
1234 1442 1332 1467 meritis
1346 1442 1409 1467 salso
1425 1441 1481 1474 plus
1493 1442 1614 1467 omnibus
1628 1442 1708 1468 inflat.

1001 1515 1107 1551 Tertio,
1123 1515 1160 1543 de
1175 1515 1263 1543 bonis
1278 1514 1378 1550 gratias
1390 1516 1507 1550 gratum
1523 1514 1664 1551 facientis,
1679 1516 1781 1551 utpote

1003 1563 1040 1590 de
1056 1563 1232 1597 devotione,
1253 1561 1404 1596 oratione,
1421 1561 1458 1589 de
1473 1561 1628 1598 lacrymis,
1648 1562 1781 1598 jeJunio,

1002 1610 1136 1644 silentio,
1160 1609 1347 1645 obedientia,
1378 1609 1559 1643 humilitate,
1581 1611 1609 1637 et
1636 1609 1782 1637 similibus

1003 1657 1143 1684 omnibus
1165 1655 1325 1690 exercitiis,
1341 1664 1466 1692 quoquo
1481 1655 1574 1683 modo
1594 1655 1633 1683 ad
1657 1656 1782 1692 gratiam

1004 1706 1121 1739 gratum
1139 1703 1295 1730 facientem
1310 1702 1534 1738 pertinentibus.
1551 1704 1675 1736 Quarto,
1691 1703 1714 1729 si
1729 1711 1781 1730 ex-

1004 1750 1068 1778 tulit
1082 1758 1112 1777 se
1132 1750 1168 1777 de
1191 1749 1328 1785 peccatis,
1344 1751 1445 1784 utpote
1460 1748 1498 1776 de
1511 1748 1640 1783 luxuria,
1655 1748 1703 1776 vel
1717 1748 1782 1776 aliis

1004 1797 1256 1832 quibuscumque,
1273 1796 1344 1832 quia
1358 1795 1524 1823 secundnm
1542 1795 1662 1824 beatum
1674 1797 1782 1831 Grego-

1003 1844 1103 1871 riuu1⁵
1120 1852 1127 1870 :
1146 1842 1259 1871 «Omni
1283 1842 1373 1878 culpa
1394 1842 1514 1877 gravius
1529 1844 1582 1878 est,
1602 1842 1725 1878 quando
1746 1842 1783 1870 de

1005 1889 1163 1918 commisso
1178 1889 1250 1918 vitio
1266 1888 1445 1925 superbitur.
1463 1898 1476 1915 >³

1271 1988 1450 2013 PARTlCL‘LA
1474 1988 1516 2012 ΙΙΙ.

1314 2056 1350 2080 De
1367 2055 1474 2079 lnvittia.

1041 2127 1155 2159 Qntrrat
1178 2126 1266 2154 etiam
1285 2125 1322 2153 de
1341 2124 1476 2152 invidia:
1499 2124 1522 2152 si
1546 2124 1658 2152 laetatus
1679 2126 1721 2153 est
1745 2125 1782 2153 de

1004 2173 1132 2209 proximi
1148 2172 1324 2201 adversitate
1334 2193 1342 2206 ,
1359 2171 1411 2207 qui
1435 2179 1502 2198 enm
1518 2171 1600 2207 laesit,
1615 2171 1664 2199 vel
1679 2172 1782 2200 contri-

1005 2222 1094 2248 status
1110 2220 1147 2247 de
1162 2219 1354 2255 prosperitate
1364 2239 1372 2252 ,
1391 2217 1473 2254 qnod
1488 2220 1529 2245 est
1543 2218 1657 2253 primns
1672 2217 1781 2253 gradus

1004 2267 1143 2301 invidife3
1160 2265 1206 2293 vel
1221 2265 1272 2301 qui
1287 2272 1348 2292 non
1364 2264 1444 2298 laesit,
1459 2264 1542 2300 quod
1557 2267 1598 2292 est
1613 2264 1779 2299 secundus3

1005 2314 1051 2342 vel
1066 2313 1117 2349 qni
1132 2313 1209 2340 bene
1222 2312 1278 2339 sibi
1291 2311 1367 2345 fecit,
1379 2311 1464 2347 quod
1474 2313 1516 2339 est
1532 2311 1640 2339 tertius.
1655 2311 1703 2339 Hic
1714 2310 1780 2339 des-

1005 2360 1131 2388 cendere
1154 2359 1259 2395 poterit
1281 2357 1318 2385 de
1345 2357 1469 2385 diversis
1493 2357 1721 2385 adversitatibus
1750 2357 1780 2385 in

1004 2407 1135 2443 speciali,
1155 2405 1263 2433 seilicet
1277 2404 1445 2432 infirmitate
1461 2404 1604 2440 corporis,
1622 2404 1738 2438 labore,
1753 2405 1781 2432 et

1005 2454 1121 2484 dolore,
1138 2452 1185 2480 vel
1201 2451 1299 2479 cordis
1315 2451 1514 2485 tribulatione,
1533 2451 1581 2478 vel
1596 2450 1779 2485 confusione,

1005 2503 1033 2528 et
1048 2499 1203 2533 similibus,
1218 2498 1383 2526 secundum
1397 2498 1480 2534 quod
1491 2506 1545 2534 pro
1560 2497 1698 2526 varietate
1712 2505 1781 2534 per-

1005 2555 1145 2576 sonarum
1160 2545 1267 2573 viderit
1282 2545 1431 2581 expedire.

1006 2624 1028 2640 c.
1046 2621 1126 2643 xx,n.
1140 2615 1177 2637 36.
1193 2613 1240 2630 --⁴
1253 2612 1311 2637 Yid.
1331 2612 1430 2636 Decreti
1446 2613 1510 2642 part.
1537 2612 1568 2642 11,
1593 2618 1662 2636 caus.
1685 2617 1780 2636 xxxm-

1006 2665 1035 2669 —-
1050 2652 1061 2668 ὕ
1076 2652 1163 2679 Grcg„
1180 2648 1412 2679 alo›·at.,1ib.vtt,
1427 2654 1450 2671 c.
1466 2653 1532 2672 xxii.

1039 2693 1074 2723 (χι)
1092 2693 1152 2716 Caet.
1168 2690 1229 2715 edil.
1248 2691 1278 2714 Α.
