2004 3037
551 217 601 250 DE
623 216 883 250 CORRUP'I'ELA
906 216 1055 248 PECCAT
1058 218 1078 248 1.
1102 216 1189 249 CAP.
1215 216 1307 249 lv-V.

126 285 244 314 macula
263 285 428 314 secundum
447 293 512 314 rem
526 284 600 313 nihil
620 285 679 319 est,
695 286 723 312 et
738 286 835 312 tamen
852 283 903 312 de-

124 331 233 360 format
243 332 384 368 animam,
398 340 459 360 non
469 340 522 368 per
537 331 662 359 modum
674 331 840 368 positionis,
851 330 905 358 sed

125 378 313 415 privationis,
337 379 412 407 sicut
438 378 584 406 truncatio
605 377 733 406 membri
759 377 907 405 deformat

126 433 234 462 corpus
258 428 285 453 et
311 425 448 454 maculat.
481 424 551 452 Dicit
579 425 667 452 etiam
693 424 873 459 Augustinus
896 424 904 440 ¹

127 473 210 508 qnod
229 473 317 500 etiam
339 472 414 500 sicut
436 471 611 500 abstinentia
634 471 718 499 nulla
740 473 783 498 est
803 479 864 505 rea,
880 472 908 498 et

126 521 225 547 tamen
239 527 275 547 ex
296 527 331 547 ea
346 527 453 554 corpus
467 518 607 554 languet,
624 518 662 545 ita
676 519 830 554 peccatum
846 525 906 544 non

128 568 171 593 est
184 574 232 594 res
246 565 362 601 aliqua,
378 564 426 593 vel
447 565 611 593 substantia
630 564 749 600 aliqua,
774 566 801 591 et
816 572 850 591 ex
871 571 907 591 eo

128 614 227 640 tamen
253 615 358 640 natura
387 612 606 648 corrumpitur,
633 611 686 639 sed
716 610 832 638 deletur
856 617 909 646 per

128 660 262 695 gratIam.
283 658 452 687 Notandum
472 660 623 694 praeterea,
649 657 732 693 quod
754 659 907 693 peccatum

129 706 311 742 quandoque
326 705 429 733 transit
443 707 525 740 actu,
541 707 568 733 et
581 707 715 733 remanet
727 706 819 738 reatu,
835 703 910 730 sicut

128 755 282 790 peccatum
298 753 412 782 actuale
423 763 431 788 ;
453 752 636 789 quandoque
655 753 698 779 est
717 759 733 778 e
753 758 908 782 converso,

130 808 198 828 cum
218 801 374 836 peccatum
396 799 498 827 transit
511 800 596 826 reatu
610 820 618 834 ,
635 800 663 826 et
676 799 810 826 remanet
824 799 890 825 actu
901 818 910 831 ,

129 847 203 874 sicut
216 848 297 883 patet
308 846 338 874 in
352 848 474 882 peccato
485 845 622 881 originali
633 847 700 881 post
710 844 908 880 baptismum3

131 894 314 930 quandoque
337 893 439 921 transit
463 895 529 920 actu
548 892 635 920 simul
660 894 688 920 et
715 894 815 926 reatu,
838 891 912 919 sieut

130 942 284 976 peccatum
303 939 416 968 actuale
433 941 501 976 post
513 939 719 975 poenitentiam
733 938 893 974 perfectam
902 947 910 972 3

131 987 315 1023 quandoque
334 987 468 1014 remanet
482 989 548 1014 actu
564 987 592 1013 et
606 987 700 1020 reatu,
716 985 791 1013 sicut
804 993 911 1020 pecca-

131 1035 194 1061 tum
210 1033 353 1068 originale
368 1035 435 1060 ante
449 1032 642 1068 baptismum.

402 1127 547 1161 CAPUT
578 1127 635 1161 IV.

234 1199 308 1231 Quid
326 1201 364 1226 sit
384 1199 528 1226 Peccatum
546 1199 689 1226 secundum
707 1205 808 1225 nomen.

170 1270 323 1296 Peccatum
334 1267 425 1296 habet
438 1267 531 1296 multa
543 1267 667 1295 nomina
680 1275 686 1294 τ
699 1268 822 1294 vocatur
834 1266 913 1293 enim

133 1316 250 1350 macula,
263 1316 290 1342 et
304 1315 362 1342 hoc
377 1314 621 1350 quiaimaginem
631 1313 737 1341 animae
752 1313 912 1347 del'ormat;

133 1361 204 1389 item
218 1365 321 1395 reatus,
337 1361 482 1397 quoniam
497 1361 536 1389 ad
550 1369 670 1397 poenam
685 1362 824 1388 aeternam
837 1358 914 1386 obli-

135 1409 202 1443 gat3
218 1408 287 1435 item
306 1409 438 1443 pollutio,
459 1409 486 1435 et
504 1407 562 1435 hoc
582 1409 727 1443 quantum
748 1406 787 1433 ad
813 1408 914 1433 conta-

135 1455 256 1490 gionem
285 1456 467 1482 contractam
493 1462 528 1481 ex
558 1456 674 1481 terrena
703 1452 914 1486 delectatione3

135 1501 205 1528 item
220 1503 342 1529 vocatur
356 1509 449 1536 poena,
467 1501 497 1528 in
517 1501 662 1536 quantum
676 1499 794 1535 respicit
808 1507 914 1534 pecca-

136 1549 198 1575 tum
216 1547 305 1583 primi
321 1547 451 1575 hominis
461 1568 470 1582 ,
486 1547 517 1574 in
532 1555 593 1582 qno
613 1548 718 1574 natura
736 1548 837 1573 nostra
852 1553 915 1572 cor-

135 1596 222 1630 rupta
236 1594 308 1629 fuit3
325 1594 395 1622 item
420 1594 547 1621 delictum
557 1614 566 1628 ,
587 1592 754 1620 secundum
776 1592 857 1628 quod
875 1594 917 1619 est

135 1649 266 1669 recessus
279 1649 296 1668 a
307 1640 447 1676 dignitate
459 1640 558 1675 gratiae
570 1640 678 1667 habitae
686 1649 694 1674 ;
709 1639 779 1666 item
793 1640 917 1667 vocatur

137 1690 229 1723 culpa,
255 1690 344 1724 prout
366 1687 484 1723 respicit
502 1695 638 1723 poenam;
655 1686 725 1714 item
749 1686 869 1720 offensa,
889 1688 916 1712 et

136 1734 192 1762 hoc
214 1735 285 1770 quia
302 1737 403 1762 contra
423 1735 515 1762 Deum
532 1736 587 1769 est,
611 1733 682 1760 item
703 1733 912 1767 praenarisatz'o,

137 1783 164 1809 et
177 1781 234 1809 hoc
246 1781 276 1808 in
287 1783 430 1816 qnantum
442 1780 617 1808 mandatum
631 1780 678 1807 Dei
694 1779 831 1815 respicit5
846 1779 916 1807 item

135 1829 254 1862 vitium,
277 1827 309 1854 id
330 1829 372 1855 est
390 1827 521 1855 deiectus
544 1827 696 1855 bonorum
719 1826 913 1861 naturalium;

137 1874 207 1901 item
227 1877 381 1909 peccatum,
397 1875 485 1909 prout
507 1875 549 1901 est
571 1873 726 1901 conversio
748 1872 787 1900 ad
801 1872 916 1900 bonum

109 1914 111 1916 ’
139 1920 347 1948 commutabile
360 1929 367 1954 ;
384 1920 454 1947 item
469 1921 592 1948 vocatur
606 1921 688 1947 scelus
701 1921 824 1955 propter
840 1920 916 1954 inju-

138 1967 214 1994 riam
235 1967 283 1994 Dei
299 1975 457 2001 magnam;
479 1967 550 1994 item
565 1968 661 2001 nefas,
682 1968 771 2002 prout
792 1968 834 1993 est
858 1966 916 1992 illi-

140 2013 228 2040 citnm
251 2021 385 2048 personae
406 2014 603 2048 perpetranti3
628 2014 697 2040 item
720 2015 842 2040 vocatur
866 2021 918 2039 crc-

140 2068 213 2093 men,
227 2061 316 2095 prout
331 2061 373 2086 est
388 2059 513 2094 dignum
529 2059 715 2087 accusatione
732 2062 759 2086 et
773 2067 871 2094 poena.

421 2154 563 2206 CAPUT
592 2154 634 2187 V.

376 2228 413 2252 De
434 2226 545 2260 Oriqine
566 2226 680 2252 Peccati.

177 2294 315 2327 Quamvis
329 2296 483 2330 peccatum
504 2295 539 2322 sit
560 2294 739 2322 contrarium
755 2294 811 2330 ipsi
826 2294 919 2328 bono,

141 2348 203 2368 non
218 2343 314 2368 tamen
336 2341 425 2368 habet
446 2349 507 2368 esse
522 2341 578 2368 nisi
593 2341 624 2368 in
638 2341 733 2374 bono,
748 2349 803 2368 nec
823 2343 920 2368 ortum

142 2387 228 2414 trahit
239 2387 293 2414 nisi
302 2387 410 2414 abono
422 2396 428 2414 :
441 2387 523 2423 quod
539 2387 660 2423 quidem
669 2387 784 2415 bonum
797 2390 839 2414 est
849 2387 922 2414 libe-

142 2441 209 2461 rum
223 2435 388 2469 arbitrium,
398 2443 432 2462 ac
443 2435 590 2470 voluntas,
607 2444 624 2462 a
640 2444 699 2471 qua
714 2438 867 2471 peccatum
880 2437 922 2462 est

144 2480 217 2508 sicut
230 2489 248 2508 a
262 2481 358 2516 prima
373 2481 486 2516 origine
497 2503 505 2516 ,
521 2482 551 2509 in
577 2490 637 2517 qua
655 2484 697 2509 est
713 2482 788 2509 sicut
807 2481 837 2508 in
852 2489 921 2517 pro-

143 2526 208 2561 prio
223 2527 365 2562 subjecto.
380 2528 520 2556 Voluntas
534 2528 622 2563 igitur
632 2530 674 2556 est
691 2536 780 2556 causa
793 2528 919 2564 peccati:

145 2580 244 2606 causa,
260 2573 337 2608 dico,
349 2582 410 2602 non
426 2575 566 2610 efficiens,
581 2574 634 2602 sed
649 2575 798 2602 deficiens.
816 2574 922 2601 Volun-

181 2671 274 2701 ¹Aug.‚
291 2671 320 2693 de
340 2673 398 2696 Nat.
417 2675 440 2695 μί
457 2673 540 2704 Grai„
557 2683 578 2697 c.
595 2680 639 2704 xx,
655 2681 682 2698 n.
695 2674 734 2698 22.

1682 221 1739 249 125

960 285 1003 312 tas
1032 285 1131 319 enim,
1157 284 1322 313 secundum
1348 283 1431 320 quod
1457 283 1547 312 habet
1573 287 1739 320 respectum

960 331 1000 358 nd
1023 339 1110 359 suum
1137 330 1317 367 principium
1344 338 1362 358 a
1390 338 1451 366 quo
1476 332 1533 365 est,
1562 331 1672 359 scilicet
1700 333 1738 360 ad

961 378 1067 412 Deum,
1084 386 1145 405 non
1160 380 1202 405 est
1222 379 1291 405 nata
1315 376 1419 404 elicere
1440 385 1477 404 cx
1490 385 1521 405 se
1536 377 1592 405 nisi
1607 378 1737 413 bonum3

960 424 1013 452 scd
1029 424 1194 452 secundum
1209 423 1293 460 quod
1312 423 1402 451 habet
1417 426 1583 459 respectum
1597 425 1636 453 ad
1655 425 1738 461 prin-

961 471 1072 507 cipium
1094 480 1130 499 ex
1152 479 1212 507 quo
1228 472 1288 504 est,
1304 470 1385 506 quod
1410 472 1452 498 est
1474 471 1563 504 nihil,
1585 480 1653 499 cum
1675 472 1741 508 ipsa

961 518 1099 545 voluntas
1119 518 1155 545 sit
1169 526 1203 545 ex
1223 516 1338 551 nihilo,
1363 516 1455 544 tendit
1476 517 1515 544 ad
1534 517 1690 546 defectum.
1713 519 1741 546 Si

963 572 1034 599 ergo
1063 564 1201 592 volumus
1233 563 1306 591 scire
1335 563 1414 590 unde
1442 562 1477 590 sit
1506 563 1620 591 malum
1649 565 1742 600 culpae

963 610 1167 645 materialiter,
1185 610 1331 644 dicemus,
1348 609 1432 645 quod
1450 618 1485 637 ex
1507 610 1616 645 nihilo;
1632 611 1655 637 si
1670 619 1742 639 vero

963 657 1103 685 volumus
1129 657 1201 685 scire
1231 656 1311 684 unde
1339 656 1375 683 sit
1401 655 1581 691 formaliter,
1611 657 1744 686 dicemus

964 704 1047 740 quod
1072 712 1108 731 ex
1123 703 1258 731 absentia
1277 702 1369 731 debiti
1388 703 1475 738 boni,
1495 703 1604 731 scilicet
1617 704 1741 740 speciei,

964 751 1047 778 modi
1071 752 1099 778 et
1117 749 1244 785 ordinis3
1261 750 1314 777 sed
1332 750 1356 777 si
1378 749 1503 777 velimus
1525 750 1597 778 scire
1615 751 1695 778 unde
1710 751 1745 779 sit

965 797 1158 832 originaliter,
1179 797 1312 824 dicemus
1328 796 1411 833 quod
1426 796 1462 824 sit
1476 805 1493 825 a
1508 797 1670 832 voluntate,
1683 797 1744 825 sive

965 852 983 871 a
997 844 1092 871 libero
1108 843 1241 871 arbitrio.

1002 892 1040 918 De
1055 898 1214 926 progressu
1229 892 1328 918 autem
1343 890 1455 926 peccati
1473 893 1558 926 nota,
1579 891 1661 927 quod
1676 899 1746 928 pec-

967 939 1066 964 catum
1083 937 1213 965 initiatur
1227 937 1258 964 in
1273 937 1462 972 cogitatione,
1478 938 1613 974 procedit
1628 940 1655 966 et
1669 946 1747 966 cres-

967 984 1004 1012 cit
1019 984 1048 1011 in
1065 984 1276 1018 delectatione,
1291 984 1442 1020 perficitur
1457 985 1487 1012 in
1501 993 1656 1013 consensu.

1003 1030 1085 1058 Circa
1106 1039 1297 1066 progressum
1318 1031 1450 1066 peccati,
1472 1031 1644 1066 sciendum,
1665 1032 1747 1068 quod

968 1078 1106 1113 quaedam
1121 1078 1298 1105 antecedunt
1312 1078 1409 1114 ipsum
1424 1081 1594 1114 peccatum,
1610 1079 1748 1114 quaedam

967 1126 1142 1160 sequuntur,
1157 1125 1296 1160 quaedam
1310 1125 1508 1152 circumstant.
1528 1127 1681 1153 Peccatum
1696 1134 1747 1153 an-

967 1171 1106 1198 tecedunt
1130 1171 1232 1207 aliqua
1253 1180 1289 1199 ex
1303 1174 1385 1207 parte
1402 1172 1580 1206 aversionis,
1595 1172 1697 1208 aliqua
1712 1181 1747 1200 ex

968 1219 1050 1253 parte
1066 1218 1278 1245 conversionis.
1299 1220 1340 1246 Ex
1357 1220 1440 1254 parte
1456 1218 1616 1246 avertionis
1634 1221 1749 1246 antece-

969 1264 1044 1292 dunt
1063 1264 1162 1300 ipsum
1176 1267 1331 1300 peccatum
1346 1265 1401 1292 ista
1416 1275 1424 1292 :
1442 1266 1640 1301 contemptus,
1661 1266 1750 1293 omis-

969 1311 1029 1345 sio,
1058 1311 1239 1346 ingratitudo
1251 1332 1258 1345 ,
1289 1311 1506 1345 inobedientia,
1536 1312 1748 1347 praevaricatio.

971 1358 1022 1386 illa
1045 1366 1116 1386 vero
1137 1367 1202 1394 quae
1227 1360 1382 1394 peccatum
1407 1358 1582 1386 antecedunt
1605 1367 1640 1386 ex
1666 1360 1749 1394 parte

971 1405 1184 1439 conversionis,
1201 1406 1269 1432 sunt
1282 1405 1344 1433 haec
1360 1414 1366 1433 z
1383 1404 1537 1440 cogitatio,
1554 1405 1664 1440 libido,
1681 1414 1751 1433 con-

971 1451 1166 1487 cupiscentia,
1182 1452 1352 1486 delectatio,
1369 1459 1508 1487 perversa
1522 1452 1661 1486 intentio,
1677 1461 1750 1480 con-

971 1506 1082 1525 sensus.
1112 1498 1176 1526 Alia
1203 1501 1270 1526 sunt
1298 1507 1364 1534 quse
1394 1501 1557 1534 sequuntur
1580 1500 1750 1534 peccatum,

971 1544 1045 1572 sicut
1066 1547 1109 1572 est
1126 1545 1262 1580 macula,
1288 1545 1319 1572 id
1341 1547 1402 1579 est,
1421 1545 1596 1573 deformatio
1614 1545 1751 1580 imaginis

972 1592 1040 1626 Dei3
1058 1594 1085 1620 et
1096 1595 1209 1625 reatus,
1228 1591 1260 1619 id
1276 1594 1318 1619 est
1332 1592 1475 1627 obligatio
1487 1592 1526 1619 ad
1540 1600 1661 1628 poenam
1673 1596 1751 1620 aeter-

972 1646 1052 1666 nam.
1064 1641 1135 1667 Sunt
1146 1639 1245 1666 adhuc
1255 1638 1314 1666 alia
1324 1647 1390 1674 quae
1399 1640 1553 1674 peccatum
1563 1639 1751 1674 comitantur,

972 1686 1004 1712 ut
1024 1687 1091 1713 sunt
1110 1687 1300 1721 peccatorum
1320 1685 1560 1720 circumstantiae‚
1589 1694 1655 1722 qnae
1683 1694 1752 1722 pec-

974 1733 1071 1759 catum
1093 1734 1276 1767 aggravant,
1306 1734 1355 1759 aut
1371 1731 1562 1759 diminuunt:
1592 1741 1657 1768 quae
1679 1741 1750 1761 con-

974 1778 1101 1806 tinentur
1112 1778 1144 1805 in
1157 1778 1214 1806 hoc
1230 1786 1317 1806 versu
1334 1787 1340 1805 z

974 1855 1048 1885 Quis,
1069 1854 1144 1886 quid,
1164 1855 1221 1886 ubi,
1242 1863 1287 1886 per
1307 1863 1385 1887 quos,
1404 1857 1517 1888 quoties,
1535 1864 1588 1889 cur,
1608 1858 1750 1924 q[u0m0d0,

1635 1894 1746 1924 quando.

1010 1971 1090 1998 Actio
1110 1970 1198 1998 etiam
1220 1971 1272 1998 illa
1297 1979 1350 2006 per
1378 1974 1532 2007 peccatum
1556 1972 1752 2008 depravatur,

975 2025 1041 2052 qnae
1061 2019 1104 2044 est
1124 2017 1161 2045 de
1186 2025 1293 2052 genere
1322 2018 1489 2051 bonorum,
1511 2019 1694 2055 quandoque
1722 2020 1753 2047 in

974 2064 1135 2099 principio,
1150 2064 1332 2099 quandoque
1347 2065 1377 2091 in
1392 2065 1507 2099 medio,
1524 2066 1707 2101 quandoque
1724 2066 1753 2093 in

975 2110 1053 2137 tine:
1075 2112 1102 2137 et
1124 2111 1181 2137 hoc
1204 2119 1257 2145 per
1277 2111 1387 2138 malam
1412 2111 1619 2146 intentionem,
1636 2113 1683 2140 vet
1702 2121 1755 2148 per

976 2156 1195 2190 negligentiam,
1226 2157 1272 2183 vel
1294 2165 1347 2192 per
1363 2165 1472 2184 vanam
1497 2158 1633 2192 gloriam.
1660 2161 1754 2187 Unum

976 2204 1130 2237 peccatum
1150 2202 1255 2229 dicitur
1280 2203 1376 2238 majus
1404 2203 1497 2231 altero
1519 2204 1618 2232 multis
1636 2205 1752 2240 modis,

976 2249 1085 2277 scilicet
1101 2259 1107 2276 ε
1126 2249 1305 2283 causalitate,
1321 2252 1352 2277 ut
1373 2254 1527 2286 peccatum
1549 2252 1691 2288 aniferi3
1708 2254 1754 2280 vel

977 2296 1180 2331 generalitate,
1202 2299 1233 2324 ut
1256 2299 1411 2332 peccatum
1430 2298 1518 2332 Adae3
1540 2299 1588 2326 vel
1611 2299 1753 2327 deformi-

978 2344 1051 2376 tate,
1066 2345 1096 2370 ut
1110 2346 1264 2379 peccatum
1278 2344 1379 2379 Judae3
1400 2345 1447 2372 vel
1465 2345 1635 2373 difficultate
1656 2346 1755 2374 remit-

979 2389 1068 2423 tendi,
1093 2393 1124 2417 ut
1146 2393 1301 2425 peccatum
1322 2391 1352 2418 in
1375 2391 1515 2427 Spiritum
1536 2394 1687 2426 sanctum3
1708 2393 1755 2420 vel

977 2436 1211 2471 periculositate,
1241 2440 1273 2464 ut
1307 2440 1462 2473 peccatum
1490 2438 1677 2473 ignorantiae,
1708 2440 1755 2466 vel
1775 2450 1777 2453 ’

978 2483 1245 2518 inseparabilitate,
1266 2486 1298 2511 ut
1323 2486 1477 2519 peccatum
1501 2485 1667 2520 cupiditatis
1675 2495 1683 2519 ;
1709 2486 1756 2513 vel

979 2529 1140 2564 pronitate,
1157 2531 1188 2556 ut
1206 2533 1361 2565 peccatum
1376 2531 1490 2565 earnis3
1513 2532 1560 2558 vel
1575 2531 1755 2567 offensione,

980 2576 1012 2602 ut
1025 2578 1179 2610 peccatum
1194 2576 1386 2611 idololatriae3
1403 2577 1451 2605 vel
1474 2578 1660 2613 expurgandi
1679 2578 1756 2606 diffi-

980 2621 1095 2656 cultate,
1112 2624 1144 2649 ut
1153 2624 1307 2658 peecatum
1323 2624 1486 2659 superbiae,·
1502 2624 1549 2651 vel
1558 2624 1664 2651 mentis
1679 2626 1758 2653 caeci<

981 2669 1047 2702 tate,
1064 2671 1095 2696 ut
1110 2672 1263 2704 peccatum
1277 2669 1334 2697 irae.
1349 2670 1431 2697 Circa
1442 2670 1554 2705 peccati
1571 2671 1754 2706 gravitatem,
