2004 3037
20 995 93 1015 nnm-
120 991 273 1018 exponens
296 996 315 1010 ι.

621 246 668 278 ΠΕ
690 246 832 279 TERTIO
857 247 1030 282 lTlNERE.
1054 250 1154 283 DlST.
1175 251 1199 283 1.

107 310 230 341 omniuo
257 312 466 349 abstergendo.
494 314 531 342 De
559 314 615 342 hac
646 314 815 344 extensione
842 315 881 343 ad

105 358 294 387 aeternitatem
314 359 384 387 dicit
401 360 580 396 Augustinus
596 363 622 389 ¹:
643 372 656 387 «
671 363 748 390 Mens
769 363 880 398 quanto

105 405 201 441 magis
215 415 245 434 se
266 408 396 436 extendit
413 407 453 436 ad
470 408 546 436 illud
565 408 649 444 quod
667 411 809 436 oeternum
824 411 880 443 est,

105 453 186 481 tanto
199 453 296 489 magis
310 462 339 482 se
355 454 485 483 extendit
497 454 537 483 ad
551 455 626 483 illud
640 455 723 491 quod
738 454 882 483 formatur

105 499 145 527 ad
159 499 318 536 imaginem
339 502 398 535 Dei,
420 503 448 530 et
465 501 533 530 idco
550 502 711 538 quaerenda
733 503 775 530 est
793 501 881 530 facies

107 545 153 574 Dei
170 554 297 583 semper,
308 548 449 583 utimago
463 547 556 583 magis
570 547 756 584 reformetur,
773 548 881 583 donec,

106 593 268 622 secundum
297 594 470 631 Apostolum
491 596 515 629 ²,
540 596 570 622 in
594 596 711 622 eamdem
736 597 881 630 imaginem

107 641 323 675 transformetur,
343 642 375 669 ut
392 640 470 669 dicat
490 640 533 669 illi
556 642 630 669 Deus
652 641 728 670 illud
747 642 881 671 Cantico-

104 693 171 714 rnm
194 687 227 714 ³³:
253 688 338 720 Quam
359 687 476 723 pulchra
496 696 538 719 es,
565 690 617 716 etc.
644 689 712 716 Venz'
731 689 820 724 igitur
841 689 882 718 ad

105 740 205 760 mcum
225 732 434 767 intrinsecum,
459 735 487 761 ct
500 734 510 751 ¹⁹
535 736 610 762 intra
631 737 662 762 in
680 736 810 770 gaudium
830 737 882 763 Do—

105 781 174 807 mini
189 781 231 807 lui
240 788 251 810 ,·
273 781 334 807 veni
353 780 416 816 jam
433 780 581 816 ingressa,
597 783 629 809 ut
644 782 771 818 amplius
786 783 883 818 ingre·

73 834 77 841 ·
105 825 210 861 diaris,
229 826 300 862 quia
318 828 385 862 post
405 835 453 855 me
470 827 588 863 ingredi
608 836 670 856 non
691 829 829 857 cessabis.
851 831 883 858 Et

104 871 191 907 hujus
216 881 361 901 amorosae
382 873 562 902 invitationis
585 875 740 910 subjungit
762 883 882 904 amoro-

119 912 365 972 }Iu*iaalleetivum,
382 920 484 948 dicens
496 931 502 949 :
518 921 603 956 Surae
615 922 756 950 velociter
770 924 798 950 et
808 924 881 955 veni,

305 968 373 994 abiit
395 970 420 995 et
441 970 558 996 recessit.
583 969 668 1002 Quod
691 969 882 997 Vercellensis

0 1027 51 1054 quiri
64 1025 105 1052 spi·
120 1030 195 1058 coelo
219 1029 347 1064 fugiens,
364 1023 405 1057 ‘ep
422 1015 521 1057 linbei‘
538 1017 580 1042 est
604 1024 683 1052 aqua
706 1016 841 1044 hiemalis
864 1025 882 1044 a

0 1058 106 1081 ritualiter
139 1078 144 1083 ,
287 1078 292 1083 ,
461 1063 501 1084 ¹„-

13 1092 95 1118 δίψῃ.
121 1086 215 1113 cienS,
238 1081 265 1106 et
286 1086 316 1106 in
338 1077 445 1106 multas
460 1086 499 1113 gu

28 1127 70 1146 cet.

502 1070 567 1106 [ἔξω
588 1071 743 1097 corruens,
761 1062 880 1098 frigefa-

121 1133 278 1161 generan3‚
302 1127 330 1153 et
353 1125 521 1152 itinerantes
542 1111 767 1160 im‘bgivulens,
787 1112 882 1139 lUtum

121 1172 259 1200 affectum
278 1179 354 1199 curce
369 1171 554 1207 temporalis,
571 1171 642 1206 quia
655 1166 692 1198 in*
700 1160 772 1210 (ιηθῗ-
786 1162 883 1211 ⁵{gnat

122 1221 150 1246 et
174 1218 315 1246 deorsum
340 1218 440 1253 trahit,
467 1219 495 1245 et
517 1218 602 1254 quasi
625 1218 704 1253 justa
726 1213 881 1245 necgsssllm

122 1268 251 1294 mentem
261 1267 381 1294 retrahit
393 1275 411 1294 a
423 1266 583 1302 suspendio
595 1265 739 1301 spirituali
749 1265 780 1292 in
791 1267 899 1293 aeterna

123 1314 301 1349 spectacula,
315 1316 342 1341 et
354 1314 393 1341 ad
408 1313 530 1341 sollicite
545 1312 697 1340 tractanda
710 1312 829 1347 negotia
844 1314 899 1339 ter-

123 1368 195 1388 rena
209 1361 398 1388 vehementer
412 1362 509 1395 urget:
526 1359 605 1387 unde
621 1359 781 1395 spiritualis
793 1359 899 1386 mentis

123 1407 270 1434 fervorem
286 1415 363 1442 szepe
380 1407 522 1442 tepefacit,
538 1407 587 1434 vcl
602 1407 690 1434 etiam
705 1406 832 1434 totaliter
846 1413 897 1433 ex-

123 1454 237 1489 tinguit,
248 1453 317 1481 licet
330 1453 453 1489 quidam
468 1453 669 1489 perfectissimi
684 1453 759 1480 inter
771 1453 899 1488 majores

124 1501 261 1536 exemplo
278 1500 413 1535 angelico
433 1499 617 1536 pree-cedant,
641 1502 668 1527 et
682 1500 819 1527 incedant
836 1507 899 1527 rec-

124 1547 143 1574 ti
159 1546 204 1583 (c),
224 1547 344 1574 inferius
363 1549 454 1582 agant
468 1547 506 1583 (d)
530 1555 644 1574 sursum
668 1547 770 1580 erecti,
790 1546 899 1574 scilicet

124 1602 176 1630 per
191 1596 302 1622 rectam
317 1596 345 1621 et
359 1593 498 1621 devotam
513 1593 715 1621 intentionem.
731 1595 784 1622 Iste
803 1593 900 1621 imber

124 1643 167 1668 est
182 1641 319 1668 vitandus
334 1641 364 1668 in
377 1648 433 1667 usu
444 1643 471 1668 et
480 1640 651 1667 intentione.
667 1651 679 1666 »
694 1641 758 1668 llaec
770 1640 829 1667 ille.
842 1640 900 1668 Sed

123 1687 195 1723 quia
217 1687 268 1715 iste
291 1687 398 1721 imber,
421 1687 482 1714 sive
506 1695 584 1723 aqua
606 1687 757 1721 hiemalis,
779 1686 852 1714 abiit
872 1689 900 1714 et

123 1734 249 1769 recessit,
268 1736 296 1762 et
308 1734 405 1762 imber
419 1734 565 1768 aestivalis,
581 1734 643 1761 sive
657 1742 737 1769 aqua
751 1734 900 1769 sapientiae

123 1781 268 1816 salutaris,
284 1781 414 1816 advenit,
432 1790 498 1817 quae
512 1781 566 1808 iter
580 1780 780 1808 meditationis
792 1783 900 1808 nostrae

124 1828 162 1856 ab
179 1828 293 1856 aeternis
310 1836 371 1856 non
390 1828 530 1864 impedit,
547 1828 600 1855 sed
614 1830 784 1863 promovet,
802 1827 901 1862 dirigit

125 1877 152 1902 et
172 1875 300 1910 perficit,
323 1875 390 1903 ideo
410 1877 481 1902 veni.
497 1877 571 1903 Nam
588 1875 649 1902 haec
669 1883 748 1911 aqua
765 1875 900 1903 aestivalis

125 1922 260 1957 spiritum
275 1924 358 1949 tuum
370 1921 400 1948 in
416 1921 658 1949 meditationibus
669 1922 709 1949 ad
719 1921 900 1950 veniendum

126 1969 165 1996 ad
178 1976 276 1996 meam
291 1970 481 1997 aeternitatem
498 1977 616 1996 sursum
630 1969 729 2004 erigit,
746 1969 785 1997 ad
801 1977 900 1997 meam

125 2016 314 2043 aeternitatem
331 2015 417 2043 salire
432 2015 514 2049 facit,
537 2015 576 2043 ad
594 2023 693 2043 meam
711 2016 901 2044 aeternitatem

126 2062 295 2090 introducit.
308 2062 388 2090 Unde
403 2062 473 2089 dicit
484 2063 578 2096 Jesus,
593 2062 639 2089 sol
653 2063 803 2090 aestivus⁵z
820 2064 901 2097 Aqua

127 2118 206 2145 quam
217 2110 283 2136 dabo
291 2111 317 2137 ei
323 2109 354 2144 (e)
366 2111 410 2143 fiet
419 2111 447 2136 in
457 2117 484 2136 eo
492 2110 554 2143 fons
563 2117 640 2144 aquae
648 2110 769 2136 salientis
778 2110 900 2136 invitam

127 2159 261 2184 oeternam.
275 2158 306 2184 ln
318 2156 364 2183 his
379 2156 476 2183 verbis
487 2155 592 2183 veritas
607 2155 712 2190 innuit,
727 2156 810 2191 quod
822 2164 901 2191 aqua

126 2203 262 2231 aestivalis
277 2211 294 2230 a
307 2203 387 2230 sonte
410 2202 476 2230 vitae
490 2202 593 2237 oritur,
608 2203 679 2238 quia
693 2204 703 2220 θ
719 2203 792 2237 apud
811 2204 902 2230 Deum

128 2253 165 2278 est
181 2251 242 2283 fons
262 2253 339 2281 vnce,
356 2252 388 2277 ut
408 2249 447 2277 ait
466 2249 632 2283 Psalmista,
648 2252 676 2277 et
694 2249 760 2277 ideo
775 2249 903 2277 medita-

127 2297 239 2325 tionem
259 2299 391 2324 nostram
412 2304 529 2323 sursum
548 2296 634 2323 trahit
647 2304 700 2332 per
720 2296 901 2324 desiderium

129 2346 316 2371 aeternorum.
334 2344 428 2376 Quare
444 2342 595 2370 psalmista
610 2343 680 2370 dicit
690 2344 715 2370 ⁷:
729 2344 825 2371 sitavit
842 2345 903 2371 ani-

128 2398 172 2417 ma
186 2399 245 2417 mea
259 2391 295 2417 act
315 2392 397 2417 Deum
417 2391 518 2423 fontem
534 2390 567 2425 (f)
587 2392 688 2417 vivum.
709 2390 842 2417 Secundo
858 2390 902 2417 in-

129 2437 201 2471 nuit,
214 2437 296 2473 quod
311 2445 389 2472 aqua
404 2436 538 2464 aesttvalis
553 2436 667 2472 spiritui
682 2438 783 2465 nostro
800 2437 838 2465 ad
852 2445 902 2464 ve-

129 2482 229 2511 lociter
248 2484 427 2512 veniendum
444 2492 496 2519 per
519 2483 740 2512 meditationem
761 2483 904 2519 multipli-

162 2572 167 2585 ¹
181 2572 255 2602 Aug„
268 2571 297 2594 de
310 2572 389 2596 Trinit
402 2591 410 2603 ,
423 2572 465 2596 lib.
482 2573 501 2602 Ι,
517 2579 539 2596 c.
556 2578 656 2596 X111.—
667 2572 675 2586 ²
691 2572 710 2596 ll
726 2572 795 2602 Cor„
811 2578 850 2602 111,
867 2573 903 2596 18.

129 2619 158 2625 --
173 2607 182 2621 ³
197 2608 280 2637 chl.,
296 2613 330 2637 IV,
347 2610 367 2631 1.
383 2620 413 2626 —
427 2608 438 2624 δ
452 2608 553 2637 Mami„
572 2614 626 2637 XXI,
645 2609 682 2632 23.
698 2621 729 2626 —
745 2609 755 2624 ⁵
771 2609 853 2638 down,
871 2613 904 2637 lv,

131 2645 209 2666 lli.—
225 2643 234 2658 ⁶
246 2643 314 2666 Psal.
330 2649 409 2674 xxxv,
427 2645 463 2667 10.
479 2656 509 2661 —-
525 2645 531 2658 ⁷
545 2644 613 2668 Psal.
626 2649 679 2672 xm,
694 2646 719 2667 3.
732 2657 761 2662 -
777 2644 787 2660 ⁸
801 2644 904 2675 Chiys.,

131 2679 156 2703 in
169 2680 251 2709 laam,
268 2679 339 2703 hom.
354 2685 426 2710 xxiii,
442 2680 474 2705 al.
491 2686 574 2710 xxxn,
590 2687 616 2704 n.
635 2682 656 2704 1.

1657 261 1716 292 2119

939 316 1009 346 citer
1023 321 1215 355 cooperatur,
1232 322 1294 349 tum
1309 322 1380 358 quia
1394 323 1472 352 sitim
1487 324 1620 361 spiritus,
1636 327 1718 356 itine-

937 364 1028 392 rantis
1043 365 1082 392 ad
1096 367 1221 402 aeterna,
1239 368 1341 404 quoad
1357 370 1533 406 temporalia
1553 373 1715 409 extinguit:

938 410 1010 446 quia
1024 419 1102 447 aqua
1117 413 1168 441 illa
1182 414 1232 442 fiet
1244 415 1275 442 in
1294 423 1330 443 eo
1345 415 1411 444 fons
1433 424 1520 453 aquoe
1533 418 1650 448 fluentis
1664 429 1718 457 per

938 463 1042 486 omnes
1056 458 1148 486 valles
1167 460 1282 489 animae.
1300 462 1353 495 Qui
1368 464 1467 491 autem
1485 464 1562 493 intra
1581 474 1611 494 se
1628 467 1719 496 habet

936 501 1065 539 fontem,
1089 505 1167 534 sitire
1186 515 1248 535 non
1269 510 1380 544 potest,
1395 509 1436 537 ait
1454 511 1679 548 Chrysostomus
1694 515 1716 542 ⁸.

937 550 1008 578 Item
1027 551 1141 587 spiritui
1160 553 1307 582 itineranti
1330 555 1369 583 ad
1390 557 1498 585 aeterna
1517 558 1652 594 vigorem
1666 561 1718 589 tri-

939 595 1018 630 buit,
1035 598 1106 633 quia
1121 601 1164 627 est
1177 608 1256 636 aqua
1272 601 1379 630 saltare
1394 602 1513 632 faciens.
1529 606 1623 634 'seruo
1638 615 1718 644 aqua

936 642 998 671 haec
1015 644 1152 673 aestivalis
1171 647 1308 682 spiritum
1327 648 1514 678 itinerantem
1534 652 1675 682 reformat
1690 656 1718 683 et

937 690 1061 725 perficit,
1075 692 1145 727 quia
1160 693 1200 721 ad
1213 694 1302 722 vitam
1313 697 1454 725 aeternam
1465 697 1635 735 introducit,
1647 701 1718 736 quia

938 743 999 764 non
1023 737 1109 766 saltat
1133 739 1172 767 ad
1197 742 1388 777 temporalia,
1408 743 1462 771 sed
1485 744 1551 772 salit
1574 745 1605 773 in
1626 746 1718 775 vitam

937 785 1093 820 aeternam,
1112 787 1143 813 ut
1165 786 1273 815 dieitur
1295 788 1353 816 hic.
1377 789 1422 817 Ad
1443 798 1533 826 quam
1553 792 1643 821 vitam
1663 802 1719 822 nos

937 830 1081 866 perducat
1090 833 1173 860 Pater
1183 835 1211 861 et
1223 834 1321 870 Filius,
1333 837 1361 863 et
1371 837 1493 872 Spiritus
1504 841 1632 875 sanetus,
1640 849 1718 869 unus

939 878 1014 904 Deus
1034 877 1208 908 benedIctus
1227 881 1257 909 in
1280 882 1390 910 saecula
1409 884 1595 914 saeculorum.
1613 889 1716 916 Amen.

955 996 1003 1032 DE
1041 997 1180 1035 TERTIO
1218 1001 1370 1038 ITINERE
1410 1004 1701 1055 AETERNITATIS,

992 1085 1060 1109 Quon
1071 1087 1116 1106 sssr
1126 1088 1287 1109 AErennonun
1299 1091 1401 1111 mirum
1412 1093 1604 1116 communio
1614 1088 1648 1124 (9)
1655 1109 1661 1116 .

973 1161 1100 1190 Tertium
1125 1163 1178 1192 iter
1201 1166 1382 1203 aeternitatis,
1413 1177 1466 1204 per
1490 1171 1575 1206 quod
1598 1173 1716 1208 spiritus

937 1207 1086 1236 humanus
1101 1211 1181 1238 venit
1196 1212 1234 1239 ad
1248 1213 1439 1243 intrinsecum
1454 1217 1482 1243 et
1495 1219 1638 1247 aeternum
1652 1229 1715 1249 ma·

936 1254 1053 1283 nerium
1073 1257 1155 1291 Jesu‚
1171 1261 1214 1286 est
1237 1262 1414 1289 aeternorum
1440 1262 1565 1299 limpida
1589 1268 1716 1295 contem-

955 1301 1039 1348 t'effioi
1056 1302 1100 1330 Ad
1115 1305 1200 1339 quus
1215 1305 1325 1334 itineris
1340 1309 1485 1343 maj0rem
1500 1312 1635 1341 notitiam
1650 1322 1715 1350 sep-

991 1350 1214 1394 pfimtffidinem
1228 1356 1296 1381 sunt
1309 1356 1450 1385 notanda.

955 1413 1047 1441 quare
1063 1406 1117 1434 iter
1132 1399 1253 1434 mee-‚sit
1273 1400 1355 1429 istius
1373 1402 1484 1432 itineris
1499 1407 1670 1443 necessitas,
1689 1411 1716 1437 et

991 1453 1160 1480 Secundum
1176 1456 1227 1488 est,
1244 1447 1318 1489 qffl'g
1328 1448 1498 1479 immediate
1510 1457 1650 1489 sequatur
1665 1455 1713 1491 (Ιι).

955 1497 1020 1525 uter
1034 1494 1193 1535 descriptio
1208 1500 1271 1535 ejus
1286 1499 1587 1537 intelligutemplatio,
1605 1504 1633 1529 et
1644 1510 1715 1537 qua-

990 1546 1118 1573 Tertium
1133 1549 1174 1574 est
1187 1568 1196 1581 ,
1221 1548 1347 1583 qualiter
1362 1552 1521 1586 contemp„

955 1591 1053 1627 tione,
1077 1593 1267 1622 meditatione
1284 1616 1292 1629 ,
1318 1597 1521 1631 speculatione
1548 1601 1584 1626 et*
1599 1595 1714 1630 Rogita·

954 1639 1067 1667 visione
1083 1639 1288 1676 distinguatur.
1670 1642 1715 1669 'ra

991 1687 1132 1720 Quartum
1147 1690 1198 1721 est,
1209 1689 1336 1723 qualiter
1348 1685 1558 1727 contemplatio
1569 1693 1735 1721 secundum

956 1732 1089 1761 diversos
1113 1734 1224 1769 gradus
1243 1735 1444 1765 diversimode
1469 1746 1487 1766 a
1511 1739 1634 1767 diversis
1659 1740 1734 1768 divi-

957 1779 1053 1807 (latur.

992 1826 1131 1859 Quintum
1147 1829 1202 1862 est,
1221 1831 1362 1864 quantam
1381 1830 1597 1865 jucunditatem
1617 1834 1735 1870 spiritus

955 1872 1103 1901 humanus
1117 1874 1147 1901 in
1162 1874 1265 1903 itinere
1279 1877 1537 1912 contemplationis
1552 1882 1732 1917 experiatur.

992 1921 1110 1948 Sextum
1125 1924 1180 1955 est,
1197 1922 1324 1957 qualiter
1338 1931 1392 1959 per
1406 1924 1460 1952 iter
1476 1927 1735 1963 contemplationis

956 1966 1073 2002 spiritus
1088 1969 1229 1995 {eternum
1242 1970 1410 1998 manerium
1424 1973 1491 1999 Jesu
1504 1972 1697 2007 ingrediatur.

993 2013 1156 2049 Septimum
1171 2017 1229 2049 cst,
1248 2016 1374 2051 qualiter
1389 2019 1508 2053 spiritus
1522 2020 1681 2056 humanae,
1696 2022 1736 2049 ad

956 2060 1138 2088 veniendum
1154 2069 1207 2097 per
1230 2062 1284 2089 iter
1299 2064 1559 2100 contemplationis
1578 2067 1617 2095 ad
1640 2076 1735 2097 seere-

957 2108 1019 2134 tum
1034 2108 1100 2134 Jesu
1112 2127 1121 2140 ,
1138 2107 1278 2136 invitetur
1294 2110 1335 2144 (i).

1201 2202 1440 2238 DISTINCTIO
1463 2206 1489 2238 I.

959 2275 1021 2307 Quoe
1035 2276 1071 2302 sit
1085 2277 1227 2303 necessitas
1241 2278 1348 2304 itineris
1362 2280 1607 2316 contemplationis,
1620 2284 1643 2309 et
1654 2291 1736 2317 qnare

1065 2321 1219 2348 immediate
1233 2325 1359 2356 sequatur
1375 2325 1427 2350 iter
1440 2325 1632 2354 meditationis.

994 2389 1090 2417 Primo
1109 2389 1199 2424 igitur
1215 2390 1378 2420 videndum
1394 2394 1452 2427 cst,
1479 2402 1545 2430 quffi
1560 2395 1596 2422 sit
1610 2397 1736 2425 necessi-

959 2439 1001 2464 tas
1016 2437 1098 2465 istius
1116 2438 1227 2465 itineris
1238 2459 1248 2473 ,
1263 2439 1372 2467 scilicet
1387 2441 1644 2477 contemplationis
1659 2447 1737 2472 aeter-

993 2536 1022 2566 (α)
1037 2535 1097 2560 Caet.
1110 2536 1173 2560 edit.
1190 2537 1357 2567 significet.—
1372 2537 1405 2568 (h)
1423 2538 1484 2562 Caet.
1500 2539 1560 2564 editi
1575 2539 1649 2564 deest.
1666 2541 1700 2565 in.
1710 2555 1737 2559 —-

959 2572 987 2603 (v)
1009 2572 1067 2596 Coet.
1089 2572 1153 2596 edil.
1176 2573 1262 2596 crecti.
1279 2586 1309 2590 —
1328 2572 1369 2602 (cl)
1389 2574 1449 2597 Item
1469 2577 1556 2605 agunt.
1573 2588 1603 2593 —
1622 2577 1652 2607 (e)
1676 2578 1738 2601 item

958 2615 1002 2637 esso
1018 2607 1100 2630 do.—
1123 2608 1160 2637 (s)
1186 2608 1260 2639 Vulg.
1284 2609 1384 2637 stu-tem.
1405 2621 1436 2626 —
1456 2611 1493 2640 (q)
1522 2610 1582 2634 Cal.
1606 2612 1666 2635 edit.
1689 2620 1740 2635 uon

959 2642 1049 2666 liabent
1074 2643 1143 2673 quod
1172 2645 1209 2667 est
1237 2645 1392 2667 aeternorum
1417 2645 1522 2675 limpida
1548 2648 1739 2678 contemplatio.

961 2691 987 2695 -—
1007 2678 1041 2708 (Ιι)
1058 2679 1120 2703 caet.
1135 2678 1198 2702 edit.
1218 2679 1344 2710 sequitur.
1362 2693 1392 2699 —
1408 2681 1437 2711 (z)
1455 2682 1517 2705 c'oet.
1533 2682 1594 2705 eclz't.
1610 2683 1740 2708 invitatur.

1751 2417 1855 2447 Contem-

1753 2448 1820 2473 piatio
1833 2448 1857 2466 n-

1766 2478 1800 2498 nis
1815 2480 1848 2498 est
