2004 3037
223 177 283 208 198

223 246 280 273 tur.
293 243 372 273 istud
384 245 565 280 praeceptum
580 250 644 272 non
657 242 755 272 solum
767 242 941 279 intelligitur
952 250 998 271 se-

223 291 355 320 cundum
365 290 536 327 praedictam
549 289 695 318 rationem
707 290 874 326 litteralem,
887 290 941 319 sed
953 298 998 319 se-

223 337 355 366 cundum
368 337 563 365 intentionem
575 336 730 365 moralem.
743 337 905 366 Assumitur
918 338 998 366 enim

222 385 387 414 nomenDei
397 385 428 413 in
435 392 547 413 vanum
556 384 767 421 multipliciter,
777 384 887 413 scilicet
896 384 997 420 corde,

222 440 284 467 ore,
297 434 325 460 et
336 439 436 468 opere.
453 432 559 468 Corde,
571 432 645 460 sicut
658 431 741 467 mali,
753 431 804 468 qui
818 433 933 460 tantum
946 439 999 469 no-

220 478 301 507 mine
323 478 385 506 sine
406 486 438 507 re
459 478 597 507 dicuntur
610 478 781 513 Christiani,
803 479 855 515 qui
871 479 940 507 licet
953 486 999 507 sa·

221 527 404 554 aramentum
432 525 597 562 receperint
628 525 784 562 baptismi,
811 528 910 554 tamen
935 533 999 554 rem

221 572 411 607 sacramenti,
432 572 464 600 id
486 575 528 600 est
546 572 687 608 gratiam,
711 580 773 600 non
792 572 913 600 babent.
928 573 998 608 Ore,

221 619 330 647 scilicet
341 618 420 647 mala
433 619 592 654 juratione,
603 619 664 647 voti
675 619 917 655 transgressione,
927 627 1000 656 prae-

221 665 368 694 dicatione
387 673 454 702 quae
467 665 501 694 fit
520 666 600 694 mala
618 666 794 701 intentione,
819 668 847 694 et
859 665 1000 694 indevota

221 713 367 748 oratione,
380 712 418 741 de
433 721 494 750 qua
508 713 616 741 dieitur
629 713 655 741 ¹:
669 715 789 749 Populus
804 715 847 741 hic
863 714 944 741 labiis
958 721 999 740 me

220 761 351 795 honorat,
367 762 420 788 etc.
437 761 548 797 Opere,
563 760 726 788 secundum
741 760 824 796 quod
838 759 1000 797 hypocritae

220 813 331 835 nomen
347 807 395 835 Dei
410 809 564 836 assumunt
578 807 609 835 in
628 807 816 835 simulatione
836 807 934 843 operis
948 815 999 834 ex-

221 853 351 889 terioris,
373 861 435 882 non
456 853 487 882 in
505 853 629 890 puritate
653 854 762 882 cordis.
778 854 860 882 Unde
881 855 1002 882 sumunt

220 899 298 928 illud
324 900 355 928 in
381 908 509 935 vanum,
538 901 609 937 quia
633 902 807 937 receperunt
831 900 1001 929 mercedem

221 953 316 974 suam.

425 1029 620 1064 CAPUT
663 1029 800 1062 LXII.

462 1109 500 1135 De
518 1109 597 1135 tertio
617 1108 760 1143 Praeeepto.

259 1185 387 1213 Tertium
407 1186 467 1213 est:
489 1185 621 1212 Memento
639 1187 670 1211 ut
693 1184 763 1211 diem
781 1183 887 1211 sabbati
899 1184 1002 1210 sancti-

222 1235 292 1268 fices,
306 1240 359 1259 non
371 1233 454 1265 facies
469 1239 534 1266 opus
547 1233 576 1258 in
592 1239 630 1259 eo.
643 1232 674 1259 ln
683 1231 740 1258 hoo
750 1232 895 1266 prmccpto
909 1229 1003 1266 quod-

225 1279 296 1307 dam
310 1280 352 1306 est
366 1278 479 1307 morale
489 1299 496 1313 ‚
512 1281 543 1306 ut
559 1278 674 1306 vacatio
690 1278 730 1305 ad
751 1280 858 1312 Deum,
874 1276 1001 1311 orando,

226 1325 370 1360 colendo,
395 1324 585 1359 meditand03
611 1324 768 1360 quoddam
789 1323 1003 1357 czerimoniale‚

225 1374 258 1400 ut
276 1371 435 1407 assignatio
456 1371 514 1398 diei
534 1371 680 1407 septimae,
696 1378 762 1407 quae
782 1370 930 1406 figurabat
945 1372 1004 1398 tro-

226 1419 363 1456 pologice
383 1419 577 1447 cessationem
599 1420 726 1455 peccati,
745 1419 904 1454 allegorice
921 1418 1004 1454 quie-

226 1469 286 1495 tem
301 1467 434 1503 corporis
447 1466 550 1494 Christi
566 1467 596 1494 in
617 1466 764 1502 sepulcro,
784 1465 948 1500 anagogice
963 1473 1005 1492 re-

228 1514 328 1550 quiem
348 1515 487 1541 aeternam
501 1513 531 1540 in
546 1512 630 1540 coelo.
647 1512 725 1540 istud
741 1520 811 1547 ergo
826 1514 1005 1548 praeceptum

227 1562 323 1596 potest
344 1560 496 1595 tripliciter
515 1559 624 1596 accipi:
647 1559 743 1595 primo
765 1558 951 1593 generaliter,
975 1561 1007 1585 ut

230 1615 376 1634 cessemus
392 1615 408 1634 a
423 1606 513 1637 vitiis:
531 1606 662 1634 secundo
678 1605 852 1642 specialiter,
869 1608 900 1633 ut
915 1613 1006 1633 cesse-

231 1662 295 1681 mus
311 1654 349 1681 ab
367 1653 507 1689 operibus
520 1653 740 1688 corporalibus,
756 1661 821 1688 quae
843 1652 1008 1687 impediunt

231 1701 414 1728 vacationem
435 1700 473 1727 ad
496 1701 586 1726 Deum
594 1709 601 1733 ;
627 1700 709 1727 tertio
733 1699 956 1735 specialissime,
978 1701 1008 1726 ut

232 1749 274 1774 est
296 1747 326 1774 in
351 1746 421 1774 viris
449 1746 698 1781 contemplativis,
725 1746 776 1780 qui
805 1746 843 1773 ab
869 1745 1008 1773 omnihus

232 1793 391 1821 mundanis
406 1801 435 1819 sc
451 1795 603 1828 separant,
624 1794 657 1819 ut
675 1792 799 1820 totaliter
815 1794 872 1820 Deo
891 1795 1005 1819 vacent.

231 1840 328 1868 Prima
344 1839 459 1867 vacatio
475 1842 517 1866 est
531 1839 710 1873 neccssaria;
731 1839 876 1872 secunda,
892 1839 1007 1873 debita3

233 1886 326 1920 tertia,
336 1885 474 1921 perfecta.
487 1885 654 1913 Secundum
667 1893 738 1920 ergo
754 1885 836 1921 quod
852 1885 1010 1913 sabbatum

235 1933 341 1961 dicitur
355 1932 488 1968 requies,
505 1932 565 1959 sive
582 1932 694 1959 vacatio
714 1932 752 1959 ad
769 1933 874 1966 Deum,
890 1932 931 1958 sic
948 1932 1010 1959 dies

235 1980 385 2008 dominica
403 1981 499 2015 potest
520 1979 577 2006 dici
598 1978 661 2006 dies
681 1978 813 2013 sabbati,
829 1981 856 2006 et
871 1978 1012 2015 quaelibet

236 2027 298 2054 dies
317 2028 422 2054 statuta
437 2026 475 2053 ad
495 2026 716 2054 venerationem
733 2025 884 2060 divinam,
900 2025 930 2052 in
946 2025 1011 2061 qui·

236 2074 292 2101 bus
312 2073 487 2101 cessandum
509 2074 551 2099 est
574 2072 611 2100 ab
637 2080 726 2108 opere
746 2072 865 2106 servili,
883 2071 913 2099 id
934 2074 975 2100 est
995 2081 1012 2099 a

236 2123 369 2156 peccato,
382 2122 409 2147 et
424 2120 461 2147 ab
476 2127 565 2155 opere
579 2119 756 2155 impediente
771 2120 956 2148 vacationem
973 2119 1012 2147 ad

239 2168 338 2193 Deum.
356 2168 450 2201 Opera
473 2166 551 2193 enim
575 2166 693 2193 servilia
716 2166 947 2194 determinantur
973 2166 1012 2193 ab

239 2213 365 2240 Ecclesia
388 2221 479 2248 opera
499 2213 688 2246 mechanica,
713 2221 779 2248 quae
801 2215 869 2241 sunt
889 2212 1013 2248 agricul-

240 2262 315 2294 tura,
331 2261 503 2293 mercatum,
519 2259 639 2294 placita,
656 2259 802 2286 exercitia.

444 2352 545 2385 CAP
560 2352 622 2384 UT
658 2352 807 2384 LXIII.

469 2424 506 2450 De
525 2426 620 2458 quarto
640 2424 783 2458 I’roecepto.

277 2493 417 2530 Quartum
432 2496 474 2522 est
494 2503 500 2521 z
522 2495 631 2520 Honora
644 2497 748 2528 patrem
765 2496 839 2520 tunm
860 2498 883 2521 et
903 2497 1014 2522 matrem

243 2546 325 2570 tuam.
349 2542 419 2570 Huic
441 2542 586 2577 praecepto
604 2539 722 2567 additur
743 2540 919 2575 promissio,
943 2541 1015 2568 scili-

554 173 815 206 COMPENDIUM
834 171 1094 206 THEOLOGIGAE
1114 173 1338 208 VEssl'rATls.
1360 176 1436 208 LIB.
1457 176 1497 210 V.

1054 243 1122 271 cet-'e
1143 244 1178 271 Ut
1191 244 1325 279 lonqaevus
1338 246 1377 273 sis
1389 251 1470 281 super
1489 247 1590 274 rmum
1605 255 1613 274 :
1634 246 1706 283 qnia
1716 246 1829 282 justum

1055 293 1116 327 est,
1131 293 1164 319 ut
1178 293 1363 321 conservatio
1381 293 1448 321 vitae
1465 293 1568 322 alienae
1590 289 1738 324 mereatur
1755 303 1828 324 con-

1054 338 1250 367 servationem
1267 340 1334 368 vitae
1350 340 1488 377 propriae.
1510 341 1594 369 Pater
1607 341 1714 370 dicitur
1727 341 1758 370 in
1770 342 1830 371 hoc

1054 386 1197 414 mandato
1212 387 1264 423 qui
1278 390 1320 416 est
1337 388 1517 425 principium
1530 397 1584 425 per
1598 389 1830 426 generationem,

1055 433 1158 469 quoad
1172 441 1234 462 esse
1250 437 1378 470 naturae,
1394 437 1426 463 ut
1445 437 1529 472 pater
1551 436 1697 472 carnalis3
1716 436 1766 464 vel
1779 437 1832 474 qui

1055 481 1098 508 est
1109 480 1289 517 principium
1307 489 1361 518 per
1375 482 1570 510 ministerium
1583 482 1831 518 regenerationis,

1055 527 1158 562 quoad
1173 535 1235 556 esse
1250 529 1364 564 gratiae,
1378 530 1410 556 ut
1422 531 1506 565 pater
1518 529 1688 565 spiritualis.
1703 529 1832 558 Sumitur

1055 576 1155 603 autem
1167 575 1227 603 alio
1241 575 1333 603 modo
1343 578 1422 612 pater
1431 584 1493 604 non
1506 576 1673 604 secundum
1685 576 1832 605 rationem

1054 621 1218 658 propriam,
1231 622 1285 650 sed
1294 623 1458 651 secundum
1467 631 1668 658 communem,
1682 631 1738 659 pro
1748 629 1830 658 sene,

1056 668 1107 704 qui
1122 668 1230 697 dicitur
1241 671 1324 705 pater
1333 671 1427 704 aetate,
1436 669 1485 698 vel
1496 678 1643 708 pro-rege,
1660 670 1711 706 qui
1727 669 1834 698 dicitur

1055 717 1140 751 pater
1159 714 1340 743 defensione.
1361 717 1461 744 Honor
1484 716 1655 752 intelligitur
1670 716 1717 744 hic
1733 715 1833 752 dupli-

1057 761 1138 796 citer,
1167 761 1277 790 scilicet
1304 762 1446 790 exhibitio
1469 763 1632 799 corporalis
1660 763 1691 790 in
1719 764 1833 791 susten-

1056 807 1182 842 tatione,
1197 810 1224 836 et
1238 808 1398 844 spiritualis
1418 809 1450 837 in
1468 809 1631 837 reverentia
1649 811 1678 837 et
1691 809 1834 837 obedien-

1056 855 1106 882 tia.
1135 854 1192 882 Sed
1221 855 1392 883 obedientia
1423 855 1638 883 diversificatur
1669 855 1834 884 secundum

1058 901 1256 929 diversitatem
1277 903 1415 938 patrum:
1435 902 1507 938 quia
1525 902 1600 938 patri
1618 901 1762 938 spirituali
1785 901 1835 930 de-

1057 948 1163 976 bemus
1183 948 1307 977 obedire
1322 949 1352 976 in
1367 949 1587 985 spiritualibus;
1603 948 1725 985 praelato
1744 956 1835 977 saecu-

1057 995 1122 1031 lari‚
1139 995 1248 1024 scilicet
1268 996 1340 1031 regi,
1356 997 1386 1024 in
1411 996 1624 1032 temporalibus
1644 995 1833 1032 reipublicae;

1058 1042 1134 1078 patri
1150 1050 1218 1072 vero
1229 1043 1352 1078 carnali,
1367 1043 1397 1071 in
1409 1043 1602 1079 dispositione
1616 1043 1660 1071 rei
1669 1042 1833 1071 familiaris.

1263 1136 1443 1170 CAPUT
1479 1136 1626 1171 LXIV.

1289 1210 1327 1236 De
1345 1210 1440 1244 quinto
1459 1210 1605 1244 Praecepto.

1096 1277 1236 1311 Quintum
1256 1280 1298 1305 est
1313 1286 1319 1305 ε
1340 1278 1401 1306 Νοη
1423 1277 1535 1305 occides.
1552 1277 1602 1305 Hic
1617 1276 1752 1312 explicite
1766 1284 1836 1312 pro-

1060 1325 1178 1353 hibetur
1192 1324 1397 1358 homicidium,
1411 1323 1464 1352 sed
1479 1323 1619 1359 implicite
1632 1323 1729 1351 omnis
1739 1325 1837 1352 motus

1060 1373 1110 1400 ira„²
1125 1375 1226 1400 eontra
1242 1372 1431 1408 proximum,
1447 1371 1508 1399 sive
1527 1371 1576 1399 ille
1591 1371 1627 1398 sit
1646 1373 1758 1399 tantum
1773 1379 1837 1400 cor-

1062 1419 1116 1454 dis,
1129 1421 1161 1446 ut
1175 1419 1234 1453 ira;
1246 1419 1307 1446 sive
1321 1418 1390 1453 oris,
1401 1421 1432 1446 ut
1443 1417 1623 1446 contumelia
1631 1427 1639 1453 3
1655 1417 1717 1446 sive
1728 1418 1836 1454 operis,

1062 1468 1094 1494 ut
1105 1465 1255 1502 percussio
1270 1465 1341 1493 citra
1355 1466 1492 1498 mortem,
1506 1464 1554 1492 vel
1569 1464 1720 1500 depilatio.
1737 1464 1838 1492 Prohi-

1062 1513 1147 1541 betur
1161 1512 1209 1540 hic
1230 1512 1327 1540 omnis
1345 1512 1453 1540 occisio
1475 1511 1678 1547 injustarquae
1696 1511 1728 1539 fit
1746 1510 1838 1547 tripli-

1063 1561 1155 1588 citer:
1172 1568 1207 1587 ex
1232 1567 1331 1594 causa,
1352 1562 1383 1586 ut
1406 1559 1437 1586 in
1453 1558 1516 1593 illo,
1537 1558 1589 1594 qui
1610 1557 1753 1586 occiditur
1776 1558 1838 1586 sine

1063 1602 1169 1642 culpa3
1186 1606 1233 1633 vel
1255 1614 1288 1633 cx
1312 1605 1433 1640 ordine,
1448 1607 1479 1632 ut
1493 1613 1561 1632 cum
1575 1604 1639 1638 ille,
1655 1604 1706 1641 qui
1721 1612 1782 1632 non
1797 1605 1840 1633 est

1064 1653 1194 1680 minister
1208 1653 1290 1688 legis,
1307 1652 1428 1687 occidit;
1442 1652 1487 1679 vel
1498 1659 1534 1679 ex
1549 1651 1660 1685 animo,
1674 1653 1705 1679 ut
1717 1651 1839 1687 quando

1063 1699 1196 1727 minister
1219 1699 1292 1733 legis
1311 1699 1418 1726 occidit
1441 1706 1502 1726 non
1517 1706 1619 1726 amore
1639 1698 1771 1733 J'ustitiae,
1787 1698 1839 1726 sed

1064 1745 1187 1773 libidine
1207 1744 1352 1772 vindictae.
1371 1744 1560 1779 Distinguitur
1574 1746 1672 1772 autem
1686 1744 1839 1772 homicidii

1065 1799 1158 1827 genus
1174 1791 1345 1827 dupliciter,
1362 1791 1471 1818 scilicet
1489 1799 1611 1824 verum,
1630 1790 1713 1826 quod
1733 1790 1841 1818 dicitur

1065 1838 1219 1874 corporale
1230 1859 1238 1872 ,
1269 1840 1296 1865 et
1324 1837 1575 1873 interpretativum
1587 1859 1595 1871 ,
1626 1836 1709 1872 quod
1735 1836 1841 1865 dicitur

1065 1884 1226 1920 spirituale.
1240 1883 1437 1912 nomicidium
1447 1883 1596 1919 spirituale
1605 1883 1637 1911 fit
1648 1883 1766 1911 duobus
1776 1891 1841 1911 mo-

1066 1931 1110 1959 dis
1125 1941 1130 1958 :
1148 1939 1208 1958 uno
1221 1931 1313 1958 modo
1324 1951 1333 1964 ‚
1349 1930 1513 1958 omittendo
1524 1951 1533 1964 ‚
1549 1933 1580 1958 ut
1593 1938 1661 1958 cum
1681 1930 1748 1966 quis
1762 1929 1842 1958 videt

1066 1979 1157 2006 alium
1176 1978 1206 2005 in
1226 1980 1355 2005 extrema
1376 1977 1559 2011 necessitate,
1576 1979 1603 2004 et
1624 1984 1685 2004 non
1706 1976 1842 2005 subvenit

1066 2026 1108 2060 ci,
1135 2025 1351 2061 interpretative
1378 2023 1483 2051 dicitur
1506 2031 1575 2051 eum
1597 2023 1738 2051 occidisse
1751 2033 1758 2058 ;
1782 2023 1841 2051 alio

1067 2072 1158 2100 modo
1170 2072 1202 2099 fit
1212 2071 1433 2105 committendo,
1445 2073 1471 2098 et
1482 2071 1539 2098 hoc
1549 2071 1730 2106 quandoque
1741 2069 1841 2103 corde,

1067 2119 1178 2147 scilicet
1193 2118 1323 2146 odiendo
1335 2119 1345 2134 ⁴³
1361 2127 1367 2144 :
1385 2119 1438 2150 Qui
1450 2117 1507 2144 odic
1522 2118 1636 2149 fratrem
1651 2125 1739 2150 suum,
1757 2116 1842 2143 homi-

1068 2167 1130 2194 cida
1149 2168 1187 2193 est
1200 2174 1209 2193 :
1224 2164 1407 2201 quandoque
1422 2172 1472 2191 ore
1482 2185 1490 2197 ‚
1508 2163 1616 2190 scilicet
1638 2162 1840 2197 detrahendo,

1069 2213 1139 2250 quia
1154 2212 1202 2239 ille
1217 2212 1263 2238 cui
1280 2211 1450 2243 detrahitur,
1467 2209 1610 2237 occiditur
1619 2209 1650 2236 in
1665 2209 1843 2237 conscientia

1068 2260 1157 2291 illius,
1173 2258 1223 2294 qui
1239 2257 1321 2284 audit
1332 2257 1534 2290 detractorem,
1551 2255 1581 2282 in
1597 2263 1656 2291 qua
1670 2256 1751 2291 prius
1764 2256 1843 2284 vive-

1069 2306 1119 2333 bat
1148 2313 1200 2341 per
1227 2304 1339 2331 bonam
1365 2302 1492 2337 samam;
1524 2302 1705 2338 quandoque
1732 2310 1820 2338 opere
1832 2324 1840 2336 ‚

1070 2352 1178 2380 scilicet
1192 2350 1272 2378 malo
1287 2349 1424 2385 exemplo
1440 2349 1526 2377 alicui
1550 2349 1736 2376 occasionem
1750 2349 1841 2376 ruinae

1069 2397 1252 2435 praestando,
1269 2398 1297 2424 ct
1316 2399 1383 2424 tunc
1402 2396 1619 2431 interpretative
1639 2395 1743 2423 dicitur
1757 2395 1840 2423 illum

1071 2444 1221 2473 occidisse.

1104 2545 1109 2561 ¹
1123 2543 1223 2572 Mami„
1240 2548 1283 2572 xv,
1298 2542 1325 2572 83
1343 2542 1430 2571 Marc,
1445 2547 1490 2570 vn,
1507 2542 1530 2565 ῦ.
1542 2553 1572 2558 -
1584 2539 1594 2555 ¹
1610 2539 1815 2570 lJoan.‚111,15.
