2004 3037
170 323 230 354 300

168 397 224 419 cua
233 409 243 425 ,
259 390 288 417 et
301 387 388 425 quasi
401 388 439 417 de
453 388 621 417 arundine:
638 390 667 417 et
681 388 752 418 ideo
765 388 836 418 facit
852 389 948 418 aedifi-

168 437 248 465 cium
262 435 439 471 ruinosum3
458 443 530 464 nam
552 435 698 464 dicitur¹:
720 436 775 470 Qui
791 437 903 472 confidit
917 437 948 465 in

167 483 277 511 divitiis
295 484 368 518 suis,
390 485 505 511 corruet.
524 483 570 512 Sic
589 491 776 520 supervacua
795 485 823 512 et
835 483 948 520 fragilis

167 538 234 567 spes
248 531 276 558 et
288 529 400 558 fiducia
413 537 562 558 annorum
577 532 606 559 et
617 530 784 559 amicorum
793 551 803 566 ,
819 530 892 567 quia
906 530 949 558 di-

167 576 280 606 eitur’:
295 577 462 606 Maledictus
477 577 552 605 homo
561 598 570 613 ‚
586 579 636 613 qui
649 578 762 613 confidit
775 580 805 606 in
821 579 947 612 homine,

167 627 192 653 et
209 626 288 661 ponit
305 632 411 652 carnem
429 632 505 652 suam
516 645 526 660 ‚
546 623 578 652 id
596 625 659 659 est,
679 625 830 653 carnalem
849 625 948 654 homi-

166 679 252 707 nem,
268 672 407 700 brachium
418 679 512 707 suum,
527 671 559 700 id
573 673 631 707 est,
646 672 789 701 fiduciam
802 672 851 701 vel
866 673 949 701 auxi-

166 719 241 748 lium
252 741 261 755 ,
276 719 360 756 quod
375 720 418 747 est
432 719 463 746 in
478 719 543 747 solo
559 720 617 747 Deo
634 719 856 748 collocandum.
877 721 948 757 Spes

166 766 256 795 etiam
274 768 317 794 est
331 766 406 794 sieut
426 765 512 802 galea
525 775 532 794 :
555 774 626 795 nam
640 766 715 795 sicut
726 767 812 802 galea
827 769 870 796 est
884 775 948 796 mu-

166 814 333 842 nimentum
347 813 451 850 capitis
461 835 469 848 ,
491 814 533 841 sic
548 821 614 850 spes
630 816 672 842 est
685 816 836 843 armatura
849 815 947 843 inten-

166 861 266 890 tionis.
284 861 366 889 Unde
389 861 460 889 dicit
478 861 635 898 Apostolus
653 862 664 879 ³
687 870 693 889 :
714 861 826 890 Induite
845 863 948 896 qateam

166 916 240 944 spem
262 909 373 936 salutis.
406 908 476 944 Spes
503 907 698 936 nihilominus
724 910 767 936 est
795 908 870 936 sicut
893 916 947 936 an-

167 955 276 984 chora:
293 963 363 983 nam
379 955 453 982 siout
467 954 598 983 anchora
613 956 708 983 servat
721 963 831 983 navem
845 959 949 985 contra

166 1002 314 1040 procellas
337 1002 499 1037 fluctuum,
528 1002 570 1030 sic
593 1010 660 1038 spes
689 1003 820 1030 mentem
846 1005 949 1032 contra

167 1049 334 1078 tentationis
358 1049 530 1085 impulsum.
554 1050 586 1077 Et
608 1049 678 1077 ideo
697 1049 805 1078 dieitur
820 1052 854 1077 ⁵:
878 1050 947 1078 Con-

165 1097 304 1132 fuqiamus
330 1098 368 1125 ad
392 1097 533 1125 tenendam
556 1099 723 1133 propositam
750 1106 842 1133 spem,
868 1107 949 1134 quam

166 1145 237 1171 sicut
250 1144 396 1172 anchoram
411 1146 510 1171 animae
524 1144 649 1172 habemus
665 1147 753 1172 eatam
765 1147 791 1172 et
803 1147 919 1179 firmam.

203 1192 274 1220 ltem
288 1199 356 1227 spes
375 1190 469 1218 tribus
492 1190 558 1219 aliis
579 1194 771 1228 comparatur
789 1201 795 1220 ε
812 1195 854 1220 est
869 1193 948 1221 enim

166 1239 242 1266 sicut
255 1237 346 1266 arbor
356 1238 522 1273 fructuosa,
539 1238 614 1266 sicut
628 1246 747 1273 gemma
762 1239 905 1275 pretiosa,
922 1243 949 1268 et

166 1285 241 1313 sicut
259 1285 342 1313 mola
361 1285 503 1312 virtuosa.
525 1286 596 1320 Spes
616 1293 688 1321 crgo
708 1287 750 1313 est
765 1286 839 1314 sicut
859 1286 950 1315 arbor

166 1332 318 1360 fructuosa
330 1339 351 1359 ἰ
383 1339 453 1359 nam
483 1331 558 1359 sicut
584 1332 675 1360 arbor
702 1332 814 1368 profert
842 1333 949 1362 uberes

166 1378 297 1414 fruetus,
323 1387 389 1415 quoe
406 1379 497 1407 habet
515 1378 660 1414 irriguum
680 1387 827 1415 aquarum
846 1380 948 1408 viven-

167 1427 257 1462 tium3
279 1426 320 1454 sio
346 1435 413 1463 spes
436 1426 548 1463 profert
567 1427 678 1455 fructus
702 1427 851 1456 bonorum
877 1436 948 1465 ope-

166 1481 251 1509 rum,
268 1482 334 1510 quse
355 1474 409 1501 situ
433 1475 475 1502 est
497 1476 525 1502 et
547 1473 678 1510 plantata
697 1474 781 1509 Juxta
803 1475 949 1511 irriguum

167 1528 326 1558 aquarum.
354 1521 435 1548 Unde
465 1520 572 1548 dicitur
599 1521 609 1536 ⁵
641 1530 647 1548 ε
677 1523 733 1556 Εῃο
763 1525 852 1550 autem
880 1524 950 1550 sicut

167 1569 239 1596 oliva
260 1569 410 1601 fructifera
429 1569 457 1595 in
478 1568 553 1595 domo
578 1569 644 1599 Dei,
666 1571 774 1604 sperari
796 1571 824 1596 in
842 1571 948 1597 miseri-

166 1615 260 1643 cordia
282 1617 332 1643 Dcz'
353 1617 414 1643 mci.
435 1616 504 1650 Spes
521 1615 601 1642 enim
621 1617 663 1643 est
682 1616 755 1643 sicut
770 1617 948 1652 margarita,

167 1663 214 1690 vel
238 1670 379 1697 gemma.-
399 1670 470 1690 uam
491 1662 565 1690 sicut
588 1671 706 1697 gemma
728 1666 769 1691 est
791 1667 892 1698 grata,
908 1665 949 1692 sic

167 1717 233 1745 spes
248 1711 292 1737 est
313 1710 370 1737 Deo
390 1709 514 1745 plaeita3
531 1709 605 1737 sicut
625 1718 744 1744 gemma
758 1710 847 1738 habet
863 1711 948 1738 valo-

167 1763 230 1783 rem
251 1764 412 1791 magnum,
430 1756 470 1783 sie
494 1764 560 1792 spes
585 1756 652 1784 lacit
671 1756 822 1784 hominem
836 1758 947 1793 pretio-

167 1810 232 1830 sum
246 1812 253 1837 ;
268 1804 296 1830 ct
311 1803 384 1830 siout
400 1811 519 1838 gemma
535 1805 576 1830 cst
591 1803 754 1839 perlucida,
769 1803 809 1830 sic
826 1812 892 1839 spes
908 1807 950 1832 est

168 1849 395 1886 quodammodo
409 1849 570 1885 diophana,
582 1850 653 1885 quia
664 1858 716 1885 per
730 1858 795 1877 eam
811 1850 949 1879 videntur

168 1898 195 1924 et
210 1899 365 1932 sperantur
387 1896 456 1924 loca
477 1896 616 1924 coelcstia.
644 1898 681 1924 De
705 1897 767 1932 ipsa
792 1897 898 1925 dicitur
913 1899 945 1925 ὃς

169 1944 275 1971 Gemma
303 1945 462 1977 gratissima
485 1945 633 1978 ewpcctatio
657 1945 850 1978 praestolantis.
878 1946 948 1980 Spes

167 1990 360 2018 nihilominus
377 1992 420 2018 est
435 1990 508 2018 sicut
522 1990 619 2018 mola:
636 1992 663 2018 ct
679 1994 765 2025 nola,
783 1991 865 2027 quod
882 1991 948 2019 duce

167 2039 234 2065 suut
248 2037 336 2065 moire
355 2037 536 2074 spirituales,
553 2037 662 2065 scilicet
683 2037 769 2065 timor
790 2038 926 2074 supplicii
938 2060 947 2074 ,

167 2086 195 2112 el.
208 2092 275 2120 spes
295 2084 407 2120 praemii
424 2093 430 2111 :
449 2085 535 2112 timor
549 2087 591 2112 cst
606 2084 688 2112 mola
709 2085 865 2121 superior,
882 2094 948 2121 quse

166 2131 273 2167 premit
297 2131 448 2165 animam,
463 2139 500 2159 ne
523 2134 677 2159 evanescat
697 2140 749 2167 per
773 2131 946 2166 elationem;

167 2186 234 2214 spes
244 2180 285 2206 est
300 2178 379 2205 mola
391 2178 521 2211 interior,
534 2186 599 2214 quoe
615 2178 746 2206 animam
762 2179 895 2213 sustinet,
910 2187 947 2206 ne

167 2224 284 2252 deficiat
307 2233 360 2260 per
384 2225 628 2260 desperationem.
658 2227 726 2253 istas
756 2225 829 2253 duas
853 2225 948 2253 molas

167 2271 255 2299 debet
279 2271 422 2306 poenitens
447 2272 645 2306 conjungere,
667 2273 741 2299 sicut
766 2273 868 2306 David,
895 2273 947 2308 qui

167 2318 285 2345 dicebat
294 2319 304 2335 ⁷
319 2328 324 2345 :
338 2319 379 2345 Ab
392 2319 538 2345 altitudine
548 2320 614 2352 dici,
627 2319 764 2346 sciliceta
775 2319 822 2346 die
831 2319 946 2354 judicii,

166 2365 277 2400 timebo,
295 2372 362 2392 ecce
384 2365 465 2392 mola
484 2365 633 2401 superior;
650 2367 706 2400 1390
725 2374 785 2393 vcro
802 2368 828 2392 z'n
845 2368 869 2392 tc
889 2374 947 2401 spc-

166 2413 245 2444 rabo,
267 2419 334 2439 ecce
350 2411 431 2439 mola
450 2411 581 2440 inferior.
605 2412 686 2439 Unde
702 2420 762 2440 uua
776 2412 838 2440 sine
855 2413 947 2441 altera

166 2467 227 2486 uon
248 2458 334 2486 valet.
364 2460 396 2486 Et
417 2458 485 2486 ideo
512 2458 541 2485 iu
565 2458 661 2493 ligura
680 2459 768 2494 hujus
790 2459 896 2486 dicitur
911 2461 920 2475 ⁸
939 2470 945 2487 z

167 2507 225 2534 Nou
237 2507 352 2540 accipies
366 2505 419 2532 loco
430 2507 554 2540 ρωποι-ῖς
570 2507 727 2539 inferiorem
743 2508 767 2533 ct
782 2509 945 2541 superiorem

166 2553 273 2586 molam,
291 2552 321 2579 id
337 2554 396 2586 est,
412 2560 495 2587 spem
511 2554 538 2579 et
557 2552 694 2580 timorem
709 2561 771 2580 uon
791 2553 946 2580 subtrahas

167 2598 331 2634 peccatori3
353 2600 381 2625 et
395 2598 470 2626 inter
491 2599 559 2626 istas
580 2599 655 2626 duas
678 2599 772 2627 molus
788 2600 819 2626 fit
835 2600 946 2635 optima

167 2645 306 2673 molitura
317 2645 414 2680 tritici,
430 2645 462 2673 id
473 2648 516 2674 est
530 2646 658 2682 perfecta
673 2646 809 2674 contritio
821 2646 944 2683 peceati.

200 2720 208 2735 ¹
224 2720 356 2749 Pro1v.,x1,
371 2722 410 2744 28.
422 2734 452 2739 —-
466 2721 473 2735 ²
487 2721 588 2750 Jerern„
604 2728 669 2753 xvu,
684 2723 708 2746 5.
720 2735 749 2739 —
764 2723 772 2736 ³
789 2723 796 2746 l
816 2722 906 2752 Thess„
921 2728 944 2754 v,

169 2757 192 2779 ὃ.
203 2768 233 2773 —
250 2756 260 2771 Β
273 2755 358 2784 urbm,
374 2762 409 2786 vi,
428 2758 464 2780 19.
479 2770 508 2774 -
523 2758 532 2774 δ
546 2757 662 2788 Psal.L1,
678 2759 870 2789 10.—¹³P›·ov.,
881 2764 945 2789 xv11‚

169 2792 191 2815 8.
209 2805 234 2809 —
254 2793 260 2805 ⁷
279 2791 346 2816 Psul.
368 2798 409 2823 LV,
431 2793 453 2817 4.
475 2806 505 2810 —
524 2794 531 2807 ⁸
551 2793 635 2823 Dent„
653 2800 725 2825 xxiv,
743 2796 764 2819 6.
790 2808 815 2812 —
836 2795 844 2808 ⁴³
862 2795 945 2824 Prota,

733 308 878 354 mAE‘rAE
899 319 1065 354 SALU'ris
1086 321 1164 354 Tlr.
1186 321 1226 354 v.

1254 437 1280 471 C
1293 437 1323 471 A
1335 437 1362 470 P
1375 436 1407 471 U
1418 437 1446 470 T
1489 436 1531 472 V.

1284 511 1323 537 De
1342 509 1504 537 Prudentia.

1039 580 1198 609 Prudentia
1217 581 1260 608 est
1280 579 1514 617 appetendarum
1535 587 1654 614 rerum,
1667 578 1783 615 fugien-

1005 627 1172 664 darumque
1188 627 1325 662 seientia,
1346 629 1379 655 ut
1394 627 1464 655 dicit
1482 626 1593 655 Tullius
1613 626 1644 654 in
1658 626 1738 655 libro
1752 625 1786 654 de

1006 675 1116 710 Officiis.
1133 676 1171 702 De
1187 673 1346 711 prudentia
1359 676 1430 702 nota
1444 673 1611 711 specialiter
1625 673 1689 708 tria,
1706 672 1783 701 seili-

1004 724 1049 750 cet
1062 724 1167 759 typum
1190 721 1451 755 decentissimum,
1466 723 1564 750 actum
1583 720 1784 755 utilissimum,

1003 771 1122 806 partum
1135 767 1367 796 nobilissimum.

1041 815 1133 844 llabet
1155 816 1254 843 autem
1275 814 1434 851 prudentia
1456 815 1562 851 typum
1586 813 1785 850 multiplicem
1808 821 1905 843 Pruden-

1005 864 1033 891 et
1047 861 1224 898 elegantem.
1238 862 1434 898 comparatur
1448 862 1547 889 autem
1557 860 1724 898 specialiter
1736 859 1787 888 tri-
1799 853 1907 906 ¹22¹&ss

1004 908 1079 944 bus,
1105 908 1214 936 scilicet
1237 907 1376 936 assessori
1397 906 1524 944 judicis,
1546 909 1675 944 quatuor
1698 906 1787 935 etiam
1801 891 1874 937 rainl.³

1004 955 1146 990 minimis,
1157 957 1185 983 et
1199 955 1309 983 astutiae
1323 954 1476 991 serpentis.
1490 953 1649 982 Prudentia
1663 953 1788 990 quidem

1005 1004 1048 1031 est
1061 1002 1135 1030 sicut
1153 1009 1283 1030 assessor
1299 1001 1420 1037 judicis,
1435 1001 1484 1029 vel
1503 1000 1582 1037 regis
1600 1010 1607 1029 :
1628 1008 1699 1028 nam
1714 999 1788 1028 siout

1005 1057 1134 1078 assessor
1150 1048 1315 1085 judicando
1335 1048 1435 1084 dirigit
1452 1048 1596 1084 judicem,
1611 1047 1660 1076 vel
1674 1054 1787 1083 regem,

1005 1097 1045 1125 sic
1056 1096 1216 1133 prudentia
1226 1096 1382 1124 rationem.
1395 1096 1484 1130 Sicut,
1495 1102 1640 1123 assessore
1653 1094 1786 1128 absente,

1005 1143 1155 1172 interdum
1172 1143 1347 1180 pervertitur
1364 1142 1511 1178 judicium
1528 1142 1624 1177 regis3
1646 1141 1697 1176 sie,
1718 1148 1787 1169 cum

1006 1191 1089 1220 abest
1106 1190 1273 1227 prudentia,
1292 1189 1470 1226 pervertitur
1485 1188 1631 1224 judicium
1652 1187 1785 1216 rationis.

1006 1239 1086 1268 Unde
1102 1238 1208 1267 dicitur
1223 1237 1253 1265 in
1270 1236 1435 1265 Proverbiis
1447 1237 1457 1253 ⁹
1474 1245 1481 1264 :
1500 1237 1562 1263 Dua:
1579 1234 1706 1269 indigens
1719 1242 1787 1270 pru-

1006 1287 1108 1318 dentia.
1123 1286 1221 1312 multos
1234 1286 1367 1320 opprimet
1380 1291 1427 1318 pcr
1442 1284 1615 1310 calumniam.
1630 1280 1788 1309 Prudentia

1006 1333 1094 1362 etiam
1115 1334 1304 1368 comparatur
1328 1333 1455 1367 quatuor
1478 1329 1609 1357 minimis
1630 1329 1728 1361 terrae,
1749 1327 1786 1355 de

1006 1379 1116 1416 quibus
1131 1379 1237 1407 dicitur
1250 1379 1271 1395 ¹⁰
1285 1387 1291 1406 :
1310 1376 1434 1411 Quatuor
1447 1379 1510 1404 sunt
1525 1377 1640 1403 minima
1656 1377 1744 1409 terroe,
1761 1375 1787 1401 et

1005 1428 1068 1463 ipsa
1081 1429 1145 1454 suat
1159 1427 1326 1461 sapientiora
1341 1424 1520 1460 sapientibus,
1536 1422 1645 1450 scilicet
1659 1422 1786 1456 formica,

1006 1476 1170 1512 lepusculus,
1189 1475 1288 1509 stellio,
1308 1473 1356 1501 vel
1377 1473 1515 1506 lacertus,
1537 1474 1565 1500 et
1585 1472 1695 1499 locusta.
1715 1471 1787 1498 Nam

1006 1525 1033 1551 et
1052 1522 1184 1559 prudeus
1204 1521 1310 1549 dicitur
1330 1519 1454 1548 formica
1474 1519 1588 1547 ratione
1609 1516 1785 1554 prudentiae.

1006 1572 1038 1598 Et
1053 1573 1133 1602 nota,
1149 1568 1232 1605 quod
1248 1567 1371 1596 formica
1386 1567 1476 1595 habet
1491 1566 1594 1594 decem
1610 1564 1786 1599 laudabilia,
1803 1573 1908 1594 Formica

1006 1620 1033 1645 et
1054 1625 1071 1644 a
1096 1616 1166 1643 viris
1189 1614 1387 1651 prudentibus
1411 1613 1564 1641 imitanda.
1590 1612 1724 1640 Formica
1746 1613 1789 1639 est
1801 1605 1901 1657 ἔφη·

1006 1663 1116 1692 animal
1132 1671 1269 1699 parvum,
1286 1662 1332 1690 vel
1346 1661 1516 1689 modicum:
1529 1660 1557 1687 in
1573 1667 1634 1696 quo
1648 1658 1788 1686 laudatur

1005 1710 1165 1739 humilitas.
1183 1711 1279 1737 Grano
1295 1709 1423 1744 pascitur
1440 1717 1446 1735 :
1464 1708 1493 1734 in
1510 1715 1570 1742 quo
1591 1706 1713 1734 docetur
1732 1705 1786 1733 ho-

1004 1760 1111 1786 nestas.
1132 1756 1233 1784 Socios
1250 1755 1371 1790 adjuvat
1389 1764 1395 1781 :
1416 1754 1446 1781 in
1462 1761 1521 1789 quo
1536 1752 1675 1780 laudatur
1689 1751 1785 1779 chari-

1006 1807 1057 1832 tas.
1083 1803 1213 1831 Sollicita
1234 1805 1296 1830 est:
1319 1801 1350 1829 in
1373 1808 1433 1837 quo
1456 1799 1595 1827 laudatur
1615 1798 1783 1834 prudentia.

1004 1854 1161 1887 Nunquam
1177 1852 1219 1877 cst
1233 1849 1329 1877 otiosa
1345 1858 1351 1875 :
1371 1848 1400 1875 in
1417 1856 1477 1883 quo
1493 1846 1720 1875 commendatur
1735 1853 1785 1874 oc-

1005 1897 1133 1935 cupatio.
1158 1898 1253 1925 Grana
1278 1895 1446 1928 detruncat,
1472 1901 1509 1921 ne
1535 1893 1715 1929 germinent,
1738 1892 1785 1920 vel

1004 1946 1174 1982 putrescant
1190 1952 1196 1971 ε
1218 1943 1248 1971 in
1263 1951 1323 1979 quo
1345 1943 1523 1969 monstratur
1539 1939 1636 1968 carnis
1654 1939 1784 1967 afflictio.

1003 1994 1147 2028 Tempore
1168 1990 1272 2018 imbris
1292 1997 1385 2025 grana
1404 1987 1584 2015 abscondit:
1606 1987 1636 2014 in
1656 1994 1716 2022 quo
1733 1986 1786 2014 do-

1005 2042 1085 2067 cetur
1101 2038 1172 2073 suga
1186 2035 1364 2065 tentationis.
1382 2037 1524 2070 Tempore
1539 2041 1643 2061 sereno
1658 2041 1785 2069 granum

1004 2086 1058 2114 soli
1078 2085 1200 2121 exponit
1217 2094 1222 2111 :
1241 2085 1269 2111 iu
1288 2091 1348 2119 quo
1367 2082 1505 2110 laudatur
1522 2082 1612 2109 virtus
1631 2080 1783 2109 orationis

1004 2132 1123 2161 Pondus
1146 2134 1242 2167 portat
1266 2131 1362 2165 majus
1384 2137 1475 2165 quam
1500 2129 1564 2164 ipsa
1588 2128 1645 2155 sit:
1670 2127 1698 2154 in
1723 2136 1783 2163 quo

1004 2181 1182 2207 monstratur
1200 2178 1280 2205 zelus
1297 2175 1521 2212 compassionis.
1544 2176 1580 2201 De
1598 2173 1662 2210 ipsa
1679 2173 1784 2201 dicitur

1002 2226 1195 2263 proverbium
1208 2227 1228 2241 ¹⁸
1241 2234 1247 2251 :
1260 2225 1281 2251 O
1295 2225 1382 2258 piger,
1394 2222 1461 2249 vade
1469 2222 1505 2249 ad
1513 2222 1665 2254 formicam,
1679 2223 1701 2248 et
1713 2221 1784 2248 disce

1002 2275 1181 2308 septentiam,
1202 2280 1261 2306 (μαῖ’
1280 2279 1338 2297 cum
1361 2278 1412 2296 uon
1431 2269 1509 2295 habet
1531 2268 1631 2300 ducem,
1652 2276 1697 2295 nec
1715 2276 1784 2303 proe-

1003 2323 1143 2355 ccptorem,
1167 2326 1212 2345 uec
1231 2318 1394 2352 principem,
1408 2319 1491 2350 parat
1510 2316 1539 2342 iu
1557 2317 1659 2345 (estate,
1676 2318 1701 2342 et
1722 2322 1784 2341 con-

1002 2369 1095 2401 flrcqat
1114 2367 1142 2392 in
1160 2372 1240 2392 messe
1255 2364 1341 2391 cibum
1358 2363 1420 2393 sim.
1438 2361 1546 2389 scilicet
1562 2361 1591 2388 in
1607 2369 1700 2389 messe
1715 2368 1782 2396 gra—

1002 2414 1060 2446 tice,
1082 2412 1181 2439 cibum
1200 2410 1302 2446 gloria}
1321 2409 1515 2445 sempiternae.
1536 2409 1606 2435 ltem
1624 2407 1783 2443 prudentia

1003 2460 1192 2495 comparatur
1200 2456 1365 2493 lepusculo,
1375 2456 1488 2483 ratione
1497 2454 1682 2482 confidentiae
1691 2461 1780 2490 quam

1001 2507 1093 2535 homo
1106 2505 1237 2542 prudens
1252 2503 1341 2531 habet
1357 2503 1454 2530 solum
1467 2502 1496 2529 in
1512 2503 1579 2529 Deo.
1594 2501 1671 2529 Sicut
1685 2501 1782 2537 lepus·

1002 2554 1086 2581 culus
1103 2553 1120 2568 '²
1141 2553 1209 2579 locat
1229 2553 1350 2585 inpetro
1369 2550 1453 2576 cubile
1472 2556 1558 2580 suum,
1578 2550 1609 2575 ut
1625 2548 1731 2575 dicitur
1751 2548 1781 2576 in

1002 2599 1178 2633 Proverbiis,
1192 2598 1231 2625 ita
1243 2598 1334 2625 homo
1347 2597 1378 2623 in
1391 2595 1513 2624 Christe.
1529 2596 1608 2622 Petra
1621 2597 1709 2622 autem
1723 2598 1779 2622 erat

1004 2648 1141 2679 Christus,
1158 2648 1189 2673 ut
1211 2644 1281 2672 dicit
1303 2642 1498 2679 Apostolus'³.
1515 2641 1671 2669 Prudentia
1693 2642 1781 2669 etiam

1002 2694 1191 2730 comparatur
1207 2690 1334 2720 stellioni
1351 2700 1357 2718 :
1375 2697 1445 2718 nam
1460 2688 1565 2723 stellio,
1580 2688 1628 2716 vel
1643 2688 1778 2722 lacertus,

1001 2764 1097 2787 xxviii,
1113 2757 1149 2781 16.
1161 2769 1191 2774 -
1207 2756 1226 2772 ¹⁰
1239 2755 1320 2783 Prov„
1336 2758 1399 2783 xxx,
1410 2753 1490 2776 24-28.
1505 2765 1530 2768 —
1549 2751 1566 2768 ¹¹
1579 2752 1662 2782 Prou,
1678 2757 1713 2782 vi,
1729 2752 1776 2776 6·8.

1001 2807 1030 2812 -
1048 2794 1064 2808 ¹²
1080 2793 1164 2821 Pron..
1181 2797 1240 2822 xxx,
1256 2792 1295 2815 26.
1307 2802 1335 2807 —
1353 2788 1477 2819 ¹³1Cor.,
1493 2794 1517 2818 x,
1537 2789 1559 2812 4.
