2004 3037
242 198 304 230 386

241 264 316 296 bant
329 264 476 302 dicentes,
491 265 577 304 quod
597 265 640 296 ad
657 266 814 297 hominem
833 267 1023 304 peccatorem

242 310 416 341 divertisset.
430 321 445 340 n

265 359 365 387 Frater
372 358 472 388 senior
479 359 533 388 filii
542 359 675 398 prodigi,
685 360 812 390 audiens
820 359 928 389 festum
937 359 1022 396 quod

240 405 457 443 faciebatpater
463 407 694 437 adolescentiori
700 407 765 436 filio
772 406 946 442 revertenti,
957 416 970 433 α
976 405 1022 434 in-

241 452 382 490 dignatus
395 455 450 488 est,
461 455 491 483 et
503 454 628 484 nolebat
639 454 772 483 introire.
788 464 804 481 ι»
818 454 896 488 Luc„
910 461 962 488 xv,
975 454 1020 481 28.

279 509 294 528 α
309 499 450 529 Videntes
463 501 614 539 principes
628 501 819 530 sacerdotum
842 502 872 530 et
890 499 1000 530 Seribae
1011 520 1021 536 ‚

239 545 386 576 miracula
399 555 468 584 quae
481 548 624 578 Dominus
646 548 774 578 faciebat
789 548 825 585 (a)
835 568 846 583 ,
862 549 892 577 et
911 554 1022 585 pueros

240 592 402 623 clamantes
429 603 440 622 .-
468 595 587 625 Osanna
620 595 685 625 filio
719 595 813 625 David
832 617 842 631 ,
875 593 1022 631 indignati

239 642 323 676 sunt,
343 651 358 668 n
376 643 429 671 ete.
448 643 563 679 Mami„
578 644 802 679 xxi‚15;Luc.‚
815 651 880 678 xix,
894 643 942 671 39.

275 688 411 718 Pharisaei
425 689 562 718 videntes
571 698 602 718 se
617 698 670 727 per
684 698 779 718 unum
792 697 904 719 caecum
916 690 1021 718 natum

239 743 258 764 a
270 735 397 765 Domino
411 736 630 772 illuminatum,
642 737 741 766 verbis
757 737 930 766 efficacibus
949 743 1021 765 con-

237 781 345 818 futari,
360 783 580 812 maledixerunt
591 784 633 819 ei,
650 786 678 813 et
692 784 833 813 dixerunt
850 793 857 812 ι
876 793 890 810 ιι
904 784 946 811 Tu
962 783 1022 811 dis-

239 830 356 867 cipulus
378 831 441 867 eJus
459 831 518 867 sis;
533 841 547 858 »
567 833 596 860 et
611 833 679 868 post
693 840 701 860 ι
719 841 733 858 ει
745 831 776 860 ln
791 830 920 868 peccatis
934 831 1021 858 natus

238 884 270 905 es
285 879 377 912 totus,
393 880 420 906 et
436 881 467 906 tu
482 878 572 907 doces
588 886 655 914 nos,
666 888 680 905 n
695 880 750 907 etc.
760 879 904 914 Joa11.‚1x‚
915 878 963 913 28,
974 878 1019 906 34.

274 925 394 953 Factum
411 926 455 953 est
473 933 609 954 murmur
627 927 793 955 Groeoorum
809 925 954 954 adversus
968 926 1020 953 lle-

237 971 348 1006 brunes,
368 981 382 998 «
398 980 434 1000 eo
449 972 534 1009 quod
555 972 777 1009 despicerentur
799 972 829 1000 in
853 971 1020 1000 ministerio

237 1018 415 1055 quotidiano
430 1019 530 1048 viduoe
545 1027 651 1048 eorum
662 1041 671 1055 ‚
687 1030 701 1046 n
722 1021 775 1048 cto.
797 1021 872 1054 Ace„
889 1027 917 1048 vi
928 1039 937 1054 ‚
955 1020 981 1048 1.

430 1115 591 1150 CAPUT
630 1115 820 1150 LXXXII.

275 1198 311 1226 De
331 1198 398 1226 bello
419 1199 579 1234 temporati,
601 1202 625 1227 ct
645 1201 761 1228 victoria
779 1202 810 1227 nt
826 1200 979 1236 plurimum

488 1245 621 1273 divinitus
645 1246 759 1273 obtenta.

274 1315 423 1344 Abraham
439 1324 507 1344 cum
526 1317 628 1354 paucis
650 1317 738 1345 sociis
760 1316 922 1345 debellavit
944 1323 1019 1353 qua-

239 1364 307 1391 tuor
321 1371 420 1399 regeS,
437 1364 488 1400 qui
506 1367 603 1392 tamen
620 1365 658 1394 ita
672 1367 808 1401 potentes
824 1365 919 1398 crant,
935 1363 1018 1399 quod

237 1409 293 1446 ipsi
320 1412 410 1438 terras
436 1411 544 1439 multas
563 1414 761 1446 vastaverant,
778 1413 806 1439 ct
829 1411 864 1447 (b)
885 1411 1018 1446 quinque

237 1464 321 1491 reges
344 1457 381 1485 de
398 1458 549 1493 Pentapoli
571 1459 701 1486 vicerant
717 1459 766 1494 (s),
781 1461 808 1486 et
830 1458 897 1486 illos
912 1457 949 1485 de
964 1458 1017 1485 So-

237 1503 329 1532 doma
348 1506 375 1532 ct
396 1506 541 1533 Gomorra
565 1505 767 1541 spoliaverant
791 1506 829 1541 (d)
844 1515 850 1540 3
868 1505 929 1541 ipse
945 1512 1018 1532 vero

237 1551 387 1579 Abraham
403 1552 499 1588 spolia
521 1553 722 1589 recuperavit,
738 1555 765 1581 et
786 1553 858 1581 Loth
878 1553 1018 1588 nepotem

237 1605 324 1626 sunm
339 1599 485 1627 liberavit.
504 1600 583 1633 Gen„
599 1608 659 1627 xiv.

272 1646 344 1673 Nota
359 1647 443 1682 qnod
463 1647 492 1674 in
507 1646 587 1674 bello
605 1647 685 1682 justo
709 1654 770 1675 non
793 1648 906 1675 tenetur
925 1646 1018 1674 homo

238 1691 364 1720 inimicis
378 1693 438 1721 suis
458 1702 591 1729 pugnam
608 1694 783 1730 praedicere,
800 1693 847 1721 vel
868 1702 919 1721 eos
940 1701 1016 1729 prm-

238 1747 359 1767 monere
373 1740 423 1775 (τὴς
440 1740 501 1768 imo
513 1741 601 1768 ctiam
617 1741 682 1769 licet
698 1741 739 1768 eis
752 1741 873 1768 insidias
887 1740 1017 1774 tendere,

237 1786 311 1814 sicut
325 1790 404 1822 patet
419 1796 471 1823 per
484 1788 647 1821 Abraham,
666 1789 745 1821 (lem,
760 1796 819 1822 xiv,
836 1790 863 1815 et
878 1788 949 1821 Jos.‚
965 1794 1018 1814 vni

238 1834 266 1860 et
278 1841 315 1865 x;
332 1834 401 1860 item
413 1835 516 1868 ludim,
532 1843 600 1869 vin,
618 1835 654 1862 de
670 1834 818 1862 Gedeone.

273 1880 380 1908 Contra
403 1881 523 1909 Amalec
550 1882 627 1909 filios
655 1881 742 1909 lsrael
766 1881 911 1917 impedire
926 1881 1017 1908 niten-

237 1928 315 1961 tem,
331 1927 410 1955 misit
424 1929 537 1964 Moyses
556 1930 642 1956 Josne
660 1928 699 1956 ad
722 1928 938 1964 pugnandum;
956 1927 1017 1963 ipso

238 1974 354 2002 veroin
374 1975 495 2010 propria
520 1984 648 2011 persona
673 1984 731 2003 non
750 1975 817 2009 ivit,
832 1975 885 2002 sed
908 1975 937 2002 in
953 1982 1017 2002 ora-

238 2021 316 2049 tione
331 2022 487 2056 remansit,
504 2025 531 2049 et
545 2022 611 2058 plus
627 2022 693 2049 sevit
709 2022 843 2056 orando,
859 2029 951 2058 quam
966 2021 1017 2049 ille

237 2068 377 2096 manibus
391 2068 534 2096 feriendo.
554 2070 655 2103 lived„
671 2078 741 2097 xvii.

274 2115 335 2143 Filii
353 2115 438 2144 lsrael
454 2118 537 2143 motu
551 2116 639 2143 valde
654 2117 790 2143 animoso
806 2115 936 2150 aggressi
950 2117 1018 2143 sunt

236 2162 352 2190 belluni
369 2165 471 2190 contra
486 2163 682 2190 Amnlevlntas
697 2165 724 2189 et
739 2164 931 2196 ulianam—os,
948 2170 1017 2198 pro-

237 2208 357 2237 hibente
373 2211 469 2245 Moyse
483 2219 489 2243 ;
510 2209 553 2236 illi
575 2212 674 2236 antoni
689 2209 883 2245 percutientes
899 2212 926 2236 et
947 2217 1017 2237 con-

238 2255 367 2284 cidentes
384 2256 461 2283 tilios
477 2256 581 2291 lsrael,
597 2256 743 2292 persecuti
759 2259 827 2285 sunt
848 2264 899 2284 eos
923 2264 1016 2292 nsque

238 2303 355 2331 Horma.
372 2303 468 2337 Num„
484 2311 543 2330 xiv.

273 2351 332 2377 ltex
348 2349 426 2377 Arad
440 2349 585 2385 pugnavit
601 2352 703 2377 contra
717 2349 795 2377 tilios
811 2349 918 2384 lsrael,
932 2349 1017 2378 duxit

238 2396 307 2424 inde
323 2396 474 2432 praedam3
491 2396 533 2424 illi
548 2405 619 2424 vero
634 2398 737 2432 postea
752 2399 821 2423 voto
839 2397 962 2424 Domino
985 2405 1016 2424 se

238 2443 404 2478 obligantes
419 2443 563 2478 vicerunt,
577 2445 604 2471 et
620 2443 709 2471 urbes
721 2443 850 2471 hostium
866 2443 1017 2471 subverte-

238 2493 313 2518 runt.
332 2492 427 2526 Num„
442 2498 503 2518 xxx.

271 2565 302 2594 (η)
321 2565 390 2596 I'nlq.
407 2565 533 2589 mirabilia
549 2571 605 2596 qum
621 2563 688 2588 fucit.
702 2577 730 2581 —
751 2564 784 2594 (b)
801 2565 862 2589 (ἴα-ι’.
881 2564 939 2589 edit
956 2565 1016 2589 add.

239 2603 364 2625 tanim.-
377 2602 407 2632 (σι
417 2601 709 2625 Οιιί.ι·(ίιὶ.νἰοοι·υιιῑ.-
721 2601 754 2631 (11¹)
764 2601 1015 2632 110111spol'1nverunt.

238 2649 268 2653 ——
284 2637 313 2665 (e)
335 2638 393 2660 lte-m
405 2637 567 2667 praemunire
581 2649 610 2654 —-
623 2637 664 2666 (s)
680 2637 868 2668 ltae›111-=0pit.-
882 2637 918 2667 (y)
940 2636 1014 2667 l'nlq.

240 2672 436 2704 l‘erterinitqne.

856 197 992 231 BIBLlA
1013 195 1246 231 PAUPERUM.

1112 265 1155 295 Ex
1177 265 1327 303 pmeepto
1353 266 1472 296 Domini
1493 269 1662 305 pugnantes
1687 267 1743 297 filii
1757 268 1856 300 ‹fflel

1077 313 1182 342 contra
1207 311 1401 348 Humanitas,
1425 315 1539 343 tantam
1559 313 1718 344 victoriam
1741 313 1856 345 habue-

1076 362 1164 396 runt,
1178 360 1264 398 quod
1285 361 1405 397 triginta
1427 361 1490 391 duo
1511 362 1606 392 millia
1618 363 1780 393 mulierum
1796 363 1857 394 vib

1077 407 1181 444 ginum
1195 408 1366 437 habuerunt
1385 408 1416 437 in
1435 409 1556 446 praeda;
1577 411 1606 439 et
1629 412 1728 439 tamen
1751 410 1790 440 de
1803 418 1856 448 po-

1076 455 1149 492 pulo
1163 455 1252 484 lsrael
1274 463 1336 484 non
1357 454 1478 484 fuerunt
1499 456 1557 486 nisi
1579 456 1741 486 duodecim
1761 457 1857 488 millia

1075 504 1294 539 pugnatorum,
1309 502 1345 531 de
1368 503 1480 540 quibus
1501 511 1557 532 nec
1576 511 1656 534 nnus
1679 504 1803 542 quidem
1823 504 1857 535 in

1075 549 1182 586 proelio
1196 550 1332 578 mortuus
1347 551 1400 578 est.
1413 552 1512 586 Num„
1525 559 1609 580 xxxi.

1111 596 1296 625 vociferante
1322 597 1455 634 populo,
1469 600 1499 626 et
1520 597 1668 627 clamante
1690 598 1856 635 clangenti-

1076 643 1134 672 bus
1157 643 1255 679 tubis,
1275 643 1350 672 sicut
1372 647 1555 682 proeceperat
1580 645 1723 675 Dominus
1748 647 1856 683 Josue,

1075 690 1154 720 muri
1168 690 1284 719 iericho
1303 693 1478 720 corruerunt
1487 712 1498 727 ‚
1513 692 1599 722 etsie
1620 695 1708 730 capta
1728 694 1773 722 est
1785 693 1858 723 eivi-

1075 739 1129 767 tas.
1146 739 1216 772 Ios„
1230 745 1271 765 vi.
1516 762 1518 765 .

1112 784 1274 813 occasione
1297 785 1551 820 praevaricationis
1559 786 1685 822 Achan,
1700 786 1756 816 filii
1769 787 1859 818 lsrael

1074 831 1166 867 fugati
1183 831 1302 860 suerunt
1317 831 1356 860 ab
1371 831 1430 860 illis
1449 832 1487 861 de
1509 833 1626 862 civitate
1646 833 1707 862 Hai.
1727 835 1795 863 Post
1807 842 1859 864 ex-

1075 878 1239 916 piationem
1261 881 1362 907 autem
1384 879 1517 916 peccati,
1538 879 1579 908 ad
1601 882 1783 918 praeceptum
1803 883 1859 912 Do·

1073 925 1147 954 mini
1165 927 1251 962 capta
1272 925 1328 954 fuit
1349 925 1452 955 civitas
1465 946 1476 961 ‚
1501 929 1531 956 et
1552 926 1706 957 subversa.
1726 929 1795 965 Ios„
1817 936 1858 959 vn

1074 975 1103 1002 et
1116 981 1179 1002 vni.

1109 1022 1184 1050 Cum
1202 1022 1350 1058 pugnaret
1369 1022 1457 1051 Josue
1481 1023 1585 1051 contra
1604 1022 1739 1059 quinque
1753 1031 1858 1061 reges,

1075 1068 1126 1105 qui
1140 1070 1286 1096 venerunt
1301 1068 1340 1097 ad
1356 1068 1569 1098 destruendum
1583 1070 1762 1099 Gabaonitas
1772 1090 1782 1106 ,
1797 1070 1857 1100 mi-

1074 1115 1111 1144 sit
1123 1115 1264 1143 Dominus
1275 1123 1364 1153 super
1375 1116 1442 1145 illos
1451 1116 1568 1153 lapides
1580 1124 1707 1153 magnos
1718 1117 1756 1146 de
1769 1117 1857 1153 coelo,

1075 1165 1102 1190 et
1116 1163 1224 1190 mortui
1240 1165 1307 1191 sunt
1328 1163 1423 1191 multo
1442 1163 1544 1200 plures
1565 1163 1718 1200 lapidibus
1739 1164 1858 1200 grandi-

1074 1209 1137 1244 nis,
1150 1217 1242 1246 quam
1256 1217 1333 1246 quos
1347 1209 1450 1245 gladio
1462 1213 1672 1246 percusserant
1685 1210 1739 1239 filii
1755 1210 1855 1240 lsrael.

1073 1259 1153 1285 Tunc
1168 1259 1195 1284 et
1217 1256 1256 1284 ad
1273 1264 1378 1285 vocem
1392 1258 1480 1285 Josue
1500 1257 1579 1286 stetit
1591 1257 1638 1286 sol
1651 1258 1748 1294 spatio
1768 1258 1857 1287 unius

1075 1305 1153 1340 diei,
1169 1308 1201 1333 ut
1215 1307 1337 1341 possent
1353 1304 1445 1333 deleri
1461 1305 1594 1333 funditus
1608 1305 1731 1334 inimici.
1746 1306 1814 1342 Ios„
1827 1313 1856 1335 x.

1111 1351 1245 1381 Notabile
1270 1354 1313 1379 est
1337 1354 1436 1380 autem
1460 1352 1545 1388 quod
1570 1352 1658 1388 licet,
1679 1352 1710 1381 in
1732 1353 1858 1390 acquisi-

1074 1399 1154 1428 tione
1177 1400 1260 1426 terrae
1275 1398 1503 1435 promissionis,
1526 1399 1643 1427 dicatur
1665 1400 1749 1436 quod
1769 1401 1857 1430 Josue

1075 1446 1254 1483 percusserit
1276 1453 1397 1473 ornnem
1419 1448 1527 1473 terram
1551 1454 1619 1474 cum
1641 1446 1763 1482 regibus
1777 1447 1856 1483 suis,

1077 1496 1105 1521 et
1120 1492 1203 1530 quod
1219 1494 1324 1528 prester
1339 1492 1460 1520 Gabaon
1482 1501 1587 1521 omnes
1606 1493 1788 1522 debellando
1811 1501 1857 1522 ce-

1074 1539 1149 1576 perit
1158 1541 1188 1575 (s)
1199 1549 1206 1571 :
1217 1542 1316 1567 tamen
1327 1539 1477 1574 legituribi
1490 1548 1497 1568 :
1509 1550 1523 1565 «ι
1533 1540 1674 1568 Dominus
1690 1540 1776 1569 lsrael
1784 1548 1858 1577 pug-

1074 1587 1166 1615 nabat
1180 1595 1234 1623 pro
1257 1594 1304 1614 eo.
1320 1597 1333 1611 n
1354 1586 1451 1620 Unde,
1467 1587 1606 1622 quamvis
1620 1587 1674 1615 filii
1690 1587 1778 1616 lsrael
1793 1595 1857 1616 ma-

1074 1634 1163 1662 nibus
1180 1633 1291 1661 sortiter
1306 1636 1491 1669 pugnarent,
1508 1635 1607 1661 tamen
1632 1635 1690 1663 Deo
1715 1634 1856 1663 attribue-

1074 1680 1162 1709 batur
1177 1679 1310 1708 victoria.
1325 1681 1392 1713 Jus„
1408 1688 1438 1713 x,
1454 1688 1499 1714 xi,
1516 1688 1567 1708 xn.

1111 1730 1172 1755 Post
1196 1729 1322 1754 mortem
1336 1728 1438 1761 ‚lo-suc,
1456 1726 1508 1754 filii
1531 1726 1618 1754 lsrael
1640 1735 1700 1755 non
1717 1727 1856 1763 leguntur

1075 1774 1161 1801 ivisse
1178 1774 1217 1801 ad
1234 1773 1384 1808 prndium,
1399 1772 1454 1799 nisi
1471 1773 1606 1801 consulto
1622 1773 1704 1809 prius
1719 1774 1855 1808 Domino,

1075 1822 1101 1848 et
1115 1820 1155 1847 sic
1174 1820 1306 1854 iverunt,
1323 1822 1351 1847 et
1368 1819 1487 1847 tradidit
1501 1820 1644 1848 Dominus
1657 1820 1855 1849 Chananaeum

1075 1869 1102 1895 et
1117 1867 1303 1894 Plu—reza‘um
1321 1866 1349 1893 in
1365 1874 1472 1893 manus
1487 1874 1601 1894 eorum.
1617 1866 1720 1902 Μαῖα,
1737 1874 1756 1895 ι.

1110 1913 1213 1942 Multas
1242 1915 1343 1947 gentes
1368 1912 1480 1940 (limisit
1509 1913 1650 1941 Dominus
1678 1914 1753 1942 inter
1777 1913 1857 1944 filios

1076 1960 1178 1994 lsrael,
1194 1961 1225 1987 ut
1250 1959 1381 1987 erudiret
1399 1959 1428 1986 in
1445 1960 1485 1987 eis
1507 1959 1615 1994 lsrael,
1633 1962 1660 1988 et
1681 1968 1785 1988 omncs
1804 1962 1855 1997 qui

1074 2009 1218 2036 noverant
1230 2007 1311 2035 bella
1325 2007 1575 2041 Clianameorum,
1593 2010 1623 2034 nt
1639 2007 1785 2035 discerent
1801 2008 1856 2037 filii

1074 2063 1178 2083 corum
1194 2057 1304 2082 certare
1325 2061 1393 2081 cum
1414 2053 1566 2088 hostibus,
1583 2056 1611 2081 ct
1625 2053 1769 2083 haherent
1783 2062 1855 2083 con-

1074 2101 1261 2130 suetudinem
1277 2099 1440 2136 praeliandi.
1457 2100 1562 2135 Judic„
1578 2108 1620 2128 111.

1109 2147 1263 2175 Suscitavit
1280 2146 1420 2174 Dominus
1437 2146 1534 2174 lsraeli
1556 2147 1752 2182 salvatorem,
1767 2156 1855 2176 voca-

1074 2195 1146 2223 bulo
1162 2194 1264 2228 Abod,
1280 2194 1330 2230 qui
1346 2193 1487 2229 percussit
1509 2194 1602 2228 Eglon
1627 2201 1730 2229 regem
1748 2194 1854 2230 Moab,

1074 2246 1101 2272 et
1126 2242 1342 2271 descenderunt
1366 2249 1435 2268 cum
1460 2249 1495 2269 eo
1517 2241 1570 2269 filii
1595 2243 1709 2278 lsrael,
1733 2243 1799 2279 ipso
1823 2243 1854 2270 in

1074 2291 1168 2319 fronte
1182 2289 1352 2325 gradiente,
1368 2289 1419 2324 qui
1438 2288 1510 2316 dixit
1529 2289 1568 2316 ad
1583 2297 1634 2317 cos
1652 2298 1659 2317 z
1683 2301 1697 2316 (ι
1711 2289 1854 2326 Sequimi-

1074 2338 1103 2365 ni
1128 2345 1175 2364 me
1197 2345 1202 2363 :
1227 2335 1349 2363 tradidit
1370 2334 1449 2362 enim
1475 2335 1615 2362 Dominus
1639 2336 1774 2363 inimicos
1790 2344 1855 2363 ves-

1073 2388 1132 2411 tros
1163 2383 1190 2410 in
1217 2390 1323 2410 manus
1347 2384 1471 2409 iio-tras.
1498 2392 1511 2407 ι)
1534 2384 1566 2410 Et
1585 2385 1792 2418 percusserunt
1815 2382 1852 2411 de

1073 2430 1206 2459 moabitis
1217 2429 1330 2456 circiter
1346 2428 1377 2456 dt
1385 2437 1449 2456 cem
1465 2429 1569 2456 millia.
1578 2430 1738 2464 Judz'c.‚1n‚
1749 2430 1796 2464 27,
1806 2432 1850 2458 29.

1111 2478 1185 2505 Dixit
1200 2476 1336 2504 Debbora
1360 2475 1398 2503 ad
1420 2476 1530 2503 Barach
1551 2484 1558 2503 ι
1578 2487 1591 2502 α
1605 2478 1716 2511 Surge3
1733 2476 1794 2504 haee
1810 2479 1853 2505 est

1073 2525 1152 2553 enim
1169 2523 1231 2551 dies
1254 2523 1284 2550 in
1304 2531 1364 2558 qua
1387 2522 1509 2550 tradidit
1524 2522 1663 2550 Dominus
1678 2523 1806 2551 §isaram
1820 2523 1851 2551 in

1072 2579 1180 2600 manus
1205 2572 1329 2598 nostras.
1353 2569 1508 2598 Perterruit
1536 2568 1615 2597 enim
1642 2569 1677 2605 (ῃ)
1709 2571 1851 2598 Dominus

1072 2619 1217 2652 Sisaram‚
1232 2618 1260 2645 et
1274 2624 1380 2645 omnes
1391 2623 1495 2644 currus
1509 2615 1583 2650 ejuS,
1594 2617 1674 2644 rete.
1690 2616 1795 2653 Judr'c„
1808 2624 1849 2651 iv,

1073 2667 1121 2699 ιι,
1139 2666 1180 2693 ιῑῑ.
