2004 3037
471 189 522 222 DE
543 186 896 222 SACRAMENTORUM
917 187 1101 221 VlRTUTE.
1126 189 1212 222 CAP.
1236 191 1398 226 xxxviii.

132 256 286 294 Quantam).
306 258 411 286 Doctor
427 257 458 286 in
475 257 686 295 praedicatione
699 257 727 293 (l,
746 256 813 284 dist.
832 263 911 291 uin,

132 309 158 331 c.
173 302 216 330 Sit
242 303 348 338 rector).
379 304 534 340 correptor
551 303 691 331 vitiorum
717 309 772 338 per
792 301 910 337 virgam

134 349 296 386 disciplinoe
307 350 337 387 (Ι,
350 350 416 379 dist.
427 358 542 386 Lxxxvr,
555 359 579 379 c.
591 349 643 387 ιιι).
655 349 830 385 Exemplum
838 356 912 386 prae—

133 396 203 426 beat
225 397 312 426 bonae
334 398 400 427 vitae
415 398 447 435 (t,
471 397 537 426 dist.
560 405 649 432 xxm,
675 404 700 424 c.
726 397 777 424 His
800 396 909 431 iqitur).

134 445 220 473 Bonoe
234 444 320 474 famoe
334 445 365 481 (1,
383 445 448 473 dist.
463 451 567 478 xxvnr,
588 451 614 472 c.
632 443 816 479 Priusquam).
833 443 911 471 Resi-

134 491 266 521 deniiam
291 492 378 521 faciat
401 492 432 520 in
453 491 576 520 ecclesia
604 499 677 526 sua,
692 490 741 518 vel
765 490 912 518 beneficio

136 540 260 575 (Extrav.
277 539 314 568 de
329 539 397 567 cler.
413 547 475 567 non
488 538 628 574 resident,
643 545 696 575 per
711 537 828 574 totum).
843 537 912 565 Uni-

136 594 205 615 cum
219 585 344 614 sufficiat
359 585 539 614 beneficium
552 585 666 613 habens
682 592 784 613 curam
799 584 914 612 anima-

135 641 202 662 rum
219 633 343 670 (Eoeerav.
360 632 397 661 de
410 632 590 669 praebendis,
607 640 631 660 c.
645 633 682 660 De
692 631 801 668 multa).
817 633 914 659 Bonus

135 679 172 708 sit
185 679 364 716 gubernator
377 679 496 708 familias
513 680 546 715 (l,
562 679 629 707 dist.
646 686 734 714 xrvu,
750 678 781 706 iu
795 678 858 715 fin).

173 728 211 755 De
238 726 408 756 necessitate
437 726 551 754 clericis
576 728 645 754 sunt
668 726 732 754 haec
758 725 881 754 vitanda
906 735 913 753 :

136 773 252 802 Crimen
275 773 409 801 mortalis
431 773 544 810 peccati
574 774 699 809 (Extrav.
725 772 763 800 de
787 774 913 808 tempor.

136 819 216 855 ord.,
230 828 255 848 c.
279 819 528 856 Eaetraordinarie).
544 822 608 848 Non
627 819 772 855 litigiosus
787 819 824 855 (1,
848 819 914 848 dist.

137 874 214 901 xlm,
236 875 261 894 c.
283 867 359 901 Ecce,
383 868 410 894 et
433 874 458 894 c.
475 866 630 902 sequenti).
652 867 716 894 Non
739 865 865 901 cupidus
880 867 915 902 (Ι,

138 913 205 942 dist.
226 921 318 949 xnvn,
334 921 358 941 c.
376 914 424 948 iv).
441 915 505 941 Non
519 913 601 941 lusor
622 912 748 949 (Ea-trau.
767 912 804 940 de
822 912 874 940 vit.
891 915 918 940 et

137 960 208 989 hon.
225 960 307 994 cler„
322 968 348 988 c.
365 960 430 988 Cum
444 960 563 988 decorem
579 961 607 987 et
621 959 717 987 Clerici
729 959 837 995 officia).
854 961 916 987 Non

136 1007 302 1043 negotiator
311 1006 444 1042 (noctram,
459 1008 498 1034 Ne
514 1005 622 1040 clerici,
636 1006 685 1034 vel
699 1005 849 1040 monachi,
864 1013 918 1041 per

136 1053 252 1089 totum).
268 1054 332 1081 Non
350 1054 485 1081 exerceat
503 1052 674 1081 venationes
689 1052 836 1080 clamosas
854 1053 917 1087 (Ex-

138 1102 208 1128 trau.
236 1099 273 1127 de
301 1099 370 1127 cler.
394 1101 545 1134 venatore,
571 1107 625 1135 per
653 1099 768 1135 totum).
794 1101 859 1127 Non
884 1099 920 1126 sit

138 1146 340 1181 incontinens,
372 1154 426 1174 nec
464 1146 638 1174 mulieribus
671 1146 820 1174 cohabitet
850 1147 920 1182 (Ex-

140 1196 211 1222 trav.
232 1193 270 1221 de
290 1193 418 1222 cohabit.
440 1194 511 1222 cler.
531 1195 558 1221 et
581 1193 711 1228 mulier„
726 1202 751 1221 c.
781 1194 806 1221 A
822 1193 917 1230 nobis).

140 1241 204 1269 Non
218 1240 254 1269 sit
264 1241 296 1268 in
309 1240 590 1274 comessationibus,
607 1240 749 1269 conviviis
770 1242 796 1268 et
811 1241 921 1269 fabulis

142 1289 173 1324 (Ι,
189 1287 256 1316 dist.
267 1287 354 1324 xuv).
367 1289 430 1316 Non
440 1287 552 1316 intersit
563 1287 870 1324 spectaculisffloeerav.
883 1288 920 1316 de

141 1334 193 1363 vit.
203 1337 231 1363 et
239 1335 312 1363 hon.
327 1334 594 1371 clericorum).Non
606 1334 770 1362 immisceat
784 1343 814 1362 se
829 1343 921 1370 nego-

142 1381 188 1409 tiis
197 1382 387 1410 saecularibus
399 1382 523 1418 (Exti-av.
533 1383 572 1410 Ne
587 1381 696 1416 clerici,
712 1382 760 1410 vel
771 1383 921 1417 monachi,

143 1436 169 1456 c.
187 1428 227 1463 n).
243 1430 300 1457 Nec
312 1428 539 1464 joculatoribus,
551 1431 578 1456 et
591 1428 782 1457 histrionibus
798 1431 920 1466 (Extrav.

144 1474 181 1503 de
195 1475 246 1503 vit.
263 1477 290 1503 et
306 1475 378 1504 hon.
400 1475 508 1511 cleric).
528 1475 678 1503 Tabernas
697 1475 786 1504 debet
800 1477 922 1512 evitare,

143 1522 199 1550 nisi
213 1522 244 1550 in
264 1522 365 1550 itinere
383 1523 507 1558 (Eoetrav.
533 1522 570 1550 de
590 1523 640 1550 vit.
668 1524 696 1550 et
714 1523 785 1551 hon.
812 1523 921 1558 cleric).

146 1570 237 1598 floras
252 1577 312 1597 non
332 1569 422 1597 debet
435 1569 585 1605 negligere
602 1571 741 1606 (Ea-crau„
758 1570 794 1598 de
814 1570 922 1599 celebr.

144 1615 233 1651 Miss.‚
248 1624 273 1643 c.
297 1616 328 1650 i).
352 1617 465 1644 Justum
485 1616 634 1652 judicium
655 1625 717 1645 non
738 1617 827 1645 debet
850 1625 923 1645 ven-

146 1661 216 1692 dere
231 1662 273 1698 (ll,
290 1670 369 1690 caus.
386 1671 479 1698 xxvu,
496 1666 599 1700 quaest.
615 1672 635 1699 1,
652 1673 676 1692 c.
693 1665 724 1692 δι’
738 1666 799 1699 quis
814 1666 925 1699 Episco-

143 1708 215 1745 pus).
240 1709 440 1738 ecclesiastica
454 1712 638 1739 sacramenta
664 1719 726 1739 non
749 1713 851 1747 pacto,
873 1712 925 1739 sed

146 1756 235 1792 gratis
250 1756 339 1784 debet
353 1756 424 1784 dare
439 1757 564 1792 (Eoetrav.
579 1758 616 1786 de
631 1757 772 1793 Simonia,
791 1767 815 1786 c.
830 1760 924 1794 Tuam,

147 1805 174 1831 et
200 1811 253 1839 per
275 1804 389 1839 totum).
410 1805 475 1832 Non
500 1805 536 1832 sit
560 1805 849 1841 excommunicatus,
878 1806 927 1834 vel

148 1857 321 1885 suspensus,
353 1850 400 1878 vel
428 1851 599 1887 irregularis
630 1853 753 1887 (Extrav.
783 1853 821 1880 de
850 1855 926 1882 sent.

150 1903 276 1930 excom„
287 1904 311 1924 c.
322 1897 385 1924 Cum
393 1898 522 1934 illorum).
533 1900 596 1926 Non
609 1901 742 1935 apostata
757 1900 879 1935 (Exti-av.
890 1901 927 1930 de

151 1944 281 1978 Aposta„
297 1951 321 1971 c.
339 1944 414 1980 ult.).
435 1946 498 1972 Non
511 1945 689 1974 simoniacus
704 1947 734 1974 in
750 1947 865 1982 ordine,
880 1949 929 1976 vel

149 1988 296 2017 beneficio
312 1990 400 2025 (caus,
418 1992 425 2018 l
434 2011 443 2025 ,
457 1994 557 2027 quaest.
574 2000 593 2025 1,
610 1994 637 2019 et
650 1994 764 2021 Eoetrav.
783 1994 819 2021 de
834 1995 927 2023 Simo-

149 2036 214 2070 nia,
236 2044 289 2072 per
308 2036 424 2072 totum).
443 2038 505 2065 Non
529 2038 699 2067 solemniter
719 2041 863 2075 poenitens
880 2042 928 2077 (de

150 2083 332 2117 Paenitentia,
348 2083 413 2112 dist.
429 2084 459 2119 ι).

185 2132 256 2159 Ante
281 2131 393 2158 ordinis
420 2131 639 2167 susceptionem
667 2140 697 2160 se
725 2133 849 2169 quilibet
876 2143 928 2170 per

151 2176 366 2205 confessionem
387 2180 532 2214 praeparet
556 2178 632 2214 (dist.
654 2188 739 2214 xxiv,
764 2189 788 2208 c.
806 2181 881 2217 ult.).
898 2183 929 2209 ln

150 2226 270 2260 peccato
281 2224 398 2252 mortali
411 2232 472 2252 non
483 2225 604 2253 accedat
618 2227 739 2261 (Extrav.
754 2227 790 2254 de
800 2229 928 2263 tempor.

152 2270 264 2302 ordin„
287 2279 311 2298 c.
340 2271 386 2298 Ad
410 2272 508 2307 aures).
539 2272 667 2300 Primam
694 2275 846 2302 tonsuram
868 2283 930 2303 non

151 2319 282 2354 negligat
290 2319 327 2354 (c.
343 2319 473 2355 Clerict's).
490 2320 592 2348 Nullus
607 2321 770 2356 ordinetur,
790 2322 846 2349 nisi
862 2331 931 2350 exa-

152 2365 273 2393 minatio
287 2365 433 2402 praecedat
447 2366 477 2402 (1,
491 2366 557 2394 dist.
574 2375 652 2401 xxtv,
669 2376 722 2403 per
737 2370 851 2404 totuin).
868 2371 931 2397 Non

153 2411 333 2447 accipiantur
347 2412 434 2440 simul
450 2413 580 2441 minores
594 2414 713 2442 ordines
727 2424 795 2443 cum
809 2416 931 2444 subdia-

155 2460 276 2493 conatu,
291 2466 346 2486 nec
362 2459 447 2486 etiam
463 2459 551 2486 simul
567 2460 627 2487 duo
643 2461 762 2489 ordines
777 2463 862 2498 sacri,
878 2463 931 2491 sed

155 2503 300 2538 gradatim
314 2505 440 2540 (Extrav.
457 2505 494 2533 de
509 2507 693 2542 temporibus
707 2508 817 2544 ordin.5
834 2518 858 2537 c.
876 2511 930 2537 Lit-

157 2551 246 2586 teras).
275 2552 332 2579 Nec
357 2560 410 2587 per
433 2552 541 2581 saltum
569 2553 691 2589 recipiat
716 2555 783 2591 quis
811 2557 931 2585 ordines

156 2597 188 2633 (l,
197 2597 262 2626 dist.
277 2605 325 2634 ui,
332 2606 397 2635 cap.
411 2599 508 2634 1).Nec
521 2599 560 2627 ab
575 2599 673 2629 alieno
688 2601 840 2639 episcopo,
854 2604 934 2633 seda

157 2651 210 2672 suo
222 2645 251 2680 (1,
261 2643 327 2673 dist.
339 2652 406 2680 xxx,
418 2653 443 2674 c.
454 2646 600 2683 perlectis).
616 2649 672 2676 Nec
687 2650 789 2678 contra
798 2650 933 2687 Episcopi

1683 199 1741 230 227

966 256 1216 293 prohibitionem,
1230 261 1260 288 et
1271 260 1335 288 sine
1354 261 1439 290 titulo
1454 262 1579 299 (Extrav.
1596 265 1633 294 de
1648 266 1699 295 vit.
1716 270 1746 296 et

966 302 1038 331 hon.
1063 303 1147 339 clcr.5
1172 313 1196 333 c.
1224 306 1289 334 Cum
1312 308 1456 336 secundum
1480 311 1659 349 Apostolum).
1687 315 1744 343 Nec

967 348 1074 378 furtive
1091 351 1212 387 (Eaetrav.
1229 353 1266 381 de
1282 362 1318 382 eo
1340 355 1391 391 qui
1413 355 1481 384 furt.
1504 359 1600 387 ordin.
1617 368 1744 399 suscep.,

969 403 994 423 c.
1018 404 1028 424 ι
1047 399 1075 425 et
1092 397 1156 434 ult.)
1176 399 1305 435 Missam,
1322 401 1351 429 in
1368 410 1428 438 qua
1453 404 1621 441 ordinatur,
1643 409 1670 435 et
1693 417 1746 437 au-

970 442 1040 478 diat,
1054 446 1082 472 et
1095 445 1197 481 tangat
1212 447 1313 475 omnia
1323 455 1388 484 quse
1401 452 1468 478 sunt
1482 453 1640 488 tangenda,
1656 462 1747 483 unus-

969 491 1096 528 quisque
1115 493 1145 521 in
1161 495 1346 532 susceptione
1363 497 1409 524 sui
1423 498 1536 526 ordinis
1551 499 1582 536 (l,
1596 500 1662 530 dist.
1677 511 1748 540 xxv,

971 546 996 566 c.
1021 540 1169 577 Perlectz's).
1204 543 1268 570 Non
1295 543 1416 572 accedat
1440 553 1501 573 non
1529 546 1695 577 licentiatus
1722 554 1751 580 ct

969 588 1161 620 praesentatus
1178 589 1301 623 (Exti-av.
1319 590 1356 618 de
1371 592 1503 627 scrutin„
1520 601 1544 621 c.
1558 596 1586 627 ι).
1601 596 1721 631 Jejunus
1733 606 1751 626 a

968 631 1071 667 jejuno
1095 634 1234 670 suscipiat
1256 636 1376 665 ordines
1400 638 1526 674 (Eoetrav.
1551 640 1587 669 de
1611 644 1749 680 tempor„

971 687 996 706 c.
1013 680 1150 716 Litteras).
1163 682 1226 710 Non
1240 683 1421 720 recipiantur
1436 686 1566 723 ordines,
1582 696 1637 717 nec
1652 691 1751 719 conse-

971 728 1090 762 rantur,
1112 727 1167 755 nisi
1192 730 1376 766 temporibus
1399 732 1437 760 ab
1462 734 1590 763 Ecclesia
1617 736 1753 766 institutis

974 773 1097 807 (Extrav.
1115 774 1151 802 de
1169 776 1294 812 tempor.
1307 778 1417 814 ordin¹>
1429 787 1453 807 c.
1472 788 1480 808 1
1497 782 1525 808 et
1538 781 1590 818 ιη).

1009 820 1097 848 Multa
1122 824 1199 856 sunt,
1224 832 1290 859 quus
1318 824 1485 862 impediunt
1512 831 1754 864 promovendum

974 866 1062 894 etiam
1086 867 1148 896 sine
1171 869 1274 906 culpa,
1300 871 1367 899 licet
1392 880 1453 900 non
1475 874 1538 903 sine
1564 884 1663 910 causa.
1689 880 1753 908 Non

975 913 1061 941 debet
1096 916 1175 943 enim
1204 919 1376 952 promoveri
1405 920 1523 955 ignotus
1552 923 1685 958 (Eoecrav.
1716 927 1754 955 de

974 960 1134 996 peregrin„
1145 970 1170 989 c.
1183 963 1212 998 1).
1224 963 1360 998 ssigamus
1376 966 1407 1001 (1,
1419 967 1484 996 dist.
1499 978 1580 1005 xxw,
1595 979 1619 999 c.
1637 974 1661 999 A
1678 981 1756 1002 cunc-

975 1007 1032 1041 tis).
1049 1008 1218 1045 Neophytus
1233 1010 1263 1046 (1,
1281 1011 1346 1040 dist.
1364 1021 1460 1049 vam,
1477 1023 1502 1043 c.
1523 1017 1675 1055 Quoniam).
1688 1022 1756 1048 Cor-

975 1061 1048 1090 pore
1063 1055 1180 1085 vitiatus
1196 1058 1238 1093 (11,
1251 1067 1401 1096 causxw,
1417 1065 1517 1098 quaest.
1530 1073 1548 1099 ι,
1565 1074 1590 1093 c.
1606 1067 1756 1103 Legi).Qui

975 1109 1036 1130 non
1049 1104 1091 1130 est
1105 1103 1142 1130 de
1161 1103 1293 1139 legitimo
1316 1108 1506 1138 matrimonio
1530 1115 1615 1141 natus
1630 1114 1755 1151 (Extrav.

976 1148 1014 1176 de
1034 1149 1075 1176 fil.
1095 1151 1227 1187 presbyt.
1239 1173 1249 1186 ,
1269 1161 1294 1181 c.
1315 1154 1345 1189 1).
1363 1156 1470 1184 Servus
1487 1159 1612 1193 (Extrav.
1628 1161 1665 1189 de
1680 1171 1755 1191 serv,

975 1203 1037 1224 non
1059 1196 1174 1232 ordin„
1199 1207 1223 1226 c.
1241 1207 1250 1226 1
1272 1202 1299 1228 et
1320 1201 1361 1237 n).
1378 1202 1529 1239 Obligatus
1548 1207 1587 1235 ad
1605 1209 1760 1240 ratiocinia

976 1243 1160 1280 quandoque
1171 1246 1327 1281 expellitur
1341 1248 1380 1276 ab
1395 1250 1561 1281 ordinibus.

1011 1291 1052 1317 Ex
1064 1291 1211 1326 praedictis
1220 1296 1310 1329 patet,
1319 1296 1402 1331 quod
1412 1297 1492 1333 digni
1499 1300 1697 1338 tascleficalis,
1705 1312 1759 1332 nec

978 1336 1098 1365 ordines
1108 1345 1169 1366 non
1181 1340 1372 1370 conferuntur
1383 1351 1400 1371 a
1408 1345 1552 1382 quolibet,
1561 1356 1616 1377 nec
1627 1350 1757 1387 cuilibet,

977 1391 1031 1411 nec
1050 1383 1080 1411 iu
1096 1385 1231 1421 quolibet
1248 1387 1331 1423 loco,
1346 1398 1401 1418 nec
1419 1391 1450 1419 in
1466 1394 1600 1429 quolibet
1614 1397 1757 1434 tempore.

1188 1477 1331 1511 CAPUT
1356 1480 1453 1514 XXX
1459 1482 1546 1517 VIII.

1151 1551 1188 1577 De
1212 1556 1379 1581 sacramento
1406 1556 1587 1586 Matrimonii.

1016 1621 1234 1651 Matrimonium
1247 1627 1289 1652 est
1301 1626 1470 1661 conjunctio
1485 1631 1576 1658 maris
1591 1633 1619 1659 et
1632 1632 1758 1670 feminae,

980 1666 1167 1696 individuam
1188 1670 1254 1698 vitae
1276 1675 1521 1703 consuetudinem
1541 1678 1679 1707 retinens.
1703 1682 1760 1709 Ma-

980 1714 1152 1743 trimom'um
1175 1725 1230 1752 per
1255 1721 1406 1754 sponsalia
1431 1722 1580 1759 initiatur,
1609 1734 1663 1762 per
1691 1736 1761 1757 con-

981 1769 1100 1789 sensum
1126 1763 1314 1801 animorum,
1331 1775 1503 1803 expressum
1528 1779 1581 1806 per
1604 1773 1696 1802 verba
1723 1775 1759 1804 de

981 1809 1133 1844 praesenti,
1160 1811 1337 1845 ratificatur,
1366 1822 1420 1849 per
1443 1817 1592 1846 carnalem
1622 1822 1761 1856 copulam

982 1860 1205 1885 consummatur
1221 1860 1248 1886 et
1262 1861 1421 1896 perficitur.

1018 1903 1062 1930 Ad
1082 1903 1139 1931 hoc
1165 1907 1281 1941 autem,
1305 1908 1459 1938 sciendum
1481 1914 1564 1948 quod
1589 1914 1699 1951 duplex
1720 1920 1762 1945 est

982 1949 1123 1984 perfectio
1135 1960 1141 1978 ;
1156 1952 1253 1986 prima
1269 1957 1311 1982 est
1324 1955 1354 1982 in
1367 1964 1428 1984 esse
1438 1958 1619 1995 simpliciter,
1631 1964 1762 1992 secunda

982 1995 1013 2023 in
1027 2004 1088 2024 esse
1104 1998 1252 2034 completo
1265 2021 1272 2035 ‚
1289 2001 1363 2029 sicut
1381 2006 1459 2038 patet
1479 2005 1509 2032 in
1524 2015 1618 2042 puero
1629 2030 1638 2042 ,
1654 2010 1684 2036 in
1700 2018 1760 2046 quo

984 2044 1026 2070 est
1039 2043 1178 2078 perfectio
1199 2049 1342 2080 quantum
1361 2050 1400 2076 ad
1420 2058 1482 2078 esse
1506 2052 1635 2081 hominis
1650 2056 1763 2092 simpli-

984 2089 1068 2124 citer,
1085 2090 1137 2117 sed
1151 2099 1212 2119 non
1230 2095 1272 2120 est
1294 2094 1323 2121 in
1348 2103 1383 2122 eo
1406 2098 1547 2131 perfectio
1563 2104 1708 2136 quantum
1723 2105 1762 2132 ad

984 2143 1045 2163 esse
1060 2137 1252 2173 completum,
1264 2142 1427 2170 secundum
1443 2146 1636 2180 quantitatem
1650 2152 1677 2177 et
1692 2158 1762 2186 ope-

983 2182 1127 2210 rationem
1141 2184 1280 2213 hominis.
1301 2188 1413 2216 Eodem
1432 2192 1525 2220 modo
1545 2194 1706 2224 dicendum
1721 2200 1763 2226 est

985 2229 1022 2256 de
1045 2231 1246 2266 matrimonio,
1269 2234 1299 2261 iu
1321 2244 1381 2271 quo
1402 2237 1513 2274 duplex
1538 2244 1580 2269 est
1600 2245 1760 2278 perfectio:

983 2276 1080 2311 prima
1096 2280 1137 2305 est
1149 2287 1215 2314 quaa
1229 2280 1298 2308 facit
1312 2283 1533 2314 matrimonium
1544 2310 1551 2322 ,
1568 2290 1677 2319 scilicet
1692 2300 1762 2321 con-

985 2330 1086 2351 sensus
1112 2325 1280 2355 animorum
1304 2337 1356 2364 per
1376 2332 1468 2360 verba
1491 2333 1528 2361 de
1551 2339 1686 2371 praesenti
1713 2348 1762 2367 ex-

985 2378 1127 2405 pressus:
1149 2375 1177 2400 et
1197 2373 1236 2401 ad
1254 2374 1331 2402 hanc
1351 2385 1412 2405 non
1433 2379 1558 2414 exigitur
1578 2385 1685 2419 copula
1701 2395 1763 2414 car-

985 2416 1070 2444 nalis.
1088 2417 1223 2448 Secunda
1237 2421 1377 2456 perfectio
1400 2427 1442 2452 est
1460 2434 1525 2461 quse
1540 2431 1763 2461 matrimonium
1783 2444 1786 2447 ’

987 2468 1192 2494 consummat:
1216 2470 1243 2495 et
1267 2469 1305 2496 ad
1329 2469 1404 2498 hanc
1426 2473 1551 2508 exigitur
1575 2478 1701 2507 carnalis
1715 2488 1765 2508 co-

987 2510 1069 2545 pula.

1023 2558 1137 2586 Bonum
1151 2561 1332 2590 matrimonii
1351 2565 1455 2600 triplex
1469 2570 1532 2602 est,
1548 2570 1657 2599 scilicet
1670 2572 1763 2610 fides,

987 2605 1019 2631 ut
1030 2607 1133 2633 neuter
1147 2606 1244 2635 alieno
1257 2608 1342 2638 thoro
1356 2613 1537 2649 maculetur3
1554 2617 1663 2653 proles,
1679 2622 1711 2648 ut
1724 2621 1765 2649 ad

990 2650 1101 2680 cultum
1127 2653 1175 2680 Dei
1200 2655 1344 2684 nutriatur
1352 2667 1362 2692 3
1388 2664 1621 2699 sacramentum,
1647 2669 1679 2694 ut
1702 2675 1763 2696 non
