2004 3037
874 223 1005 257 CAPUT
1029 224 1110 257 XVI.

180 295 209 325 et
222 293 400 328 Alchimum,
415 294 444 322 et
452 294 522 322 tunc
531 291 562 322 in
570 291 651 322 bello
659 291 776 328 cecidit,
787 293 798 321 1
809 292 911 327 Maeli„
921 299 961 321 ix.

215 341 325 370 Videris
337 340 495 376 Jonathas,
509 340 595 377 quod
609 347 729 375 omnes,
745 339 876 376 exceptis
889 348 963 376 pau-

181 389 232 425 cis,
253 388 474 425 dereliquerant
488 396 558 416 eum
571 389 758 424 pugnantem
772 389 876 415 contra
891 387 962 416 alie-

180 437 321 472 nigenas,
347 435 434 464 scidit
451 436 628 464 vestimenta
651 443 720 470 sua,
748 437 776 464 et
798 434 909 471 oravit,
935 437 963 464 et

180 486 284 521 postea
297 483 454 512 victoriam
468 482 610 517 obtinuit,
625 484 636 511 I
652 483 755 515 Mach„
770 490 810 511 xi.

218 541 233 558 α
252 533 311 560 Nos
328 531 436 565 Judaei,
454 530 486 558 in
504 529 695 558 tribulatione
720 530 748 558 et
770 529 884 566 impetu
909 529 964 566 qui

179 577 349 615 supervenit
373 577 480 611 nobis,
506 576 674 612 oravimus,
705 578 733 606 et
757 577 888 606 exauditi
913 586 963 605 su-

178 634 257 654 mus.
276 635 290 651 n
309 627 342 654 Et
363 626 432 661 post
451 632 568 661 pauca:
594 623 792 653 «Orationem
813 624 963 653 faciebant

178 673 361 708 sacerdotes,
377 682 391 700 ))
410 673 464 700 etc.
479 673 502 701 Il
517 672 653 708 Machab„
666 680 687 701 1.

213 719 387 749 Sacerdotes
404 721 471 748 ante
494 719 585 748 altare
605 728 674 748 cum
692 719 775 748 stolis
794 720 964 748 sacerdota-

176 767 256 796 libus
279 767 468 804 jactaverunt
490 775 537 802 se,
562 769 591 795 et
617 767 800 796 invocabant
824 767 861 796 de
885 768 961 796 coelo

177 823 262 851 eum,
281 815 334 852 qui
351 815 389 843 de
404 814 546 851 depositis
561 814 661 851 legem
677 815 787 851 posuit,
806 817 839 843 ut
856 815 892 843 iis
909 815 962 852 qui

177 862 379 899 deposuerant
398 870 449 898 ea,
467 862 552 890 salva
571 862 798 891 custodirentur.
815 863 962 891 Universae

178 909 268 939 etiam
291 910 433 938 mulieres
460 910 608 946 protensis
632 910 773 938 manibus
798 909 829 938 in
853 910 962 939 coelum

181 957 429 995 deprecabantur.
445 958 467 986 11
482 958 619 990 Mac-hab„
632 965 674 986 ιιι.

211 1004 304 1033 sudas
313 1004 508 1039 Machabaeus,
522 1007 549 1032 et
565 1004 697 1041 quicum
710 1012 746 1033 eo
761 1006 855 1040 erant,
871 1004 962 1034 simul

178 1052 418 1089 deprecabantur
441 1051 618 1087 Dominum,
641 1055 673 1080 ut
694 1051 820 1088 eriperet
843 1060 894 1080 eos
921 1052 961 1080 ab

175 1098 270 1135 impio
294 1099 438 1127 Nicanore
445 1108 454 1135 3
480 1099 534 1128 etsi
566 1107 629 1127 non
660 1102 783 1136 propter
807 1108 873 1135 eos,
908 1100 962 1128 sed

175 1148 299 1183 propter
316 1146 535 1182 testimonium,
555 1147 640 1183 quod
659 1149 721 1175 erat
736 1146 776 1174 ad
798 1148 898 1183 patres
912 1155 962 1175 eo-

175 1201 260 1228 rum,
274 1194 303 1221 et
319 1195 441 1230 propter
455 1194 676 1222 invocationem
690 1193 784 1222 sancti
805 1196 832 1222 et
846 1194 962 1230 magni-

175 1239 224 1268 fici
238 1240 369 1269 nominis
384 1241 447 1277 ejus
462 1249 552 1278 super
565 1240 684 1277 impios.
700 1242 721 1270 ll
740 1242 880 1274 Machab..
896 1249 959 1270 vm.

215 1296 229 1314 α
251 1288 362 1317 Orabat
383 1289 523 1317 scelestus
550 1288 713 1317 Antiochus
741 1289 917 1325 Dominum,
942 1298 961 1318 a

176 1341 237 1370 quo
259 1342 323 1362 non
344 1337 420 1364 esset
442 1335 682 1365 misericordiam
701 1338 926 1365 consecuturus.
943 1346 957 1363 n

175 1381 197 1410 ll
210 1381 348 1417 Machab„
363 1390 403 1411 1x.

210 1428 348 1464 Nicanor,
367 1430 395 1457 et
414 1428 467 1466 qui
485 1437 555 1458 cum
575 1437 611 1458 eo
633 1430 731 1465 erant,
751 1438 819 1459 cum
840 1430 918 1459 tubis
933 1432 962 1459 et

177 1476 297 1505 canticis
310 1477 525 1506 admovebant.
541 1478 632 1506 Judas
641 1486 726 1513 vero,
740 1480 767 1507 et
780 1478 912 1514 quicum
924 1486 960 1507 eo

179 1525 271 1559 erant,
295 1524 435 1553 invocato
462 1526 521 1552 Deo
549 1533 604 1561 per
629 1525 794 1560 orationes,
809 1525 961 1561 congressi

176 1573 257 1606 sunt,
276 1579 370 1599 manu
392 1571 516 1607 quidem
536 1573 718 1608 pugnantes,
744 1572 798 1600 sed
819 1572 961 1601 cordibus

177 1619 335 1647 Dominum
350 1621 485 1655 orantes,
503 1620 531 1648 et
545 1621 771 1655 prostraverunt
784 1628 846 1648 non
860 1621 960 1649 minus

175 1666 294 1702 triginta
317 1667 451 1704 quinque
474 1667 580 1702 millia,
599 1668 758 1703 praesentia
779 1668 829 1696 Dei
845 1668 961 1704 magni-

174 1712 229 1741 fice
244 1713 390 1742 delectati,
405 1715 427 1742 ll
442 1715 577 1745 Machab„
593 1722 640 1742 xv.

210 1762 334 1789 Brevem
360 1763 388 1789 et
408 1761 554 1790 humilem
577 1762 705 1790 modum
726 1762 833 1791 orandi
854 1763 960 1792 habuit

174 1807 225 1836 ille
245 1808 398 1844 leprosus:
418 1817 497 1844 genu
517 1809 596 1838 flexo
619 1809 715 1837 oravit
736 1810 896 1838 Dominum
914 1812 960 1839 Je-

175 1864 258 1890 sum,
275 1855 392 1884 dicens:
412 1865 426 1883 «
441 1856 581 1891 Domine,
597 1857 621 1884 si
635 1857 695 1891 vis,
710 1859 795 1893 potes
809 1866 857 1886 me
871 1866 959 1886 mun-

176 1901 257 1930 dare.
273 1911 287 1928 »
305 1903 420 1936 Matth„
435 1911 501 1937 v111;
523 1904 622 1937 Marc„
642 1911 666 1939 ¹3
683 1905 760 1938 Lucu,
774 1912 804 1932 v.
827 1905 959 1933 Similem

174 1949 301 1977 modum
316 1949 439 1983 orandi,
454 1949 565 1978 scilicet
578 1958 631 1986 per
643 1951 769 1978 modum
783 1951 959 1980 insinuatio-

174 1995 230 2031 nis,
240 1995 346 2023 habuit
359 1996 506 2031 Centurio,
521 2005 590 2024 cum
604 1997 693 2024 dixit:
710 2007 723 2023 α
736 1997 871 2032 Domine,
884 2007 960 2034 puer

175 2051 260 2071 meus
276 2043 355 2078 jacet
374 2043 405 2071 in
426 2044 518 2072 domo
537 2044 735 2080 paralyticus,
759 2047 786 2072 et
804 2045 882 2073 male
899 2048 959 2074 tor-

175 2092 293 2127 quetur,
309 2100 324 2117 π
341 2091 453 2123 Μαὶίὴ.,
469 2099 530 2119 v111.
548 2092 620 2118 Item
634 2091 745 2119 Martha
759 2093 786 2119 et
799 2092 888 2120 Maria
902 2101 958 2129 pro

174 2139 282 2166 Lazaro
304 2137 368 2173 jam
392 2137 520 2174 sepulto,
546 2139 634 2170 Joan.¹
659 2146 708 2166 xr:
734 2147 747 2164 «
773 2138 908 2174 Domine,
933 2140 958 2168 si

174 2185 278 2213 fuisses
309 2184 375 2219 hie,
407 2184 498 2213 frater
532 2193 618 2213 meus
651 2193 714 2213 non
747 2184 850 2214 fuisset
877 2195 959 2214 mor-

175 2233 258 2266 tuus,
277 2241 292 2258 ))
310 2233 365 2259 etc.

210 2278 303 2307 Etiam
319 2277 356 2305 de
372 2285 407 2306 eo
423 2277 507 2314 quod
521 2278 663 2306 Dominus
678 2278 774 2307 facere
788 2280 957 2316 proposuit,

174 2325 238 2353 vult
249 2333 302 2360 per
316 2333 371 2352 nos
386 2325 448 2360 ipse
463 2325 648 2361 quandoque
662 2326 772 2361 rogari.
786 2328 897 2361 Mami„
912 2335 955 2356 ix:

178 2382 191 2398 «
206 2374 317 2407 Rogate
336 2372 496 2399 Dominum
509 2372 627 2406 messis,
648 2376 681 2400 ut
696 2373 790 2401 mittat
804 2375 958 2410 operarios

175 2419 205 2447 in
219 2427 348 2447 messem
361 2427 484 2446 suam.»
503 2419 666 2456 Statimque
682 2421 834 2456 sequitur:
855 2432 867 2447 ι(
883 2423 958 2450 Con-

176 2466 297 2500 vocatis,
317 2476 332 2493 »
350 2468 405 2494 etc.

215 2521 228 2538 α
248 2512 370 2540 Dimissa
388 2512 490 2547 turba,
514 2512 646 2540 ascendit
666 2513 808 2541 Dominus
825 2513 856 2541 in
870 2521 958 2542 mon-

176 2559 235 2586 tem
249 2559 331 2587 solus
345 2567 441 2594 orare,
452 2569 466 2585 »
481 2559 597 2593 Mutila,
607 2567 665 2587 x1V.
682 2562 714 2588 In
727 2569 788 2596 quo
802 2561 954 2595 docemur,

176 2606 260 2642 quod
274 2615 343 2634 eum
357 2615 442 2635 orare
457 2606 609 2641 volumus,
622 2608 742 2636 turbam
756 2609 900 2637 debemus
913 2608 957 2637 fu-

175 2660 256 2687 gere,
274 2661 312 2681 ne
328 2653 491 2681 turbemur.

212 2700 353 2729 Dominus
369 2702 396 2728 et
409 2700 545 2729 Salvator
557 2703 658 2732 noster
672 2702 703 2731 in
720 2703 880 2740 Evangelio
900 2711 955 2732 nos

1741 228 1799 258 507

1019 300 1106 322 orare
1122 292 1226 323 docuit
1239 293 1352 331 verbo,
1367 294 1483 329 Matth„
1495 301 1543 323 vr:
1559 302 1574 321 α
1587 294 1634 323 Sic
1647 292 1720 330 er'go
1735 301 1802 323 ora-

1018 339 1087 368 bitis
1109 349 1116 369 :
1133 341 1218 369 Pater
1237 342 1349 376 noster,
1362 350 1377 368 u
1405 342 1462 370 etc.
1481 341 1554 370 Item
1573 341 1716 370 animavit
1733 349 1802 378 pro-

1018 387 1121 423 misso,
1137 389 1213 424 Luc„
1228 397 1279 418 xi:
1299 398 1313 416 α
1327 389 1427 425 Petite,
1443 390 1472 417 et
1485 389 1652 426 accipietis;
1668 390 1802 427 quaerite,

1019 435 1048 463 et
1061 435 1234 471 invenietis,
1245 446 1260 463 x>
1277 438 1344 471 etc.;
1361 437 1450 468 Joun..
1465 444 1530 465 xnv:
1550 448 1563 463 «
1578 437 1606 465 Si
1621 437 1696 474 quid
1710 437 1802 474 petie-

1018 481 1081 510 rItis
1096 484 1210 512 Patrem
1222 483 1253 512 in
1268 483 1390 512 nomine
1405 483 1552 518 me0,hoc
1566 483 1685 513 faciam.
1702 485 1801 520 Petite,

1019 531 1047 558 et
1067 530 1231 567 accipietis,
1252 542 1265 559 »
1282 533 1336 560 etc.
1360 532 1431 560 Item
1452 531 1625 560 informavit
1640 533 1778 569 exemplo
1795 542 1802 561 2

1018 578 1081 615 ipse
1096 579 1192 615 enim,
1212 581 1264 617 qui
1277 582 1395 617 poterat
1409 580 1573 617 imperare,
1589 581 1685 610 voluit
1699 590 1802 618 orare,

1017 627 1131 662 Matth„
1147 635 1211 663 xiv5
1228 629 1256 656 et
1269 629 1371 663 Marc„
1384 635 1407 664 ¹3
1424 629 1501 662 Luc„
1515 635 1554 657 ix.
1567 628 1737 665 Specialiter
1752 638 1804 658 au-

1018 676 1078 702 tem
1090 673 1217 703 instante
1232 675 1438 711 persecutione
1452 675 1601 712 passionis
1617 684 1678 704 suae
1695 677 1801 713 oravit,

1017 722 1046 749 et
1059 729 1145 749 orare
1160 722 1288 757 monuit,
1300 723 1412 757 Match„
1423 730 1500 751 xxvn
1507 731 1516 758 3
1531 723 1630 757 Marc„
1642 730 1704 758 x1v;
1722 725 1803 760 Luc„

1017 777 1097 797 xxix:
1112 779 1125 795 α
1136 770 1261 806 Vigilate
1276 772 1305 799 et
1319 771 1414 806 orate,
1433 772 1466 798 ut
1483 777 1547 798 non
1568 770 1681 799 intretis
1695 771 1726 799 in
1741 774 1804 800 ten·

1017 816 1169 845 tationem.
1186 827 1199 843 n

1054 863 1180 897 Quando
1200 864 1290 892 Maria
1309 864 1485 900 Magdalena
1500 864 1620 893 veniam
1641 865 1769 894 obtinuit
1787 874 1804 894 a

1016 911 1144 939 Domino
1173 911 1313 940 dicente:
1342 921 1357 939 «
1379 912 1578 940 Remittuntur
1604 912 1659 940 tibi
1683 915 1805 948 peecata

1017 960 1079 993 tua,
1089 968 1103 985 »
1111 958 1188 987 nihil
1202 959 1346 988 vocaliter
1358 967 1459 988 orasse
1474 959 1593 995 legitur,
1608 959 1662 988 sed
1675 959 1804 994 flevisse,

1017 1004 1091 1037 Luc„
1109 1013 1168 1034 vn:
1192 1014 1246 1042 per
1267 1006 1352 1043 quod
1373 1009 1498 1043 apparet
1520 1006 1653 1035 efficacia
1667 1007 1804 1035 mentalis

1017 1052 1175 1089 desiderii,
1197 1053 1285 1082 etiam
1309 1054 1372 1081 sine
1393 1054 1529 1082 oratione
1551 1053 1659 1082 vocali.

1051 1100 1098 1128 Ad
1120 1100 1291 1129 instantiam
1307 1101 1449 1129 orationis
1464 1101 1608 1129 Dominus
1619 1108 1675 1129 nos
1690 1101 1806 1130 inducit

1017 1148 1157 1184 exemplo
1172 1148 1260 1176 amici
1275 1148 1314 1176 ad
1329 1148 1460 1177 amicum
1474 1148 1575 1176 media
1589 1149 1677 1176 noete
1692 1148 1799 1184 euntis,

1015 1195 1092 1230 Luc.,
1106 1203 1151 1231 2113
1167 1195 1238 1224 item
1258 1196 1398 1232 exemplo
1413 1195 1525 1231 viduae,
1539 1203 1606 1232 quae
1621 1195 1659 1224 ab
1677 1195 1743 1232 ipso
1756 1197 1804 1232 ju-

1017 1242 1084 1270 dice
1100 1250 1169 1270 cum
1184 1242 1406 1279 importunitate
1419 1242 1513 1271 multa
1524 1242 1653 1278 judicari
1667 1243 1802 1279 petebat,

1016 1289 1094 1324 Luc„
1111 1297 1192 1318 xvm.

1051 1336 1096 1365 Ad
1105 1337 1260 1366 humiliter
1274 1336 1434 1372 orandum,
1448 1338 1476 1366 et
1488 1337 1662 1373 jactantiam
1674 1339 1804 1366 contem-

1015 1384 1164 1418 nendam,
1186 1384 1301 1413 inducit
1324 1384 1466 1413 Dominus
1490 1384 1665 1420 exemplum
1688 1385 1726 1413 de
1752 1393 1802 1413 su-

1015 1431 1112 1467 perbo
1137 1431 1303 1467 Pharisoeo,
1332 1433 1361 1460 et
1385 1431 1492 1460 humili
1515 1431 1700 1467 Publicano,
1724 1433 1802 1468 Luc„

1016 1486 1099 1506 xv111.

1052 1527 1119 1554 Post
1133 1525 1338 1554 ascensionem
1357 1525 1475 1554 Domini
1494 1525 1526 1554 in
1543 1525 1652 1554 coelum
1666 1535 1679 1552 «
1693 1526 1803 1554 reversi

1016 1574 1084 1600 sunt
1105 1572 1246 1609 discipuli
1268 1572 1299 1600 in
1318 1572 1517 1606 Hierusalem,
1543 1574 1572 1601 et
1596 1575 1678 1600 erant
1699 1581 1803 1601 omnes

1016 1622 1239 1656 perseverantes
1253 1620 1283 1647 in
1299 1620 1433 1648 oratione
1451 1619 1633 1648 unanimiter
1652 1627 1721 1648 eum
1735 1627 1802 1648 mu-

1015 1667 1151 1702 neribus,
1166 1669 1194 1695 et
1208 1667 1296 1696 Maria
1310 1669 1404 1695 matre
1418 1668 1496 1695 Jesu.
1513 1677 1526 1694 ›>
1545 1669 1621 1702 Act„
1637 1676 1658 1695 1.

1051 1714 1186 1751 Apostoli
1200 1714 1335 1743 volentes
1356 1722 1453 1742 unum
1468 1714 1505 1742 de
1526 1714 1678 1750 discipulis
1692 1714 1804 1750 eligere

1016 1761 1048 1790 in
1076 1762 1247 1798 apostolum
1268 1761 1336 1789 loco
1360 1761 1461 1797 Judae,
1486 1771 1500 1787 ιι
1522 1762 1688 1789 statuerunt
1711 1761 1803 1797 duos,

1015 1809 1126 1845 loseph
1149 1811 1177 1838 et
1200 1809 1368 1843 Matthiam,
1392 1810 1420 1837 et
1443 1811 1561 1837 orantes
1580 1808 1741 1836 dixerunt:
1763 1810 1804 1837 Tu

1016 1856 1157 1891 Domine,
1183 1856 1235 1892 qui
1260 1855 1337 1883 nosti
1365 1855 1457 1884 corda
1482 1854 1657 1890 hominum,
1681 1855 1804 1884 ostende

1016 1911 1106 1939 quem
1123 1903 1257 1938 elegeris.
1272 1912 1286 1929 n
1303 1903 1380 1936 Act„
1397 1910 1416 1930 1.

1052 1950 1160 1978 Omnes
1181 1949 1287 1977 fideles
1308 1949 1339 1976 in
1357 1948 1510 1985 primitiva
1529 1948 1658 1977 Ecclesia
1675 1958 1689 1975 «
1703 1956 1803 1985 perse-

1015 1998 1151 2025 verantes
1167 1998 1250 2024 erant
1263 1996 1293 2023 in
1305 1995 1442 2023 doctrina
1455 1995 1673 2031 apostolorum,
1685 1998 1713 2023 et
1724 2004 1803 2024 com-

1015 2044 1215 2072 municatione
1233 2043 1383 2072 fractionis
1405 2043 1508 2080 panis,
1526 2045 1554 2071 et
1574 2043 1770 2076 orationibus,
1784 2054 1798 2070 n

1015 2092 1089 2123 Act.,
1107 2099 1138 2119 11.
1158 2092 1240 2125 Item,
1256 2094 1302 2124 ιη’,
1322 2092 1449 2118 «Petrus
1468 2092 1496 2118 et
1516 2091 1645 2118 Joannes
1661 2091 1802 2119 ascende-

1014 2139 1085 2166 runt
1103 2138 1133 2165 in
1148 2136 1311 2173 templum,
1332 2137 1371 2166 ad
1386 2137 1494 2165 horam
1510 2137 1652 2166 orationis
1671 2145 1799 2175 nonam,

1015 2187 1048 2213 ut
1062 2186 1191 2213 orarent.
1208 2195 1221 2211 »

1052 2234 1125 2261 Cum
1140 2233 1274 2260 orassent
1288 2230 1426 2268 discipuli
1440 2230 1623 2259 unanimiter
1639 2231 1699 2260 alta
1713 2240 1799 2267 voce,

1017 2289 1031 2307 α
1046 2282 1144 2308 motus
1161 2280 1204 2307 est
1223 2279 1324 2313 locus,
1340 2278 1371 2306 iu
1386 2286 1447 2314 quo
1469 2280 1552 2306 erant
1569 2279 1756 2314 congregati,
1772 2282 1800 2308 et

1013 2326 1117 2362 repleti
1131 2328 1199 2353 sunt
1213 2334 1317 2353 omnes
1334 2325 1441 2361 Spiritu
1455 2327 1573 2360 sancto,
1590 2327 1617 2353 et
1632 2326 1799 2362 loqueban-

1013 2375 1060 2402 tur
1074 2374 1201 2401 verbum
1216 2373 1266 2400 Dei
1281 2381 1350 2400 cum
1368 2372 1490 2400 fiducia.
1507 2382 1520 2399 >¹
1538 2373 1613 2405 Act„
1629 2381 1670 2401 ιν.

1052 2431 1066 2448 «
1080 2420 1266 2457 Lapidabant
1281 2419 1372 2448 Judaei
1392 2419 1575 2456 Stephanum
1597 2420 1787 2448 invocantem

1015 2469 1043 2496 et
1070 2468 1219 2496 dicentem
1240 2475 1247 2495 :
1276 2466 1400 2494 Domine
1426 2468 1505 2500 Jesu‚
1534 2466 1636 2502 accipe
1663 2467 1798 2502 spiritum

1014 2524 1126 2543 meum.
1150 2514 1254 2543 Positis
1273 2515 1373 2542 autem
1396 2513 1538 2549 genibus,
1558 2513 1707 2541 clamabat
1723 2521 1797 2542 voce

1013 2570 1139 2598 magna:
1154 2561 1289 2596 Domine,
1297 2568 1335 2589 ne
1345 2562 1455 2588 statuas
1465 2560 1521 2588 illis
1532 2560 1590 2588 hoc
1602 2562 1768 2595 peccatum.
1779 2570 1793 2586 »

1014 2611 1090 2645 Act„
1105 2617 1154 2638 vn.

1048 2658 1148 2685 Petrus
1170 2656 1198 2684 et
1215 2656 1343 2683 loannes
1362 2654 1523 2683 oraverunt
1537 2654 1596 2689 'pro
1615 2652 1674 2681 illis
1692 2653 1730 2682 de
1744 2655 1796 2683 Sa-

1013 2703 1122 2738 maria,
1143 2704 1176 2730 ut
1194 2701 1360 2737 acciperent
1383 2700 1523 2737 Spiritum
1543 2701 1693 2734 sanctum,
1718 2700 1794 2735 Act„
