2004 3037
618 211 668 243 DE
690 208 884 243 OPERIBUS
906 207 1151 242 CONDITORIS.
1175 209 1262 242 CAP.
1286 209 1339 241 ΙΙΙ.
1744 212 1782 243 89

175 285 321 323 quievisse
330 303 339 318 ‚
353 289 414 312 non
428 281 552 319 quidem
566 287 584 308 a
597 278 701 307 labore
710 298 718 313 ‚
733 277 782 306 vel
796 277 835 305 ab
848 284 951 313 opere,

175 333 245 368 sed,
269 332 343 360 sicut
362 330 475 359 dictum
495 329 555 363 est,
575 335 593 356 a
614 332 763 355 novarum
785 324 951 361 specierum

175 379 354 408 conditione.
370 379 408 405 De
418 375 558 413 operibus
568 381 640 402 vero
654 380 705 401 sex
720 372 836 400 dierum
849 371 951 399 dieunt

175 426 319 463 quidam,
338 430 494 460 nunquam
511 421 542 450 in
560 420 618 449 illis
638 420 748 448 debere
766 418 890 453 intelllgi
904 425 950 445 or-

176 474 277 502 dinem
292 469 433 508 temporis
444 491 453 505 ,
468 469 521 497 sed
536 470 648 496 uaturae
658 489 667 503 ‚
688 466 759 503 quia
773 465 876 494 dicunt
889 472 952 492 om·

175 521 226 549 nia
239 518 327 548 simul
341 519 473 554 tempore
487 515 575 544 fuisse
589 515 667 543 facta
680 515 778 542 creata
785 533 794 548 ,
811 514 838 540 et
853 511 952 548 dispo-

176 567 249 602 sita,
270 574 304 594 ac
321 565 352 593 in
366 563 425 592 suis
439 562 595 600 speciebus
617 560 764 589 distincta.
783 559 835 588 Alii
851 559 952 586 dicunt

176 613 278 642 omnia
289 611 377 640 simul
390 612 486 638 creata
501 609 532 637 in
546 608 670 636 materia
680 629 689 643 ,
709 607 762 635 scd
781 614 844 634 non
858 606 888 633 in
901 605 952 633 tali

175 660 282 695 forma,
297 659 371 687 sicut
383 657 414 686 in
428 656 534 685 diebus
548 654 740 691 sequentibus
754 653 930 689 receperunt
943 660 950 680 ε

177 709 205 736 et
217 707 280 736 haec
294 705 396 743 opinio
410 703 506 740 magis
520 702 652 739 sequitur
663 701 799 729 ultimam
814 700 951 734 litteram,

176 754 230 783 sed
242 753 340 790 prima
354 751 449 787 magis
463 750 594 787 sequitur
608 749 762 777 rationem.
783 748 862 775 Deus
873 746 953 774 enim

177 800 334 838 dupliciter
353 800 504 835 operatur„
526 797 632 832 Aliqua
650 803 781 831 namque
802 794 870 822 facit
888 801 952 821 me-

177 849 275 877 diante
289 848 395 874 natura
406 867 414 880 ,
437 846 465 872 et
485 844 546 872 haec
560 844 636 870 fiunt
650 841 831 875 successive;
852 840 954 876 aliqua

176 895 245 922 facit
257 901 310 930 per
325 901 355 920 se
374 891 562 925 immediate,
583 891 614 917 ut
633 896 750 923 creare,
771 888 893 923 peccata
908 886 954 914 di-

177 941 310 974 mittere,
331 939 457 975 gratiam
471 937 627 965 infundere
639 958 648 971 ,
671 939 698 963 et
717 934 910 970 hujusmodi,
928 935 956 962 et

177 988 246 1017 talia
258 987 333 1014 fiunt
347 986 378 1014 in
391 984 529 1018 instanti,
545 985 573 1011 et
585 982 712 1019 perfecte
724 1004 732 1016 ‚
755 984 783 1010 et
798 981 952 1017 complete.

178 1036 252 1063 Cum
265 1040 335 1068 ergo
350 1034 425 1060 Deus
433 1030 642 1068 primordiales
650 1037 696 1057 res
706 1036 768 1056 non
781 1027 956 1064 produxerit

178 1080 327 1109 mediante
339 1080 455 1112 natura,
466 1077 519 1106 sed
533 1076 703 1104 immediate
719 1077 746 1103 et
752 1083 806 1111 per
820 1083 862 1108 se,
872 1074 956 1102 vide-

178 1130 225 1156 tur
236 1126 359 1163 quodin
374 1125 493 1153 instanti
501 1123 602 1152 fecerit
617 1131 666 1151 eas
681 1122 825 1159 perfectas
840 1123 956 1150 etcom-

178 1175 271 1210 pletas
280 1173 376 1201 tamin
382 1171 515 1206 materia,
522 1178 613 1207 quam
619 1170 649 1197 in
658 1169 882 1197 sorma.(10aevae
890 1170 956 1196 sunt

180 1222 307 1257 quatuor
325 1219 370 1247 hae
382 1218 538 1256 primitivae
552 1225 652 1245 rerum
673 1219 826 1250 creaturae,
847 1215 956 1243 coelum

180 1275 366 1304 empyreum,
386 1265 494 1301 angeli,
508 1263 631 1292 materia
649 1263 765 1298 mundi,
787 1264 814 1291 et
829 1264 954 1298 tempus.

448 1355 610 1390 CAPUT
639 1356 685 1388 ΙΙ.

246 1435 284 1461 De
303 1433 481 1460 Discinctione
501 1431 691 1458 ereaturarum
708 1430 738 1456 z'n
757 1429 888 1463 qeneralt'.

216 1504 355 1532 Creatura
368 1501 474 1530 mundi
488 1501 595 1537 triplex
610 1501 671 1534 est,
693 1499 802 1527 scilicet
816 1507 957 1535 corpora-

179 1551 216 1579 lis
234 1552 358 1584 tantum,
373 1551 405 1577 ut
418 1549 564 1576 elementa
575 1557 583 1582 3
606 1546 765 1583 spiritualis
778 1547 904 1580 tantum,
925 1548 957 1573 ut

181 1597 303 1633 angelus
312 1606 320 1632 3
339 1595 502 1632 composita
517 1602 553 1622 ex
567 1594 613 1622 his
623 1615 632 1629 ,
647 1595 679 1621 ut
693 1594 796 1621 homo.
813 1593 958 1628 Corpora-

180 1644 216 1673 lis
236 1651 357 1680 quoque
378 1644 482 1670 natura
504 1640 692 1676 distinguitur
712 1640 742 1667 in
767 1647 894 1675 corpora
915 1639 958 1666 lu-

182 1691 248 1719 cida
259 1711 268 1725 ,
281 1692 314 1718 ut
327 1690 443 1724 sidera3
460 1689 488 1716 et
502 1695 596 1724 opaca
606 1708 615 1722 ,
631 1689 663 1715 ut
676 1688 769 1721 terra,
785 1688 813 1714 et
827 1686 958 1721 metalla,

182 1740 210 1766 et
223 1736 395 1773 hujusmodi
409 1745 416 1771 3
433 1737 521 1771 atque
536 1733 703 1770 perspicua,
719 1733 780 1760 sive
796 1733 957 1768 diaphana,

182 1786 213 1812 ut
227 1792 287 1819 aer,
304 1785 332 1811 et
345 1791 433 1819 aqua.
449 1783 593 1810 Creaturae
614 1780 752 1817 quaedam
763 1801 772 1814 ,
793 1779 959 1807 secundum

181 1831 383 1867 Gregorium1,
406 1829 517 1857 habent
532 1836 594 1855 esse
616 1828 730 1855 tantum
742 1847 751 1860 ,
770 1829 802 1854 ut
822 1826 957 1861 lapides3

182 1877 319 1914 quaedam
333 1876 450 1910 vivere,
466 1877 498 1903 ut
511 1875 633 1902 arbores
647 1883 655 1908 ;
677 1873 816 1909 quaedam
832 1872 938 1900 sentire
949 1894 958 1908 ‚

182 1927 214 1952 ut
232 1923 390 1958 animalia3
411 1921 550 1958 quaedam
568 1920 749 1956 intelligere,
769 1922 802 1947 ut
823 1919 960 1947 homines

183 1974 211 1999 et
225 1971 332 2006 angeli.
354 1968 544 2004 Distinguitur
566 1970 664 1996 autem
683 1967 790 2003 triplex
808 1967 958 2002 mundus,

184 2017 313 2051 scilicet,
331 2017 526 2051 archetypus,
547 2015 579 2042 id
599 2016 660 2049 est,
685 2015 779 2041 Deus:
807 2015 835 2041 et
855 2013 960 2041 dicitur

184 2064 361 2099 archetypus
384 2062 421 2089 ab
445 2061 569 2095 archos,
591 2061 674 2096 quod
695 2062 737 2087 est
755 2060 911 2096 princeps,
934 2062 961 2087 et

184 2114 272 2148 typus
281 2109 301 2145 ²,
318 2108 400 2145 quod
416 2109 457 2136 est
469 2108 576 2142 figura,
593 2107 624 2134 id
640 2109 691 2141 est,
706 2106 878 2142 principalis
889 2106 961 2141 figu-

185 2166 236 2192 ra,
263 2156 334 2193 quia
357 2155 422 2191 ipsa
445 2156 486 2182 est
505 2153 656 2189 exemplar
675 2153 780 2180 mundi
803 2153 959 2180 sensibilis.

185 2206 256 2232 Item
271 2205 312 2231 est
325 2201 455 2230 mundus
471 2200 522 2236 qui
542 2199 648 2227 dicitur
662 2207 882 2227 macrocosmus
894 2200 915 2233 ³,
931 2199 962 2226 id

186 2252 247 2285 est,
264 2249 360 2284 major
374 2248 504 2276 mundus
514 2268 523 2281 ,
543 2249 574 2274 ut
593 2247 635 2274 est
653 2246 706 2273 iste
721 2245 852 2272 mundus
867 2245 960 2272 sensi-

186 2297 263 2326 bilis.
289 2298 360 2324 Item
384 2297 426 2322 est
448 2293 578 2321 mundus
602 2293 653 2329 qui
676 2293 781 2320 dicitur
803 2292 962 2319 microcos-

187 2352 253 2372 mus
263 2343 283 2378 ¹⁴,
299 2342 330 2370 id
345 2344 387 2370 est
397 2363 406 2377 ,
425 2341 523 2369 minor
538 2340 668 2368 mundus
679 2361 687 2374 ,
703 2341 734 2367 ut
749 2340 791 2366 est
805 2339 906 2366 hoino.
925 2341 962 2366 De

188 2391 233 2418 his
250 2389 341 2417 tribus
360 2388 527 2416 Joanne55:
550 2389 583 2414 Itz
605 2386 703 2414 mundo
723 2388 803 2414 erat:
823 2394 889 2413 ecce
903 2385 963 2421 pri-

189 2445 283 2464 mum.
306 2438 338 2463 Ει
352 2435 468 2462 ‘mundus
480 2443 530 2469 per
543 2435 632 2469 ipsum
655 2435 743 2466 factus
759 2436 796 2460 est
812 2442 818 2460 ;
842 2441 907 2460 ecce
923 2440 963 2459 se-

191 2483 331 2511 cundum.
347 2483 383 2509 Et
397 2482 514 2509 mundus
529 2489 587 2508 eum
601 2489 653 2508 non
668 2482 809 2515 coqnovc‘t:
826 2488 891 2507 ecce
907 2482 964 2507 ter-

191 2530 272 2557 tium.
284 2528 450 2556 Differentia
459 2530 501 2555 est
510 2527 585 2555 inter
597 2527 786 2562 elementum,
799 2528 827 2554 et
839 2527 965 2554 elemen-

192 2578 300 2610 tatum,
321 2577 348 2604 et
370 2575 504 2611 quintam
528 2573 692 2602 essentiam.
718 2573 900 2602 Elementum
922 2576 963 2601 est

226 2675 232 2691 ¹
252 2675 337 2705 Greg,
353 2675 379 2698 in
393 2675 500 2705 Evanq„
515 2673 585 2699 honi.
601 2679 673 2698 xxix.
692 2686 721 2692 —
737 2674 746 2690 ²
761 2674 821 2704 ch.
838 2674 961 2705 ἀρχὴ;.,...

1005 277 1136 313 primum
1146 277 1327 314 principium
1339 277 1598 314 componibilium,
1610 284 1672 306 non
1685 279 1783 306 tamen

1006 324 1224 360 compositum:
1247 324 1327 353 unde
1347 332 1402 353 nec
1420 327 1517 359 terra,
1539 332 1594 353 nec
1613 331 1709 361 aqua,
1727 332 1783 353 nec

1006 377 1066 405 aer,
1077 378 1132 398 nec
1142 370 1219 405 ignis
1229 371 1360 407 primum
1372 371 1552 399 elementum
1563 372 1606 399 est
1617 372 1646 399 et
1656 371 1783 407 simplex

1006 417 1088 453 apud
1103 424 1176 451 nos,
1195 417 1268 454 quia
1286 417 1340 445 ista
1356 417 1432 446 inter
1452 425 1482 446 se
1502 418 1740 453 commiscentur,
1756 420 1784 446 et

1006 464 1134 492 maxime
1148 464 1179 492 in
1194 472 1230 492 ea
1243 466 1325 500 parte
1339 464 1391 492 ubi
1406 472 1437 492 sc
1452 464 1635 500 contingunt.
1652 465 1784 493 Elemen-

1006 512 1099 538 tatum
1111 513 1154 538 est
1165 510 1322 547 quodlibet
1332 519 1439 547 corpus
1452 511 1650 547 compositum
1662 519 1699 539 ex
1711 519 1784 548 qua-

1008 560 1074 585 tuor
1095 557 1257 586 elementis.
1277 557 1384 591 Quinta
1405 558 1530 585 essentia
1548 559 1590 586 est
1609 565 1717 594 corpus
1730 566 1785 594 per

1008 612 1038 632 se
1054 604 1192 632 differens
1207 605 1246 632 ab
1267 604 1407 632 omnibus
1426 604 1596 638 elementis,
1617 606 1645 632 et
1659 603 1785 632 elemen-

1008 651 1072 678 tatis
1083 672 1092 685 ,
1108 653 1168 679 tam
1182 651 1213 678 in
1230 651 1372 687 materia,
1393 659 1485 688 quam
1499 652 1530 679 in
1545 651 1641 679 forma
1652 672 1661 686 ‚
1680 652 1740 679 tam
1754 651 1785 679 in

1007 699 1122 733 natura,
1139 706 1230 734 quam
1244 698 1274 726 in
1289 698 1412 734 virtute,
1427 706 1489 726 non
1501 698 1616 726 habens
1629 697 1660 725 in
1674 705 1705 725 se
1718 706 1786 726 con—

1008 744 1184 773 trarietatem
1196 767 1205 780 ,
1237 745 1317 773 unde
1348 753 1404 773 nec
1432 753 1552 773 causam
1576 744 1784 781 corruptionis.

1009 793 1103 828 Opera
1117 799 1169 820 sex
1184 792 1314 828 dierum,
1330 794 1419 828 prout
1432 794 1547 828 Moyses
1562 791 1708 826 distinxit,
1723 799 1787 819 mo-

1007 838 1106 867 raliter
1118 839 1159 866 sic
1168 839 1333 867 habentur:
1349 838 1495 874 significat
1505 838 1585 867 enim
1597 846 1698 866 rerum
1709 846 1787 866 crea-

1009 885 1049 913 tio
1065 885 1101 913 de
1116 885 1210 914 nihilo
1228 885 1312 922 impii
1328 885 1588 921 justificationem3
1608 885 1786 913 firmamenti

1010 933 1153 968 operatio,
1169 933 1242 960 boni
1256 932 1401 969 propositi
1414 932 1682 968 confirmationem3
1695 940 1786 968 aqua-

1009 987 1076 1007 rum
1098 979 1308 1014 congregatio,
1334 979 1432 1007 cordis
1456 979 1688 1013 adunationem3
1709 978 1787 1007 side-

1009 1034 1076 1053 rum
1096 1026 1258 1061 perfectio,
1283 1026 1454 1062 exemplum
1475 1026 1562 1054 bonae
1587 1025 1785 1062 operationis;

1010 1072 1135 1108 piscium
1151 1075 1179 1100 et
1195 1073 1296 1101 avium
1315 1073 1452 1101 formatio
1463 1095 1472 1107 ,
1495 1073 1602 1101 statum
1622 1072 1745 1100 actionis
1760 1074 1788 1100 et

1011 1119 1266 1155 contemplationis
1279 1131 1285 1152 ;
1304 1119 1434 1147 hominis
1448 1119 1604 1156 plasmatio
1615 1140 1625 1154 ,
1640 1119 1789 1147 rectitudi-

1010 1175 1080 1194 nem
1096 1167 1274 1194 intentionis.
1297 1168 1400 1194 Postea
1419 1175 1490 1195 vero
1509 1167 1641 1203 sequitur
1659 1166 1785 1202 septima

1012 1213 1074 1241 dies
1082 1234 1091 1248 ,
1107 1213 1273 1241 aeternitatis
1287 1213 1397 1241 scillcet
1409 1213 1538 1249 requies.

1048 1262 1094 1288 Est
1113 1260 1197 1288 locus
1215 1268 1368 1295 summus,
1390 1260 1422 1287 id
1441 1261 1484 1288 est
1501 1260 1629 1294 coelum,
1652 1259 1704 1287 ubi
1725 1259 1790 1288 sola

1011 1306 1110 1334 laetitia
1130 1308 1172 1334 est
1181 1317 1189 1342 3
1206 1308 1234 1334 et
1249 1309 1293 1334 est
1309 1306 1439 1341 infimus,
1461 1306 1493 1334 id
1507 1308 1550 1334 est
1564 1306 1695 1334 infernus
1706 1327 1715 1341 ‚
1737 1306 1789 1334 ubi

1012 1354 1077 1382 sola
1091 1354 1223 1389 tristitia,
1247 1355 1275 1381 et
1294 1355 1337 1381 est
1355 1353 1472 1381 medius
1483 1375 1492 1388 ,
1515 1353 1625 1381 scilicet
1638 1353 1769 1380 mundus
1779 1375 1788 1388 ,

1011 1401 1042 1428 in
1057 1409 1118 1437 quo
1133 1402 1200 1428 sunt
1213 1408 1330 1429 summa
1344 1400 1493 1436 speranda
1503 1422 1511 1435 ,
1528 1402 1556 1427 et
1570 1399 1673 1428 infima
1688 1400 1791 1428 timen-

1014 1448 1062 1476 da.
1076 1448 1217 1476 Diabolus
1227 1448 1315 1483 igitur
1325 1456 1342 1475 a
1353 1455 1470 1475 summo
1481 1447 1600 1482 corruit,
1614 1450 1642 1475 et
1654 1447 1685 1475 in
1696 1447 1791 1476 imum

1014 1495 1149 1523 detrusus
1165 1496 1207 1522 est
1219 1515 1228 1528 ,
1244 1494 1315 1530 quia
1329 1494 1514 1530 reparandus
1528 1502 1590 1522 non
1604 1496 1675 1523 erat.
1696 1496 1790 1523 Homo

1014 1550 1084 1570 vero
1098 1550 1116 1569 a
1131 1550 1248 1569 summo
1270 1549 1332 1569 non
1354 1541 1474 1575 cecidit,
1495 1543 1523 1569 et
1537 1541 1567 1568 in
1581 1541 1681 1569 medio
1697 1541 1791 1569 collo-

1015 1592 1095 1617 catus
1111 1590 1171 1623 est,
1193 1590 1225 1616 ut
1246 1590 1319 1615 esset
1333 1588 1359 1615 ei
1373 1588 1457 1615 locus
1476 1595 1536 1624 quo
1553 1588 1725 1616 ascenderet
1738 1595 1791 1624 per

1011 1635 1171 1671 justitiam,
1195 1635 1243 1662 vel
1268 1635 1460 1662 descenderet
1484 1643 1537 1671 per
1562 1635 1691 1670 culpam.
1721 1636 1792 1662 Item

1014 1684 1097 1717 Hugo
1113 1682 1150 1709 de
1166 1683 1271 1709 saneto
1285 1682 1399 1709 Victore
1414 1681 1484 1709 dicit
1493 1703 1502 1717 ,
1522 1681 1607 1717 quod
1622 1681 1730 1717 aliquis
1745 1682 1791 1709 lo-

1015 1737 1066 1756 cus
1081 1730 1123 1756 est
1138 1728 1168 1756 in
1184 1737 1245 1764 quo
1269 1728 1367 1756 solum
1386 1730 1413 1756 et
1431 1737 1582 1756 summum
1600 1729 1715 1756 bonum
1731 1730 1791 1763 est,

1015 1776 1125 1803 scilicet
1139 1775 1266 1810 coelum3
1290 1774 1397 1811 aliquis
1416 1775 1447 1802 in
1466 1783 1527 1811 quo
1547 1775 1646 1803 solum
1667 1777 1695 1803 ct
1713 1784 1793 1803 sum-

1015 1831 1099 1850 mum
1117 1822 1232 1850 malum
1254 1824 1314 1856 est,
1337 1822 1447 1849 scilicet
1465 1821 1597 1849 infernus
1608 1832 1615 1857 3
1637 1821 1745 1858 aliquis
1763 1823 1793 1850 in

1016 1877 1077 1905 quo
1092 1869 1190 1896 solum
1204 1868 1318 1896 malum
1334 1871 1376 1901 est
1386 1890 1395 1903 ,
1411 1869 1465 1896 sed
1479 1876 1540 1896 non
1555 1877 1722 1904 summum,
1739 1869 1793 1896 sci-

1016 1915 1083 1943 licet
1107 1916 1333 1952 purgatorium5
1357 1915 1465 1951 aliquis
1489 1916 1520 1943 in
1544 1923 1604 1951 quo
1628 1916 1742 1943 bonum
1767 1919 1794 1944 et

1017 1962 1130 1990 malum
1141 1964 1193 1996 est,
1207 1962 1259 1990 sed
1269 1964 1407 1990 neutrum
1417 1971 1577 1998 summum,
1591 1962 1701 1990 scilicet
1711 1970 1794 1990 mun-

1018 2009 1073 2036 dus
1088 2008 1151 2036 iste.

1270 2089 1436 2122 CAPUT
1469 2089 1538 2122 III.

1045 2170 1082 2196 De
1101 2170 1279 2196 Dz'stz'nctz'one
1299 2170 1408 2196 Orbium
1429 2172 1484 2196 tam
1503 2170 1664 2205 coelestium,
1688 2177 1767 2205 quam

1310 2213 1503 2240 elementorum.

1055 2289 1221 2326 Corporalis
1243 2289 1346 2317 mnndi
1369 2290 1507 2317 machina
1530 2292 1591 2318 tota
1616 2289 1745 2318 consistit
1765 2290 1795 2317 in

1020 2337 1154 2371 duobus,
1171 2337 1281 2364 scilicet
1294 2336 1325 2364 in
1342 2338 1448 2364 natura
1463 2336 1588 2371 coelesti,
1605 2338 1633 2364 et
1647 2336 1677 2363 in
1690 2338 1795 2364 natura

1020 2384 1199 2412 elementari.
1215 2383 1342 2411 Coelestis
1360 2385 1460 2411 autem
1479 2383 1667 2418 distinguitur
1687 2383 1716 2410 in
1738 2385 1796 2411 tres

1020 2431 1110 2459 coelos
1130 2431 1322 2467 principales,
1343 2430 1452 2458 scilieet
1474 2430 1505 2457 iu
1527 2430 1635 2457 coelum
1656 2430 1796 2465 crystalli-

1020 2486 1102 2511 num,
1119 2480 1146 2505 et
1164 2486 1353 2514 empyreum,
1378 2479 1406 2505 et
1420 2477 1649 2504 firmamentum.
1668 2478 1744 2504 intra
1757 2476 1793 2513 (a)

1020 2524 1250 2558 firmamentum,
1268 2524 1351 2560 quod
1370 2526 1412 2552 est
1427 2524 1534 2551 coelum
1549 2523 1710 2557 stellarum,
1726 2531 1795 2550 con-

1020 2571 1148 2599 tinentur
1161 2573 1273 2607 septem
1288 2571 1375 2599 orbes
1388 2571 1585 2606 planetarum,
1601 2570 1652 2605 qui
1667 2572 1734 2597 sunt
1747 2570 1796 2598 Sa-

1021 2636 1103 2662 τύπος.
1115 2648 1144 2652 -—-
1158 2636 1167 2651 '²⁵
1180 2635 1366 2666 ἶῆῘακρο-Αὸσμος.
1380 2646 1409 2651 -
1425 2635 1432 2650 ³
1448 2634 1629 2665 Μικροκὸσμος.
1647 2645 1677 2651 -
1693 2634 1702 2650 ὅ
1714 2634 1796 2664 Jocm„

1022 2679 1039 2701 ι,
1058 2673 1092 2695 10.
1107 2684 1136 2688 —
1152 2670 1183 2700 (a)
1200 2670 1303 2694 Forsam
1319 2670 1446 2701 leyenclzem
1462 2669 1538 2695 lustu.
