2004 3037
203 254 263 284 250

200 319 328 348 Jordam's
340 321 371 348 in
388 327 417 348 os
430 319 497 355 ejus.
518 320 688 348 Peccatores
701 327 771 348 cum
784 319 899 357 impetu
913 327 979 348 eur-

200 367 296 394 rentes
307 366 338 394 in
353 374 387 395 os
401 367 475 403 ejus,
489 367 522 395 id
537 368 590 402 est,
603 367 635 395 in
652 365 818 402 infernum,
834 367 979 395 vocantur

199 412 247 440 hic
273 412 381 442 fluvius
403 421 493 450 quem
516 413 654 442 absorbet
676 413 835 449 diabolus,
861 415 889 441 et
915 421 978 442 non

199 459 336 496 miratur3
351 460 422 496 justi
445 468 517 489 vero
539 461 630 497 quieti
654 462 682 489 et
699 460 817 497 pacifici
838 460 977 489 dicuntur

198 507 335 541 Jordam‘s,
348 508 400 544 qui
414 508 621 545 interpretatur
631 508 752 537 humilis
766 508 934 544 descensus,
950 511 978 537 et

198 554 273 582 tales
303 563 418 583 summe
448 555 587 584 diabolus
620 556 770 584 desiderat
801 555 974 584 absorbere.

199 601 376 638 Exemplum
389 601 421 630 in
437 603 510 630 Vitis
524 604 639 631 Petrum
658 603 695 631 de
714 603 844 639 capitulo
867 603 976 631 daemo-

198 655 283 682 num,
311 649 339 676 et
362 648 486 684 singulis
515 649 702 678 daemonibus
729 650 767 678 de
793 649 921 686 peccatis
949 651 977 678 et

198 694 296 730 malis,
313 703 379 731 quae
394 698 642 732 procuraverant,
669 696 863 725 reddentibus
887 697 977 725 ratio-

198 749 281 777 nem,
298 743 326 770 et
344 741 382 770 de
403 742 455 771 illo
473 743 525 779 qui
540 743 707 780 specialiter
723 743 778 772 fuit
797 743 935 773 laudatus
950 745 978 772 et

198 789 360 817 honoratus
383 797 401 817 a
424 789 557 826 principe
580 798 704 826 eorum,
730 792 757 818 et
782 790 814 818 in
837 790 977 818 cathedra

198 835 375 871 collocatus„
394 836 466 872 quia
483 836 591 865 fecerat
603 837 742 865 fornicari
757 845 851 865 unum
869 845 975 865 mona-

197 882 304 918 chum,
319 891 410 919 quem
423 883 454 911 in
469 884 669 920 quadraginta
686 884 771 912 annis
784 884 835 912 vix
849 886 977 912 traxerat

197 929 238 958 ad
250 931 413 966 peccatum.

232 977 326 1004 Tertio
339 978 492 1013 peecatum
512 979 554 1005 est
572 977 747 1012 infirmitas,
769 985 831 1014 qua
845 977 977 1005 mundus

198 1023 365 1060 dissipatur.
390 1026 421 1053 Et
435 1027 525 1058 noia,
545 1024 629 1061 quod
648 1026 803 1061 peecatum
823 1026 866 1052 est
886 1024 976 1052 febris

198 1070 321 1098 tertiana
334 1072 456 1107 propter
470 1071 616 1108 triplicem
627 1071 908 1107 concupiscentiam,
922 1071 976 1099 sci-

197 1116 265 1145 licet
279 1117 448 1146 divitiarum
460 1139 469 1153 ‚
488 1118 682 1154 deliciarum,
704 1120 732 1146 et
751 1119 920 1153 honorum,
938 1118 975 1146 de

198 1172 258 1200 qua
278 1164 423 1193 dicitur¹:
450 1166 531 1193 Omne
553 1166 624 1201 quod
645 1169 682 1193 est
706 1168 735 1193 in
750 1166 847 1194 mundo
867 1168 916 1193 aut
937 1169 976 1194 esc

196 1214 410 1247 concupiscentia
438 1215 546 1245 carnis,
576 1216 622 1240 aut
648 1215 865 1248 concupiscentia
889 1214 977 1241 oculo-

196 1266 266 1290 rum,
279 1261 327 1286 aut
337 1260 463 1294 superbia
476 1261 551 1287 vitoe.
566 1261 714 1294 Quartana
726 1260 815 1288 etiam
827 1261 869 1287 cst
883 1268 975 1296 prop-

196 1306 239 1333 ter
254 1305 481 1342 quadruplicem
497 1306 625 1342 gradum
640 1307 751 1342 peccati
762 1328 770 1341 ‚
786 1307 897 1334 scilicet
912 1315 975 1335 cor·

196 1351 259 1387 dis,
277 1352 336 1380 oris
347 1373 354 1386 ,
371 1353 485 1389 operis,
502 1355 530 1381 et
543 1353 777 1388 consuetudinis,
793 1355 896 1381 contra
909 1361 976 1389 quse

197 1399 302 1427 dicitur
313 1398 323 1414 ²
337 1409 343 1427 :
365 1401 503 1428 Revertere
517 1422 524 1433 ,
539 1403 669 1428 revertere
681 1422 689 1435 ,
707 1402 857 1429 Swmmitis
869 1401 906 1436 (α)
919 1422 927 1435 ,
943 1401 976 1428 id

196 1447 248 1480 est,
257 1446 357 1474 anima
367 1446 491 1474 misera:
508 1449 612 1483 quater
621 1447 706 1475 dicit:
723 1449 874 1482 Rercrtcre’,
886 1455 975 1484 prop-

195 1494 238 1520 ter
252 1493 303 1521 illa
318 1495 446 1529 quatuor
460 1493 610 1530 praedicta.
633 1496 680 1522 Est
695 1494 783 1522 etiam
799 1494 888 1521 febris
903 1502 976 1530 quo-

195 1540 306 1568 tidiana
325 1543 445 1577 propter
463 1543 618 1577 peccatum
639 1541 804 1577 superbiae,
827 1541 910 1577 quod
934 1544 975 1570 est

195 1587 225 1614 in
240 1587 322 1615 omni
337 1590 456 1624 peccato
469 1598 477 1623 3
495 1591 522 1616 et
533 1588 689 1622 continue,
705 1588 752 1615 vel
768 1588 908 1616 continua
922 1591 975 1623 est,

195 1634 265 1670 quia
278 1636 320 1662 est
331 1635 419 1662 valde
434 1635 610 1671 periculosa.
627 1636 699 1662 Nam
714 1635 787 1662 sicut
800 1635 891 1663 febris
903 1644 975 1663 con-

195 1681 276 1708 tinua
291 1681 454 1717 aliquando
474 1681 569 1709 aufert
582 1682 674 1709 vitam
693 1682 908 1718 temporalem,
926 1683 974 1710 vel

196 1728 399 1763 corporalem,
424 1730 452 1755 et
481 1729 593 1756 confert
616 1730 743 1756 mortem
767 1729 972 1765 corporalem3

195 1775 236 1802 sic
249 1775 361 1811 peccati
384 1775 539 1803 infirmitas
558 1776 651 1803 aufert
666 1776 775 1810 vitam,
798 1783 859 1803 non
875 1775 973 1803 solum

195 1822 408 1858 temporalem,
440 1822 492 1849 sed
523 1820 552 1850 et'
576 1822 740 1858 aliquando
769 1822 971 1858 spiritualem,

195 1869 266 1905 quia
287 1869 399 1897 confert
419 1871 546 1897 mortem
570 1869 764 1904 infernalem,
787 1869 833 1897 vel
853 1871 974 1898 &eterna-

194 1917 263 1945 lem.
291 1917 426 1952 Podagra
448 1917 561 1953 pedum
584 1917 632 1944 vel
656 1919 738 1952 gutta
761 1919 821 1949 cst,
852 1919 974 1953 propter

194 1966 348 2000 peccatum
359 1964 482 1998 acediae;
498 1963 645 1999 paralysis
659 1972 803 1991 manuum
815 1965 867 1997 est,
884 1972 973 2000 prop-

194 2012 237 2038 ter
255 2013 410 2047 peccatum
429 2010 567 2044 invidiae,
588 2010 635 2038 vel
655 2011 723 2045 iroe3
747 2010 917 2046 hydropisis
932 2013 974 2039 est

194 2061 314 2093 propter
327 2059 483 2093 peccatum
498 2057 645 2091 avaritiae;
662 2057 750 2085 dolor
764 2057 910 2084 viscerum
926 2058 973 2085 vel

194 2104 354 2138 tortiones,
377 2106 498 2140 propter
517 2105 672 2139 peccatum
691 2103 870 2138 iracundiae;
892 2104 972 2139 squi-

194 2150 313 2184 nantia,
333 2152 453 2186 propter
474 2152 629 2186 peccatum
650 2150 743 2185 gulae3
767 2150 860 2186 lepra,
884 2158 973 2186 prop-

196 2199 237 2224 ter
261 2199 414 2232 peccatum
439 2197 572 2225 luxuriae.
598 2199 630 2225 Et
651 2200 772 2233 propter
790 2198 852 2225 haze
871 2198 972 2226 omnia

195 2243 301 2270 dicitur
316 2243 352 2270 de
366 2245 519 2279 peccatore
531 2245 540 2260 ²¹
556 2253 562 2271 z
588 2245 612 2270 A
626 2245 725 2278 planta
739 2244 817 2278 pedis
832 2252 914 2279 usque
936 2245 972 2272 ad

194 2292 319 2318 verticem
333 2293 431 2326 capitis
442 2312 450 2325 ,
468 2299 518 2318 non
535 2294 572 2318 est
589 2292 617 2317 z'n
633 2299 661 2318 eo
676 2292 791 2318 sanitas.

477 2385 619 2418 CAPUT
644 2386 685 2418 II.

405 2458 442 2484 De
460 2457 573 2485 Pcccato
593 2459 623 2485 in
641 2459 764 2493 speciali.

231 2525 388 2559 Secundo,
409 2527 480 2553 nota
503 2525 540 2553 de
565 2526 641 2553 vitiis
665 2526 695 2554 in
718 2527 848 2563 speciali.
875 2530 906 2555 Et
931 2529 973 2556 est

196 2571 369 2607 sciendum,
393 2572 476 2609 quod
496 2574 608 2608 septem
627 2574 694 2600 sunt
711 2573 782 2602 vitia
796 2574 971 2610 principalia

196 2619 224 2645 et
238 2618 374 2653 capitalia
387 2628 394 2645 :
419 2619 552 2655 quinque
567 2619 706 2649 dicuntur
721 2620 899 2656 spiritualia,
915 2621 971 2649 sci-

229 2681 260 2709 (α)
277 2681 352 2712 Vulg.
367 2681 510 2706 Sulumz'tt's.
530 2695 556 2699 —
578 2682 614 2713 (ὀ)
631 2682 694 2708 eset,
712 2683 772 2708 edit.
792 2684 878 2715 Emer,
896 2686 921 2708 et
936 2684 971 2709 sic

196 2714 326 2747 deinceps.

763 250 908 284 DIAETAE
929 250 1096 285 SALUTIS
1118 252 1195 285 TIT.
1219 253 1244 284 I.

1033 320 1102 350 lieet
1115 320 1267 358 superbia,
1282 321 1412 357 invidia,
1426 321 1561 358 avaritia,
1575 321 1630 356 ira,
1645 323 1673 350 et
1686 322 1809 359 acedia;

1034 367 1095 396 duo
1109 376 1182 397 vero
1197 368 1335 397 dicuntur
1348 368 1480 398 earnalia
1487 390 1497 405 ,
1513 368 1624 397 scilicet
1636 368 1768 405 luxuria,
1782 371 1811 398 et

1034 414 1114 450 gula.
1131 415 1213 443 Unde
1226 422 1346 444 versus:

1142 485 1191 510 Dat
1206 486 1305 516 septem
1319 485 1380 510 vitia
1393 484 1471 510 dictio
1484 484 1580 516 saliqia
1589 493 1598 509 :

1032 557 1064 585 In
1077 565 1138 593 qua
1151 557 1262 585 scilicet
1281 558 1349 585 sunt
1362 558 1404 586 tot
1418 557 1519 585 litterae
1529 578 1539 592 ,
1559 558 1633 593 quot
1646 558 1713 585 sunt
1726 556 1810 585 varia

1033 603 1169 640 capitalia
1180 625 1189 639 ‚
1207 604 1275 632 licet
1295 612 1357 632 non
1376 604 1413 632 sit
1425 604 1457 631 in
1471 604 1548 632 vitiis
1568 605 1596 632 et
1612 603 1714 632 litteris
1727 603 1809 632 idem

1032 650 1118 679 ordo.
1135 652 1173 679 De
1189 651 1324 687 quolibet
1337 650 1409 679 vitio
1423 652 1495 679 nota
1507 650 1655 687 praecipue
1670 651 1742 685 tria,
1755 650 1809 679 sci-

1031 697 1098 726 licet
1111 699 1228 734 typum,
1244 706 1334 734 quem
1348 697 1465 734 praefert
1474 707 1482 733 3
1503 697 1617 733 foetum,
1632 706 1722 734 quem
1736 705 1809 734 pro-

1030 744 1104 779 fert3
1122 745 1150 772 et
1164 744 1320 779 damnum,
1336 744 1419 781 quod
1433 743 1529 773 infert.

1067 791 1164 819 Primo
1180 791 1260 819 enim
1279 791 1418 819 notandae
1437 793 1504 819 sunt
1521 791 1725 832 adaptationes
1738 799 1807 828 pec-

1031 838 1087 865 cati
1102 838 1133 866 in
1148 838 1309 866 communi.
1333 840 1366 866 Et
1385 839 1475 872 nota,
1495 838 1579 874 quod
1596 840 1751 875 peecatum
1765 840 1808 866 est

1031 884 1106 912 sicut
1119 885 1246 921 putredo
1262 885 1293 913 in
1306 893 1409 921 pomo.
1432 885 1510 913 Sicut
1523 884 1602 913 euim
1616 884 1743 921 putredo
1757 892 1807 913 au-

1031 931 1086 960 fert
1099 940 1191 968 pomo
1207 932 1347 960 decorem
1358 953 1366 967 ,
1388 932 1523 961 valorem
1535 953 1542 967 ‚
1563 932 1714 967 colorem,
1732 932 1808 961 odo·-

1031 986 1095 1006 rem
1119 981 1147 1007 et
1165 987 1322 1015 saporem3
1347 979 1388 1007 sie
1408 982 1563 1015 peccatum
1586 978 1681 1007 aufert
1701 978 1808 1007 animae

1032 1026 1172 1054 decorem
1185 1026 1251 1054 vitae
1262 1047 1270 1061 ,
1287 1028 1315 1054 et
1327 1026 1453 1054 odorem
1466 1026 1551 1054 famae
1562 1047 1571 1060 ,
1591 1026 1725 1054 valorem
1739 1034 1808 1062 gra-

1032 1073 1076 1101 tiae
1088 1095 1095 1106 ‚
1116 1075 1144 1101 et
1161 1081 1300 1109 saporem
1319 1073 1430 1108 gloriae.
1453 1073 1534 1101 Unde
1554 1073 1702 1101 dicitur·:
1723 1074 1808 1107 Quasi

1028 1120 1145 1156 putredo
1161 1120 1353 1148 consumendus
1368 1128 1438 1148 sum,

1067 1167 1203 1195 Secundo
1226 1169 1380 1203 peceatum
1403 1169 1447 1194 est
1470 1167 1544 1195 sicut
1563 1166 1673 1194 vulnus
1691 1166 1722 1194 in
1743 1174 1809 1195 cor-

1030 1222 1103 1250 pore
1127 1214 1280 1242 humano:
1307 1222 1377 1242 nam
1400 1215 1532 1241 recenter
1553 1213 1726 1241 vulneratus
1743 1221 1810 1249 per-

1031 1261 1117 1289 mittit
1131 1269 1161 1288 se
1177 1261 1274 1296 tangi,
1297 1264 1324 1288 ct
1345 1260 1453 1288 vulnus
1467 1260 1561 1296 premi
1577 1262 1605 1288 et
1618 1260 1787 1295 investigari
1799 1269 1808 1295 ;

1031 1308 1083 1336 sed
1097 1309 1165 1343 post
1188 1308 1305 1335 tertium
1326 1307 1406 1334 diem
1420 1315 1482 1335 non
1497 1307 1559 1335 sinc
1578 1315 1687 1342 magno
1703 1307 1809 1335 dolore

1030 1355 1160 1390 tangitur
1179 1355 1210 1382 in
1230 1354 1373 1382 vulnere:
1399 1354 1439 1382 sic
1461 1356 1615 1390 peccatum
1638 1354 1670 1381 in
1688 1362 1742 1382 sua
1762 1361 1808 1381 re-

1031 1402 1125 1430 centia
1137 1401 1195 1429 cito
1206 1404 1335 1436 curatur,
1349 1403 1378 1429 et
1388 1402 1456 1437 post
1467 1401 1585 1428 tertium
1597 1400 1678 1428 diem
1689 1402 1731 1428 est
1743 1408 1809 1436 gra-

1030 1449 1167 1476 vissimus
1188 1448 1276 1476 dolor
1295 1448 1462 1476 vulnerum.
1488 1447 1569 1475 Unde
1590 1447 1735 1475 dicitur⁵:
1759 1449 1810 1475 Die

1031 1497 1129 1530 tertio,
1153 1495 1262 1530 quando
1281 1497 1460 1529 gravissimus
1478 1495 1554 1522 dolor
1572 1495 1714 1522 vulnerum
1729 1496 1806 1526 erat,

1030 1544 1146 1578 acceptis
1161 1542 1263 1577 gladiis
1274 1542 1325 1569 cluo
1335 1543 1389 1576 filit
1398 1542 1479 1569 Jacob
1493 1542 1599 1569 Simeon
1613 1544 1638 1568 et
1653 1542 1727 1574 Levi,
1746 1542 1808 1574 fra·

1031 1592 1082 1617 tres
1098 1591 1175 1616 Dz'nae
1186 1610 1194 1623 ,
1215 1591 1329 1623 inyressi
1342 1591 1405 1616 sunt
1418 1589 1509 1615 urbem
1528 1588 1700 1622 confidenter,
1715 1590 1740 1615 et
1754 1588 1807 1615 He-

1030 1645 1086 1663 mor
1097 1636 1134 1671 (a)
1154 1638 1179 1664 et
1199 1636 1303 1663 sichem
1324 1637 1431 1670 pariter
1450 1638 1609 1662 necaverunt
1622 1643 1632 1661 .·
1646 1634 1718 1670 quia
1731 1634 1808 1662 scili-

1031 1685 1073 1710 cet
1089 1681 1174 1718 quasi
1189 1681 1384 1709 intolerabilis
1399 1683 1441 1708 est
1457 1681 1615 1714 correctio,
1630 1681 1677 1708 vel
1692 1681 1806 1709 sanatio

1030 1730 1141 1767 pcccati
1155 1732 1222 1765 post
1236 1732 1292 1756 tres
1306 1729 1376 1756 dies.
1392 1731 1459 1756 Tres
1473 1728 1536 1756 dies
1552 1728 1597 1755 isti
1612 1730 1679 1755 sunt
1693 1729 1806 1764 peccati

1029 1777 1206 1813 perpetratio
1219 1797 1228 1810 ‚
1252 1775 1396 1811 peccandi
1421 1775 1603 1802 consuetudo
1616 1795 1624 1809 ‚
1649 1777 1676 1802 et
1694 1775 1806 1810 peccati

1030 1823 1198 1851 obstinatio.
1222 1824 1294 1850 Nam
1308 1824 1374 1858 post
1389 1821 1476 1849 istum
1491 1821 1608 1848 tertium
1623 1821 1718 1855 diem,
1735 1829 1805 1857 pec-

1029 1872 1109 1898 cator
1124 1877 1185 1897 non
1200 1869 1340 1905 permittit
1361 1876 1391 1896 sc
1410 1868 1490 1903 tangi
1505 1876 1558 1903 per
1573 1867 1785 1895 correctionem
1795 1888 1805 1902 ,

1025 1917 1109 1952 juxta
1123 1916 1199 1943 illud
1209 1917 1219 1932 ⁴³
1233 1925 1239 1943 :
1267 1917 1390 1943 Peccator
1412 1923 1470 1942 cum
1485 1917 1514 1941 in
1527 1914 1692 1949 profundum
1711 1922 1805 1949 pecea-

1029 1966 1115 1991 torum
1134 1964 1256 1996 venerit,
1278 1963 1431 1989 contemnit.
1458 1961 1561 1988 Dicunt
1584 1961 1663 1988 enim
1688 1961 1803 1988 illud⁷:

1029 2011 1185 2045 Loquimz‘nz'
1208 2009 1285 2036 nobis
1306 2010 1460 2043 placentia,
1481 2008 1569 2035 videte
1588 2008 1662 2034 nobis
1682 2015 1801 2035 errores:

1027 2058 1037 2073 ⁸
1050 2057 1198 2085 Eoecoecavit
1212 2057 1283 2082 enim
1304 2063 1345 2082 ees
1366 2056 1474 2082 malitia
1493 2062 1590 2082 eorum.
1614 2053 1695 2081 Unde
1716 2053 1804 2081 etiam

1028 2104 1089 2131 odio
1105 2104 1255 2130 habuerunt
1274 2103 1460 2136 corripientem
1476 2102 1505 2128 tn
1517 2104 1599 2135 porta
1609 2122 1618 2132 ,
1634 2102 1665 2128 ut
1678 2100 1804 2128 habetur

1027 2151 1057 2179 in
1072 2153 1160 2178 Amos
1169 2150 1189 2176 ⁹.

1062 2197 1156 2225 Tertio
1177 2196 1331 2231 peccatum
1352 2196 1394 2221 cst
1417 2193 1491 2221 sicut
1508 2192 1618 2221 falsitas
1639 2193 1670 2221 in
1690 2201 1801 2229 panno.

1028 2246 1099 2272 Nam
1113 2243 1188 2270 sieut
1202 2244 1348 2269 mercator
1367 2241 1403 2268 de
1422 2240 1496 2268 falso
1512 2248 1612 2276 panno
1627 2249 1689 2269 non
1705 2244 1802 2269 osten-

1027 2291 1070 2318 dit
1084 2288 1209 2325 emptori
1222 2288 1370 2321 medium,
1385 2295 1481 2323 neque
1497 2287 1587 2314 finem
1597 2308 1607 2322 ,
1622 2287 1674 2315 sed
1690 2290 1802 2315 tautum

1027 2339 1133 2374 eaput;
1149 2336 1189 2363 sio
1205 2335 1343 2362 diabolus
1355 2355 1364 2368 ,
1387 2334 1438 2370 qui
1454 2336 1496 2361 est
1510 2335 1655 2361 mercator
1670 2334 1780 2369 peccati
1791 2356 1801 2369 ,

1002 2373 1008 2376 ”
1028 2382 1154 2412 ostendit
1174 2382 1254 2409 fatuo
1271 2381 1396 2416 emptori
1417 2380 1514 2408 solum
1534 2382 1621 2416 caput
1642 2381 1753 2416 panni,
1769 2381 1801 2409 id

1028 2433 1086 2465 est,
1102 2428 1327 2457 delectationem
1341 2427 1449 2462 culpae,
1464 2434 1525 2454 non
1540 2426 1683 2462 medium,
1699 2427 1731 2455 id
1747 2429 1799 2462 est,

1026 2484 1192 2506 remorsum
1208 2474 1409 2507 conscientiae,
1431 2473 1478 2501 vel
1502 2473 1609 2506 finem,
1632 2473 1663 2500 id
1682 2476 1724 2501 est
1737 2483 1800 2510 poe-

1026 2533 1096 2553 nam
1111 2523 1261 2559 gehennae.
1279 2524 1317 2549 De
1335 2521 1391 2549 hac
1404 2520 1565 2548 mercantia
1579 2519 1686 2548 dicitur
1697 2521 1717 2538 ¹⁰
1731 2531 1737 2549 :
1753 2522 1798 2549 Si-

1061 2610 1182 2639 ¹1Joan.,
1197 2615 1225 2639 11,
1246 2610 1282 2632 16.
1296 2620 1327 2625 -
1340 2607 1350 2623 ²
1361 2606 1445 2635 Cant.,
1461 2606 1591 2635 νι,12,--
1605 2606 1614 2622 ³
1628 2607 1719 2637 l<a.,1‚
1735 2608 1799 2630 6,-

1027 2648 1034 2662 ⁵
1047 2646 1103 2676 lob,
1118 2651 1175 2675 xm,
1190 2646 1230 2668 28.
1246 2657 1276 2661 —
1291 2644 1301 2660 θ
1314 2643 1387 2672 Gem,
1401 2647 1490 2671 xxxiv,
1505 2642 1544 2664 223.
1558 2655 1587 2659 -
1602 2642 1611 2655 θ
1623 2642 1706 2672 Ρι·ου.,
1724 2648 1797 2672 xvm,

1028 2686 1049 2707 1.
1068 2695 1098 2700 —
1116 2681 1125 2698 ⁷
1141 2681 1200 2711 lsa.,
1215 2682 1290 2710 (xxx,
1307 2680 1344 2702 10.
1362 2690 1394 2695 —
1410 2676 1420 2693 ³
1434 2676 1502 2707 Sap„
1521 2682 1554 2707 u,
1574 2678 1613 2701 21.
1632 2689 1660 2695 -
1679 2678 1689 2694 ⁹
1704 2678 1797 2708 Amos„

1028 2724 1053 2748 v,
1068 2719 1105 2742 10.
1119 2729 1149 2735 —
1163 2716 1182 2734 ¹⁰
1197 2716 1258 2745 Isa„
1272 2718 1345 2743 xxm,
1356 2713 1380 2737 2.

1848 794 1928 816 Simili-

1831 825 1920 847 tudine·

1835 859 1919 885 peccati

1821 889 1844 910 in
1868 896 1928 920 qom-

1821 922 1892 938 mum.
