2004 3037
619 250 670 283 ΠΕ
689 247 837 290 omm'o
858 248 1032 283 l'mmmz.
1054 248 1155 282 msr.
1178 249 1247 283 vn.

125 325 195 355 qun
220 316 253 346 in
274 318 335 347 neo
362 319 449 354 sunt,
472 325 602 356 quarum
626 315 819 347 {intellectuali
843 317 905 346 ins-

125 364 263 402 pectione
283 365 377 394 Deum
393 364 620 402 cognoscimus,
634 363 746 402 quibus
762 364 839 394 nihil
857 364 905 393 di-

126 411 225 441 vinius
246 411 343 442 oculis
358 411 608 442 intellectualibus
625 411 786 441 intuemur.
804 422 821 440 ι
840 412 906 440 noec

126 457 187 487 ille.

163 506 258 535 Tertio
281 505 354 535 dicit
367 515 376 535 :
394 517 408 532 α
423 505 480 535 scd
493 505 593 534 adhuc
608 506 698 534 restat
711 504 907 542 principalior

129 553 179 581 Dei
194 552 336 589 cognitio,
351 561 418 590 quoe
429 552 575 588 figuratur
587 552 620 581 in
633 560 682 587 eo,
695 552 779 589 quod
792 553 907 588 Moyses

127 601 196 637 post
205 600 347 637 praedicta
354 601 508 637 separatur
521 599 561 629 ab
570 599 628 635 his,
638 599 691 636 qui
703 599 845 636 praedicta
859 607 905 627 se-

128 654 197 675 cum
211 646 358 683 viderant,
374 649 403 675 et
415 646 598 675 subtrahitur
611 646 670 675 illis
685 645 766 682 visis,
781 647 809 674 et
817 645 908 674 intrat

127 693 159 722 in
168 693 517 730 caliginemignorantiae,
528 695 557 722 et
567 692 668 722 unitur
676 692 906 730 incomprehen-

127 739 259 769 sibilitati
271 740 391 775 divinse,
409 748 502 777 quam
516 747 579 768 non
592 741 726 777 penetrat
741 739 906 775 intelligen-

127 787 178 822 tia,
192 794 260 824 quse
273 787 409 815 omnium
419 787 582 816 clarissima
595 788 648 819 est,
664 788 694 815 et
705 787 737 815 in
750 795 782 814 se
795 785 907 814 claudit

127 834 156 861 et
166 833 242 862 celat
247 834 442 862 secretissime
452 842 558 862 omnes
571 834 756 870 cognitiones
771 841 908 869 compre-

126 880 275 909 hensivas.
300 881 478 918 Exemplum
503 881 594 917 huius
614 881 704 918 plane
726 881 847 909 videtur
874 880 906 908 in

127 925 195 956 luce
207 927 331 962 stellari,
346 927 502 964 quomodo
521 928 716 956 absconditur
730 928 761 956 iu
774 928 842 956 luce
859 935 907 956 so-

127 973 184 1002 lari
197 974 231 1002 in
244 975 378 1003 meridie.
395 985 410 1001 n
426 975 564 1011 Sequitur
579 984 587 1003 :
604 985 619 1001 ι
635 977 668 1003 Et
686 975 784 1003 omnis
807 973 907 1002 unitus

129 1022 188 1049 Deo
201 1029 256 1058 per
269 1029 350 1057 eum,
365 1022 418 1059 qui
434 1024 478 1051 est
491 1030 582 1058 super
595 1022 709 1057 omnia,
722 1021 908 1050 constituitur

128 1068 160 1096 in
171 1068 346 1097 excellentia
359 1077 452 1105 quam
465 1076 520 1097 nec
534 1068 610 1097 ratio
625 1068 792 1104 investigat,
807 1075 906 1104 neque

128 1114 293 1143 intellectus
307 1116 490 1152 speculatur,
506 1117 535 1144 et
553 1115 639 1152 quasi
654 1115 694 1143 ab
709 1114 851 1142 omnibus
863 1115 908 1142 ta-

128 1161 218 1196 libus,
233 1164 262 1190 et
275 1163 362 1199 quasi
376 1171 394 1190 a
414 1162 513 1199 seipso
528 1164 710 1198 segregatur,
730 1163 759 1189 et
771 1169 826 1198 per
839 1160 908 1189 uni-

129 1207 240 1236 tionem
248 1208 425 1244 dilectionis,
437 1218 504 1246 quae
513 1212 556 1238 est
565 1209 700 1237 effectiva
711 1216 791 1236 verae
805 1207 906 1243 cogni-

129 1255 226 1290 tionis,
241 1255 342 1283 unitur
351 1257 411 1284 Deo
421 1256 666 1290 intellectualiter,
680 1258 781 1283 tamen
790 1255 906 1290 ignoto,

128 1304 158 1331 ct
179 1304 281 1331 tamen
303 1303 471 1339 cognitione
493 1304 587 1331 multo
608 1303 737 1337 meliori,
757 1311 851 1340 quam
872 1303 909 1330 sit

129 1350 259 1386 cognitio
272 1350 304 1378 in
318 1358 355 1378 eo
370 1350 454 1387 quod
471 1350 678 1378 intellectualis
701 1352 745 1378 est
760 1360 767 1378 2
784 1350 856 1386 quia
876 1350 907 1377 in

128 1405 165 1425 eo
175 1397 259 1434 quod
267 1397 469 1432 cognitionem
479 1397 706 1425 intellectualem
716 1396 906 1432 derelinquit,

128 1452 217 1480 super
230 1443 412 1472 intellectum
423 1446 451 1472 et
464 1445 595 1472 mentem
610 1445 702 1472 Deum
717 1443 904 1479 cognoscit.»

128 1492 194 1519 Haec
207 1491 268 1519 ille.

163 1539 205 1566 Ex
224 1537 371 1574 praedictis
391 1540 492 1574 palere
515 1539 628 1574 potest,
652 1537 736 1573 quod
764 1536 908 1564 revelatio

128 1584 424 1621 superintellectualis
438 1593 500 1612 non
512 1584 545 1611 fit
558 1592 612 1620 per
626 1583 845 1619 intelligibilem
858 1591 908 1611 co-

129 1631 303 1667 gnitionem,
325 1631 378 1659 sed
391 1639 445 1667 per
461 1631 714 1664 ardentissimam,
729 1630 790 1658 imo
806 1638 910 1666 super—

127 1677 275 1706 fervidam
289 1678 489 1711 dilectionem,
505 1680 533 1705 ct
548 1677 811 1713 experimentalem
831 1676 909 1704 noti-

127 1724 208 1752 tiam.
220 1725 262 1752 Ex
270 1724 316 1752 his
330 1724 418 1752 etiam
429 1726 565 1760 apparet,
575 1724 650 1752 sicut
659 1723 729 1751 dicit
738 1723 910 1751 Linconien-

128 1772 178 1807 sis,
192 1771 277 1808 quod
294 1772 358 1799 haec
374 1771 514 1799 revelatio
536 1779 602 1807 quae
623 1770 655 1798 fit
669 1770 909 1798 incircumvelate

129 1821 159 1847 et
170 1827 251 1853 vere,
265 1818 378 1854 absque
391 1818 536 1854 symbolis
551 1820 579 1845 et
592 1817 790 1853 imaginibus,
803 1825 909 1845 secun-

130 1866 203 1894 dum
217 1865 262 1893 sui
286 1865 401 1892 nudam
422 1865 650 1900 apparitionem,
677 1864 776 1892 solum
799 1864 832 1892 fit
851 1864 907 1898 his,

130 1912 181 1948 qui
192 1911 403 1939 transcendunt
413 1911 569 1938 immunda
580 1911 691 1946 omnia,
702 1911 734 1938 id
742 1914 784 1939 est
794 1913 910 1939 terrena

130 1959 233 1987 omnia
248 1967 315 1994 quae
333 1966 436 1986 amore
450 1960 585 1985 contacta
594 1958 630 1993 (α)
643 1958 794 1985 maculant
808 1966 911 1985 aman-

130 2008 190 2033 tem
203 2006 344 2038 mentem,
365 2006 393 2032 et
407 2004 495 2032 etiam
509 2012 585 2040 pura
602 2012 668 2040 quae
681 2012 744 2032 non
757 2004 909 2031 maculant

130 2054 261 2080 mentem
276 2052 505 2087 contingentem,
518 2054 545 2079 et
556 2051 628 2087 quia
642 2051 807 2079 ascendunt
821 2059 910 2087 super

131 2098 335 2127 ascensionem
349 2099 484 2126 omnium
497 2101 665 2126 sanctarum
681 2098 908 2132 extremitatum,

130 2146 189 2174 hoc
210 2147 268 2181 est,
287 2145 451 2173 ascendunt
471 2153 560 2181 super
581 2153 684 2173 omnes
709 2148 791 2172 actus
813 2144 910 2172 omnis

130 2193 245 2221 virtutis
265 2192 488 2228 apprehensivae
502 2192 632 2227 agentis,
653 2195 799 2227 quantum
818 2192 910 2227 possi-

131 2240 191 2268 bile
206 2242 249 2268 esl
268 2240 401 2274 intense,
417 2242 445 2266 et
459 2239 670 2275 derelinquunt
691 2238 793 2266 omnia
808 2238 910 2266 divina

132 2287 247 2315 lumina
269 2286 456 2321 illustrantia,
481 2288 510 2314 et
530 2286 680 2314 introeunt
693 2285 724 2313 in
739 2285 909 2320 caliginem,

131 2333 189 2361 hoc
203 2335 245 2361 est
253 2333 400 2361 actualem
410 2333 609 2368 ignorantiam
619 2332 766 2366 omnium,
774 2331 828 2360 ubi
841 2339 910 2359 vere

133 2383 184 2414 est,
197 2382 228 2407 ut
241 2380 362 2416 eloquia
372 2380 454 2407 aiunt
463 2380 482 2414 ¹,
491 2381 541 2415 qui
549 2383 587 2407 esc
598 2388 679 2415 super
690 2381 781 2407 orni-cia
790 2388 800 2406 .·
812 2379 910 2406 solum

133 2428 212 2454 enim
226 2426 269 2454 ibi
280 2426 427 2454 invenitur
437 2428 465 2453 et
480 2428 592 2453 tenetur
609 2435 615 2453 :
628 2425 725 2462 qualis
738 2425 781 2453 ibi
796 2425 911 2452 inveni-

135 2474 190 2508 tur,
205 2481 267 2501 non
281 2476 323 2501 est
334 2472 472 2501 effabilis.
482 2484 494 2498 u
513 2473 575 2500 Haec
590 2472 651 2500 ille.
674 2472 727 2500 Cui
740 2472 807 2500 talis
829 2479 912 2499 reve-

133 2520 204 2548 latio
218 2520 295 2548 tacta
307 2520 404 2555 tuerit,
421 2520 499 2547 dicat
512 2519 588 2547 illud
603 2519 743 2548 Matthaei²
759 2528 766 2547 ι
780 2519 911 2554 Confiteor

136 2568 195 2598 tibi.
209 2568 300 2601 Pater,
312 2568 435 2602 Domine,
448 2569 504 2594 etc.

167 2642 178 2658 ¹
189 2642 290 2673 Ephes.,
309 2647 345 2672 iv,
362 2643 386 2665 ss.
406 2655 436 2659 —
450 2643 460 2658 ²
475 2641 577 2672 Martii„
597 2647 634 2671 xi,
652 2643 690 2665 25.
706 2655 737 2660 —
755 2642 766 2659 ³
781 2642 866 2670 Cant..
881 2649 909 2672 11,

138 2681 175 2704 lo.
197 2691 229 2697 —
255 2678 263 2692 ⁴
286 2679 367 2708 leam,
396 2684 445 2706 xv,
475 2679 513 2702 ¹5.
541 2691 571 2695 —
599 2678 609 2694 ⁵
636 2678 723 2709 Greg.‚
751 2680 775 2702 in
802 2679 910 2709 Ecanq„

135 2714 206 2738 hom.
225 2719 324 2738 xxxvii.
341 2726 368 2730 -
381 2714 391 2727 ⁸
405 2713 472 2737 Psnl.
490 2719 600 2742 Lxxxm,
616 2715 640 2737 6.
656 2726 684 2730 —
702 2715 709 2728 ⁷
726 2714 810 2741 Cant„
826 2719 851 2744 v,
872 2716 909 2738 ¹2.

982 437 1106 471 ouazaer
1123 438 1162 466 aa
1176 439 1230 467 ue·-
1246 439 1357 468 mue
1373 441 1547 470 revelationis
1566 435 1725 472 wemmam

1080 484 1196 519 spiritus
1213 487 1302 512 noster
1318 493 1337 513 α
1355 485 1409 514 Deo
1427 487 1561 515 invitetur
1576 487 1624 525 (b).

997 551 1127 589 Septimo
1137 552 1301 582 videndum
1311 555 1363 587 est,
1375 555 1504 592 qualiter
1512 556 1631 593 spiritus
1636 556 1743 587 huma-

960 606 1029 634 nus,
1039 598 1078 626 ad
1092 599 1277 628 veniendum
1285 609 1340 637 per
1348 601 1403 630 iter
1418 602 1541 631 occulte
1552 603 1743 633 revelationis

961 645 1001 674 ad
1016 645 1210 675 intrinsecum
1217 650 1364 676 secretum
1372 649 1501 684 Domini,
1513 649 1552 678 ab
1566 650 1632 687 ipso
1639 650 1743 679 invite-

961 694 1009 720 tur
1017 693 1056 730 (b)
1061 692 1177 722 dicente
1182 694 1194 711 ³
1201 703 1208 722 :
1214 694 1309 730 Sume,
1314 703 1442 731 propera,
1449 698 1537 724 amica
1546 705 1616 730 mea,
1624 699 1744 732 formosa

961 748 1030 774 mea,
1038 743 1065 768 et
1070 742 1142 768 veni.
1149 742 1181 769 Et
1187 741 1275 776 hujus
1283 741 1465 771 invitationis
1472 743 1627 779 subjungit
1633 744 1743 774 allecti-

960 794 1046 821 vum,
1060 787 1162 815 dicens
1177 797 1185 816 :
1207 788 1282 822 Quia
1292 789 1357 824 jam
1372 790 1597 819 ambulantibus
1610 791 1743 821 revelata

962 836 1005 862 est
1018 834 1138 869 veritas,
1159 834 1231 871 quia
1249 835 1314 871 jam
1332 844 1386 864 νοτι-
1406 839 1524 865 turturis
1537 837 1634 866 audac
1651 841 1692 866 est
1710 839 1742 866 in

962 885 1034 909 terra
1046 885 1150 918 nostra,
1162 883 1194 910 id
1209 885 1262 918 est,
1278 891 1340 912 vox
1353 885 1470 920 paterni
1484 885 1570 913 verbi
1583 885 1742 914 revelantis

962 936 1084 957 omnem
1098 930 1252 958 veritatem
1265 930 1298 958 in
1318 933 1396 960 terra
1408 931 1602 960 humanitatis
1621 935 1740 961 nostroe.

962 975 1034 1004 Dicit
1053 984 1124 1012 ergo
1145 985 1153 1004 z
1175 977 1196 1006 0
1220 979 1309 1006 amica
1327 987 1400 1014 mea,
1419 981 1544 1015 propter
1559 981 1742 1008 secretorum

961 1022 1186 1051 revelationem.
1205 1023 1287 1052 Unde
1302 1025 1437 1053 Salvator
1451 1025 1523 1054 dicit
1536 1026 1568 1054 in
1577 1027 1691 1054 Ioanne
1705 1027 1717 1044 ⁶
1732 1035 1740 1054 τ

966 1071 1026 1098 Vox
1038 1071 1102 1098 dixi·
1116 1073 1226 1106 amicos,
1242 1074 1309 1107 quia
1323 1074 1415 1100 omnia
1429 1081 1489 1107 quoe
1502 1073 1600 1101 audivi
1614 1082 1632 1101 a
1648 1075 1741 1107 Patre,

962 1120 1027 1145 nota
1046 1119 1101 1151 feci
1114 1118 1187 1146 tobis
1203 1128 1211 1146 ε
1228 1128 1242 1144 ι
1260 1119 1365 1147 notitia
1383 1119 1618 1155 experimentali,
1631 1131 1647 1147 π»
1671 1121 1743 1149 dicit

963 1164 1120 1199 Gregorius
1133 1164 1144 1180 ³
1157 1164 1190 1192 in
1209 1164 1344 1194 homilia.
1358 1166 1444 1200 Surae
1463 1166 1504 1194 ad
1523 1166 1742 1196 revelationum

962 1210 1187 1246 perfectionem,
1202 1219 1220 1239 a
1238 1212 1372 1240 sensibili
1392 1212 1432 1240 ad
1447 1213 1687 1248 intellectualem,
1701 1214 1742 1243 ab

962 1257 1143 1294 intelligibili
1154 1258 1193 1286 ad
1205 1259 1536 1295 superintellectualem,
1543 1263 1576 1288 ut
1587 1260 1741 1297 disponas,

962 1305 1129 1333 secundum
1144 1305 1328 1334 psalmistam
1339 1307 1360 1341 ⁶,
1376 1309 1541 1335 ascensiones
1557 1311 1588 1335 in
1603 1308 1681 1336 corde
1694 1311 1742 1336 tuo

963 1353 993 1379 in
1006 1353 1077 1380 valle
1092 1353 1284 1387 lawmarum.
1302 1353 1324 1381 0
1339 1354 1458 1381 columba
1480 1362 1549 1388 mea,
1562 1357 1686 1390 propter
1697 1363 1743 1383 re—

963 1398 1146 1427 velationum
1162 1399 1413 1428 exercitationem.
1436 1403 1469 1429 Et
1488 1401 1644 1436 sequitur:
1664 1402 1743 1429 Oculi

965 1448 1008 1473 tui
1029 1448 1100 1473 sicut
1125 1447 1309 1474 columbarum
1331 1455 1413 1483 super
1440 1449 1512 1475 rivos
1537 1457 1686 1484 aquarum,
1711 1449 1743 1477 id

965 1495 1017 1526 est,
1031 1495 1064 1520 ut
1078 1492 1149 1521 dicit
1162 1493 1364 1526 vercellensis,
1384 1504 1398 1519 n
1416 1494 1575 1522 innitentes
1589 1495 1676 1531 aquis
1695 1503 1743 1523 sa-

963 1539 1096 1575 pientiae,
1119 1548 1186 1574 quae
1205 1540 1377 1568 derivantur
1396 1549 1413 1569 a
1430 1540 1511 1569 fonte
1530 1542 1694 1577 sapientiae,
1712 1543 1743 1570 in

964 1586 1074 1621 quibus
1093 1590 1207 1614 mentes
1225 1587 1422 1622 columbinoe,
1448 1591 1592 1624 tanquam
1615 1589 1645 1616 in
1665 1597 1742 1624 puro

964 1633 1098 1668 speculo,
1124 1634 1364 1670 contemplantur
1383 1634 1588 1670 revelationes,
1612 1638 1744 1664 mentem

965 1679 1186 1715 simplificantcs
1201 1685 1228 1708 et
1241 1681 1441 1717 purificantes.
1453 1692 1468 1708 ι
1480 1684 1608 1718 Propera,
1622 1685 1745 1719 propter

965 1726 1181 1754 revelationum
1194 1727 1401 1764 plenissimam
1415 1729 1602 1757 effusionem.
1620 1730 1700 1757 Unde
1713 1731 1745 1757 in

965 1774 1089 1801 Canticis
1102 1775 1124 1809 ἵ,
1139 1775 1266 1802 columboe
1275 1796 1284 1809 ,
1301 1783 1367 1811 quae
1382 1776 1502 1803 resident
1516 1776 1547 1803 in
1560 1777 1667 1804 mentis
1680 1785 1745 1804 sus-

964 1821 1088 1856 pendio,
1104 1821 1232 1856 quietate
1242 1822 1325 1856 juxta
1344 1824 1445 1856 fluenta
1458 1824 1630 1858 plenissima.
1649 1834 1664 1849 α
1677 1825 1746 1851 Pro-

965 1869 1030 1903 pter
1041 1867 1136 1904 quod,
1151 1870 1182 1895 ut
1197 1868 1267 1896 dicit
1282 1868 1483 1903 vercellensis,
1500 1872 1646 1905 quantum
1661 1878 1744 1898 mor-

964 1914 1074 1941 talibus
1096 1915 1279 1950 conceditur,
1309 1915 1348 1943 ad
1378 1916 1564 1951 plenissimas
1596 1917 1746 1953 sapientiae

966 1961 1127 1988 essentialis
1148 1963 1249 1997 copias
1268 1962 1428 1996 acceditur,
1445 1971 1573 1998 quarum
1589 1963 1744 1999 plenitudo

966 2007 1049 2035 nulla
1073 2007 1217 2035 effusione
1233 2008 1418 2036 diminuitur.
1431 2020 1445 2035 ι)
1463 2011 1528 2037 Haec
1543 2010 1742 2039 vercellensis.

968 2054 990 2081 0
1005 2056 1121 2087 formosa
1141 2063 1209 2088 mea,
1225 2058 1346 2090 propter
1362 2056 1579 2083 revelationum
1593 2057 1744 2085 radiosam

965 2101 1224 2129 illuminationem.
1242 2102 1322 2130 L‘nde
1338 2103 1409 2130 dicit
1428 2103 1459 2130 in
1479 2104 1552 2131 isaia
1565 2104 1576 2121 ¹³
1591 2113 1598 2131 ε
1616 2106 1744 2140 Implebit

970 2150 1095 2176 Dominus
1110 2149 1299 2184 splendoribus
1315 2151 1433 2177 animam
1450 2154 1538 2185 tuam,
1553 2155 1578 2178 et
1593 2154 1646 2179 eris
1665 2154 1745 2187 quasi

966 2196 1059 2223 hortus
1075 2198 1197 2230 irriyuus
1218 2196 1294 2230 cujus
1309 2204 1360 2223 1sz
1376 2197 1504 2231 deficiunt
1529 2206 1615 2232 aquoe.
1641 2199 1744 2226 Exem-

966 2242 1051 2278 plum
1062 2242 1099 2270 de
1110 2244 1221 2278 Moyse,
1233 2243 1316 2277 cujus
1324 2242 1413 2270 iacies
1422 2251 1458 2270 ex
1469 2246 1617 2272 consortio
1629 2246 1744 2273 Domini

966 2289 1124 2325 splendida
1138 2289 1214 2316 facta
1229 2292 1281 2322 est,
1298 2292 1329 2316 ut
1343 2289 1439 2317 videri
1453 2298 1513 2318 non
1530 2295 1628 2327 posset
1651 2292 1744 2320 oculis

968 2336 1185 2372 corporalibus.
1214 2337 1292 2368 Veni,
1308 2339 1431 2372 propter
1446 2338 1617 2366 divinarum
1631 2339 1744 2366 revela-

967 2383 1082 2410 tionum
1092 2386 1203 2410 certain
1213 2383 1418 2410 directionem.
1439 2384 1593 2412 Psalmista
1606 2384 1633 2412 ⁹:
1651 2386 1745 2420 speie

967 2433 1015 2457 tua
1024 2433 1048 2457 et
1062 2430 1268 2465 pulch-uitulina
1284 2433 1342 2460 tua,
1359 2433 1425 2464 etc.;
1442 2431 1515 2466 quia
1526 2432 1640 2465 tcoejam
1656 2436 1745 2459 turlu-
1784 2426 1787 2428 ’

968 2479 1007 2504 ris
1022 2477 1121 2504 audita
1142 2480 1180 2504 esc
1205 2478 1233 2503 in
1251 2480 1326 2503 terra
1345 2480 1453 2511 nostra,
1469 2478 1581 2512 gemitu
1605 2487 1744 2506 amoroso

969 2527 1088 2551 cantans
1100 2524 1120 2540 ¹⁶
1132 2532 1138 2551 :
1150 2524 1208 2558 Ego
1224 2531 1282 2550 sum
1296 2524 1354 2555 via,
1364 2526 1464 2550 veritas
1479 2528 1504 2551 et
1519 2527 1578 2551 vita
1589 2533 1598 2551 :
1607 2527 1669 2560 Ego
1678 2533 1745 2553 sum

968 2573 1022 2603 tiu,
1038 2579 1092 2606 per
1113 2578 1205 2606 quam
1218 2570 1361 2597 tutissime
1382 2570 1457 2603 ibis;
1475 2578 1530 2605 ego
1550 2579 1616 2598 sum
1630 2573 1743 2607 teritus,

968 2617 1007 2644 ad
1022 2625 1113 2653 quam
1125 2616 1284 2644 certissime
1296 2615 1363 2649 ibis,
1377 2616 1446 2652 quia
1458 2616 1521 2651 jam
1532 2617 1598 2644 finis
1608 2618 1745 2653 fenigma-

968 2693 999 2698 -.
1014 2684 1018 2691 =
1034 2680 1093 2708 lm,
1109 2681 1268 2707 Lx·11!.t1.—
1281 2680 1289 2692 Ξ
1304 2678 1372 2702 Psal.
1387 2684 1458 2709 xciv,
1469 2681 1520 2702 5.—
1537 2681 1645 2710 ¹²Joou„
1656 2687 1709 2712 xiv,
1721 2684 1744 2707 6,

970 2729 996 2732 —
1014 2717 1046 2746 (a)
1064 2715 1123 2739 Caee.
1135 2715 1194 2738 edit.
1210 2717 1382 2738 contracta.—
1399 2714 1430 2744 (b)
1445 2714 1508 2738 item
1520 2716 1650 2740 invitatur.
