2004 3037
87 587 161 608 Virtu-

74 619 121 639 tum
131 624 182 641 oar-

73 648 182 671 dinanum

73 679 184 702 diffinitio·

92 717 133 733 nes
144 713 167 734 et

73 743 166 770 gradus.

74 783 175 805 Pruden-

107 815 146 836 tia.

80 2111 176 2133 Fortitu-

116 2143 152 2164 do.

684 195 735 228 DE
754 193 928 228 SEPTIMO
950 193 1127 228 ITINERE.
1150 195 1251 229 DIST.
1274 195 1312 228 V.

193 265 272 300 sunt,
285 264 317 293 in
329 266 474 302 quantum
485 264 524 294 ab
537 263 584 293 his
596 263 732 293 animum
744 262 786 292 ad
799 262 903 291 divina
917 263 975 292 tra-

193 310 276 340 hunt.
293 311 411 348 Purgati
429 311 522 340 animi
541 310 664 340 virtutes
678 311 762 346 sunt,
779 309 811 338 in
829 310 974 346 quantum

194 357 331 387 animum
359 358 497 387 innixum
526 357 636 387 divinis
665 356 837 394 expeditum
865 357 972 386 tenent.

195 405 384 442 Exemplares
394 405 457 434 sive
471 404 598 433 heroicae
612 406 690 440 sunt,
706 412 774 441 quoe
786 403 819 432 in
833 403 899 432 solo
914 405 973 432 Deo

195 453 273 487 sunt,
289 459 351 480 non
365 453 396 481 ut
410 452 442 480 in
455 451 553 486 nobis,
566 451 620 480 sed
633 450 908 488 incomparabiliter
923 458 973 479 ex-

195 498 360 528 cellentiori
381 497 484 534 modo,
506 506 525 527 a
547 497 658 535 quibus
681 505 785 526 omnes
805 497 927 526 virtutes
943 497 974 526 in

194 553 250 574 nos
264 545 407 581 influunt,
421 547 584 582 operantur
598 546 626 573 et
640 545 811 573 consistunt.

231 593 400 622 Notandum
414 595 456 621 est
470 592 569 628 igitur,
586 592 670 629 quod
683 592 847 621 Macrobius
860 591 974 621 ibidem

196 640 362 677 quamlibet
379 640 502 668 istarum
523 639 666 668 virtutum
680 639 833 675 distinguit
849 641 878 668 et
896 639 975 667 diffi-

195 686 239 716 nit
254 696 261 716 2
276 695 330 724 per
344 694 420 724 quas
433 686 625 715 diffinitiones
633 688 735 723 patent
749 694 853 716 earum
863 686 975 723 gradus

197 734 259 762 sive
273 734 398 771 species,
413 736 441 763 et
453 734 660 771 proprietates.

232 781 329 810 Primo
352 781 441 817 igitur
463 781 612 810 diffiniens
632 781 824 818 prudentiam
844 781 974 818 primam

196 828 338 857 virtutum
352 829 561 865 cardinalium,
577 831 609 857 ut
624 831 666 858 est
677 829 769 858 virtus
784 829 916 865 politica,
933 829 975 857 di-

197 876 254 904 cit:
275 885 289 902 ι(
304 876 461 904 Prudentia
483 877 525 904 est
546 876 585 904 ad
606 876 728 904 rationis
751 884 889 904 normam
911 875 976 904 uni-

197 931 283 952 versa
298 924 437 960 dirigere.
455 935 468 950 »
490 923 639 959 Secundo,
654 925 686 952 ut
701 925 743 952 est
758 923 851 952 virtus
865 932 974 960 purga-

196 970 283 1006 toria,
298 971 405 1000 diffinit
418 979 484 1000 eam
499 971 540 999 sic
553 980 561 999 :
575 970 756 999 «Prudentia
771 973 813 999 est
827 971 975 999 mundum

197 1016 296 1053 istum,
323 1020 351 1047 et
373 1019 475 1047 omnia
495 1026 562 1055 quae
585 1018 616 1046 in
639 1025 676 1046 eo
700 1020 783 1053 sunt,
804 1017 975 1046 divinorum

197 1064 421 1101 comparatione
442 1065 606 1101 despicere.
624 1075 637 1092 n
655 1065 761 1100 Tertio,
777 1066 809 1093 ut
827 1067 870 1093 est
883 1065 975 1093 virtus

195 1112 314 1148 purgati
331 1111 435 1147 animi,
450 1111 558 1140 diffinit
572 1120 639 1140 eam
655 1112 697 1140 sic
711 1120 738 1140 t«
749 1112 907 1140 Prudentia
922 1114 975 1147 est,

197 1158 300 1187 divina
323 1166 386 1187 non
410 1159 497 1195 quasi
521 1159 551 1187 in
571 1159 714 1187 electione
737 1158 803 1187 aliis
824 1159 973 1195 praeferre,

197 1205 251 1233 sed
266 1205 351 1242 quasi
364 1206 439 1234 nihil
454 1205 536 1234 aliud
546 1206 582 1234 sit
596 1206 714 1241 intueri,
729 1206 814 1242 quod
827 1205 975 1242 perfecto-

197 1260 263 1280 rum
278 1255 330 1281 est.
344 1252 527 1289 Exemplaris
543 1255 643 1282 autem
657 1252 827 1290 prudentia,
841 1255 874 1280 ut
888 1254 930 1281 est
944 1253 975 1281 in

198 1300 276 1334 Deo,
294 1301 337 1328 est
354 1300 419 1337 ipsa
432 1308 516 1328 mens
535 1300 656 1334 divina,
676 1300 725 1328 vel
743 1300 851 1328 divinae
868 1300 976 1328 mentis

197 1346 314 1382 regula,
334 1355 395 1383 qua
416 1347 547 1383 disponit
566 1347 704 1375 universa
723 1347 754 1375 in
778 1347 870 1382 coelo,
894 1348 923 1375 et
944 1347 975 1375 in

197 1396 283 1423 terra.
300 1404 314 1422 1>
331 1396 395 1423 l-laec
416 1395 475 1423 ille.
493 1397 532 1423 Ex
547 1395 593 1423 his
609 1403 753 1432 apparere
768 1396 875 1431 potest,
891 1395 975 1432 quod

196 1441 311 1478 primus
326 1442 437 1477 gradus
451 1442 626 1478 prudentiae,
638 1444 670 1470 ut
680 1445 722 1470 est
734 1442 827 1470 virtus
841 1442 975 1478 politica,

196 1487 265 1516 facit
275 1488 429 1517 hominem
437 1489 467 1516 in
475 1489 615 1517 omnibus
622 1489 836 1517 rationabiliter
846 1490 974 1525 operari,

197 1537 226 1564 et
240 1543 309 1564 cum
329 1535 470 1564 omnibus
486 1536 608 1564 honeste
624 1536 802 1564 conversari.
825 1536 976 1564 Secundus

199 1581 310 1618 gradus
333 1582 518 1618 prudentiae,
544 1584 576 1611 ut
599 1585 640 1612 est
669 1583 762 1611 virtus
786 1584 975 1619 purgatoria,

197 1631 327 1657 mentem
337 1629 423 1657 altius
438 1630 532 1665 erigit,
544 1630 614 1666 quia
626 1630 699 1658 dum
709 1631 863 1658 mundana
878 1630 975 1666 despi-

198 1676 245 1711 cit,
261 1679 370 1705 ceterna
381 1677 442 1705 sive
457 1677 587 1705 coelestia
601 1676 762 1713 prudenter
776 1677 897 1713 appetit.
913 1679 977 1706 Ter-

198 1723 255 1751 tius
283 1723 394 1759 gradus
418 1724 600 1760 prudentiae,
623 1726 655 1752 ut
682 1726 725 1753 est
747 1724 840 1753 virtus
859 1725 976 1761 purgati

198 1770 307 1807 animi,
321 1771 453 1799 mentem
475 1771 592 1806 plenius
612 1772 744 1808 perficit,
765 1772 837 1800 dum
859 1780 926 1800 eam
945 1772 976 1800 in

196 1819 304 1846 oeterna
318 1818 391 1853 figit,
408 1817 479 1854 quia
494 1818 559 1846 sola
571 1820 679 1846 {eterna
689 1819 810 1855 appetit.
822 1819 977 1855 Exempla-

197 1864 237 1892 ris
251 1866 351 1892 autem
365 1864 534 1900 prudentia,
550 1873 615 1901 quae
634 1866 664 1893 in
677 1865 742 1893 solo
758 1867 817 1894 Deo
833 1868 885 1900 est,
899 1874 976 1901 prae-

198 1910 293 1938 dictos
314 1911 425 1946 gradus
439 1911 575 1946 inchoat,
599 1911 718 1940 deducit
733 1914 760 1940 et
775 1915 976 1947 consummat,

199 1958 270 1994 quia
281 1958 383 1986 ¹0mm's
396 1958 544 1994 prudentia
554 1958 592 1995 (a)
602 1967 672 1987 vera
686 1968 702 1987 α
717 1961 770 1987 Deo
785 1963 833 1993 cst,
847 1961 878 1987 ut
886 1961 974 1996 patet.

234 2005 381 2040 Secundo,
394 2005 561 2034 Macrobius
576 2005 738 2034 secundam
752 2006 891 2034 virtutem
911 2014 976 2034 car-

200 2052 342 2087 dinalem,
355 2052 464 2081 scilicet
474 2052 688 2088 fortitudinem,
700 2052 817 2088 diffinit,
832 2056 859 2081 et
871 2053 977 2089 primo,

200 2100 232 2127 ut
246 2101 288 2127 est
309 2099 400 2127 virtus
416 2099 554 2135 politica,
578 2099 680 2127 dicens
697 2108 704 2127 z
720 2100 897 2128 «Fortitudo
918 2102 977 2135 est,

201 2153 267 2182 quae
287 2146 378 2174 habet
401 2148 532 2174 mentem
553 2154 642 2182 super
661 2148 774 2174 metum
795 2147 926 2182 erigere,
951 2148 980 2174 et

200 2193 274 2221 nihil
294 2193 350 2220 nisi
371 2193 468 2230 turpia
482 2193 654 2222 formidare.
670 2203 685 2220 »
702 2193 858 2228 Secundo,
883 2195 915 2221 ut
936 2195 979 2221 est

200 2239 293 2267 virtus
307 2241 498 2276 purgatoria,
515 2240 622 2268 diffinit
636 2249 702 2268 eam
717 2241 758 2268 sic
773 2249 781 2268 t
799 2250 812 2267 ι(
827 2240 978 2269 Fortitudo

202 2288 244 2314 est
258 2287 389 2315 animam
401 2295 463 2315 non
472 2288 573 2315 terreri
585 2287 719 2324 corporis
733 2287 875 2322 cruciam,
889 2287 979 2315 ductu

201 2333 398 2370 philosophiae
411 2334 606 2370 praecedente.
630 2345 643 2361 ν)
659 2335 753 2363 Tertio
761 2356 770 2370 ,
785 2336 817 2362 ut
832 2336 874 2361 est
887 2334 980 2362 virtus

202 2380 321 2416 purgati
345 2380 453 2415 animi,
470 2383 512 2409 est
532 2381 686 2417 passiones
704 2389 767 2409 non
785 2383 899 2409 tantum
913 2381 979 2408 vin—

203 2433 280 2460 cere,
294 2427 348 2455 sed
362 2427 485 2456 omnino
499 2427 616 2464 penitus
630 2428 779 2464 ignorare.
796 2428 979 2464 Exemplaris

202 2472 355 2509 fortitudo,
366 2483 433 2511 quae
445 2475 475 2502 in
484 2476 542 2503 Deo
556 2476 609 2509 est,
618 2476 660 2503 est
674 2475 758 2511 quod
772 2483 888 2512 semper
899 2475 980 2503 idem

207 2521 259 2553 est,
273 2528 328 2549 nec
339 2529 474 2563 unquam
486 2522 626 2550 mutatur.
643 2523 685 2550 Ex
699 2522 744 2550 his
757 2525 858 2558 patere
872 2523 979 2558 potest,

206 2567 289 2602 quod
309 2567 423 2603 primus
439 2568 550 2605 gradus
572 2568 769 2605 fortitudinis,
785 2571 817 2598 ut
831 2571 874 2597 est
887 2569 980 2598 virtus

239 2666 244 2682 ¹
260 2666 351 2697 Eccli„
368 2673 385 2697 ι,
401 2670 423 2692 1.
439 2681 469 2687 —·
485 2669 494 2683 ²
505 2670 574 2700 Sap..
588 2675 644 2700 viu,
660 2672 683 2694 ¹.
700 2684 727 2689 -
742 2670 751 2685 ³
763 2670 838 2701 ibid„
854 2677 892 2702 11,
907 2673 947 2696 21.

1751 200 1809 229 477

1029 262 1162 299 politica,
1183 262 1340 292 hominem
1361 263 1431 292 facit
1449 271 1571 293 omnem
1594 263 1732 293 timorem
1753 272 1810 301 pro

1030 309 1153 338 utilitate
1176 309 1348 346 reipublicae
1368 311 1564 348 postponere,
1580 312 1609 339 et
1627 310 1726 348 turpia
1747 310 1809 339 for-

1029 356 1156 385 midare.
1180 356 1333 385 Secundus
1358 357 1469 393 gradus
1491 357 1688 393 fortitudinis,
1710 359 1743 386 ut
1769 359 1812 386 est

1029 403 1123 432 virtus
1137 403 1325 440 purgatoria,
1341 405 1471 432 mentem
1494 404 1589 440 magis
1603 404 1764 440 confortat,
1779 407 1812 434 ut

1029 450 1114 479 nulla
1135 458 1226 488 poena
1246 450 1421 487 temporalis
1443 458 1510 479 eam
1530 453 1660 480 terreat:
1678 452 1750 489 quia
1771 452 1811 481 ad

1030 497 1095 526 sola
1109 500 1218 526 aelcrna
1227 498 1340 526 sortiter
1355 497 1484 526 anhelat.
1499 498 1610 526 Tertius
1623 499 1734 535 gradus
1749 499 1810 528 for—

1031 544 1175 581 titudinis,
1188 546 1221 573 ut
1232 547 1275 574 est
1286 545 1379 573 virtus
1392 545 1510 582 purgati
1526 545 1627 580 animi,
1639 547 1767 574 mentem
1780 546 1810 575 in

1030 593 1146 621 oeternis
1166 592 1230 628 figit
1246 601 1253 620 ε
1270 592 1342 629 quia
1361 599 1428 620 cum
1449 591 1552 620 omnia
1570 593 1718 621 contraria
1732 593 1810 622 vice-

1029 640 1077 675 rit,
1090 647 1260 676 repugnare
1272 639 1396 668 omnino
1408 641 1436 667 et
1445 639 1629 668 confidenter
1639 641 1809 670 contemnit.

1030 686 1213 723 Exemplaris
1233 688 1333 715 autem
1351 686 1493 715 fortitudo
1507 708 1516 722 ,
1537 695 1603 724 quae
1621 687 1652 715 in
1671 688 1728 715 Deo
1749 689 1810 722 est,

1030 733 1187 770 praedictos
1202 734 1313 770 gradus
1327 734 1464 770 inchoat,
1482 734 1603 763 deducit
1621 736 1649 763 et
1672 742 1811 763 eonsum-

1031 782 1102 809 mat.
1126 782 1192 818 ipsa
1210 781 1291 809 enim
1305 782 1316 798 ²
1331 783 1446 816 attingit
1461 790 1478 809 a
1497 783 1549 816 fine
1568 789 1652 817 usque
1674 782 1710 809 acl
1732 783 1812 816 finem

1030 829 1153 864 fortiter,
1168 830 1289 856 suaviter
1303 829 1447 864 disponens
1460 830 1560 857 omnia.

1066 875 1178 909 Tertio,
1204 875 1369 904 Macrobius
1384 875 1522 904 virtutem
1546 875 1730 904 cardinalem
1753 878 1810 904 ter—

1033 922 1114 956 tiam,
1125 921 1234 950 scilicet
1249 922 1486 958 temperantiam,
1495 922 1645 950 diffiniens
1660 923 1770 959 primo,
1780 925 1812 951 ut

1031 970 1074 997 est
1087 968 1179 997 virtus
1193 969 1330 1006 politica,
1351 969 1422 998 dicit
1436 969 1477 997 sic
1498 979 1505 997 :
1526 970 1754 1006 «Temperantia
1771 973 1813 999 est
1826 983 1921 1010 Tempe-

1030 1016 1133 1051 virtus,
1147 1024 1214 1052 quse
1232 1016 1263 1044 in
1277 1016 1361 1044 nullo
1378 1016 1592 1045 moderationis
1606 1019 1716 1045 metam
1726 1025 1813 1046 exce·
1826 1014 1907 1036 ‘⁶⁰²¹‘-

1031 1062 1084 1091 dit.
1099 1073 1112 1090 n
1133 1063 1280 1098 Secundo,
1300 1065 1332 1091 ut
1346 1066 1388 1092 est
1401 1063 1493 1091 virtus
1508 1064 1690 1100 purgatoria,
1706 1064 1814 1093 diffinit

1031 1109 1073 1137 sic
1091 1119 1098 1138 :
1117 1120 1131 1137 a
1147 1111 1352 1147 Temperantia
1375 1112 1418 1139 est
1433 1111 1534 1139 omnia
1549 1111 1735 1147 relinquere,
1756 1112 1813 1140 nisi

1033 1159 1181 1193 quantum
1194 1159 1301 1186 natura
1315 1157 1449 1194 requirit.
1465 1167 1479 1183 n
1492 1158 1596 1193 Tertio,
1607 1159 1813 1195 temperantia,

1030 1205 1063 1232 ut
1077 1206 1119 1232 est
1133 1204 1227 1232 virtus
1242 1205 1359 1241 purgati
1374 1205 1476 1240 animi,
1494 1208 1536 1233 est
1550 1207 1681 1233 terrenas
1696 1205 1814 1242 cupidi-

1030 1252 1103 1279 tates
1116 1260 1178 1280 non
1192 1252 1371 1288 reprimere,
1391 1252 1444 1280 sed
1459 1252 1604 1280 oblivisci.
1631 1252 1814 1288 Exemplar-is

1031 1300 1132 1326 autem
1143 1299 1344 1334 temperantia,
1357 1299 1462 1334 quaein
1473 1301 1531 1327 Deo
1544 1301 1596 1333 est,
1607 1299 1648 1327 sic
1661 1301 1714 1333 est,
1729 1299 1814 1335 quod

1031 1345 1061 1372 in
1076 1354 1107 1373 se
1129 1347 1272 1382 perpetua
1286 1346 1448 1374 intentione
1472 1354 1617 1375 conversa
1640 1347 1691 1374 est.
1709 1348 1751 1374 Ex
1767 1346 1814 1374 his

1031 1395 1164 1429 apparet,
1181 1393 1265 1429 quod
1279 1393 1393 1429 primus
1408 1393 1519 1428 gradus
1540 1394 1756 1430 temperantiae,
1778 1395 1810 1421 ut

1031 1442 1074 1467 est
1085 1439 1177 1467 virtus
1192 1439 1324 1475 politica,
1339 1439 1494 1468 hominem
1508 1440 1546 1468 ab
1563 1448 1599 1468 ex
1615 1449 1698 1468 cessu
1714 1443 1742 1468 et
1764 1440 1813 1469 de-

1030 1485 1108 1514 fectu
1123 1487 1261 1521 custodit,
1277 1487 1351 1522 quia
1369 1486 1395 1515 ei
1409 1487 1543 1514 medium
1557 1487 1671 1515 virtutis
1685 1487 1716 1515 in
1731 1487 1814 1516 omni

1032 1533 1206 1569 operatione
1230 1533 1368 1561 ostendit.
1391 1533 1543 1562 Secundus
1568 1534 1679 1569 gradus
1700 1537 1814 1571 tempe-

1031 1580 1132 1608 rantiae
1140 1602 1149 1616 ,
1175 1582 1206 1608 ut
1230 1583 1272 1609 est
1297 1580 1390 1608 virtus
1411 1581 1601 1616 purgatoria,
1618 1583 1748 1610 mentem
1773 1581 1813 1610 ad

1032 1630 1142 1656 retorna
1154 1628 1283 1664 perfecte
1306 1628 1415 1664 dirigit,
1433 1628 1505 1665 quia
1520 1636 1641 1657 omnem
1655 1629 1812 1665 superflui-

1031 1677 1121 1704 tatem
1135 1684 1235 1704 rerum
1250 1677 1440 1712 gravantium
1452 1677 1574 1706 firmiter
1590 1677 1731 1706 excludit.
1747 1679 1813 1706 Ter—

1032 1723 1089 1751 tius
1115 1724 1226 1759 gradus
1241 1723 1459 1760 temperantiae,
1480 1726 1512 1751 ut
1526 1725 1569 1752 est
1582 1724 1675 1752 virtus
1695 1725 1814 1761 purgati

1033 1769 1136 1805 animi,
1158 1772 1289 1798 mentem
1312 1770 1426 1799 aeternis
1451 1771 1561 1806 infigit,
1581 1771 1652 1808 quia
1676 1772 1814 1809 concupi-

1032 1818 1175 1846 scentiam
1190 1818 1287 1846 omnis
1302 1818 1462 1846 inordinati
1479 1818 1719 1855 concupiscibilis
1733 1819 1814 1856 peni-

1033 1865 1078 1892 tus
1105 1865 1257 1901 extinguit.
1281 1866 1462 1902 Exemplaris
1484 1869 1583 1894 antem
1608 1867 1812 1903 temperantia,

1033 1919 1100 1947 quae
1116 1912 1147 1940 in
1162 1913 1221 1940 Deo
1244 1913 1296 1947 est,
1311 1912 1468 1948 prcedictos
1483 1913 1593 1948 gradus
1614 1914 1814 1950 temperantiae

1032 1958 1170 1993 inchoat,
1187 1959 1307 1987 deducit
1331 1961 1358 1987 et
1381 1960 1511 1995 perficit,
1537 1960 1608 1996 quia
1627 1961 1709 1989 omni
1730 1968 1813 1989 crea-

1033 2007 1104 2033 turae
1117 2007 1127 2023 ³
1142 2013 1313 2040 numerum,
1324 2007 1443 2042 pondus
1457 2009 1485 2034 ct
1499 2015 1668 2035 mensuram
1683 2007 1793 2035 tribuit.

1070 2053 1178 2086 Quarto
1191 2073 1200 2086 ,
1216 2053 1381 2081 Macrobius
1401 2053 1539 2082 virtutem
1561 2057 1697 2090 quartam
1718 2055 1812 2083 cardi·
1826 2063 1926 2087 ,Μαῖα

1033 2099 1150 2133 nalem,
1167 2098 1276 2127 scilicet
1290 2099 1445 2135 justitiam,
1461 2102 1493 2128 ut
1518 2102 1560 2128 est
1575 2102 1666 2129 virtus
1680 2102 1811 2138 politica,

1034 2146 1152 2180 diffinit,
1177 2146 1277 2174 dicens
1295 2156 1301 2174 ε
1321 2157 1334 2173 ι(
1356 2147 1469 2176 lustitia
1493 2149 1535 2176 est
1553 2148 1701 2177 mundum
1725 2149 1813 2178 istum

1034 2192 1196 2228 despicere,
1214 2195 1241 2221 ct
1257 2193 1329 2222 dare
1350 2194 1511 2230 unicuique
1527 2195 1611 2231 quod
1625 2203 1713 2224 suum
1728 2199 1780 2232 est,
1796 2208 1809 2223 ι)

1033 2240 1144 2268 scilicet
1158 2240 1215 2268 sibi
1230 2241 1306 2277 ipsi,
1322 2243 1349 2269 et
1362 2242 1517 2278 proximo,
1531 2245 1559 2270 et
1573 2244 1641 2271 Deo.
1659 2244 1811 2279 Secundo,

1031 2287 1153 2322 justitia,
1169 2290 1202 2316 ut
1219 2290 1261 2315 est
1276 2288 1367 2316 virtus
1389 2290 1578 2325 purgatoria,
1595 2291 1637 2318 est
1653 2291 1693 2318 ad
1710 2299 1812 2319 veram

1034 2334 1180 2370 propositi
1194 2335 1274 2362 viam
1289 2336 1464 2364 consentire.
1481 2337 1576 2365 Tertio
1589 2337 1712 2372 justitia,
1728 2340 1760 2365 nt
1772 2341 1814 2366 est

1034 2381 1124 2409 virtus
1134 2382 1250 2416 purgati
1264 2382 1367 2417 animi,
1383 2385 1425 2411 est
1439 2391 1506 2410 cum
1522 2383 1624 2411 divina
1638 2387 1736 2412 mente
1750 2393 1814 2420 per-

1034 2429 1124 2463 petuo
1140 2428 1250 2456 foedere
1265 2429 1382 2457 sociari.
1406 2430 1589 2466 Exemplaris
1600 2431 1722 2465 justitia,
1736 2429 1812 2459 ut‘in

1039 2475 1098 2502 Deo
1114 2477 1172 2510 est,
1194 2477 1237 2502 est
1259 2476 1344 2511 quod
1357 2476 1481 2512 perenni
1500 2476 1566 2512 lege
1586 2485 1603 2504 a
1621 2485 1750 2513 superna
1768 2478 1813 2505 sui

1035 2521 1134 2557 operis
1154 2522 1374 2551 continuatione
1393 2531 1456 2551 non
1474 2523 1609 2552 flectitur.
1629 2534 1644 2551 n
1665 2525 1727 2551 Haec
1751 2524 1811 2553 ille.

1035 2568 1076 2596 Ex
1096 2568 1142 2596 his
1159 2570 1254 2605 patet,
1270 2569 1354 2605 quod
1375 2570 1490 2605 primus
1511 2570 1622 2605 gradus
1634 2570 1766 2606 justitiae,
1781 2574 1814 2600 ut

1068 2671 1100 2700 (a)
1116 2670 1190 2701 Vulg.
1205 2670 1338 2701 sapientia.
