2004 3037
55 1331 140 1353 Miseri-

52 1365 126 1385 cordia

41 1397 131 1417 coeteras

41 1428 132 1449 virtutes

34 1462 122 1486 superat
133 1475 139 1487 ‚

33 1492 54 1512 et
66 1493 141 1518 111·ωοί-

33 1528 75 1548 pue
95 1525 140 1545 tres

33 1554 140 1576 excellen-

33 1584 73 1604 tes.

519 260 569 292 DE
591 258 928 293 BEATITUDINJBUS
952 259 1224 295 EVANGELICJS.
1251 264 1336 297 CAP.
1362 266 1412 298 IV.

155 335 223 356 mus
237 329 394 363 mercator,
409 328 518 357 scilicet
532 328 679 357 Christus¹
696 337 703 356 :
721 328 797 357 Vade
811 330 837 356 et
851 328 934 356 vende

155 377 246 403 omnia
258 384 317 411 quae
326 376 458 411 possides,
470 377 496 404 et
506 376 542 403 da
553 376 729 411 pauperibus.
741 376 835 404 Homo
847 375 936 404 etiam

155 422 333 458 misericors,
351 423 390 451 ad
404 423 530 451 modum
543 422 614 451 boni
629 425 657 450 et
671 422 807 450 industrii
822 430 936 451 merca-

156 469 237 505 toris,
255 470 378 498 innovat
392 471 420 498 et
436 471 561 498 renovat
578 471 691 498 veteres
706 478 819 498 merces
835 470 866 497 in
880 478 935 498 no-

155 524 218 553 1105,
236 518 265 545 et
277 517 348 546 viles
362 517 392 545 in
408 517 562 553 pretiosas,
579 519 607 545 et
623 517 758 553 quodam
772 517 865 546 modo
881 517 936 545 cir-

157 564 306 592 cumvenit
323 565 414 592 Deum
435 563 465 592 in
484 572 538 592 sua
558 564 767 600 negotiatione,
790 564 861 601 quia
878 573 934 601 pro

156 611 247 640 calice
261 619 345 648 aquae
358 610 473 647 frigidae
486 611 590 648 recipit
601 613 760 640 torrentem
773 612 935 649 voluptatis

155 661 280 687 oelernae.
294 658 374 686 Unde
387 658 458 686 dicit
469 659 647 694 Augustinus
659 668 666 688 τ
681 669 694 685 (1
705 659 804 687 Praebe
813 660 934 695 tectum,

155 708 184 734 et
203 705 302 742 accipe
324 706 443 734 coelum.
459 717 473 733 »
495 708 528 734 Et
549 706 617 735 ideo
637 706 744 735 dicitur
766 707 798 734 in
822 707 932 736 Osea²z

155 753 339 781 circumdedit
357 762 396 781 me
414 755 444 781 in
467 755 649 789 negotiatione
667 754 702 790 (a)
721 762 770 782 sua
789 755 932 790 Ephraim.

153 801 262 836 Tertio,
283 801 486 830 misericordia
510 802 698 830 abundanter
717 804 932 830 remuneratur.

153 848 234 876 Unde
249 852 329 883 nota,
346 849 429 885 quod
444 849 510 877 duae
524 850 646 877 virtutes
661 850 750 877 valde
766 849 894 886 copiosae.
908 851 936 878 et

153 896 249 932 plenae
263 896 386 924 veniunt
400 897 439 924 ad
455 896 611 932 judicium,
627 899 748 934 propter
763 897 847 933 quod
860 897 935 925 reci-

153 943 239 980 piunt
253 943 394 971 salarium
406 943 493 971 valde
507 944 673 980 copiosum,
687 944 797 972 scilicet
810 944 936 972 charitas

154 991 182 1018 et
195 990 407 1018 misericordia.
425 990 556 1018 Charitas
571 991 651 1018 enim
663 991 760 1019 aliena
772 991 853 1019 hona
867 991 936 1020 facit

153 1044 217 1071 sua,
229 1037 314 1072 juxta
328 1037 404 1065 illud
417 1037 524 1065 Psalmi
539 1038 549 1054 ³
563 1046 570 1065 :
587 1039 729 1073 Particeps
745 1047 790 1073 eqo
805 1047 864 1066 sum
881 1047 935 1066 om-

152 1085 228 1111 nium
243 1085 396 1111 timentium
417 1086 451 1117 te,
469 1086 522 1112 etc.
539 1084 737 1113 Misericordia
750 1084 819 1113 facit
838 1085 936 1114 aliena

152 1130 233 1158 mala
248 1138 311 1165 sua,
326 1132 410 1167 Juxta
425 1131 502 1160 iilud
515 1133 525 1150 ⁶
543 1142 549 1160 :
565 1133 641 1160 Sicut
659 1135 727 1161 socii
747 1136 811 1161 estis
826 1135 934 1169 passio—

152 1187 227 1214 num,
241 1181 283 1207 ita
297 1182 322 1207 et
336 1181 557 1208 consolationum.
573 1182 637 1209 Haec
652 1183 695 1209 est
708 1182 787 1209 enim
802 1182 851 1210 lex
862 1181 935 1210 fide-

153 1226 228 1254 lium
249 1228 458 1262 mercatorum,
481 1227 604 1263 scilicet,
628 1228 702 1257 sicut
723 1231 791 1257 sunt
810 1228 882 1257 socii
904 1229 935 1257 in

154 1273 277 1308 damno,
290 1273 330 1302 ita
345 1275 411 1302 sunt
424 1274 495 1302 socii
508 1275 538 1302 in
553 1275 646 1303 lucro.

190 1322 258 1349 item
276 1322 361 1356 nota,
378 1321 461 1357 quod
480 1322 684 1351 misericordia
699 1325 741 1351 est
761 1323 853 1351 virtus
869 1331 935 1359 quae

155 1369 274 1396 cunctas
289 1370 418 1405 superat,
433 1369 542 1396 modus
559 1369 593 1406 (h)
609 1370 661 1406 qui
675 1378 760 1398 reum
774 1370 892 1404 liberat,
908 1373 936 1398 et

154 1415 244 1444 clavis
259 1423 325 1451 quae
340 1415 448 1443 coelum
463 1419 582 1444 reserat.
605 1417 703 1445 Primo
718 1417 807 1452 igitur
821 1418 934 1445 miseri-

154 1462 257 1491 cordia
285 1464 327 1490 est
363 1462 455 1490 virtus
487 1463 563 1490 inter
592 1466 710 1492 caetcras
741 1464 862 1492 virtutes
886 1473 936 1492 su-

153 1518 276 1546 perans3
312 1510 340 1537 et
375 1510 540 1545 specialiter
572 1510 686 1538 excedit
721 1512 779 1538 tres
813 1512 934 1540 virtutes

154 1557 230 1585 inter
253 1557 326 1585 alias
357 1557 546 1591 excellentes,
578 1557 690 1586 scilicet
712 1558 932 1594 poenitentiam,

154 1605 225 1640 quia
249 1604 420 1640 poenitentia
439 1604 574 1632 immolat
592 1613 715 1641 corpus,
730 1605 935 1635 misericordia

153 1659 225 1679 vero
255 1651 396 1679 animam.
422 1651 491 1679 ideo
522 1651 591 1679 dicit
618 1652 776 1688 Apostolus
798 1653 807 1669 ⁵
830 1663 838 1680 :
866 1654 933 1681 Cor-

151 1700 258 1734 poralis
282 1700 458 1733 exercitatio,
483 1698 514 1726 id
541 1700 583 1726 est
603 1699 791 1735 poenitentia,
817 1700 853 1727 ad
878 1709 934 1728 mo-

154 1746 244 1773 dicum
268 1745 300 1781 (c)
324 1746 403 1773 utilis
429 1748 484 1780 est,
510 1746 620 1773 scilicet
642 1746 815 1782 respective.
843 1748 934 1775 Pietas

154 1795 241 1820 autem
256 1793 291 1820 acl
312 1794 402 1820 omnia
415 1794 502 1827 valet,
516 1794 723 1828 promissionem
742 1794 840 1821 habens
853 1796 931 1827 vitm,

153 1848 212 1875 quoe
239 1848 308 1867 nunc
334 1842 389 1872 est,
417 1843 442 1867 ct
466 1841 576 1874 futurae.
606 1840 806 1868 Misericordia
834 1842 933 1869 autem

154 1890 273 1923 superat
286 1888 456 1915 charitatem
468 1888 499 1915 in
513 1897 549 1916 eo
560 1910 568 1923 ,
586 1888 670 1925 quod
685 1889 810 1916 charitas
826 1891 867 1917 est
880 1889 934 1917 ssu-

153 1934 220 1961 vius
238 1934 346 1962 divinae
360 1935 476 1970 pietatis
486 1956 496 1969 ,
512 1938 539 1963 et
561 1935 650 1963 currit
672 1944 740 1963 cum
755 1935 847 1963 alveis
862 1937 932 1972 suis,

154 1982 181 2008 et
195 1988 256 2008 non
272 1981 330 2009 exit
343 1983 425 2008 extra
433 1981 523 2017 ripas,
540 1982 612 2017 quia
623 1982 721 2010 solum
735 1983 850 2010 bonum
866 1983 933 2010 dili-

154 2027 209 2062 git,
231 2029 260 2055 et
273 2036 327 2056 sua
342 2028 558 2063 communicat3
576 2029 669 2064 pietas
684 2037 755 2056 vero
777 2031 805 2056 et
819 2029 932 2056 miseri-

154 2074 257 2102 cordia
278 2077 359 2102 extra
385 2074 465 2110 ripas
491 2075 632 2109 inundat,
659 2078 686 2103 et
712 2083 765 2102 sua
791 2076 878 2103 bonis
907 2078 934 2103 et

153 2122 238 2149 malis
253 2122 463 2156 communicat,
479 2124 506 2150 et
517 2123 585 2150 ideo
594 2130 655 2150 non
666 2122 763 2150 solum
774 2122 933 2158 110111111ιό-

151 2169 315 2204 ximorum,
333 2169 386 2197 sed
401 2169 489 2197 etiam
504 2169 583 2197 mala
607 2169 800 2197 libentissime
815 2171 932 2205 portat,

149 2215 233 2250 juxta
253 2217 425 2253 Apostolum
441 2217 451 2234 ⁶
468 2226 474 2244 :
498 2217 563 2250 Quis
586 2219 755 2252 infirmatur,
779 2219 803 2244 et
822 2225 867 2251 eqo
882 2225 933 2245 non

151 2265 298 2298 infirmor?
322 2265 388 2298 Quis
412 2265 635 2299 scandalizatur,
657 2267 680 2292 et
704 2273 748 2300 eqo
770 2273 822 2292 non
846 2268 933 2292 uror?

151 2311 350 2339 Misericordia
373 2311 567 2339 nihilominus
591 2314 711 2348 superat
729 2312 887 2347 justitiam;
906 2314 933 2339 ct

152 2356 183 2384 in
197 2358 315 2393 signum
329 2358 418 2394 hujus
434 2359 471 2386 de
493 2359 574 2386 curia
586 2359 718 2394 justitiae,
735 2359 759 2386 si
775 2361 816 2386 est
831 2367 849 2386 a
863 2367 932 2394 pec-

153 2407 251 2434 catore
274 2409 429 2443 suspecta,
449 2407 517 2434 licet
531 2407 570 2434 ad
591 2407 798 2434 consistorium
820 2406 932 2433 miseri-

153 2452 261 2481 cordiee
275 2453 437 2489 appellare.
457 2456 529 2482 Nam
545 2454 615 2482 dicit
628 2454 755 2482 Jacobus
770 2455 780 2470 ⁷
800 2463 806 2481 2
822 2455 931 2481 Miseri-

153 2499 247 2526 cordia
267 2502 450 2535 superexaltat
468 2501 614 2536 judicium.
640 2503 673 2529 Et
698 2501 734 2529 de
755 2501 811 2529 hac
837 2500 932 2528 excel-

153 2544 242 2573 lentia
256 2546 466 2576 misericordiae
482 2550 617 2585 respectu
632 2548 759 2576 aliarum
780 2547 930 2582 virtutum,

187 2632 192 2645 ¹
208 2631 309 2661 Maitl1.‚
323 2638 378 2663 x1x,
391 2635 430 2658 ⁵21.
445 2647 470 2651 -
487 2635 497 2651 2
510 2635 680 2664 Ose.‚x1,12.
696 2648 722 2651 —
735 2635 743 2649 ³
756 2634 930 2663 Psal.cxv111,

154 2668 192 2692 63.
212 2681 239 2684 —
259 2668 269 2684 δ
284 2668 302 2692 ΙΙ
320 2668 388 2698 Corn,
404 2675 422 2699 1,
437 2670 461 2693 7.
478 2683 504 2687 —-
523 2671 554 2694 51
575 2670 699 2700 Tim.,1v‚
714 2671 737 2694 S.
753 2683 783 2689 --
800 2671 809 2684 ⁶
824 2670 843 2693 ll
862 2669 930 2698 Cor„

154 2709 196 2733 xl,
221 2705 259 2728 29.
284 2716 311 2721 -
332 2704 339 2718 ⁷
360 2705 423 2734 Jac„
447 2711 480 2735 11,
507 2706 545 2729 13.
568 2719 599 2724 —
622 2707 630 2720 ¹⁵
655 2705 721 2729 Psal.
749 2711 835 2735 cxmv,
857 2707 879 2728 9.
901 2718 931 2722 —

157 2738 167 2754 ¹³
179 2739 280 2769 Mutila„
299 2745 323 2769 v,
339 2740 362 2763 7.
376 2753 407 2757 —
423 2741 440 2754 ¹⁰
455 2740 529 2771 thid„
546 2747 588 2772 VI,
606 2742 642 2765 14.
658 2754 688 2760 -
707 2743 722 2758 ¹¹
744 2742 811 2772 Luc„
833 2747 874 2770 VI,
891 2741 930 2764 37.

296 2793 372 2815 TOM.
392 2793 462 2816 vul.

1712 273 1766 304 3211

992 329 1099 358 dicitur
1112 330 1143 359 in
1152 331 1269 361 Psalmo
1280 333 1290 350 ⁸
1301 342 1309 362 z
1323 334 1509 364 Miserationes
1520 336 1575 371 ejus
1586 345 1667 374 super
1680 341 1773 368 omnia

992 384 1074 412 opera
1099 379 1164 413 ejus.
1191 380 1348 416 Secundo,
1371 380 1575 412 misericordia
1599 387 1642 413 est
1662 386 1772 415 modus

991 423 1186 453 absolutionis
1206 427 1351 463 optimus,
1367 428 1498 457 liberans
1515 438 1615 467 reum,
1638 434 1666 461 et
1680 435 1772 462 Deum

992 471 1141 507 obligans.
1164 475 1256 502 Reum
1276 474 1376 511 itaque
1401 475 1508 505 liberat
1533 485 1551 506 a
1578 479 1697 516 delicto,
1723 481 1772 509 vel

992 518 1093 547 debito
1122 520 1226 549 decem
1252 521 1380 550 millium
1408 523 1599 554 talentorum.
1629 528 1661 555 Et
1684 530 1771 564 nota,

991 566 1075 601 quod
1089 566 1182 595 homo
1197 568 1365 597 misericors
1387 570 1424 598 de
1445 571 1618 601 remissione
1639 577 1773 610 peccato-

990 620 1058 641 rum
1074 621 1198 642 suorum
1212 615 1302 644 habet
1325 617 1515 653 spiritualiter
1529 619 1585 648 tria
1598 621 1682 656 paria
1700 621 1774 650 litte-

990 667 1109 694 rarum,
1124 660 1156 688 id
1178 664 1220 689 est
1239 662 1295 691 tria
1317 663 1484 693 testimonia
1504 667 1690 704 evangelica,
1707 677 1774 705 quae

990 705 1106 734 homini
1120 708 1168 743 pie
1180 708 1485 747 denuntiantpeccata
1498 713 1631 742 remissa.
1644 715 1774 744 Primum

991 755 1033 781 cst
1048 753 1078 781 in
1090 755 1219 783 Matthoeo
1232 757 1241 773 ⁹
1255 767 1263 783 :
1277 758 1354 785 Beati
1363 761 1561 793 misericordes,
1578 764 1704 797 quoniam
1718 765 1775 800 ipsi

990 802 1204 830 misericordiam
1219 808 1416 840 consequentur.
1439 807 1609 836 Secundum
1624 811 1666 837 est
1681 809 1711 837 in
1727 818 1775 838 eo-

992 847 1060 875 dem
1071 849 1200 878 Matthoeo
1215 850 1235 867 ¹⁰
1253 852 1307 879 :Si
1321 853 1481 882 dimiseritis
1497 855 1648 884 hominibus
1666 860 1775 892 peccata

991 904 1089 928 eorum,
1107 900 1130 924 et
1147 898 1228 926 Pater
1241 902 1325 928 vester
1340 902 1451 930 coelestis'
1458 905 1569 938 peccata
1579 907 1668 932 vestra
1681 906 1775 934 dimit-

992 944 1037 970 tet.
1054 944 1181 973 Tertium
1197 948 1238 974 est
1256 946 1287 974 in
1306 948 1381 976 Luca
1397 950 1417 966 ¹¹
1435 958 1442 976 :
1459 951 1602 985 Dimittite,
1621 954 1644 979 et
1658 952 1776 981 dimitte-

991 991 1069 1018 mini.
1088 992 1119 1018 Et
1133 999 1195 1019 non
1209 993 1308 1021 solum
1322 995 1529 1025 misericordia
1544 1006 1561 1025 a
1577 998 1684 1027 delicto
1703 999 1775 1029 libe-

990 1039 1045 1070 rat,
1062 1045 1168 1066 verum
1183 1039 1269 1067 etiam
1283 1041 1322 1068 ad
1332 1043 1502 1071 sanandum
1514 1044 1668 1073 hominem
1683 1048 1775 1076 Deum

992 1083 1114 1119 obligat.
1131 1087 1204 1114 Nam
1219 1087 1327 1116 dicitur
1344 1088 1376 1116 in
1389 1090 1543 1119 Proverbiis
1561 1092 1582 1109 ¹²
1597 1103 1604 1119 .·
1621 1094 1776 1122 Foeneratur

993 1132 1118 1164 Domino,
1143 1135 1191 1168 qui
1207 1136 1349 1164 miseretur
1366 1140 1502 1173 promimo.
1527 1141 1640 1175 Tertio,
1663 1142 1775 1170 miseri-

992 1178 1094 1206 cordia
1108 1181 1150 1207 est
1169 1181 1258 1210 clavis
1274 1183 1383 1211 coelum
1397 1193 1541 1214 reserans.
1559 1188 1640 1216 Unde
1655 1188 1686 1216 in
1700 1189 1776 1224 figu-

991 1232 1024 1253 ra
1050 1226 1138 1262 hujus
1165 1228 1290 1265 dicitur,
1320 1232 1404 1266 quod
1432 1233 1562 1262 Christus
1591 1236 1724 1264 ascendit
1744 1237 1776 1265 in

991 1272 1099 1301 coelum
1125 1274 1162 1302 de
1186 1279 1287 1304 monte
1310 1278 1430 1314 Oliveti,
1456 1288 1516 1316 quo
1542 1281 1687 1317 figuratur
1706 1284 1775 1312 emi-

990 1320 1091 1348 nentia
1112 1322 1331 1352 misericordife.
1356 1325 1484 1354 Christus
1495 1349 1504 1362 ,
1520 1329 1572 1364 qui
1592 1329 1699 1358 dicitur
1714 1339 1776 1359 unc-

991 1369 1043 1402 tio,
1061 1370 1102 1396 est
1120 1369 1212 1398 homo
1233 1371 1420 1408 misericors,
1437 1376 1542 1402 unctus
1562 1377 1701 1406 unctione
1715 1379 1776 1414 pie-

991 1414 1055 1442 tatis
1072 1425 1078 1443 z
1093 1416 1158 1444 talis
1176 1419 1309 1446 ascendit
1322 1419 1354 1447 in
1369 1421 1477 1449 coelum
1487 1444 1496 1457 ,
1510 1423 1581 1459 quia
1595 1423 1710 1452 homini
1723 1426 1774 1461 pio

990 1465 1137 1490 reseratur
1157 1464 1226 1492 aula
1246 1466 1371 1494 coelestis
1394 1468 1505 1503 gloriae.
1530 1471 1562 1497 Et
1584 1473 1673 1506 nota,
1691 1473 1774 1508 quod

991 1508 1052 1536 duo
1068 1510 1142 1537 ostia
1154 1510 1223 1539 facit
1237 1512 1330 1548 pietas
1345 1514 1375 1541 in
1391 1515 1466 1543 coelo
1476 1537 1484 1550 ,
1500 1524 1569 1544 cum
1582 1517 1674 1546 homo
1690 1519 1775 1548 misc-

990 1555 1082 1584 ricors
1094 1557 1173 1585 intus
1189 1560 1387 1595 compatitur,
1407 1564 1434 1589 et
1455 1563 1594 1598 proximo
1610 1567 1692 1593 extra
1706 1567 1774 1595 sub-

990 1603 1088 1631 venit:
1106 1604 1189 1640 quod
1204 1606 1315 1641 optime
1333 1607 1478 1642 figuratur
1497 1610 1527 1637 in
1548 1611 1632 1639 tertio
1653 1614 1771 1649 Regum,

990 1649 1042 1677 ubi
1058 1651 1164 1679 dicitur
1179 1652 1215 1687 ¹³,
1232 1653 1316 1688 quod
1337 1654 1478 1684 Salomon
1501 1657 1568 1686 fecit
1586 1659 1617 1686 in
1638 1659 1773 1696 ingressu

990 1698 1103 1725 oraculi
1119 1698 1180 1726 duo
1196 1700 1302 1728 ostiola
1317 1701 1354 1729 de
1371 1702 1469 1737 olivis,
1486 1712 1552 1740 quae
1567 1706 1689 1742 quidem
1705 1712 1773 1738 sunt

990 1743 1102 1780 duplex
1117 1746 1336 1783 misericordia,
1353 1750 1464 1778 scilicet
1479 1753 1653 1789 corporalis,
1672 1757 1699 1783 et
1711 1757 1770 1792 spi-

988 1791 1101 1819 ritualis
1119 1802 1125 1820 :
1151 1795 1327 1830 corporalis,
1352 1796 1576 1835 suhveniendo;
1595 1801 1770 1837 spiritualis,

989 1840 1209 1875 compatiendo.
1448 1850 1450 1854 ’

1025 1887 1160 1915 Secundo
1176 1889 1315 1917 notandae
1333 1893 1400 1918 sunt
1419 1892 1640 1930 meditationeS‚
1658 1897 1688 1924 in
1703 1897 1769 1933 qui-

989 1934 1045 1961 hus
1060 1934 1218 1969 adjuvatur
1229 1937 1440 1970 misericordia,
1456 1941 1483 1966 et
1498 1940 1589 1968 homo
1602 1942 1769 1973 misericors

989 1981 1027 2007 ad
1041 1981 1245 2009 miserandum
1261 1986 1406 2012 movetur.
1424 1986 1504 2013 Unde
1518 1990 1599 2022 nota,
1616 1990 1699 2024 quod
1715 1992 1769 2019 tria

988 2029 1065 2061 sunt,
1081 2036 1148 2063 quae
1163 2032 1285 2056 movent
1299 2030 1454 2059 hominem
1467 2033 1505 2060 ad
1520 2034 1765 2066 misericordiam.

988 2074 1118 2102 Primum
1134 2077 1176 2102 est
1191 2076 1334 2103 naturalis
1349 2078 1558 2107 conformitas:
1571 2089 1674 2110 01111105
1689 2084 1768 2112 enim

988 2128 1082 2148 unum
1102 2121 1248 2149 habemus
1268 2123 1467 2160 principium,
1489 2129 1516 2154 et
1539 2136 1575 2155 ex
1598 2137 1659 2157 uno
1684 2132 1767 2166 patre

988 2176 1090 2195 sumus
1115 2169 1222 2204 geniti,
1250 2172 1277 2198 et
1304 2179 1409 2199 omnes
1434 2181 1536 2202 sumus
1558 2175 1611 2204 filii
1636 2178 1685 2205 Dei
1704 2188 1710 2206 :
1741 2182 1769 2207 et

988 2215 1056 2242 ideo
1077 2215 1221 2243 debemus
1244 2217 1371 2245 invicem
1393 2221 1538 2256 compati,
1554 2223 1629 2251 sicut
1652 2225 1675 2252 si
1695 2233 1768 2254 esse-

988 2270 1054 2288 mus
1062 2261 1164 2290 fratres
1174 2265 1317 2298 germani.
1336 2266 1416 2294 Unde
1431 2267 1538 2296 dicitur
1550 2269 1580 2297 in
1591 2271 1720 2300 Matthaeo
1732 2274 1764 2299 ¹³:

990 2310 1084 2338 Omnes
1106 2313 1175 2338 enim
1194 2320 1240 2339 vos
1262 2314 1363 2346 fratres
1378 2317 1450 2343 estis.
1473 2317 1506 2343 Et
1526 2317 1594 2345 ideo
1615 2318 1720 2347 dicitur
1736 2321 1767 2348 in

987 2358 1063 2384 Isaia
1077 2358 1097 2375 ¹⁵
1110 2367 1116 2385 :
1131 2359 1197 2386 Cum
1210 2359 1310 2387 videris
1326 2361 1438 2396 nudum,
1452 2365 1527 2397 operi
1541 2372 1608 2396 eum,
1622 2368 1645 2392 et
1661 2374 1766 2394 carnem

988 2408 1061 2432 tuam
1075 2414 1107 2433 ne
1121 2407 1288 2442 despeaeei'is.
1313 2409 1483 2437 Secundum
1499 2412 1643 2440 motivum
1657 2413 1780 2442 miseri-·

988 2452 1096 2480 cordiae
1119 2456 1161 2480 cst
1182 2454 1303 2489 propria
1330 2455 1494 2490 indigentia
1519 2458 1565 2486 vel
1594 2460 1767 2493 necessitas,

987 2498 1059 2534 quia
1068 2499 1159 2527 homo
1176 2501 1227 2536 qui
1239 2501 1315 2528 benc
1332 2503 1498 2532 considerat
1513 2506 1666 2541 propriam
1682 2507 1768 2534 mise-

986 2545 1072 2581 riam,
1088 2546 1203 2581 facilius
1220 2550 1248 2575 et
1262 2547 1401 2577 libentius
1414 2550 1525 2580 relevat
1539 2552 1678 2581 alienam.
1695 2556 1767 2582 Nam

987 2633 1017 2638 ·—-
1032 2621 1050 2636 ¹²
1061 2621 1143 2651 Pron„
1158 2624 1269 2651 X1x‚17.
1281 2623 1469 2656 -13111Rey.,
1484 2632 1518 2656 VI,
1533 2628 1572 2651 31.
1586 2640 1615 2646 —-
1633 2628 1651 2644 ’Β
1665 2629 1767 2660 Marta,

987 2662 1062 2687 xxm,
1080 2658 1102 2681 8.
1117 2670 1146 2675 —-
1164 2658 1183 2674 ¹⁵
1198 2659 1257 2688 Isa„
1274 2664 1348 2687 nvin,
1364 2660 1386 2683 7.

1020 2704 1052 2734 (a)
1067 2704 1141 2735 Vulg.
1155 2705 1286 2736 neyatione
1300 2706 1369 2735 Vid.,
1383 2706 1419 2731 lit.
1431 2713 1460 2737 li,
1476 2716 1499 2733 0.
1509 2710 1530 2738 a,
1541 2716 1599 2741 pag.
1613 2712 1668 2742 272,
1679 2714 1732 2736 not.
1744 2715 1767 2736 3.

988 2753 1013 2757 -
1029 2739 1163 2771 (b)Sup11l.
1179 2741 1355 2766 absolutionis.
1372 2756 1402 2760 -
1422 2744 1450 2773 (c)
1468 2744 1530 2769 Caet.
1550 2746 1609 2770 edit.
1626 2747 1766 2771 admodum.

1588 2794 1623 2823 21

1800 1909 1892 1930 Medita-

1798 1941 1878 1967 tiones,

1798 1972 1879 1998 quibus

1784 2003 1812 2023 ad
1826 2004 1891 2024 mise-

1802 2035 1870 2055 ricor-

1806 2066 1865 2087 diam

1797 2104 1873 2118 move-

1796 2135 1853 2149 mur.
