2004 3037
521 343 571 376 DE
594 342 754 383 QUARTO
778 340 948 377 lTINERE.
973 340 1072 374 DlST.
1097 341 1133 375 V.
1157 342 1247 374 Ass'r.
1272 343 1310 374 ΙΙ.

141 414 212 443 Item
240 414 283 442 est
310 411 385 441 alius
406 411 536 448 languor
561 413 696 448 respectu
718 411 885 440 tribulatio-

104 468 198 489 num:
220 459 310 488 habet
333 459 414 488 enim
437 466 522 487 amor
544 458 649 495 plagas
672 466 756 494 suas,
781 466 886 487 secun-

108 507 181 535 dum
196 506 403 543 Augustinum,
419 513 485 542 quae
502 505 687 542 quandoque
703 506 886 535 amarissime

105 554 289 590 infliguntur.
304 555 343 582 De
355 553 400 581 his
414 552 509 581 tribus
529 553 600 581 dicit
617 553 776 589 Origenes:
796 563 810 580 «
825 555 846 582 Ο
862 553 887 581 si

107 601 148 630 sic
162 601 334 637 languescat
355 608 458 628 servus
472 599 576 628 Christi
593 600 625 628 in
644 608 697 636 spe
718 602 832 629 aeternae
846 600 888 628 vi-

108 647 214 681 sionis,
238 649 271 676 ut
293 655 362 676 caro
382 654 484 683 pressa
501 655 563 675 non
584 647 732 683 lasciviat,
756 647 888 676 mundus

108 695 199 724 fallax
224 703 286 723 non
308 694 458 729 involvat,
484 694 636 723 tribulatio
659 695 739 723 utilis
762 703 832 723 eum
851 695 887 731 (a)

109 741 270 777 custodiat,
285 749 353 770 cum
374 749 434 777 quo
449 741 509 769 suis
529 741 561 769 in
583 741 827 770 tribulationibus
847 742 890 770 est

109 789 170 825 ipse
186 790 271 821 Deus,
290 789 324 816 ut
336 787 408 816 dicit
423 787 573 817 Psalmista
587 788 596 804 ¹
609 798 615 816 :
632 789 695 817 Cum
709 790 770 824 ipso
786 797 845 816 sum
859 790 890 816 in

109 835 301 869 tribulatione,
316 837 370 863 etc.
387 845 400 860 »
418 837 450 863 Et
471 834 636 863 Richardus
655 835 837 864 concludens
859 835 890 863 in

109 881 167 909 fine
182 881 270 910 dicit:
291 891 304 907 «
318 881 396 910 Sicut
415 881 530 918 primus
546 882 656 918 gradus
670 882 811 910 affectum
825 890 891 910 sau-

109 928 182 963 ciat,
206 928 247 956 sic
271 929 419 957 secundus
440 928 604 957 sauciatum
622 929 710 965 ligat,
731 930 772 958 sic
791 929 891 958 tertius

110 974 258 1003 actionem
278 975 425 1012 implicat,
446 977 477 1004 ut
497 976 614 1004 animus
636 976 713 1005 circa
728 976 829 1013 aliqua
844 984 892 1005 oc-

110 1022 214 1058 cupari
233 1030 296 1050 non
314 1023 421 1059 possit,
437 1023 494 1050 nisi
516 1031 576 1059 quo
594 1031 660 1051 eam
675 1023 835 1052 voluntatis
851 1023 893 1052 di-

111 1069 186 1097 vinae
198 1070 285 1097 nutus
297 1069 385 1097 trahit
395 1069 444 1097 vel
454 1069 590 1105 impellit.
600 1071 633 1098 Et
642 1070 683 1098 sic
699 1071 750 1107 qui
761 1071 801 1098 ad
812 1071 892 1099 hunc

111 1116 228 1144 tertium
252 1115 380 1151 gradum
402 1116 512 1144 amoris
535 1116 742 1152 profecerunt,
766 1118 808 1145 nil
828 1118 892 1153 Jam

109 1162 231 1199 propria
245 1162 398 1191 voluntate
420 1164 526 1198 agunt,
542 1163 617 1191 nihil
632 1164 755 1192 omnino
775 1172 829 1192 suo
845 1172 891 1192 ar-

108 1209 198 1237 bitrio
213 1209 397 1246 relinquunt,
409 1210 462 1237 sed
477 1210 584 1238 divinae
599 1210 813 1247 dispensationi
829 1219 892 1239 om-

108 1256 158 1284 nia
173 1256 368 1285 committunt.
384 1266 398 1283 »
416 1258 479 1284 Haec
494 1257 554 1285 ille.
568 1257 625 1285 Sed
639 1257 687 1285 hic
707 1260 790 1286 caute
806 1257 892 1286 intel-

108 1303 202 1338 ligas,
221 1305 253 1331 ut
267 1311 329 1332 non
344 1304 587 1340 cooperationem
608 1305 737 1333 totaliter
752 1305 892 1333 excludas

109 1351 349 1379 creaturoe.Unde
358 1351 523 1379 Richardus
534 1351 646 1379 ibidem
662 1352 756 1388 addit,
774 1352 890 1380 dicens:

112 1408 125 1422 (ι
147 1397 224 1425 Sicut
259 1397 363 1425 artifex
397 1397 563 1434 liquefactis
600 1399 727 1427 metallis
752 1399 891 1434 formam,

110 1454 330 1482 quamcumque
346 1445 487 1481 voluerit,
505 1446 663 1482 imprimit,
686 1447 727 1474 sic
747 1447 847 1475 anima
862 1447 893 1474 in

109 1493 162 1521 illo
184 1495 260 1521 statu
283 1493 322 1521 ad
342 1501 464 1521 omnem
482 1493 589 1521 divinae
607 1493 768 1521 voluntatis
787 1496 893 1521 nutum

109 1548 140 1568 se
152 1539 238 1568 facile
253 1539 393 1576 applicat,
409 1539 470 1567 imo
486 1542 651 1576 spontaneo
667 1540 803 1576 quodam
819 1540 894 1568 desi-

110 1586 193 1614 derio
208 1587 247 1614 ad
266 1594 355 1614 omne
375 1586 438 1622 ejus
457 1587 614 1614 arbitrium
633 1587 763 1623 seipsam
778 1595 894 1615 accom-

110 1634 223 1669 modat,
237 1636 264 1662 ct
276 1635 360 1669 juxta
376 1634 469 1663 divini
486 1635 665 1671 beneplaciti
678 1635 815 1670 modum,
832 1643 894 1663 om-

110 1689 179 1709 nem
208 1681 394 1709 voluntatem
420 1690 506 1709 suam
530 1682 687 1717 informat,
715 1684 747 1710 ut
772 1682 895 1710 obediat

111 1736 178 1755 cum
191 1728 303 1756 Christo
318 1736 413 1764 usque
429 1728 469 1756 ad
488 1731 626 1757 mortem.
643 1729 715 1757 Huic
731 1728 894 1765 exemplari

111 1774 237 1811 quilibet
250 1783 280 1803 se
299 1775 387 1803 debet
402 1775 605 1811 conformare,
627 1776 678 1812 qui
693 1776 755 1805 vult
768 1784 893 1804 summae

112 1821 259 1850 charitatis
274 1822 401 1857 gradum
414 1822 566 1858 attingere.
582 1833 596 1849 »

151 1879 163 1893 «
180 1869 304 1902 Quartus
327 1869 437 1903 gradus
462 1869 599 1897 violentae
624 1869 773 1897 charitatis
788 1872 847 1904 est,
863 1871 896 1898 ut

114 1915 154 1943 ait
168 1915 332 1943 Richardus
347 1915 471 1950 ibidem,
495 1916 617 1952 quando
636 1917 784 1945 aestuantis
803 1917 894 1945 animi

116 1961 264 1989 desiderio
277 1962 340 1997 jam
365 1963 487 1990 omnino
510 1963 584 1990 nihil
600 1963 767 1991 satisfacere
788 1965 893 2000 potest,

115 2010 142 2036 et
156 2009 225 2036 ideo
249 2009 288 2036 ad
308 2009 457 2037 defectum
475 2009 564 2037 ducit.
582 2020 594 2035 »
612 2011 748 2046 Sequitur
765 2020 771 2038 ε
792 2021 804 2036 α
827 2010 895 2044 Quis

114 2055 202 2091 hujus
216 2056 347 2092 supremi
360 2056 470 2091 gradus
484 2056 657 2084 violentiam
668 2057 757 2092 digne
771 2065 896 2093 pensare

115 2104 260 2131 sufficiat?
276 2104 361 2140 quid,
378 2112 490 2140 quaeso,
507 2112 558 2131 cor
572 2104 702 2132 hominis
717 2104 897 2141 profundius

116 2152 259 2186 penetrat,
268 2151 472 2178 vehementius
487 2151 623 2186 exagitat,
641 2160 709 2178 cum
724 2151 802 2179 sitim
812 2160 897 2179 suam

117 2205 172 2225 nee
196 2197 360 2225 resistendo
385 2200 560 2233 temperare,
577 2206 632 2226 nec
654 2198 829 2226 inebriando
852 2207 898 2226 ex-

118 2245 250 2280 tinguere
265 2245 377 2281 possit?
392 2246 423 2272 ln
444 2245 501 2272 hoc
517 2247 622 2281 quarto
646 2245 742 2280 gradu
757 2248 799 2273 est
813 2254 898 2273 amor

119 2292 344 2328 insuperabilis,
369 2292 440 2328 quia
461 2292 511 2319 alii
536 2292 651 2320 affectui
677 2292 765 2320 etiam
791 2293 898 2328 majori

119 2347 180 2367 non
199 2339 301 2367 credit.
318 2338 525 2374 inseparabilis
547 2342 599 2374 est,
625 2341 695 2376 quia
718 2349 736 2369 a
753 2341 899 2369 memoria

120 2394 275 2422 nunquam
290 2385 410 2414 recedit.
428 2385 590 2420 Singularis
613 2389 674 2422 est,
695 2388 766 2424 quia
785 2388 899 2415 socium

120 2441 181 2460 non
191 2433 303 2469 recipit.
315 2433 491 2461 Insatiabilis
507 2435 559 2467 est,
570 2434 641 2469 quia
656 2434 681 2462 ei
692 2435 825 2463 satisfieri
837 2443 899 2462 non

121 2480 235 2514 poterit.
261 2490 274 2506 υ
300 2480 436 2516 Sequitur
457 2489 463 2508 :
488 2489 500 2504 «
525 2481 638 2514 Quanta
661 2483 703 2509 est
726 2481 900 2509 excellentia

122 2526 213 2562 ipsius
226 2527 346 2561 amoris,
363 2527 413 2562 qui
425 2535 546 2554 omnem
560 2527 653 2555 alium
662 2528 800 2556 affectum
815 2537 900 2556 exee-

123 2573 177 2600 dit!
196 2575 321 2608 quanta,
341 2582 454 2609 quaeso,
470 2574 673 2609 vehementia,
690 2584 755 2612 quae
770 2577 901 2604 mentem

123 2619 273 2656 quiescere
287 2627 349 2647 non
369 2620 458 2648 sinit?
473 2623 593 2656 quanta,
610 2622 744 2655 obsecro,
760 2622 902 2651 violentia

123 2667 285 2701 charitatis,
299 2675 364 2702 quae
381 2675 501 2695 omnem
522 2668 614 2696 alium
635 2669 772 2697 affectum
791 2670 903 2698 violen-

123 2716 165 2742 ter
189 2713 330 2750 expellit?
352 2716 464 2749 quanta
484 2716 750 2751 supereminentia,
766 2717 813 2744 cui
837 2725 902 2744 om-

156 2778 162 2792 ¹
179 2776 248 2800 Psut.
265 2782 311 2806 xc,
328 2778 366 2800 15.
382 2789 409 2794 -
427 2777 435 2791 ²
450 2775 534 2808 Cant„
550 2784 609 2809 vlu,
629 2780 652 2803 7.
667 2793 698 2797 —-
715 2781 725 2797 8
741 2780 815 2810 thid,
831 2782 855 2804 6.
875 2793 901 2797 -

129 2813 137 2829 δ
149 2813 221 2843 ibid.¹
233 2814 296 2836 ·1.—
311 2813 321 2829 Β
333 2811 408 2842 ibid..
421 2813 444 2835 6.
458 2826 483 2830 -
498 2813 508 2829 ⁶
522 2813 602 2845 Rom,
616 2820 673 2846 vm,
688 2816 903 2846 38.-—⁷1lc·or.‚

941 410 1014 439 nino
1029 409 1104 438 nihil
1118 410 1244 439 sufficit?
1254 411 1276 439 O
1292 411 1467 441 excellentia
1480 413 1608 443 amoris!
1625 423 1643 444 ο
1657 414 1721 444 vio-

941 457 1033 486 lentia
1057 457 1238 486 dilectionis!
1262 466 1281 487 o
1305 458 1454 487 charitatis
1474 460 1677 490 vehementia!
1702 471 1720 492 ο

942 505 1140 534 aemulationis
1161 505 1430 542 supereminentia!
1447 517 1461 534 n
1484 509 1516 536 Et
1532 507 1609 536 inira
1623 508 1694 537 dicit
1712 519 1720 538 ε

947 560 960 577 «
974 553 1005 580 ln
1019 551 1117 588 primo
1141 552 1237 588 gradu
1253 553 1282 588 2,
1302 561 1380 589 aquoe
1394 555 1486 582 multae
1505 563 1558 582 non
1575 558 1724 591 potuerunt

946 600 1104 634 eoetinyuere
1119 600 1292 635 charitatem,
1305 608 1340 628 eo
1355 600 1439 636 quod
1452 601 1661 638 insuperabilis
1675 603 1721 632 sit.

945 646 976 673 ln
989 645 1122 674 secundo
1133 646 1241 682 gradu,
1252 646 1353 676 anima
1363 647 1373 665 ³
1385 649 1466 683 ponit
1481 648 1622 677 dilectum
1636 658 1724 679 suum

944 700 1025 728 super
1039 701 1083 721 cor
1102 701 1180 721 suum
1199 695 1268 721 sicut
1282 696 1462 730 signaculum,
1481 703 1514 724 eo
1533 697 1618 733 quod
1639 697 1725 726 illum

946 741 1069 769 omnino
1086 741 1223 770 oblivisci
1237 750 1299 771 non
1313 744 1419 779 polest.
1435 745 1467 773 ln
1481 744 1567 773 tertio
1583 745 1680 781 gradu
1694 746 1705 763 '0
1714 767 1724 782 ,

945 789 970 815 si
985 788 1091 816 dederit
1106 790 1181 817 homo
1198 798 1299 818 omnem
1313 791 1495 820 substantiam
1508 800 1587 820 suam
1593 801 1645 828 pro
1658 793 1726 822 dile-

946 836 1049 870 ctione,
1065 838 1145 871 qaasi
1160 837 1232 864 nihil
1252 837 1381 873 despiciet
1396 846 1470 874 eam,
1491 846 1526 867 co
1548 839 1631 876 quod
1650 839 1681 868 in
1694 848 1726 869 re

947 881 1007 909 alia
1031 882 1171 911 delectari
1197 891 1258 912 non
1282 884 1384 920 possit.
1409 885 1440 912 ln
1464 887 1570 922 quarto
1595 887 1691 922 gradu
1704 888 1726 924 ⁵,

947 930 1031 962 fortis
1041 931 1079 957 est
1091 932 1122 957 ut
1133 939 1202 958 mors
1217 931 1338 967 dilectio,
1350 933 1376 959 et
1390 932 1461 960 dura
1470 936 1501 960 ut
1515 934 1639 967 infernus
1648 943 1727 963 aemu-

949 976 1026 1010 lotio,
1042 984 1078 1004 eo
1100 977 1184 1013 quod
1199 978 1225 1005 ei
1240 978 1277 1005 sit
1296 978 1398 1014 dulce,
1424 979 1574 1016 quidquid
1590 989 1646 1018 pro
1667 983 1727 1011 Deo

947 1022 1043 1051 facere
1053 1044 1062 1059 ,
1078 1024 1126 1052 vel
1151 1024 1293 1053 sustinere
1314 1026 1406 1061 possit
1422 1035 1428 1054 :
1445 1026 1493 1055 hic
1507 1027 1587 1056 enim
1606 1036 1729 1058 omnem

949 1069 1042 1098 alium
1064 1071 1203 1099 affectum
1226 1072 1346 1108 expellit
1369 1075 1397 1101 et
1418 1073 1518 1102 vineit.
1535 1075 1563 1103 Si
1587 1075 1666 1104 enim
1688 1076 1729 1105 ad

948 1116 1064 1153 aliquid
1078 1118 1217 1146 affectum
1231 1119 1388 1156 habemus,
1403 1121 1486 1156 quod
1501 1124 1622 1158 propter
1637 1125 1728 1151 Deum

947 1171 1010 1191 non
1022 1164 1187 1200 diligimus,
1202 1166 1335 1202 profecto
1346 1167 1530 1197 adulterinus
1541 1169 1663 1198 affectus
1674 1172 1727 1207 est,

948 1210 1001 1246 qui
1016 1219 1139 1239 summae
1160 1212 1309 1241 charitatis
1333 1215 1528 1243 constantiam
1547 1215 1673 1253 frangit,
1687 1218 1729 1247 vi-

948 1265 1056 1294 resque
1071 1259 1134 1294 ejus
1154 1259 1270 1296 minuit,
1288 1260 1321 1288 in
1332 1263 1479 1298 quantum
1498 1263 1538 1291 ad
1557 1263 1654 1293 aliena
1667 1265 1729 1294 ani-

948 1313 1030 1333 mam
1045 1306 1132 1334 trahit
1146 1307 1195 1335 vel
1209 1307 1343 1344 impellit.
1357 1319 1371 1336 »
1384 1310 1522 1346 Sequitur
1534 1320 1541 1339 :
1556 1321 1569 1337 «
1585 1313 1617 1340 In
1630 1313 1729 1349 primo

948 1351 1039 1388 igitur
1066 1353 1162 1388 gradu
1191 1354 1324 1390 diligitur
1344 1357 1420 1385 Deus
1443 1366 1478 1385 ex
1502 1359 1609 1396 corde3
1632 1360 1663 1388 in
1683 1368 1730 1389 se-

950 1399 1061 1434 cundo,
1072 1408 1107 1428 ex
1122 1402 1184 1429 toto
1201 1402 1304 1439 corde3
1321 1403 1352 1431 in
1364 1404 1461 1439 tertio,
1483 1413 1520 1433 ex
1534 1407 1595 1434 tota
1608 1407 1709 1436 anima
1718 1418 1727 1444 ς

949 1446 980 1473 in
996 1448 1102 1482 quarto
1118 1450 1228 1484 autem,
1246 1457 1283 1477 ex
1297 1451 1358 1478 tota
1372 1450 1489 1480 virtute.
1506 1462 1521 1480 ›>
1537 1454 1570 1481 Et
1588 1453 1666 1483 infra
1684 1454 1730 1483 di-

949 1493 988 1520 cit
1005 1502 1011 1520 :
1028 1494 1220 1522 «Secundum
1232 1496 1364 1533 aliquem
1376 1499 1502 1527 modum
1516 1500 1617 1529 anima
1628 1501 1659 1528 in
1671 1501 1729 1530 hoc

950 1540 1046 1575 gradu
1063 1541 1186 1569 efficitur
1201 1542 1378 1572 immortalis
1394 1547 1420 1573 et
1439 1546 1631 1582 impassibilis
1647 1558 1653 1576 :
1675 1548 1730 1577 im-

949 1587 1099 1623 mortalis,
1126 1589 1198 1625 quia
1222 1598 1241 1618 a
1261 1590 1322 1619 vita
1343 1593 1474 1628 separari
1494 1602 1556 1622 non
1578 1595 1697 1631 potest⁶
1721 1606 1727 1624 :

951 1635 1044 1662 Certus
1059 1643 1128 1670 sum,
1145 1636 1241 1672 inquit
1259 1639 1432 1674 Apostolus,
1449 1641 1521 1675 quod
1541 1650 1625 1677 neque
1647 1651 1730 1676 morS,

949 1690 1032 1717 neque
1046 1684 1115 1718 vita,
1130 1692 1214 1718 neque
1228 1686 1322 1720 aliqua
1337 1690 1473 1722 creatura,
1489 1689 1542 1716 etc.
1557 1691 1660 1718 Nonne
1674 1690 1730 1719 im-

949 1729 1100 1764 passibilis
1122 1731 1288 1759 secundum
1309 1732 1440 1770 aliquem
1454 1735 1580 1764 modum
1600 1736 1730 1773 videtur,

950 1776 1002 1812 qui
1016 1776 1068 1804 illa
1084 1776 1196 1806 damna
1214 1786 1276 1806 non
1291 1780 1387 1816 sentit,
1404 1782 1455 1818 qui
1478 1782 1509 1810 in
1525 1784 1606 1811 omni
1621 1784 1730 1820 injuria

948 1823 1107 1858 hilarescit,
1130 1826 1158 1852 et
1179 1825 1330 1862 quidquid
1344 1827 1466 1857 insertur
1488 1829 1514 1857 ei
1539 1830 1579 1858 ad
1597 1839 1729 1867 poenam,

951 1873 1045 1899 totum
1055 1873 1205 1908 praesumit
1214 1874 1253 1901 ad
1262 1874 1401 1910 gloriam,
1410 1879 1442 1904 ut
1451 1886 1520 1906 cum
1535 1879 1677 1915 Apostolo
1689 1879 1731 1908 di-

951 1919 1029 1946 cat⁷:
1042 1920 1165 1947 Libenter
1176 1921 1311 1955 qtoriabor
1322 1924 1351 1950 in
1363 1925 1572 1958 infirmitatibus
1581 1927 1658 1962 meis,
1675 1928 1728 1956 etc.

951 1966 983 1993 Et
1000 1966 1009 1982 ³
1027 1975 1033 1992 :
1051 1966 1202 2002 (Apostoli)
1219 1969 1294 1996 ibant
1308 1971 1472 2006 yandentes,
1489 1973 1543 1999 etc.
1560 1974 1663 2001 Nonne
1683 1974 1731 2001 hic

951 2012 1061 2046 gradus
1072 2013 1182 2041 amoris
1193 2014 1314 2043 violenti
1325 2016 1442 2045 videtur
1453 2018 1588 2046 animum
1601 2019 1731 2048 hominis

952 2058 1037 2093 quasi
1052 2058 1081 2085 in
1093 2060 1254 2088 amentiam
1265 2061 1313 2089 vel
1327 2062 1358 2090 in
1368 2066 1501 2092 sanctam
1510 2065 1657 2094 insaniam
1668 2075 1732 2095 ver-

952 2106 1021 2139 tere,
1035 2105 1106 2133 dum
1120 2114 1181 2134 non
1193 2107 1260 2135 sinit
1275 2116 1344 2136 eum
1358 2109 1389 2137 in
1402 2111 1592 2140 aemulatione
1604 2113 1731 2142 modum

953 2151 1000 2178 vel
1020 2160 1190 2180 mensuram
1205 2155 1324 2182 tenere?
1342 2157 1444 2185 Nonne
1459 2166 1582 2187 summae
1596 2161 1732 2190 amentias

953 2197 1071 2226 videtur
1089 2207 1168 2235 esse,
1184 2208 1287 2229 veram
1302 2202 1393 2231 vitam
1407 2205 1566 2241 repellere,
1582 2215 1732 2236 summam

953 2245 1130 2280 sapientiam
1145 2255 1279 2283 arguere,
1298 2251 1325 2277 et
1340 2251 1561 2287 omnipotentiae
1574 2255 1707 2283 resistere
1718 2256 1731 2282 ⁴?

954 2293 1056 2319 Nonne
1070 2293 1162 2321 vitam
1169 2295 1295 2331 repellit,
1307 2297 1359 2332 qui
1373 2306 1428 2334 pro
1439 2298 1579 2328 fratribus
1590 2310 1607 2329 a
1620 2302 1732 2331 Christo

955 2339 1084 2374 separari
1100 2341 1190 2376 cupit,
1205 2342 1279 2370 sicut
1291 2342 1351 2379 ille,
1362 2345 1413 2380 qui
1429 2345 1502 2374 dixit
1512 2347 1522 2364 ⁹
1535 2349 1609 2376 :Aut
1626 2349 1734 2378 dimitte

955 2386 1014 2413 illis
1027 2386 1094 2414 hanc
1110 2396 1223 2423 noxam,
1238 2392 1285 2417 aut
1300 2391 1357 2418 dele
1370 2400 1410 2419 me
1424 2394 1457 2420 de
1472 2394 1551 2427 libro,
1572 2397 1603 2423 in
1623 2405 1673 2431 quo
1693 2405 1734 2425 me

955 2435 1114 2468 scripsisti?
1127 2436 1229 2463 Nonne
1245 2437 1421 2473 sapientiam
1435 2448 1559 2476 arguere
1578 2442 1674 2471 voluit
1687 2443 1734 2472 vel

957 2479 1075 2515 docere,
1090 2481 1141 2516 qui
1157 2482 1196 2509 ad
1212 2484 1304 2511 Deum
1318 2484 1461 2522 loquitur,
1479 2488 1581 2516 dicens
1598 2491 1618 2507 ¹⁰
1633 2490 1735 2518 :Absit

957 2535 973 2553 α
988 2529 1023 2561 te,
1039 2529 1162 2562 Domine,
1175 2532 1205 2556 ut
1216 2538 1272 2557 rem
1287 2532 1355 2559 hanc
1364 2534 1463 2569 facias,
1476 2538 1501 2562 et
1515 2537 1620 2564 occidas
1629 2538 1736 2572 justum

958 2583 1016 2602 cum
1032 2577 1125 2612 impio,
1140 2579 1241 2612 fiatque
1249 2578 1342 2613 justus
1352 2582 1422 2608 sicut
1432 2583 1552 2617 impius?
1561 2584 1621 2611 Non
1636 2587 1675 2612 est
1689 2586 1736 2613 hoc

960 2623 1033 2649 tuum
1047 2624 1156 2656 facere?
1172 2625 1274 2652 Nonne
1290 2627 1512 2663 omnipotentiae
1527 2630 1660 2659 resistere
1674 2633 1737 2660 ten-

959 2668 1040 2704 tavit,
1057 2670 1108 2705 qui
1123 2670 1199 2698 iram
1214 2672 1277 2706 ejus
1287 2673 1423 2708 mitigare
1436 2675 1526 2703 homo
1542 2679 1737 2715 praesumpsit,

960 2741 1011 2763 xm,
1032 2737 1055 2760 9.
1072 2749 1102 2754 --
1125 2738 1133 2750 ¹⁵
1153 2737 1219 2768 Act„
1246 2744 1269 2768 v,
1293 2741 1331 2764 41.
1348 2754 1377 2758 -
1397 2741 1406 2755 ⁹
1426 2742 1516 2774 Exod„
1538 2750 1626 2777 xxxu,
1647 2748 1685 2772 32.
1711 2760 1737 2765 -—

962 2771 980 2786 ¹⁰
995 2771 1067 2800 Gen„
1081 2777 1159 2803 vaI,
1173 2774 1212 2797 25.

994 2814 1026 2843 (a)
1045 2813 1105 2837 Item
1123 2822 1176 2838 eos.
