2004 3037
837 243 968 278 CAPUT
990 242 1042 274 ΙΙΙ.

169 314 310 348 Quamvis
329 313 440 351 posteri
460 313 554 343 David
574 313 777 350 multipliciter
795 314 824 342 et
846 320 913 349 gra-

131 360 208 390 viter
220 361 434 398 peceaveruntg
452 363 552 390 tamen
573 369 666 398 opera
680 361 743 397 ejus
760 361 843 389 bona
856 360 914 388 fre-

133 410 258 444 quenter
276 409 494 444 memorantur,
513 409 542 436 et
554 409 677 444 propter
694 407 748 436 illa
763 406 914 436 multoties

131 456 265 492 pepercit
286 455 427 485 Dominus
441 455 570 492 peccatis
584 455 706 484 illorum
716 477 725 492 ,
739 457 773 485 lli
788 456 865 490 Req„
882 462 914 482 ιιι

133 504 161 530 et
176 511 218 531 iv.

169 551 210 577 Ex
223 551 371 586 praecepto
391 549 508 578 Domini
522 549 604 578 corvi
619 548 792 578 deferebant
803 557 914 586 panem

133 598 160 624 et
175 604 276 625 carnes
291 597 374 631 Eliae,
391 597 425 626 111
437 597 512 632 Rea,
528 605 597 625 xvu.
613 599 646 626 Et
666 599 770 633 postea
785 597 914 632 Angelus

133 643 249 671 Domini
263 651 373 680 panem
381 644 409 675 et
418 651 529 680 aquam
543 643 569 671 ei
584 643 700 678 obtulit,
716 645 748 672 ΙΙΙ
763 645 841 678 Req.⁵
853 652 911 672 x1x.

168 690 303 718 Ezechias
327 698 379 719 rex
402 690 479 718 suda
500 690 592 718 dixit:
616 699 630 717 «
653 690 795 719 Dominus
814 691 914 719 bonus

131 737 341 773 propitiabitur
362 737 484 772 eunetis,
510 737 561 773 qui
581 737 611 765 in
628 739 690 766 toto
710 738 800 765 corde
814 738 913 773 requi-

131 785 200 811 runt
214 784 382 819 Dominum,
400 786 428 812 et
441 792 503 812 non
517 784 677 820 imputabit
691 785 743 819 eis,
764 785 847 821 quod
861 785 914 812 mi-

131 838 187 858 nus
202 831 374 859 sanctificati
388 832 465 858 sunt.
481 841 494 858 »
514 832 536 859 11
551 832 688 866 Paralip.,
700 839 768 859 xxx.

167 877 241 906 Misit
261 877 404 905 Dominus
425 878 568 913 angelum
589 886 692 912 suum,
715 878 767 914 qui
789 878 914 907 Tobiam

129 924 280 959 Juniorem
296 925 380 952 duxit
398 926 426 952 et
444 925 572 959 reduxit,
589 924 772 953 daemonium
786 925 825 953 ab
850 925 913 960 eJ‘us

132 979 226 999 uxore
255 972 454 1008 compescuit,
483 971 629 1008 gaudium
651 972 824 1008 parentibus
851 972 914 1007 ejus

131 1016 213 1052 fecit,
233 1018 381 1046 seniorem
401 1019 525 1046 Tobiam
548 1026 566 1046 a
589 1019 716 1046 eaecitate
738 1019 867 1053 curavit,
887 1021 915 1047 et

132 1066 224 1092 totam
250 1065 375 1093 domum
407 1065 471 1100 eJ‘us
498 1065 587 1093 bonis
611 1065 749 1094 omnibus
776 1066 910 1102 replevit.

133 1112 210 1144 Tob.,
231 1119 259 1145 v,
275 1113 303 1139 et
317 1112 467 1148 deinceps.

167 1158 328 1186 Videbatur
355 1159 497 1187 Dominus
526 1160 612 1196 quasi
636 1160 739 1188 timere
768 1160 913 1189 offensam

131 1205 291 1241 Hieremiae,
308 1214 376 1233 cum
391 1206 480 1234 vellet
492 1207 640 1243 populum
655 1209 778 1244 propter
790 1209 913 1244 peccata

131 1260 185 1280 sua
200 1252 323 1281 omnino
340 1253 456 1282 delere:
473 1253 592 1283 dicebat
606 1254 697 1289 enim,
711 1257 910 1289 Hierem.,v11:

136 1309 149 1325 «
164 1299 322 1335 Projiciam
334 1307 388 1329 vos
401 1308 420 1329 a
433 1299 508 1329 facie
522 1308 600 1329 mea.
611 1303 653 1330 Tu
666 1309 737 1337 ergo
749 1301 811 1329 noli
827 1309 912 1330 orare

129 1353 184 1382 pro
199 1346 313 1382 populo
336 1346 412 1382 hoc,
434 1355 489 1376 nec
503 1356 638 1376 assumas
658 1357 714 1385 pro
734 1348 775 1377 eis
790 1348 912 1377 laudem

130 1394 158 1420 et
177 1393 354 1429 orationem,
379 1396 407 1423 et
424 1403 486 1424 non
506 1395 631 1425 obsistas
651 1395 740 1431 mihi,
761 1395 834 1432 quia
850 1404 912 1425 non

129 1440 290 1469 exaudiam
303 1442 342 1470 te.
358 1451 374 1469 »

164 1487 290 1516 Planum
301 1491 353 1524 est,
370 1488 454 1525 quod
470 1489 547 1518 Deus
560 1491 603 1517 est
617 1496 686 1517 eum
699 1489 792 1517 servis
805 1490 866 1518 suis
881 1489 912 1518 in

129 1534 330 1564 tribulatione.
342 1537 424 1565 Unde
438 1537 717 1566 Nabuchodonosor
731 1546 798 1566 cum
809 1538 912 1567 Azaria

129 1583 157 1609 et
171 1581 258 1610 sociis
275 1583 339 1618 ejus
353 1583 481 1612 similem
498 1584 572 1613 Filio
587 1585 637 1614 Dei
651 1585 726 1613 vidit
739 1585 770 1613 in
784 1585 911 1621 ,fornace

130 1627 256 1664 ardenti,
271 1631 355 1662 Dan.,
371 1638 414 1658 111.

165 1675 321 1704 Exaudivit
342 1677 484 1706 Dominus
500 1685 607 1707 vocem
625 1679 764 1707 Susannae
771 1699 782 1714 ,
797 1681 826 1708 et
840 1680 912 1717 quia

127 1729 182 1758 per
195 1722 366 1759 impudicos
380 1732 466 1752 senes
479 1725 670 1761 presbyteros
689 1725 795 1762 injuste
815 1727 910 1756 fuerat

128 1769 339 1806 condemnata,
351 1779 405 1807 per
416 1772 616 1801 continentem
627 1781 755 1810 puerum
766 1773 822 1802 fuit
827 1774 908 1809 justo

125 1816 240 1851 J‘udicio
255 1817 393 1854 liberata,
407 1820 492 1852 Dan„
507 1827 570 1848 x111.

164 1865 236 1892 Cum
251 1864 353 1893 Daniel
363 1867 438 1894 esset
447 1866 478 1894 in
490 1866 642 1903 Babylone
653 1867 685 1896 in
695 1867 763 1896 lacu
775 1868 910 1904 leonum,

128 1909 207 1938 misit
227 1910 254 1938 ei
273 1911 416 1940 Dominus
440 1912 477 1940 de
493 1912 661 1950 longinquo
681 1914 820 1951 xenium3
839 1923 910 1944 nam

129 1956 167 1984 de
184 1956 287 1985 Judaea
299 1958 379 1987 misit
397 1958 424 1987 ei
437 1959 600 1996 prandium
613 1968 667 1997 per
681 1961 819 1990 Habacuo
838 1969 910 1998 pro-

127 2003 261 2040 phetam,
275 2006 360 2041 Dan„
376 2013 435 2035 xrv.

163 2052 340 2089 Praeparavit
353 2053 495 2082 Dominus
508 2053 620 2090 piscem
639 2061 800 2091 magnum,
814 2057 845 2084 ut
860 2056 908 2085 de-

127 2098 249 2134 glutiret
270 2101 391 2136 Jonam,
415 2101 504 2136 Jonae,
525 2108 561 2136 113
586 2101 637 2137 qui
664 2103 763 2130 tamen
787 2104 910 2140 propter

127 2145 363 2175 inobedientiam
370 2147 530 2176 videbatur
537 2147 614 2184 juste
624 2149 767 2177 meruisse
775 2158 907 2186 poenam.

162 2193 345 2222 Machabaeus
352 2215 362 2230 ,
377 2196 406 2222 et
423 2195 475 2231 qui
490 2203 559 2223 cum
578 2203 614 2224 eo
629 2198 728 2230 erant,
742 2198 909 2233 pugnantes

129 2242 231 2268 contra
242 2241 429 2269 Timotheum
442 2241 611 2270 habuerunt
626 2243 663 2271 de
679 2243 754 2271 eoelo
770 2244 908 2273 manifes-

125 2289 191 2315 tum
204 2288 364 2324 auxilium;
379 2291 582 2326 apparuerunt
597 2289 625 2318 ei
644 2290 700 2318 viri
721 2291 855 2328 quinque
877 2291 908 2320 in

127 2334 222 2371 equis,
237 2336 293 2363 etc.
308 2336 412 2364 Postea
425 2343 497 2364 vero
511 2337 615 2365 euntes
630 2337 670 2367 ad
686 2338 822 2374 praelium
836 2347 908 2367 eon-

126 2382 171 2409 tra
187 2381 323 2418 Lysiam,
347 2382 486 2419 apparuit
505 2383 676 2419 praecedens
694 2392 747 2413 eos
767 2393 858 2422 eques
876 2386 907 2414 in

126 2429 206 2456 veste
234 2429 364 2458 candida
390 2429 481 2459 armis
504 2430 603 2459 aureis
627 2431 744 2461 hastam
766 2432 906 2469 vibrans,

126 2473 149 2502 11
165 2475 303 2512 Machab.,
317 2483 359 2505 xr-

162 2520 233 2550 Mira
252 2522 421 2559 benignitas
446 2525 510 2553 erat
532 2524 564 2553 in
588 2526 714 2555 Domino
736 2527 905 2564 salvatore,

126 2568 178 2604 qui
192 2568 336 2598 circuibat
350 2578 458 2599 sanans
472 2579 593 2600 omnem
609 2572 786 2609 languorem
801 2575 830 2603 et
845 2583 907 2603 om-

126 2621 196 2642 nem
208 2614 427 2653 infirmitatem5
442 2618 527 2655 quod
540 2619 598 2647 nisi
613 2619 746 2657 fecisset,
762 2621 848 2650 multi
863 2622 907 2650 in—

125 2660 204 2690 firmi
216 2663 357 2692 accedere
372 2665 414 2693 ad
428 2673 498 2694 eum
511 2672 575 2695 non
593 2666 766 2702 potuissent.
790 2669 905 2702 Matth..

124 2710 248 2745 tvetu3
266 2710 342 2747 Luc„
358 2718 422 2741 vm.

1692 250 1752 282 495

1005 310 1134 346 Leproso
1155 310 1285 342 dicenti:
1302 323 1317 340 u
1334 314 1473 350 Domine,
1490 314 1514 342 si
1529 315 1589 350 vis,
1604 317 1689 352 potes
1702 325 1751 345 me

969 356 1132 393 mundare;
1149 368 1162 384 »
1178 359 1226 395 pie
1241 360 1396 397 respondit
1412 361 1563 397 Dominus
1579 364 1607 390 et
1621 362 1750 399 benigne

967 402 1045 432 fecit.
1062 404 1200 441 Sequitur
1210 406 1306 436 enim:
1321 408 1511 436 «Extendens
1524 410 1606 437 Jesus
1615 418 1750 446 manum,

968 451 1062 486 tetigit
1081 460 1151 480 eum
1170 452 1290 482 dicens:
1313 454 1403 490 Volo,
1425 455 1582 484 mundare.
1603 467 1617 483 n
1634 459 1750 494 Matth.‚

969 505 1030 526 νιιι.
1047 498 1219 528 Sacerdotes
1234 502 1334 529 autem
1348 500 1521 537 hujusmodi
1541 502 1678 532 homines
1695 505 1750 534 ha-

971 544 1085 573 bebant
1104 546 1232 575 horrori,

1005 592 1106 621 Statim
1131 595 1199 629 post
1221 594 1410 624 vocationem
1433 596 1572 632 Matthaei,
1602 597 1752 628 discubuit

971 640 1114 668 Dominus
1129 640 1160 668 in
1177 641 1269 669 domo
1284 642 1358 678 ejus,
1373 643 1487 678 Matth.5
1504 652 1551 679 1x3
1567 645 1641 677 Luc„
1659 654 1687 674 v.

1005 689 1029 715 A
1051 687 1176 717 muliere
1199 688 1316 717 fluxum
1338 690 1492 725 sanguinis
1515 691 1658 729 patiente,
1685 702 1752 730 quae

969 734 1135 762 secundum
1145 734 1242 770 legem
1253 731 1410 764 immunda
1424 739 1494 773 erat,
1507 737 1636 767 clemens
1647 742 1675 768 et
1683 741 1751 777 pius

969 782 1052 809 Jesus
1067 782 1242 817 permisitse
1253 783 1334 818 tangi
1343 792 1351 818 3
1369 785 1397 811 et
1411 783 1494 812 illam
1507 793 1574 821 quae
1590 786 1752 816 duodecim

970 828 1056 856 annis
1081 829 1184 857 omnia
1206 829 1237 857 in
1260 830 1394 858 medicos
1419 835 1610 869 erogaverat,
1634 834 1665 862 in
1685 842 1752 864 mo-

970 876 1071 903 mento
1087 876 1210 904 sanavit.
1228 877 1326 912 Marc„
1346 886 1381 913 v;
1398 879 1507 911 Matth„
1523 888 1562 908 lx.

1006 923 1079 950 Cum
1099 923 1264 952 secessisset
1280 924 1421 953 Dominus
1441 926 1472 953 in
1497 927 1663 964 desertum,
1679 929 1753 958 vidit

970 969 1091 996 turbam
1103 969 1244 1005 multam,
1268 972 1297 999 et
1310 972 1446 1000 misertus
1466 975 1508 1002 est
1522 974 1578 1009 eis,
1599 978 1626 1003 et
1640 977 1753 1005 curavit

970 1015 1130 1050 languidos
1152 1025 1266 1046 eorum.
1284 1019 1408 1054 Vespere
1433 1022 1532 1048 autem
1556 1021 1650 1058 sacto,
1670 1023 1753 1051 dixe-

970 1064 1040 1090 runt
1055 1063 1080 1090 ei
1097 1063 1235 1100 discipuli
1247 1073 1273 1092 :a
1284 1065 1398 1094 Dimitte
1407 1068 1520 1096 turbas.
1530 1079 1543 1095 ν»
1561 1070 1642 1097 Jesus
1653 1072 1751 1098 autem

971 1111 1113 1145 tanquam
1134 1110 1360 1141 liberalissimus
1384 1114 1458 1142 dixit
1480 1115 1540 1144 eis:
1571 1126 1585 1142 α
1602 1117 1672 1145 Date
1694 1118 1753 1145 illis

970 1164 1025 1184 vos
1039 1157 1231 1192 manducare,
1246 1170 1260 1186 ν
1280 1161 1333 1187 etc.
1350 1162 1462 1195 Matth„
1478 1171 1536 1191 xrv.

1005 1204 1106 1231 Petrus
1116 1204 1259 1241 incipiens
1274 1207 1368 1243 mergi
1384 1208 1533 1245 clamavit,
1543 1210 1662 1239 dicens:
1677 1213 1752 1240 «Do-

969 1249 1061 1285 mine,
1070 1251 1187 1279 salvum
1202 1261 1250 1280 me
1263 1253 1325 1289 fac;
1338 1264 1350 1280 »
1365 1256 1392 1283 et
1403 1256 1543 1284 continuo
1558 1258 1640 1285 Jesus
1651 1260 1752 1286 exten-

971 1296 1046 1324 dens
1059 1305 1184 1326 manum
1200 1300 1398 1336 apprehendit
1412 1310 1481 1331 eum
1490 1324 1496 1331 .
1512 1304 1542 1331 M
1544 1305 1625 1339 atth„
1638 1312 1696 1333 ιιιν.

1005 1345 1127 1374 Mariam
1150 1347 1359 1382 Magdalenam
1380 1349 1429 1385 pie
1453 1350 1585 1378 defendit
1610 1352 1752 1380 Dominus

968 1392 1050 1420 Jesus
1070 1394 1172 1421 contra
1193 1394 1372 1423 Pharisaeum
1392 1397 1471 1426 mala
1494 1398 1531 1426 de
1550 1398 1602 1426 illa
1617 1400 1751 1435 cogitan-

970 1439 1046 1474 tem,
1068 1441 1142 1473 Luc„
1154 1449 1194 1469 vn
1201 1450 1209 1476 3
1235 1441 1306 1470 item
1323 1445 1426 1472 eontra
1446 1452 1580 1473 sororem
1597 1446 1752 1482 propriam

970 1485 1007 1513 de
1022 1486 1073 1513 iila
1089 1491 1337 1525 conquerentem,
1353 1491 1430 1522 Luc„
1447 1499 1465 1519 x
1473 1501 1481 1527 ς
1498 1492 1566 1520 item
1581 1495 1683 1521 contra
1695 1493 1752 1522 dis-

970 1533 1099 1569 cipulos,
1118 1536 1242 1571 propter
1255 1536 1435 1565 infusionem
1455 1539 1613 1575 unguenti,
1635 1540 1667 1568 in
1685 1549 1752 1569 eam

968 1579 1136 1617 frementes,
1151 1583 1253 1615 Marc„
1268 1591 1326 1612 xiv.

1005 1627 1166 1656 lneffabilis
1188 1630 1282 1666 pietas
1305 1631 1356 1659 Dei
1381 1632 1509 1661 multum
1534 1635 1698 1664 ostenditur
1719 1635 1751 1664 in

969 1675 1107 1711 exemplo
1133 1676 1170 1705 de
1190 1676 1253 1705 filio
1273 1678 1422 1714 prodigo,
1446 1680 1499 1708 ubi
1524 1680 1641 1717 dicitur,
1667 1683 1751 1718 quod

970 1730 985 1747 «
999 1729 1068 1750 cum
1080 1722 1171 1759 longe
1186 1724 1286 1753 adhue
1301 1728 1376 1755 esset
1389 1726 1479 1761 filius,
1495 1728 1571 1756 vidit
1585 1737 1655 1757 eum
1667 1732 1752 1766 pater

968 1777 1055 1804 suus,
1079 1772 1108 1798 et
1120 1771 1328 1801 misericordia
1347 1776 1446 1802 motus
1465 1776 1522 1810 est,
1548 1777 1577 1804 et
1594 1784 1751 1806 accurrens

968 1817 1074 1846 cecidit
1082 1826 1173 1855 super
1183 1820 1296 1848 collum
1307 1821 1380 1856 ejus,
1395 1823 1423 1850 et
1435 1823 1584 1852 osculatus
1595 1826 1637 1853 est
1647 1833 1747 1853 eum.»

967 1865 1040 1894 Item
1053 1866 1176 1896 volebat
1189 1867 1239 1896 ille
1259 1867 1373 1905 dleere,
1390 1870 1418 1897 et
1433 1872 1548 1907 petere,
1570 1872 1654 1908 quod
1668 1872 1751 1900 fieret

968 1911 1042 1940 sicut
1056 1921 1134 1941 unus
1150 1914 1188 1942 de
1202 1916 1404 1951 mercenariis,
1420 1919 1448 1945 et
1462 1919 1546 1953 pater
1562 1919 1646 1954 quasi
1660 1919 1749 1948 inter-

967 1960 1047 1996 rupit
1059 1960 1152 1989 verba
1168 1961 1241 1997 ejuS,
1256 1964 1285 1990 et
1298 1963 1410 1999 recepit
1423 1971 1492 1992 eum
1510 1964 1540 1992 in
1557 1965 1666 2001 filium,
1680 1968 1748 2002 etc„

966 2006 1043 2039 Luc„
1064 2014 1110 2035 xv.

1004 2054 1043 2080 De
1058 2052 1144 2081 facile
1159 2055 1302 2084 Dominus
1315 2056 1420 2093 recipit
1434 2057 1501 2086 illos
1522 2066 1599 2095 quos
1617 2059 1749 2089 mundus

967 2099 1061 2135 ejecit.
1085 2101 1167 2129 Unde
1180 2109 1274 2131 eaecus
1289 2103 1339 2132 ille
1351 2106 1437 2133 natus
1447 2113 1465 2133 a
1474 2106 1600 2135 Domino
1615 2110 1748 2145 receptus

967 2147 1025 2181 est,
1039 2148 1132 2182 Joan.,
1147 2156 1187 2177 xx.

1002 2194 1073 2222 Mira
1092 2195 1148 2223 fuit
1168 2195 1271 2225 Christi
1291 2197 1475 2235 benignitas,
1497 2201 1621 2237 quando
1637 2202 1677 2231 ad
1695 2203 1749 2231 do-

966 2249 1049 2269 mum
1062 2242 1216 2277 publicani
1230 2244 1340 2273 Zachaei
1347 2266 1357 2281 ,
1373 2246 1426 2282 qui
1447 2255 1516 2276 eum
1530 2248 1632 2278 videre
1647 2251 1749 2287 cupie-

964 2287 1027 2323 bat,
1038 2288 1170 2324 seipsum
1185 2290 1330 2328 invitavit,
1346 2294 1375 2322 et
1387 2293 1524 2329 ejusdem
1539 2295 1644 2325 domui
1659 2297 1748 2327 bene-

966 2335 1055 2369 dixit,
1071 2337 1147 2372 Luc„
1163 2345 1223 2366 xlx.

1001 2384 1073 2411 Cum
1080 2385 1251 2419 protulisset
1260 2386 1590 2423 Dominusindistincte5
1602 2392 1700 2419 «Unus
1711 2400 1747 2420 ex

964 2429 1052 2457 vobis
1066 2439 1114 2458 me
1134 2432 1243 2468 tradet;
1254 2443 1267 2459 n
1286 2433 1383 2462 innuit
1396 2436 1497 2464 Petrus
1510 2438 1615 2465 Joanni
1629 2447 1636 2466 ε
1656 2437 1759 2472 «Quis

964 2479 1007 2505 est
1013 2478 1050 2506 de
1061 2487 1121 2515 quo
1129 2480 1235 2508 dicim»
1246 2483 1346 2518 Itaque
1357 2491 1425 2511 cum
1432 2484 1748 2514 recubuissetJoannes

964 2532 1056 2562 supra
1069 2528 1171 2562 pectus
1193 2529 1321 2565 Domini,
1333 2529 1405 2558 dicit
1425 2530 1452 2559 ei
1473 2540 1482 2559 .-
1502 2542 1514 2557 «
1532 2532 1664 2567 Domine,
1681 2534 1747 2569 quis

964 2574 1028 2600 est?
1043 2584 1057 2600 »
1083 2575 1155 2603 Eece
1184 2583 1296 2612 magna
1318 2577 1489 2614 benignitas
1513 2580 1541 2607 et
1563 2580 1747 2610 familiaritas

962 2619 1133 2649 Salvatoris.
1154 2623 1246 2658 Joan.,
1261 2631 1324 2653 xm.

997 2668 1135 2697 Promisit
1154 2669 1291 2699 Salvator
1314 2670 1469 2708 discipulis
1489 2673 1549 2701 suis
1568 2674 1606 2702 de
1627 2683 1682 2704 suo
1700 2684 1746 2704 re-

961 2722 1047 2743 cessu
1063 2716 1249 2753 contristatis,
1266 2718 1351 2755 quod
1365 2719 1447 2747 Pater
1467 2719 1558 2749 alium
1573 2723 1746 2752 paraclitum
