2004 3037
869 170 997 204 CAPUT
1019 169 1137 204 XCVII.

221 246 296 274 Cum
318 245 489 274 excusasset
509 242 650 273 Jonathas
672 239 766 271 David
790 240 831 269 ad
850 241 966 277 patrem

185 300 295 328 suum,
315 292 407 321 iratus
430 291 501 321 Saul
524 290 667 319 adversus
688 287 846 317 Jonatham
868 287 963 316 dixit:

188 352 201 368 o
228 340 278 369 Fili
302 339 435 368 mulieris
461 338 560 367 virum
586 337 664 365 ultro
687 334 845 372 rapientis,
870 344 884 362 u
910 336 964 363 etc.

185 389 194 416 l
208 390 285 423 Rea„
299 396 350 422 xx,
366 388 410 415 30-

220 435 303 464 Venit
325 434 425 463 Achab
444 441 495 462 rex
514 432 603 462 lsrael
621 431 653 460 in
673 431 799 459 domum
819 437 906 457 suam
920 428 966 456 in-

185 483 326 519 dignans,
343 484 370 510 et
383 480 523 509 frendens
538 487 627 516 super
641 478 752 512 verbis,
769 485 835 513 quae
849 476 966 504 locutus

183 530 280 558 fuerat
294 529 333 558 ad
349 537 418 557 eum
432 527 549 556 Naboth
561 525 714 555 israelites.
731 525 763 554 Ill
775 526 852 559 Κεφ,
863 531 924 558 xxx,
937 524 963 551 4.

221 578 288 605 Post
302 575 389 604 facile
404 577 432 604 et
445 574 565 603 salubre
580 572 738 601 consilium
757 570 859 605 Ehsei,
874 570 966 598 iratus

183 626 315 653 Naaman
337 622 496 651 recedebat
524 621 647 649 dicens:
673 629 685 646 «
710 619 853 647 Putabam
881 616 966 654 quod

184 671 373 708 egrederetur
398 670 437 698 acl
463 677 529 704 me,
554 671 582 697 et
603 668 757 698 invocaret
779 673 891 694 nomen
915 664 964 693 Dei

183 718 246 753 sui,
261 721 337 746 nete.
354 719 388 746 1v
403 718 478 752 Κεφ,
497 725 525 752 v,
542 717 587 744 11.

219 765 332 794 Hanani
354 765 501 802 propheta
521 763 602 791 venit
622 762 662 790 ad
684 764 784 795 Asam,
809 760 965 796 increpans

183 821 263 846 eum,
279 812 350 849 quia
365 811 494 840 confisus
507 812 569 838 erat
580 810 610 838 in
624 809 765 838 Benadad
778 816 848 844 rege
859 807 963 844 Syriae,

183 861 334 896 iratusque
360 861 416 887 Asa
441 858 584 893 adversus
607 857 762 885 videntem
786 855 872 891 jussit
896 862 965 883 eum

183 907 258 936 mitti
272 907 303 935 in
316 914 453 935 nervum.
470 907 492 934 ll
509 906 612 937 Paral„
630 913 691 939 xV1,
707 905 752 932 10.

219 953 371 991 separavit
385 952 516 982 Amasias
531 952 707 986 exercitum,
723 951 775 987 qui
789 950 911 978 venerat
925 949 965 977 ad

183 1010 252 1031 eum
277 1009 314 1029 ex
337 1001 494 1037 Ephraim,
518 1008 574 1036 pro
594 1007 629 1027 eo
654 998 765 1026 scilicet
788 998 871 1034 quod
893 996 965 1024 mali

183 1050 276 1084 erant,
290 1056 345 1076 nee
366 1047 461 1075 voluit
478 1046 562 1083 quod
577 1054 679 1074 secum
693 1045 828 1073 venirent
848 1044 887 1072 ad
902 1044 964 1072 bel-

181 1097 260 1132 lum;
277 1097 306 1124 at
321 1095 365 1123 illi
380 1095 572 1123 vehementer
586 1093 651 1121 irati
665 1095 767 1121 contra
782 1092 899 1127 Judam,
914 1099 962 1119 re—

181 1144 258 1172 versi
273 1145 340 1171 sunt
354 1142 385 1170 in
400 1141 555 1177 regionem
571 1149 667 1168 suam.
682 1142 703 1168 ll
717 1141 823 1173 Paral„
836 1147 905 1174 xxv,
916 1139 961 1167 10.

218 1190 389 1219 Sacerdotes
404 1189 572 1225 arguebant
584 1188 682 1216 Oziam
696 1195 797 1222 regem
812 1187 898 1220 Juda,
913 1194 964 1214 vo-

180 1238 291 1266 lentem
309 1237 429 1265 adolere
449 1236 621 1264 incensum:
642 1235 794 1270 iratusque
819 1233 915 1267 ozias,
937 1234 965 1261 et

180 1286 283 1314 tenens
308 1283 511 1318 thuribulum,
531 1283 703 1311 minabatur
723 1281 792 1310 illis.
815 1282 836 1310 II
856 1282 964 1314 Perat„

181 1341 261 1367 xxm,
279 1333 323 1360 19.

218 1381 292 1408 Cum
308 1378 438 1407 audisset
456 1378 646 1413 sanaballat,
671 1377 754 1413 quod
769 1376 965 1405 aedificaretur

181 1435 284 1456 murus
303 1427 501 1460 Hierusalem,
523 1426 614 1453 iratus
636 1426 678 1453 est
697 1425 803 1459 valde,
823 1426 851 1452 et
866 1425 964 1452 motus

181 1474 270 1503 nimis
286 1473 481 1502 subsannavit
495 1472 623 1500 Judaeos.
640 1473 762 1504 Nehcm„
778 1480 817 1506 iv,
833 1473 858 1499 1.

217 1523 290 1550 Cum
318 1529 453 1549 reversus
482 1522 556 1548 esset
582 1518 781 1547 Sennacherib
809 1518 924 1553 fugiens
947 1526 965 1547 a

180 1569 256 1597 Juda
279 1568 417 1604 plagam,
439 1575 532 1603 quam
555 1566 664 1594 fecerat
688 1566 829 1593 Dominus
843 1567 965 1602 propter

180 1616 400 1652 blasphemiam
419 1623 504 1643 suam
514 1636 523 1650 ,
546 1614 637 1642 iratus
658 1613 769 1642 multos
788 1613 896 1641 occidit
914 1615 964 1641 Ju-

181 1663 271 1691 daeos.
293 1664 365 1695 Tob„
381 1671 401 1697 ι,
418 1664 462 1690 21.

216 1710 309 1738 Tobia
324 1710 439 1738 dicente
460 1709 497 1737 de
512 1709 603 1737 hoedo
621 1708 742 1736 halante
757 1717 763 1735 :
784 1717 796 1733 «
812 1707 912 1735 Videte
927 1715 964 1735 ne

180 1757 304 1785 furtivus
322 1757 373 1792 sit,
393 1768 407 1784 »
429 1758 503 1791 etc.;
519 1764 596 1784 uxor
614 1756 677 1791 ejus
696 1755 770 1782 irata
789 1754 963 1790 respondit:

184 1815 198 1831 «
214 1804 361 1832 Manifeste
379 1812 457 1832 vana
471 1804 549 1832 sacta
564 1805 606 1831 est
620 1811 687 1839 spes
702 1804 769 1836 tua,
786 1812 800 1829 u
816 1803 870 1829 etc.
888 1802 964 1835 Tob„

182 1860 216 1887 11,
236 1853 279 1879 22.

217 1899 387 1927 Nuntiatum
412 1900 454 1926 est
477 1897 673 1933 Holopherni,
699 1897 783 1932 quod
801 1897 855 1924 filii
877 1897 965 1925 lsrael

182 1948 385 1983 praepararent
407 1953 438 1973 sc
463 1945 503 1973 ad
527 1944 724 1972 resistendum
747 1944 788 1978 ei,
814 1945 842 1971 et
865 1943 964 1972 surore

182 1994 274 2022 nimio
295 1992 404 2021 exarsit
424 1992 456 2020 in
477 1991 664 2020 iracundiam
682 1998 835 2026 magnam.
850 1991 964 2025 Judith,

181 2049 209 2076 v,
223 2042 250 2068 a.

217 2089 290 2116 Cum
306 2087 430 2115 dixisset
445 2086 552 2114 Achior
566 2092 709 2120 magnam
724 2092 786 2112 csse
799 2084 964 2121 potentiam

183 2135 233 2164 Dei
247 2135 351 2168 lsrael,
371 2134 437 2162 irati
451 2135 520 2161 sunt
537 2133 690 2168 magnates
709 2132 921 2174 Holophernis,
938 2134 966 2160 et

183 2182 360 2218 cogitabant
373 2181 538 2208 interficere
559 2188 637 2208 eum.
654 2179 766 2211 Judz'th,
782 2187 812 2213 v,
827 2180 873 2207 26.

218 2231 291 2257 Cum
306 2228 435 2256 audisset
449 2230 560 2262 Aman,
580 2229 607 2255 et
622 2226 823 2262 experimento
839 2226 964 2261 probas-

182 2278 235 2310 set,
247 2275 331 2312 quod
347 2275 547 2303 Mardochaeus
561 2274 617 2301 sibi
633 2281 695 2301 non
711 2274 840 2301 flecteret
854 2281 963 2308 genua,

182 2332 237 2352 nec
252 2331 282 2351 se
298 2323 448 2356 adoraret,
464 2322 555 2350 iratus
571 2323 614 2349 est
627 2321 726 2349 valde.
744 2321 833 2352 Esth„
852 2328 894 2354 111,
910 2322 937 2348 5.

219 2373 312 2400 Iratus
332 2370 565 2405 indignatusque
584 2370 627 2396 est
640 2368 703 2396 Eliu
724 2368 835 2395 Buzites
856 2367 962 2395 adver-

183 2427 248 2446 sum
263 2418 330 2451 Job,
344 2425 380 2445 eo
396 2417 479 2453 quod
491 2417 605 2452 justum
617 2424 648 2444 se
664 2423 726 2444 esse
738 2415 848 2443 diceret
863 2423 964 2443 coram

183 2467 253 2500 Deo,
269 2468 322 2494 etc.
339 2466 402 2497 Job,
417 2473 508 2497 xxxii,
525 2467 552 2492 2.

219 2513 368 2549 Principes
390 2512 481 2546 Juda,
501 2512 637 2547 putantes
661 2512 744 2547 quod
767 2510 907 2540 Jeremias
920 2509 964 2538 fu-

185 2562 266 2595 geret
287 2560 325 2587 ad
347 2559 518 2592 Chaldaeos,
539 2558 605 2586 irati
626 2561 693 2586 sunt
711 2560 814 2586 contra
833 2566 919 2592 eum,
937 2559 965 2585 et

185 2615 294 2635 caesum
307 2606 451 2634 miserunt
462 2606 493 2634 in
503 2613 662 2634 carcerem.
673 2607 781 2637 Jerem„
794 2613 906 2640 xxxvii,
920 2606 962 2633 14.

228 2653 504 2683 Nabuchodonosor
536 2660 588 2680 rex
622 2653 828 2681 Chaldaeorum
857 2652 887 2681 in
921 2652 965 2681 ira

1746 176 1801 206 601

1023 246 1133 275 magna
1150 240 1305 277 praecepit,
1328 243 1361 270 ut
1383 241 1515 278 perirent
1533 248 1639 270 omnes
1658 241 1806 278 sapientes

1022 285 1194 323 Babylonis,
1205 295 1261 324 pro
1276 295 1313 316 eo
1329 287 1449 324 scilicet,
1460 288 1544 326 quod
1556 288 1708 317 somnium
1717 296 1806 317 suum

1023 340 1085 361 non
1107 335 1245 370 poterant
1264 336 1290 363 ei
1311 335 1453 364 indicare.
1469 337 1554 371 Dan„
1570 344 1600 364 ιι.
1616 336 1698 364 Idem
1717 336 1806 365 etiam

1023 381 1126 416 postea
1141 381 1172 409 in
1186 381 1286 410 furore
1302 384 1330 411 et
1344 382 1388 411 ira
1400 383 1551 420 praecepit,
1567 385 1600 412 ut
1613 385 1671 412 tres
1683 383 1739 412 viri
1754 383 1806 413 ad-

1024 427 1202 456 ducerentur
1217 429 1248 457 in
1263 431 1425 466 conspectu
1439 431 1518 466 ejus,
1535 432 1590 459 etc.
1606 432 1691 466 Dan„
1707 439 1750 460 111.

1058 475 1161 511 Arguit
1173 476 1314 504 Dominus
1329 478 1342 505 J
1345 485 1435 505 onam
1447 477 1638 514 prophetam,
1650 478 1721 515 quia
1733 478 1806 508 iras-

1023 522 1145 551 cebatur
1163 532 1253 560 super
1268 525 1391 553 hedera.
1407 526 1498 558 Joan„
1512 533 1552 554 ιν.

1058 570 1188 598 Audiens
1202 571 1363 600 Antiochus
1376 572 1480 609 praelia
1494 573 1590 609 Judae,
1607 574 1636 602 et
1649 572 1805 602 victoriam

1023 624 1115 653 quam
1130 617 1315 654 obtinuerat,
1333 619 1424 647 iratus
1445 621 1488 648 est
1504 621 1621 655 animo,
1637 621 1665 649 et
1680 628 1805 657 congre-

1022 664 1104 700 gavit
1118 665 1291 700 exercitum,
1313 667 1367 694 ete.
1385 667 1393 694 l
1410 668 1510 702 Mach.‚
1526 675 1568 702 111,
1584 669 1630 696 27.

1059 713 1180 739 Factum
1196 714 1251 745 est,
1269 720 1337 740 cum
1356 713 1493 742 audirent
1509 715 1610 750 gentes
1626 714 1697 751 quia
1711 714 1805 743 aerlifi-

1023 760 1121 786 catum
1145 761 1187 786 est
1212 759 1303 787 altare
1330 761 1358 787 et
1380 761 1582 789 sanctuarium
1606 761 1680 790 sicut
1706 761 1804 798 prius,

1021 805 1102 834 iratae
1117 808 1184 834 sunt
1198 806 1298 835 valde.
1315 808 1324 835 1
1341 808 1442 841 Mach.‚
1457 816 1484 840 v,
1503 810 1530 836 1.

1057 855 1192 882 Tortores
1207 853 1347 888 Eleazari,
1359 854 1513 883 audientes
1528 855 1620 883 verba
1636 856 1807 884 constantiae

1021 899 1131 936 ipsius,
1146 900 1177 928 in
1199 900 1272 929 iram
1288 902 1365 929 versi
1384 903 1469 937 sunt,
1485 902 1537 939 qui
1554 902 1646 939 paulo
1662 905 1729 931 ante
1743 902 1806 931 fue-

1020 950 1087 976 rant
1102 949 1243 977 mitiores.
1260 952 1281 978 11
1297 950 1402 985 Mach.‚
1418 959 1457 979 v1.

1058 997 1124 1024 Post
1143 997 1260 1033 septimi
1279 997 1376 1026 fratris
1390 999 1498 1032 verba,
1515 1007 1567 1027 rex
1582 999 1743 1028 Antiochus
1758 1007 1806 1028 ae-

1021 1050 1126 1072 census
1146 1044 1188 1072 ira
1203 1045 1235 1072 in
1250 1044 1336 1073 illum
1352 1054 1442 1082 super
1464 1055 1568 1075 omnes
1587 1047 1739 1076 crudelius
1754 1047 1807 1076 de-

1020 1091 1122 1119 saeviit.
1140 1093 1161 1119 li
1176 1093 1279 1127 Mach.‚
1294 1101 1352 1127 vn,
1369 1095 1414 1122 39.

1056 1138 1164 1166 Videns
1179 1139 1350 1176 Antiochus,
1368 1141 1451 1177 quod
1465 1148 1527 1169 non
1542 1142 1658 1178 poterat
1676 1141 1806 1178 spoliare

1021 1186 1202 1222 Persepolim
1227 1187 1390 1222 civitatem,
1412 1188 1505 1216 elatus
1527 1188 1558 1216 in
1582 1189 1659 1217 iram
1681 1189 1807 1217 arbitra-

1020 1232 1108 1261 batur
1128 1241 1159 1261 se
1181 1233 1322 1269 injuriam
1344 1235 1481 1269 illorum⁷
1503 1235 1554 1271 qui
1574 1244 1604 1264 se
1619 1235 1805 1271 fugaverant,

1020 1288 1109 1316 posse
1124 1280 1155 1307 in
1170 1281 1288 1309 Judaeos
1302 1284 1486 1318 retorquere.
1503 1284 1524 1311 ll
1540 1283 1641 1318 Mach.‚
1657 1291 1699 1317 ix,
1714 1284 1742 1310 4.

1057 1327 1203 1362 Herodes,
1219 1328 1326 1356 videns
1341 1330 1424 1365 quod
1440 1330 1546 1358 illusus
1568 1332 1642 1357 esset
1656 1338 1673 1358 a
1692 1329 1804 1365 magis,

1020 1373 1111 1402 iratus
1127 1376 1169 1402 est
1188 1375 1293 1409 valde,
1312 1378 1340 1404 et
1359 1377 1476 1404 mittens
1492 1376 1600 1405 occidit
1615 1385 1719 1405 omnes
1732 1384 1806 1413 pue-

1020 1429 1079 1456 rOS,
1097 1423 1151 1449 etc.
1168 1423 1279 1455 Matth„
1298 1431 1330 1458 11,
1348 1425 1390 1451 16.

1057 1469 1130 1496 Cum
1153 1469 1303 1497 audissent
1335 1470 1378 1498 illi
1409 1471 1446 1499 de
1475 1472 1617 1500 Nazareth
1645 1471 1804 1500 Dominum

1021 1516 1169 1544 dicentem
1187 1525 1193 1544 :
1218 1527 1231 1543 «
1253 1519 1344 1545 Nemo
1369 1518 1516 1554 propheta
1545 1520 1683 1555 acceptus
1708 1521 1751 1548 est
1774 1520 1806 1548 in

1020 1563 1116 1599 patria
1128 1571 1192 1599 sua,
1202 1573 1215 1589 »
1230 1565 1296 1599 etc.‚
1313 1565 1446 1601 sequitur
1459 1574 1484 1592 :<‹
1495 1566 1609 1602 Repleti
1620 1568 1688 1595 sunt
1703 1574 1806 1595 omnes

1020 1609 1051 1638 in
1065 1618 1223 1646 synagoga
1240 1612 1294 1645 ira,
1312 1622 1324 1638 »
1343 1615 1397 1640 etc.
1415 1614 1492 1647 Luc„
1507 1621 1546 1647 iv,
1561 1614 1606 1641 28.

1057 1658 1224 1686 Demetrius
1245 1659 1370 1695 quidam
1391 1660 1576 1695 argentarius
1596 1660 1706 1688 faciens
1727 1660 1806 1689 aedes

1021 1707 1176 1739 argenteas
1198 1706 1295 1734 Dianae
1306 1727 1314 1741 ‚
1339 1707 1511 1734 convocatis
1539 1707 1698 1743 opificibus
1726 1708 1805 1737 illius

1021 1751 1104 1786 artis,
1124 1752 1199 1780 dixit
1217 1753 1299 1789 quod
1315 1753 1422 1781 Paulus
1437 1754 1589 1782 avertebat
1604 1755 1730 1783 multam
1745 1757 1806 1783 tur-

1020 1798 1090 1826 bam
1106 1799 1227 1828 dicens:
1249 1810 1262 1826 «
1276 1801 1424 1834 Quoniam
1440 1809 1501 1829 non
1516 1804 1584 1830 sunt
1599 1802 1658 1836 dii,
1673 1803 1724 1838 qui
1741 1810 1805 1830 ma-

1020 1846 1109 1874 nibus
1122 1846 1207 1882 fiunt,
1222 1857 1235 1873 »
1250 1849 1304 1875 etc.
1323 1848 1358 1875 lis
1372 1849 1473 1876 autem
1488 1848 1605 1885 auditis,
1620 1849 1726 1886 repleti
1738 1850 1806 1878 sunt
1837 1847 1839 1850 ’

1020 1893 1074 1928 ira,
1090 1895 1144 1922 etc.
1160 1895 1232 1927 Act„
1249 1903 1310 1929 mx,
1326 1896 1370 1922 28.

1209 2008 1394 2042 CAPUT
1434 2009 1611 2044 XCVII.

1302 2096 1340 2123 De.
1359 2095 1522 2124 humilitate.

1057 2176 1133 2204 Dixit
1153 2177 1284 2212 Angelus
1303 2178 1343 2206 ad
1363 2181 1459 2214 Agar:
1479 2189 1493 2206 «
1510 2180 1665 2208 Revertere
1685 2179 1725 2208 ad
1749 2180 1803 2208 do-

1020 2224 1134 2252 minam
1149 2225 1230 2252 tuam
1240 2246 1248 2259 ,
1265 2226 1294 2253 et
1307 2224 1466 2254 humiliare
1487 2227 1543 2255 sub
1558 2234 1651 2255 manu
1667 2227 1769 2264 ipsius.
1785 2238 1799 2254 ι»

1023 2272 1100 2304 Gen„
1116 2280 1176 2306 XVI,
1191 2273 1218 2300 9.

1057 2319 1210 2347 llumiliter
1232 2320 1414 2356 loquebatur
1439 2321 1591 2350 Abraham
1612 2321 1737 2350 Domino
1759 2321 1803 2349 di-

1021 2374 1090 2394 cens
1105 2375 1112 2394 :
1131 2376 1144 2392 α
1160 2368 1278 2403 Loquar
1293 2368 1332 2395 ad
1349 2368 1508 2396 Dominum
1524 2377 1641 2404 meum,
1660 2377 1728 2397 cum
1745 2368 1802 2397 sim

1020 2413 1119 2450 pulvis
1142 2416 1171 2442 et
1185 2414 1268 2442 cinis.
1286 2425 1299 2441 »
1319 2416 1398 2450 Gen„
1410 2424 1494 2450 xvni,
1509 2417 1554 2444 27.
1787 2450 1789 2453 ¹

1056 2461 1178 2490 Multum
1198 2462 1366 2490 humiliavit
1382 2471 1412 2490 se
1433 2463 1524 2490 Jacob
1544 2470 1646 2490 coram
1662 2464 1752 2498 Esau,
1774 2464 1803 2491 et

1020 2507 1060 2536 sic
1076 2508 1258 2544 compescuit
1271 2509 1347 2537 iram
1363 2510 1436 2545 ejus.
1455 2510 1533 2544 Gen„
1548 2518 1651 2538 xxxni.

1056 2555 1218 2591 Quinquies
1237 2557 1366 2592 Moyses,
1383 2558 1543 2592 antequam
1562 2557 1651 2585 vellet
1669 2557 1801 2593 recipere

1021 2603 1163 2631 ducatum
1182 2603 1301 2639 populi,
1322 2612 1413 2639 quem
1433 2604 1573 2632 Dominus
1590 2607 1690 2632 tamen
1703 2603 1802 2640 impo-

1020 2650 1109 2679 nebat
1122 2649 1160 2684 ei,
1171 2650 1284 2686 renuit3
1296 2658 1351 2679 nec
1362 2650 1522 2687 acquievit,
1534 2650 1631 2682 donec
1642 2651 1802 2680 Dominum
