2004 3037
708 209 795 242 CAP.
819 208 872 240 111.
896 206 1117 240 PARTIGULA
1139 208 1178 239 ΙΙ.
1714 208 1747 237 31

139 280 184 308 cet
197 280 311 307 mentes
325 279 468 315 angelicae
483 280 511 308 et
521 279 674 312 humanae,
689 277 791 305 locum
805 275 919 305 habent

138 327 295 364 proprium
305 348 314 362 ,
338 334 402 356 non
420 326 460 356 ad
477 326 570 354 instar
585 324 788 362 corporalium
803 323 920 352 dimen-

140 374 258 403 sionum
269 396 278 410 ,
296 375 349 403 sed
363 382 423 403 suae
437 372 670 408 contendentioe,
687 373 716 400 et
732 379 769 400 ne
783 370 919 406 redigan-

140 422 187 450 tur
205 422 236 450 in
255 421 401 456 nihilum,
422 421 488 457 ipsa
502 428 556 448 sua
570 419 693 448 dextera
708 417 918 447 continentem.

141 468 220 497 Sicut
239 468 319 497 enim
336 475 445 504 corpus
466 467 581 495 ratione
606 474 666 494 suae
690 464 921 502 ponderositatis

142 515 239 543 statim
254 515 294 543 ad
307 515 425 549 locum,
440 515 473 542 ut
486 514 518 542 in
532 514 597 550 ipso
614 513 767 550 quiescat,
784 510 923 540 naturali-

142 563 186 590 ter
200 561 392 598 deportatur;
413 561 454 589 sic
475 569 579 596 mens,
600 560 696 588 donec
710 558 838 596 perfecte
853 565 923 586 con-

143 608 265 644 stringat
278 608 375 643 illum,
391 607 440 644 qui
454 615 509 636 sua
521 607 663 643 dignitate
678 614 740 634 non
752 607 850 642 potest
861 612 924 633 non

143 655 264 691 appeti,
289 663 343 691 per
368 654 489 691 pondus
513 654 623 682 amoris
648 662 744 690 usque
768 653 807 681 ad
831 652 924 689 ipsius

145 702 287 730 unionem
301 702 436 738 superius
450 701 614 735 collocata,
633 701 695 729 sine
710 700 808 737 quiete
825 707 904 735 vaga
914 720 922 734 ,

145 749 207 777 sine
221 749 380 777 refectione
394 749 532 777 famelica
545 748 749 783 mendicabit,
765 748 925 784 quantum-

146 804 274 833 cumque
289 796 435 824 extraneis
456 796 569 824 deliciis
588 795 636 823 vel
655 795 823 823 honoribus
838 801 926 822 occu-

145 845 242 880 petur,
262 845 362 871 tamen
384 843 552 871 nullatenus
574 842 739 877 satiabitur,
756 842 811 870 nisi
828 842 925 876 illum,

147 890 231 926 cujus
252 890 395 918 naturalis
416 892 458 917 est
478 890 598 925 imago,
621 889 720 925 ipsum
738 897 792 924 per
811 890 928 916 contac-

148 939 211 965 tum
228 937 338 965 amoris
349 959 358 972 ,
375 945 466 973 quem
479 937 601 964 unicum
615 936 787 968 naturaliter
801 936 928 972 appetit,

147 983 236 1011 fuerit
250 986 399 1018 assecuta,
420 985 448 1011 et
466 983 522 1011 nisi
536 983 568 1011 in
582 983 667 1018 signo
679 983 759 1019 jugis
778 983 883 1011 laetitiae
898 983 929 1010 in

147 1029 213 1066 ipsa
225 1038 255 1058 se
269 1032 443 1066 praesentem
459 1030 626 1065 annuntiet,
639 1030 746 1058 mentis
758 1031 930 1066 importuna

148 1077 300 1105 tendentia
313 1085 375 1105 non
390 1077 524 1113 quiescit.
540 1080 573 1105 Et
587 1078 644 1105 hoc
657 1078 688 1105 in
702 1078 823 1106 ‚loannis
838 1080 930 1106 Evan-

150 1125 228 1160 gelio
243 1125 424 1152 insinuatum
443 1124 590 1152 habemus
605 1133 623 1152 a
638 1124 741 1152 divino
758 1127 841 1153 Petro
853 1146 862 1160 ,
879 1133 931 1153 cae-

149 1172 218 1200 teris
240 1172 410 1200 amantibus
434 1172 587 1200 ardentius
601 1172 643 1199 sic
658 1172 772 1200 dicente
800 1173 932 1208 (viderat

151 1219 231 1246 enim
246 1219 358 1255 ubique
376 1219 510 1255 inopiam
521 1241 530 1254 ,
552 1221 579 1247 et
599 1219 628 1247 in
644 1220 709 1255 ipso
726 1219 790 1247 solo
802 1241 810 1254 ,
827 1220 873 1247 cui
888 1220 932 1247 10-

151 1266 300 1302 quebatur
314 1266 548 1302 praesentialiter,
565 1266 726 1302 perfectam
742 1267 873 1302 quietem
887 1267 932 1294 in-

152 1312 284 1346 veniens,
301 1312 384 1348 dicit)
397 1314 421 1341 ¹:
438 1314 559 1347 Domine,
576 1314 612 1341 ad
627 1322 704 1348 quem
718 1315 839 1341 ibimus?
853 1315 933 1341 verba

151 1362 217 1388 vitoe
231 1362 336 1388 aeternoe
350 1361 438 1388 habes.
463 1363 603 1388 Dominum
622 1363 727 1397 vocat,
745 1362 815 1398 quia
833 1362 931 1398 ipsum

154 1407 233 1442 colit,
244 1408 326 1435 omni
339 1408 502 1444 postposita
516 1410 659 1436 creatura.
677 1411 772 1437 Potest
785 1410 864 1437 enim
879 1417 932 1444 ap-

153 1453 265 1490 pellare
281 1457 424 1482 Dominum
436 1477 444 1490 ,
467 1463 536 1482 cum
555 1464 640 1483 amor
654 1464 716 1483 non
732 1456 881 1484 derivetur
895 1456 934 1483 ad

155 1500 258 1535 aliud,
280 1502 332 1529 sed
351 1504 538 1530 convertatur
558 1502 597 1529 ad
617 1502 715 1538 ipsum
727 1523 735 1537 ,
758 1511 775 1530 a
795 1511 854 1538 quo
871 1505 934 1530 tan-

157 1555 249 1583 quam
270 1555 288 1575 a
306 1548 386 1576 fonte
405 1548 637 1584 primordialiter
658 1550 816 1577 emanavit.
840 1551 873 1577 Et
893 1550 935 1577 sic

157 1593 247 1621 dicit:
271 1595 317 1621 Ad
338 1603 414 1629 quem
435 1596 559 1623 ibimus?
582 1596 677 1629 Quare
698 1604 769 1624 vero
785 1604 847 1623 non
862 1598 937 1623 esset

156 1641 359 1669 recedendum
373 1642 412 1669 ab
428 1650 463 1669 eo
473 1663 482 1676 ,
500 1642 530 1669 in
545 1651 674 1678 persona
689 1643 854 1670 amantium
869 1643 937 1670 sub-

158 1687 232 1715 dens
247 1688 481 1716 efficacissimam
496 1689 642 1717 rationem
657 1699 663 1716 :
682 1690 768 1717 Verba
782 1692 845 1717 vitoe
860 1693 937 1717 oetm’-

158 1743 199 1762 uae
214 1735 293 1762 habes
307 1745 315 1762 :
338 1743 399 1763 non
416 1736 508 1763 verba
522 1736 582 1764 oris
597 1737 740 1771 exterius,
764 1736 817 1764 sed
832 1737 937 1764 mentis

158 1782 298 1816 interius,
320 1784 383 1810 tuas
400 1782 604 1810 distillationes
619 1783 812 1819 multiloquas
828 1784 938 1811 immit-

159 1829 249 1856 tendo
261 1850 269 1863 ,
290 1829 399 1865 quibus
413 1829 507 1857 multo
528 1829 676 1857 efficacius
686 1852 695 1865 ,
717 1839 808 1866 quam
823 1839 876 1866 per
892 1839 938 1858 ar-

161 1878 321 1911 gumenta,
343 1876 392 1904 vel
413 1878 581 1911 creaturas,
602 1877 651 1904 vel
667 1886 863 1914 quaecumque
880 1878 939 1906 alia

160 1922 253 1950 verba
263 1944 272 1957 ,
288 1922 354 1950 vitae
369 1925 483 1951 aeternae
498 1923 649 1958 incognita
662 1924 772 1959 gaudia
787 1925 844 1951 tuis
859 1933 940 1952 ama-

161 1969 275 1997 toribus
293 1970 462 1998 manifestas
473 1992 481 2005 ,
502 1972 535 1997 ut
552 1970 618 2006 ipsa
636 1971 792 1999 sentientes
804 1993 811 2006 ,
838 1979 941 1999 secun-

163 2015 236 2043 dum
259 2016 395 2043 divinum
418 2017 594 2053 Apostolum
613 2016 633 2050 ²,
657 2020 761 2046 caetera
787 2018 888 2046 onmia
911 2021 942 2045 ut

163 2064 280 2089 stercora
294 2065 448 2098 reputent,
465 2066 495 2090 ut
511 2066 536 2091 te
551 2064 745 2092 lucrifaciant.

199 2110 309 2142 Quarto
319 2131 328 2144 ,
345 2112 479 2145 respectu
493 2110 693 2138 rationalium.
716 2113 789 2138 Cum
804 2112 943 2139 naturali-

163 2157 207 2183 ter
231 2155 331 2183 anima
361 2156 527 2184 secundum
551 2165 619 2184 suas
648 2158 793 2192 potentias
819 2158 942 2193 obJ'eclis

165 2203 399 2238 competentibus
413 2203 523 2239 perfrui
540 2203 705 2238 desideret,
722 2204 831 2232 scilicet
847 2204 885 2231 ad
900 2212 943 2231 ar-

166 2248 260 2276 duum
271 2271 279 2284 ,
299 2257 404 2277 verum
420 2252 447 2277 et
460 2250 635 2278 delectabile
655 2251 782 2286 aspiret,
799 2260 828 2278 se
845 2253 941 2278 exten-

167 2295 267 2323 dendo
288 2296 442 2331 superiuS,
463 2299 496 2324 ut
516 2297 559 2324 illi
580 2297 724 2325 ineffabili
739 2297 867 2332 uniatur,
892 2298 943 2334 qui

167 2344 209 2369 est
230 2351 347 2370 summa
366 2344 522 2378 maJestas,
544 2344 797 2372 incommutabilis
817 2345 923 2372 veritas
935 2366 943 2379 ,

168 2391 196 2415 et
209 2389 382 2417 indeficiens
394 2390 511 2417 bonitas
523 2400 530 2425 3
547 2390 584 2418 de
599 2391 659 2418 istis
671 2391 801 2419 breviter
815 2393 945 2427 pertran-

168 2443 218 2463 seo
230 2457 238 2470 ,
260 2436 331 2471 quia
350 2436 387 2463 de
406 2436 452 2463 his
473 2436 593 2464 inferius
615 2440 729 2473 oportet
747 2438 944 2465 determinare

168 2482 322 2518 prolixius.
338 2484 447 2510 Tamen
470 2483 509 2510 ad
527 2492 654 2519 praesens
669 2485 709 2512 sic
724 2493 826 2512 veram
846 2485 946 2512 ardui-

169 2530 257 2557 tatem
272 2530 433 2557 increatam
448 2538 510 2558 esse
525 2531 625 2559 anima
640 2540 700 2559 non
715 2534 830 2568 reputet
844 2533 873 2559 in
890 2533 945 2567 cis,

170 2576 201 2603 in
223 2577 333 2612 quibus
355 2579 630 2614 quantumcumque
652 2579 717 2606 aliis
740 2579 947 2615 praeexcellens

205 2641 210 2653 ¹
226 2639 306 2669 loon„
323 2645 357 2670 v1,
373 2641 411 2664 69.
429 2653 460 2658 —-
473 2641 483 2656 ²
500 2640 604 2671 Philip„
621 2647 661 2672 111,
677 2642 699 2665 8.
714 2655 745 2659 —
765 2642 775 2658 ³
791 2643 872 2673 loun„
890 2648 947 2672 vm,

173 2675 212 2699 36.
228 2688 257 2692 -
271 2676 282 2692 ⁶
296 2675 369 2705 thid„
384 2681 438 2705 xvi,
454 2677 491 2700 33.
509 2689 538 2694 -—
553 2677 587 2707 (α)
604 2676 660 2707 Leq.
676 2677 763 2701 libera.

974 274 1130 303 altioribus
1137 275 1304 304 honoribus
1316 276 1459 311 elevetur,
1474 275 1570 311 ipsam
1582 281 1701 302 necesse
1712 274 1755 300 est

975 323 1036 349 tam
1051 322 1166 357 mentis,
1181 331 1273 359 quam
1285 323 1431 360 corporis,
1446 324 1479 351 ut
1491 321 1667 350 sensibiliter
1676 328 1756 348 com·

974 368 1156 405 probamus,
1170 370 1351 398 mendicitati
1367 372 1395 398 et
1408 368 1586 405 subjectioni
1600 367 1756 403 multiplici

976 415 1142 451 subjacere.
1158 416 1214 444 Sed
1228 418 1298 445 tunc
1312 417 1410 445 solum
1425 424 1509 444 mens
1524 415 1554 443 in
1570 415 1693 443 obtentu
1709 421 1758 441 ve-

976 469 1016 490 rae
1036 462 1189 491 arduitatis
1208 464 1396 499 congaudet,
1418 465 1530 499 quanto
1549 470 1603 498 per
1622 461 1757 489 intimam

977 509 1087 537 amoris
1100 509 1244 538 unionem
1259 512 1341 539 tanta
1355 510 1489 538 libertate
1503 509 1674 545 perfruitur,
1693 515 1759 544 quoe

978 564 1039 584 non
1057 559 1155 593 potest
1173 557 1331 593 cognosci,
1353 557 1406 585 nisi
1429 556 1468 584 ab
1491 556 1567 591 illis,
1591 556 1642 592 qui
1664 555 1759 591 ipsam

979 604 1203 642 experimentali
1219 604 1323 632 notitia
1336 603 1544 640 praesentiunt,
1559 605 1591 630 ut
1603 602 1760 630 diabolum

978 660 1041 680 non
1053 652 1165 685 timeat,
1180 651 1338 679 mortalem
1350 650 1504 679 hominem
1516 649 1685 677 nullatenus
1696 656 1761 684 per-

980 699 1124 733 timescat,
1139 700 1171 726 ut
1183 698 1319 726 stimulos
1330 705 1426 735 poenae
1438 699 1554 725 aeternae
1566 704 1627 724 non
1640 695 1758 730 sentiat3

980 748 1012 774 ut
1025 745 1243 782 susceptionem
1262 745 1365 773 mortis
1382 743 1591 780 amplectendo
1612 742 1760 778 gaudeat,

980 795 1013 821 ut
1027 801 1093 829 quae
1113 792 1284 820 immediate
1304 800 1358 829 per
1371 799 1474 819 veram
1497 790 1662 819 unitionem
1676 790 1761 817 Crea-

982 840 1037 868 tori
1052 840 1175 876 proprio
1192 848 1222 868 se
1235 839 1370 875 subjecit,
1387 839 1416 866 in
1434 838 1574 866 omnibus
1586 837 1712 865 liberam
1725 835 1759 872 (a)

982 886 1075 923 ipsius
1097 887 1328 923 promissionem
1352 887 1562 922 consequatur,
1587 883 1712 912 dicentis
1732 882 1763 910 in

984 935 1095 961 Joanne
1105 934 1115 950 ³
1130 943 1136 960 :
1151 934 1183 961 Si
1197 935 1285 961 Filius
1303 935 1352 961 Dei
1366 941 1412 961 vos
1427 933 1594 966 liberaverit,
1610 939 1670 958 vere
1686 930 1764 957 liberi

984 982 1072 1008 eritis.
1084 982 1163 1008 Tunc
1173 981 1252 1008 enim
1264 988 1333 1008 vere
1344 980 1433 1008 Filius
1444 979 1493 1007 Dei
1508 979 1624 1013 liberat,
1641 976 1764 1014 quando

986 1029 1138 1056 dexteram
1160 1028 1271 1056 amoris
1295 1028 1390 1064 ipsam
1414 1027 1602 1055 extendendo
1621 1025 1764 1062 porrigit,

986 1079 1018 1105 ut
1034 1077 1090 1113 ipsi
1104 1077 1265 1111 inhaereat,
1289 1076 1372 1104 omni
1393 1077 1528 1103 creatura
1542 1074 1695 1110 supposita
1706 1095 1714 1108 ,
1738 1074 1766 1100 et

986 1124 1060 1152 nihil
1076 1124 1130 1152 sub
1147 1125 1205 1151 Deo
1226 1123 1344 1159 poenale
1368 1123 1479 1151 amanti
1498 1122 1529 1149 in
1549 1120 1669 1149 unitivis
1691 1120 1766 1148 desi-

988 1171 1077 1199 deriis
1092 1170 1272 1198 dominetur.
1288 1171 1320 1197 Et
1333 1170 1395 1197 haec
1411 1171 1453 1197 est
1467 1169 1541 1197 ratio
1553 1166 1640 1204 {quia
1655 1167 1686 1195 in
1699 1167 1766 1194 loco

988 1219 1050 1246 tuto
1064 1226 1118 1254 per
1132 1217 1307 1244 infixionem
1328 1216 1439 1244 amoris
1454 1224 1484 1243 se
1499 1215 1622 1243 firmiter
1637 1214 1766 1242 colloca-

988 1264 1049 1298 vit,
1073 1264 1148 1291 nihil
1171 1263 1255 1291 aliud
1269 1264 1351 1291 timet
1370 1263 1588 1296 extrinsecum,
1609 1269 1663 1289 nec
1680 1261 1768 1288 etiam

988 1312 1106 1348 ipsum,
1129 1311 1159 1338 in
1182 1319 1242 1347 quo
1263 1310 1396 1345 habitat,
1422 1318 1490 1337 cum
1514 1317 1598 1337 amor
1616 1308 1769 1336 familiaris

990 1359 1086 1386 minas
1101 1358 1198 1393 illius,
1216 1366 1307 1394 quem
1322 1357 1429 1393 diligit,
1444 1356 1513 1384 facit
1528 1355 1672 1384 oblivisci.
1688 1355 1769 1382 Unde

991 1405 1062 1433 dicit
1075 1405 1140 1441 ipsa
1159 1405 1264 1433 veritas
1282 1404 1313 1432 in
1328 1404 1480 1432 ioanne‘>:
1503 1405 1565 1431 Hoec
1588 1404 1690 1430 locutus
1711 1410 1770 1429 sum

990 1453 1066 1479 vobis
1077 1473 1086 1486 ,
1102 1454 1134 1479 ut
1149 1454 1178 1479 in
1193 1460 1234 1479 me
1247 1460 1340 1487 pacem
1362 1452 1499 1483 habeatis;
1515 1452 1545 1477 in
1562 1450 1663 1477 mundo
1678 1452 1767 1476 autem

988 1507 1144 1534 pressuram
1160 1499 1301 1526 habebitis.
1313 1500 1392 1526 Tunc
1406 1498 1485 1525 enim
1496 1496 1618 1533 quando
1631 1496 1771 1524 Dominus

992 1545 1083 1573 menti
1097 1545 1240 1581 loquitur,
1259 1547 1287 1572 et
1300 1545 1430 1581 seipsum
1445 1552 1499 1580 per
1513 1543 1712 1580 spiritualium
1726 1543 1772 1570 in-

992 1592 1161 1620 ssuitionum
1177 1591 1329 1627 colloquia
1342 1593 1517 1627 praesentem
1533 1591 1699 1624 denuntiat,
1715 1592 1771 1617 sta-

993 1639 1046 1666 tim
1060 1647 1119 1675 pax
1134 1638 1285 1674 sequitur,
1309 1638 1380 1674 quia
1395 1638 1457 1674 ipse
1473 1640 1514 1665 est
1529 1637 1567 1665 ab
1583 1637 1665 1665 omni
1681 1637 1772 1664 servi-

993 1688 1052 1713 tute
1074 1685 1215 1713 radicitus
1239 1685 1399 1719 liberatus,
1425 1684 1476 1720 qui
1501 1684 1590 1712 etiam
1610 1684 1773 1712 Altissimus

995 1732 1156 1761 mundanis
1168 1740 1339 1768 pressuram
1348 1731 1521 1759 habendam
1533 1731 1689 1767 promittit:
1703 1730 1774 1766 quia

995 1779 1121 1815 dignum
1140 1781 1202 1813 est,
1223 1781 1255 1806 ut
1277 1779 1328 1814 qui
1349 1777 1609 1806 venerandissimae
1630 1776 1774 1812 maJ‘estati

995 1827 1125 1862 seipsum
1140 1834 1194 1862 per
1211 1834 1346 1853 amorem
1366 1833 1471 1853 verum
1492 1833 1554 1853 non
1576 1824 1713 1859 subjicit,
1736 1823 1774 1851 ab

997 1873 1079 1901 omni
1103 1875 1236 1901 creatura
1260 1873 1369 1900 misera
1399 1872 1599 1905 conculcetur,
1623 1873 1656 1898 ut
1679 1870 1775 1898 omnis

997 1921 1131 1948 creatura
1147 1928 1234 1947 suum
1247 1919 1378 1947 vindicet
1393 1920 1573 1952 Creatorem,
1588 1918 1674 1945 illum
1688 1916 1776 1945 afflic-

997 1966 1077 1994 tione
1092 1966 1248 2002 multiplici
1261 1965 1468 1993 conculcando
1480 1986 1488 1999 ,
1505 1965 1555 2001 qui
1570 1964 1675 1992 nolens
1688 1964 1713 1991 ei
1724 1971 1777 1999 per

998 2021 1133 2041 amorem
1148 2013 1273 2048 subjici,
1297 2013 1455 2040 Dominum
1476 2012 1632 2048 proprium
1650 2010 1777 2038 derelin-

999 2069 1094 2096 quens
1105 2082 1113 2094 ,
1134 2063 1161 2088 et
1176 2060 1329 2087 adhaerens
1343 2059 1504 2087 vilitatibus
1520 2059 1584 2086 aliis
1595 2079 1604 2092 ,
1629 2057 1713 2093 quasi
1727 2057 1776 2084 ille

999 2116 1061 2135 non
1076 2108 1151 2134 esset
1162 2115 1250 2134 verus
1266 2108 1359 2139 Deus,
1379 2106 1545 2141 vilipendit.
1568 2105 1648 2131 Unde
1665 2105 1776 2139 quanto

999 2154 1099 2181 anima
1118 2154 1239 2180 inhaeret
1259 2161 1311 2188 per
1331 2153 1530 2180 ardentiorem
1553 2159 1687 2179 amorem
1711 2150 1777 2178 inti-

999 2201 1077 2228 mius
1099 2201 1177 2233 Deo,
1197 2200 1227 2226 in
1248 2201 1361 2226 tantum
1381 2199 1528 2226 efficacius
1547 2199 1585 2226 ab
1605 2198 1686 2226 omni
1707 2197 1778 2225 sub-

998 2247 1126 2282 jectione
1138 2246 1243 2281 libera,
1259 2246 1290 2273 in
1304 2254 1398 2282 regno
1410 2245 1534 2282 proprio
1548 2244 1663 2272 felicius
1675 2245 1779 2280 jucun-

1002 2294 1097 2321 datur.

1037 2341 1116 2368 Dicto
1134 2340 1217 2376 quod
1231 2340 1273 2368 ibi
1289 2342 1332 2368 est
1344 2348 1431 2368 verus
1445 2340 1543 2368 honor
1560 2340 1590 2368 in
1605 2340 1684 2368 illius
1700 2349 1780 2368 amo-

1001 2388 1041 2416 ris
1055 2387 1166 2415 unione
1181 2387 1343 2423 repositus,
1360 2387 1390 2414 in
1414 2395 1475 2423 quo
1496 2389 1538 2414 est
1560 2387 1649 2415 totius
1664 2388 1780 2422 subjec-

1002 2434 1089 2462 tionis
1111 2434 1238 2470 privatio
1249 2455 1258 2468 ,
1284 2434 1445 2462 dicendum
1471 2435 1626 2470 quomodo
1650 2435 1725 2462 ratio
1749 2434 1780 2461 in

1003 2481 1069 2517 ipso
1089 2481 1201 2509 invenit
1215 2481 1379 2508 veritatem.
1394 2481 1450 2509 Sed
1466 2481 1536 2517 quia
1550 2480 1703 2516 praesentis
1716 2475 1781 2516 spe*-

1004 2528 1160 2556 culationis
1176 2530 1232 2562 est,
1249 2528 1332 2564 quod
1347 2536 1417 2556 vera
1436 2528 1614 2555 illuminatio
1630 2535 1666 2555 ex
1680 2535 1781 2555 amore

1003 2575 1195 2612 relinquitur,
1215 2575 1283 2603 ideo
1306 2575 1468 2603 dicendum
1490 2577 1532 2602 est
1553 2574 1707 2610 quomodo
1728 2582 1782 2602 vo-

1004 2622 1101 2650 luntas
1127 2623 1157 2650 in
1180 2622 1260 2658 ipso,
1284 2624 1311 2650 et
1335 2631 1397 2650 non
1420 2622 1451 2649 in
1472 2622 1552 2656 ali0,
1572 2621 1782 2656 perfectissime

1006 2670 1136 2705 satietur,
1151 2677 1220 2696 cum
1243 2669 1282 2696 ad
1305 2669 1397 2705 ipsius
1416 2667 1582 2704 pertigerit,
1597 2668 1628 2695 in
1645 2668 1782 2704 praesenti
