2004 3037
867 231 997 265 CAPUT
1018 233 1098 266 XVI.

162 299 204 330 ris
224 299 299 329 mihi
318 306 423 330 sexum
435 299 570 336 virilem,
586 299 668 330 dabo
682 306 752 329 eum
771 299 908 330 Domino.
924 310 939 329 n

162 348 173 376 ῐ
187 348 266 383 Re9„
279 355 299 376 1.

197 395 331 424 Absalon
354 395 459 424 volens
482 394 630 424 rebellare
652 402 706 423 suo
728 394 806 432 patri
828 395 940 432 David,

163 442 236 471 dixit
250 451 257 471 :
276 453 291 469 ιι
303 444 411 471 Votum
427 443 509 471 vovit
523 450 626 470 servus
639 443 717 477 tuus,
733 450 800 470 cum
822 444 897 471 esset
910 442 942 471 in

161 491 259 518 Jessur
271 489 320 526 (a),
336 489 438 518 dicens
454 498 461 517 :
477 489 505 517 Si
520 489 672 518 reduxerit
685 497 733 517 me
757 489 897 517 Dominus
910 489 941 518 in

161 536 356 571 Hierusalem,
372 536 546 565 sacrificabo
561 536 698 564 Domino.
712 547 725 563 »
744 537 765 565 ll
779 538 857 572 Rea„
872 545 920 565 xv.

165 581 167 583 ’
196 586 253 613 Asa
266 592 320 612 rex
334 584 409 612 suda
420 591 466 618 ea,
481 592 547 620 quae
559 585 681 612 voverat
693 585 777 620 pater
792 592 874 619 suuS,
887 584 941 612 ob-

161 631 227 662 tulit
249 632 280 660 in
296 632 421 660 domum
444 631 571 667 Domini,
595 634 751 667 argentum
775 633 804 661 et
821 640 939 667 aurum,

160 687 363 716 vasorumque
385 679 536 707 diversam
565 679 790 716 supellectilem.
812 680 834 709 Il
854 680 940 708 Para-

160 727 223 764 lip..
235 734 284 756 xv.

194 775 318 804 Laetatus
333 775 375 802 est
383 773 526 810 populus,
538 782 607 802 cum
621 775 691 802 vota
701 775 806 811 sponte
815 775 938 810 promit-

158 822 242 856 teret,
263 821 335 858 quia
350 822 441 850 corde
463 823 524 850 toto
543 821 711 850 offerebant
733 830 768 850 ca
790 822 936 858 Domin03

157 868 211 897 sed
225 871 253 896 et
267 869 361 896 David
375 877 429 897 rex
442 869 555 897 laetatus
571 871 622 897 est.
640 870 649 897 1
664 870 802 905 Paralz'p„
816 877 894 897 xxix.

194 915 258 944 Filii
278 916 367 944 lsrael
381 916 418 944 de
432 916 509 944 Juda
524 916 697 944 obtulerunt
715 916 847 945 decimas
862 924 938 953 quas

157 964 302 990 voverant
316 963 453 991 Domino.
468 964 490 991 11
505 965 641 999 Paralip„
654 971 733 992 xxxi.
938 962 940 964 ’

193 1010 255 1037 Rex
269 1011 437 1038 Artaxerses
448 1011 589 1047 praecepit
603 1011 710 1046 Esdrae,
726 1012 754 1039 et
762 1010 889 1047 populo,
904 1011 937 1039 ut

158 1054 278 1084 offerret
288 1064 415 1085 munera
429 1057 555 1085 Domino
575 1059 634 1086 Deo
649 1057 748 1093 lsrael,
765 1066 831 1094 quae
845 1065 937 1086 vove-

157 1105 222 1130 rant
235 1103 297 1139 ipse
307 1105 335 1131 et
345 1104 432 1132 amici
440 1104 470 1132 in
481 1104 516 1141 (b)
525 1105 716 1133 Hierusalem.
725 1106 758 1133 lll
769 1105 859 1139 Esdr„
870 1112 935 1134 vni.

192 1151 294 1179 Omnis
307 1151 439 1187 populus
451 1153 520 1187 post
530 1151 685 1180 victoriam
699 1152 781 1180 venit
790 1149 821 1179 in
835 1152 937 1180 Hieru-

155 1197 248 1225 salem
270 1198 397 1226 adorare
420 1199 589 1234 Dominum,
615 1199 644 1227 et
658 1199 829 1227 obtulerunt
848 1198 935 1227 holo-

155 1247 256 1273 causta
264 1247 292 1273 et
305 1247 386 1280 vota,
401 1246 651 1282 etpromissiones
662 1254 739 1274 suas.
749 1246 860 1280 Judz'th,
875 1253 933 1275 xvi.

190 1292 249 1319 Viri
258 1292 310 1328 qui
323 1295 406 1320 erant
417 1293 448 1320 in
457 1293 538 1327 navi,
550 1293 603 1321 ubi
614 1292 669 1321 fuit
678 1294 766 1321 Jonas
775 1293 933 1329 propheta,

158 1348 172 1365 (ι
185 1338 347 1368 timuerunt
360 1340 465 1368 timore
480 1348 593 1376 magno
603 1340 773 1376 Dominum,
788 1342 817 1369 et
828 1340 934 1369 immo-

154 1386 291 1416 laverunt
312 1387 424 1416 hostias
443 1388 582 1424 Domino,
603 1389 632 1417 et
652 1389 798 1417 voverunt
820 1389 898 1417 vota.
915 1397 930 1415 ›>

152 1434 225 1469 Ion„
237 1442 258 1463 1.

188 1482 364 1512 Heliodorus
373 1483 479 1512 volens
490 1483 627 1511 aerarium
638 1482 780 1520 spoliare,
796 1484 824 1511 et
839 1483 932 1519 depo-

153 1528 208 1558 sita
219 1529 256 1558 de
271 1529 383 1567 templo
399 1530 525 1565 auferre,
537 1530 706 1558 suitvirtute
721 1530 824 1558 divina
838 1530 933 1566 gravi-

153 1578 196 1604 ter
210 1577 397 1612 ssagellatus3
422 1577 531 1605 deinde
545 1578 666 1606 sanatus
687 1585 742 1613 per
766 1578 932 1606 orationem

152 1624 242 1658 Oniae,
260 1635 274 1650 «
288 1623 384 1652 hostia
398 1626 457 1652 Deo
472 1624 588 1660 oblata,
606 1627 633 1653 et
645 1625 723 1652 votis
737 1625 853 1661 magnis
864 1633 932 1661 pro-

151 1671 258 1706 missis,
276 1681 291 1697 »
307 1672 462 1708 repedavit
477 1672 515 1700 ad
529 1680 640 1707 regem.
656 1673 678 1700 ll
695 1673 794 1707 Mach„
806 1680 847 1700 111.

186 1719 347 1754 Postquam
357 1727 513 1754 percussus
526 1719 607 1747 suita
617 1720 676 1747 Deo
690 1719 851 1747 Antiochus
865 1727 932 1755 gra-

150 1764 272 1793 vissima
282 1767 310 1794 et
324 1765 484 1794 insanabili
494 1766 595 1802 plaga,
605 1766 756 1802 pollicitus
770 1769 813 1795 est
823 1766 931 1795 Judaeis

149 1814 178 1841 et
191 1812 302 1848 templo
324 1812 599 1850 Hierosolymorum
617 1813 767 1842 mirabilia
790 1821 821 1841 se
835 1813 930 1842 faetu-

148 1865 225 1886 rum.
241 1860 262 1887 ll
277 1859 379 1892 Maca„
395 1867 434 1887 ix.

184 1907 273 1934 Beato
287 1906 376 1941 Virgo
392 1905 483 1934 Maria
495 1906 696 1942 virginitatem
709 1908 827 1936 vovisse
847 1908 929 1936 vide-

148 1953 205 1988 tur,
220 1961 274 1989 per
294 1953 352 1981 hoc
367 1953 451 1989 quod
466 1953 507 1982 ait
521 1961 529 1981 ε
547 1962 561 1980 «
578 1954 737 1988 Quomodo
760 1955 811 1983 fiet
832 1955 928 1991 istud,

148 2000 293 2037 quoniam
307 2000 405 2028 virum
418 2008 481 2028 non
495 2002 665 2037 cognosco?
677 2012 690 2026 υ
708 2002 783 2034 Luc„
798 2009 818 2030 1.
853 2037 859 2041 ι

184 2047 309 2076 Crudele
324 2049 428 2075 votum
444 2050 471 2076 et
484 2048 611 2083 impium
620 2048 752 2077 fecerunt
764 2048 857 2077 Iudaei
872 2048 928 2084 illi,

148 2094 201 2131 qui
214 2094 353 2122 dixerunt
367 2094 495 2131 principi
509 2095 698 2123 sacerdotum
710 2103 718 2123 τ
738 2104 752 2122 «
766 2096 927 2125 Devotione

149 2141 328 2170 devovimus
342 2150 397 2169 nos
411 2142 485 2169 nihil
500 2145 681 2178 gustaturos,
697 2142 794 2171 donec
809 2143 927 2172 occida-

147 2196 213 2217 mus
228 2188 361 2218 Paulum.
378 2198 392 2214 »
410 2189 485 2225 Act„
501 2195 581 2218 xxm.

365 2282 551 2317 CAPUT
589 2283 702 2319 XVI.

433 2356 472 2382 De
497 2355 638 2383 Oratione.

183 2424 336 2453 Humiliter
350 2426 379 2452 et
394 2424 534 2459 discrete,
558 2425 698 2453 instanter
713 2425 748 2459 fiet
765 2425 814 2461 pie
830 2426 927 2455 oravit

147 2471 297 2500 Abraham
326 2471 506 2506 Dominum,
536 2473 568 2500 ut
594 2475 729 2508 parceret
754 2472 923 2501 Sodomitis

148 2519 225 2551 Gen„
240 2526 298 2547 xiv.

182 2565 237 2592 Pro
252 2564 341 2592 rebus
356 2573 431 2601 quas
449 2565 538 2594 etiam
559 2565 622 2594 sine
636 2573 723 2602 prece
743 2566 850 2595 faceret
870 2567 926 2595 Do-

147 2610 255 2646 minus,
276 2611 422 2640 debemus
443 2613 593 2641 interdum
614 2621 699 2642 orare
714 2613 824 2651 ipsum.
842 2613 924 2642 Unde

181 2675 212 2705 (ιι)
236 2674 311 2706 Vulg.
338 2675 438 2700 Gesner.
463 2689 494 2694 —
523 2675 554 2706 (b)
579 2675 639 2700 Coet.
661 2676 721 2701 edit.
746 2676 813 2702 deest
835 2678 871 2703 in.
893 2691 925 2697 —

148 2710 179 2742 (c)
196 2710 256 2734 Coee.
272 2710 332 2734 edit.
347 2710 484 2736 humiliter.

1719 241 1779 273 505

998 302 1080 330 Isaac
1102 301 1279 340 deprecatus
1298 307 1342 335 est
1362 307 1523 337 Dominum
1544 315 1601 345 pro
1616 316 1710 338 uxore
1724 317 1779 339 sua

998 348 1102 385 sterili,
1117 358 1210 387 quam
1223 352 1389 389 parituram
1400 354 1465 384 fore
1477 354 1665 392 disposuerat
1677 357 1778 386 Domi·

998 403 1064 432 nus,
1080 397 1157 433 Gen„
1172 406 1240 428 xxx.

1034 446 1224 475 Pensandum
1247 448 1290 476 est
1308 448 1398 477 valde
1413 457 1506 486 quam
1520 451 1620 486 gratus
1637 452 1666 480 et
1679 450 1778 480 humi-

997 490 1033 519 lis
1057 492 1098 527 (c),
1115 495 1142 521 et
1155 493 1344 530 importunus
1360 495 1390 524 in
1406 496 1540 526 oratione
1555 497 1611 526 fuit
1626 499 1716 527 Jacob
1732 499 1778 527 di-

997 546 1067 566 cens
1083 548 1092 567 .·
1110 541 1267 577 «Domine,
1284 542 1383 571 minor
1398 552 1464 572 sum
1479 545 1593 573 cunctis
1613 545 1778 575 miseratio-

996 585 1085 614 nibus
1095 587 1164 621 tuis,
1179 598 1192 614 n
1212 589 1280 623 etc„
1296 590 1373 623 Gen„
1389 598 1477 620 xxxii.
1630 617 1631 620 ,

1031 635 1172 663 Praeterea
1182 637 1338 672 quomodo
1350 637 1412 673 ipse
1425 646 1456 666 se
1470 639 1509 667 ab
1521 639 1667 669 uxoribus
1678 642 1705 669 et
1715 641 1777 671 tota

994 680 1109 710 familia
1132 684 1339 720 sequestravit,
1355 686 1384 714 et
1399 685 1480 714 solus
1501 686 1539 715 de
1553 688 1640 716 nocte
1660 696 1778 725 remam

995 728 1043 761 sit,
1058 728 1184 758 ibidem.

1031 776 1131 804 Oravit
1147 777 1297 807 multoties
1312 779 1426 816 Moyses
1447 780 1622 818 Dominum,
1644 783 1678 811 ut
1692 790 1776 812 amo-

994 825 1076 851 veret
1090 824 1195 860 plagas
1211 825 1248 854 de
1263 829 1389 864 AEgypto
1401 837 1409 864 3
1425 829 1453 856 et
1466 829 1695 866 exaudiebatur,
1709 831 1777 860 licet

993 869 1037 898 illi
1053 873 1149 899 essent
1163 872 1245 901 mali.
1261 874 1362 906 Exod„
1379 882 1431 904 viu
1444 878 1471 904 et
1483 883 1522 904 ix.

1030 918 1129 946 Oratio
1144 920 1282 948 mentalis
1297 921 1405 950 clamat
1414 922 1445 950 in
1457 931 1544 951 aures
1559 924 1688 960 Domini,
1701 925 1776 955 sicut

992 965 1083 1000 patet,
1098 965 1201 1001 Eaeod„
1215 975 1274 1002 xiv,
1291 969 1414 1004 quando
1429 969 1504 998 dixit
1517 971 1660 1000 Dominus
1683 973 1774 1009 Moysi

992 1011 1066 1040 nihil
1080 1012 1214 1049 loquenti
1232 1022 1239 1041 :
1259 1024 1272 1040 «
1287 1015 1363 1049 Quid
1378 1016 1490 1044 clamas
1506 1018 1545 1045 ad
1560 1026 1608 1046 me
1619 1019 1658 1046 ⁶3»

1028 1060 1061 1088 ln
1081 1059 1164 1089 bello
1186 1061 1270 1097 quod
1294 1062 1464 1092 habuerunt
1481 1064 1536 1092 filii
1556 1065 1646 1094 Israel
1670 1068 1774 1096 eontra

992 1107 1121 1142 Amalec,
1135 1107 1203 1144 plus
1217 1108 1285 1137 fecit
1298 1110 1413 1146 Moyses
1433 1112 1562 1148 orando,
1578 1120 1671 1149 quam
1685 1115 1773 1143 Josue

990 1154 1166 1190 pugnando.
1182 1156 1283 1191 Eirod.³
1303 1164 1372 1185 xvir.

1026 1201 1094 1229 Post
1114 1201 1322 1231 adorationem
1343 1204 1428 1233 vituli
1450 1205 1612 1234 videbatur
1624 1206 1702 1235 velle
1717 1208 1774 1236 Do-

990 1246 1090 1275 minus
1103 1249 1252 1285 populum
1267 1249 1418 1287 deserere3
1434 1252 1488 1280 sed
1502 1254 1617 1290 Moyses
1637 1262 1692 1290 per
1705 1262 1773 1284 ora-

990 1294 1078 1323 tionis
1086 1295 1256 1325 instantiam
1267 1297 1394 1327 obtinuit
1402 1300 1429 1327 ei
1437 1299 1567 1329 veniam.
1575 1301 1770 1336 Exod.‚xxxn.

990 1343 1023 1370 Et
1041 1344 1113 1371 nota
1133 1343 1176 1372 ibi
1190 1344 1227 1372 de
1242 1345 1336 1373 modo
1360 1346 1466 1374 orandi
1483 1356 1491 1375 z
1511 1358 1524 1373 «
1537 1349 1592 1376 Aut
1605 1343 1717 1377 dimitte
1733 1350 1772 1378 eis

988 1389 1066 1417 hanc
1091 1398 1214 1425 noxam,
1229 1391 1336 1428 inquit,
1353 1395 1403 1421 aut
1418 1393 1485 1422 dele
1501 1402 1548 1422 mc
1565 1395 1602 1423 de
1616 1395 1695 1424 libro
1708 1398 1771 1433 tuo,

989 1444 1080 1473 quem
1096 1438 1245 1474 scripsisti.
1258 1448 1272 1465 »

1024 1484 1078 1512 Per
1092 1484 1259 1513 orationem
1278 1486 1370 1522 Moysi
1384 1486 1545 1523 absorptus
1560 1489 1603 1517 est
1615 1488 1704 1526 igniS,
1718 1492 1770 1527 qui

988 1530 1154 1560 devorabat
1177 1534 1273 1562 castra
1287 1536 1539 1564 murmurantium
1554 1537 1583 1565 et
1603 1536 1769 1568 dolentium

986 1585 1042 1614 pro
1055 1578 1170 1607 labore.
1185 1580 1282 1616 Nam„
1296 1589 1335 1609 Χῖ.

1022 1626 1105 1655 Petiit
1117 1628 1250 1663 populus
1269 1637 1372 1657 carnes
1387 1629 1418 1657 in
1433 1630 1550 1659 deserto
1560 1652 1570 1667 ,
1586 1634 1614 1660 et
1629 1633 1770 1662 Dominus

986 1672 1078 1701 iratus
1093 1675 1237 1703 concessit
1252 1675 1304 1704 eis.
1320 1677 1374 1704 Per
1389 1677 1474 1713 quod
1488 1677 1593 1715 liquet,
1607 1680 1691 1716 quod
1707 1688 1769 1709 non

986 1729 1104 1758 semper
1129 1723 1281 1752 exauditio
1305 1724 1449 1753 oratIOnis
1461 1725 1582 1762 signum
1597 1728 1641 1756 est
1660 1727 1769 1757 (livinae

985 1767 1164 1798 dilectionis.
1181 1771 1278 1806 Num„
1296 1778 1335 1799 x1.

1020 1816 1127 1844 Curata
1138 1817 1278 1846 estMaria
1291 1826 1309 1846 a
1322 1818 1404 1855 lepra
1416 1826 1471 1855 per
1486 1820 1653 1850 orationem
1664 1822 1766 1859 Moysi.

983 1863 1076 1895 Num„
1092 1872 1143 1892 ΧΗ.

1019 1910 1150 1938 Afflictus
1165 1910 1296 1947 populus
1311 1912 1350 1940 ab
1364 1912 1464 1948 ignitis
1478 1915 1676 1951 serpentibus,
1693 1915 1768 1945 dixit

983 1956 1022 1985 ad
1032 1958 1168 1993 Moysen:
1181 1968 1194 1984 α
1206 1960 1261 1987 Ora
1272 1968 1327 1995 pro
1336 1961 1436 1995 nobis,
1447 1970 1460 1987 n
1475 1962 1532 1990 etc.
1545 1963 1644 1992 Oravit
1653 1965 1766 2000 Moyses

982 2011 1037 2039 pro
1051 2004 1181 2040 populo,
1197 2006 1252 2033 etc.
1268 2007 1365 2040 Num„
1382 2015 1440 2035 xxi.

1018 2051 1091 2078 Cum
1106 2053 1180 2079 esset
1195 2055 1279 2080 Anna
1300 2061 1406 2081 amaro
1427 2054 1541 2090 animo,
1555 2056 1652 2085 oravit
1666 2058 1764 2086 Domi-

981 2104 1064 2131 num,
1076 2097 1149 2125 flens
1160 2098 1290 2133 largiter,
1302 2101 1328 2127 et
1338 2101 1442 2128 votum
1453 2101 1545 2129 vovit.
1553 2112 1566 2129 «
1575 2104 1765 2139 Loquebatur

981 2146 1081 2172 autem
1095 2144 1127 2172 in
1142 2146 1232 2173 corde
1248 2154 1314 2182 suo,
1331 2148 1360 2175 et
1374 2156 1434 2176 vox
1447 2149 1568 2185 penitus
1584 2159 1646 2179 non
1660 2152 1763 2181 audie-

980 2190 1078 2219 batur.
1094 2201 1108 2217 »
1126 2193 1137 2220 1
1152 2194 1229 2227 Rea„
1245 2201 1267 2222 1.

1016 2239 1176 2273 Pugnaturi
1190 2240 1244 2267 filii
1259 2241 1348 2270 lsrael
1359 2244 1461 2272 contra
1475 2243 1668 2280 Philisthaeos,
1680 2246 1764 2276 dixe-

980 2286 1049 2312 runt
1060 2286 1206 2315 Samueli:
1223 2297 1236 2313 «
1246 2289 1286 2316 Ne
1302 2297 1397 2318 cesses
1409 2298 1465 2327 pro
1480 2292 1568 2320 nobis
1579 2293 1708 2323 clamare
1722 2295 1761 2324 ad

980 2332 1150 2368 Dominum,
1165 2335 1198 2362 ut
1212 2335 1307 2363 salvet
1319 2344 1384 2364 nos.
1401 2347 1414 2362 »
1431 2339 1441 2366 1
1455 2339 1532 2374 Req„
1548 2347 1599 2368 vn.

1015 2379 1080 2407 Non
1092 2379 1205 2416 placuit
1218 2382 1355 2419 Domino,
1381 2385 1465 2420 quod
1485 2385 1538 2413 filii
1559 2387 1649 2415 lsrael
1667 2388 1760 2424 petie-

979 2427 1048 2454 runt
1063 2434 1152 2462 super
1166 2435 1197 2455 se
1220 2436 1337 2466 regem3
1355 2431 1384 2458 et
1397 2427 1498 2459 tamen
1518 2432 1593 2461 dixit
1607 2434 1757 2463 Samueli:
1798 2436 1801 2438 ’

981 2482 997 2499 α
1010 2472 1087 2501 Audi
1099 2481 1207 2501 vocem
1221 2483 1336 2510 eorum,
1353 2486 1368 2504 »
1385 2479 1440 2506 etc.
1454 2478 1464 2506 I
1480 2480 1557 2514 Rey„
1570 2488 1632 2509 vm.

1016 2519 1091 2548 Dixit
1105 2521 1224 2549 Samuel
1239 2522 1278 2550 ad
1292 2523 1440 2559 populum
1457 2534 1465 2554 ε
1483 2534 1497 2551 α
1513 2526 1594 2554 Absit
1607 2535 1625 2555 a
1639 2534 1687 2555 me
1701 2527 1759 2556 hoc

978 2569 1303 2602 peecatum,utcessem
1312 2578 1397 2598 orare
1404 2579 1461 2607 pro
1469 2572 1566 2601 vobis.
1578 2574 1609 2601 »l
1622 2574 1756 2609 Req.,xu.

1015 2614 1109 2642 David
1128 2615 1203 2643 dixit
1217 2624 1247 2644 se
1262 2617 1409 2647 invenisse
1425 2626 1477 2648 cor
1490 2627 1578 2648 suum
1589 2639 1599 2655 ‚
1614 2620 1648 2648 ut
1661 2623 1758 2650 oraret

979 2661 1149 2690 Dominum.
1163 2663 1185 2692 11
1199 2664 1277 2698 Rea„
1292 2671 1343 2693 v11.

1014 2709 1189 2745 Deprecatus
1203 2712 1247 2738 est
1261 2711 1354 2740 David
1380 2712 1537 2742 Dominum
1559 2720 1615 2750 pro
1629 2715 1755 2751 populo,
