2004 3037
241 165 302 197 602

239 230 384 261 intellexit
403 231 531 268 iratum,
552 232 655 266 Brea„
667 239 700 262 m
718 233 748 262 et
763 239 804 269 tv,
825 233 879 262 ηε
896 242 912 260 ι
930 235 1022 264 iratus

240 278 382 307 Dominus
395 278 428 307 in
440 279 573 317 Moysen,
587 289 602 306 n
619 281 676 308 eto.

274 324 416 360 Quamvis
434 326 527 363 Moysi
545 326 587 355 ita
604 325 790 364 familiariter
810 326 954 356 Dominus
971 327 1022 356 lo-

239 373 388 408 queretur,
402 373 504 402 tamen
514 372 579 410 ipse
590 374 706 411 Moyses
715 373 789 403 utile
802 373 961 402 consilium
970 381 1022 410 pa-

240 418 311 454 gani
329 426 392 448 non
411 419 560 457 despexit,
575 420 629 450 sed
648 420 676 450 ei
694 421 846 450 humiliter
860 420 1020 458 acquievit.

241 465 344 501 Επεὶ,
358 473 441 496 xvm.

278 513 394 549 Moyses
413 513 536 544 videbat
557 522 589 543 se
608 514 721 544 habere
744 514 887 544 ducatum
904 514 1022 543 Domini

242 559 422 597 specialem3
442 563 471 590 et
489 563 590 590 tamen
610 569 673 590 non
694 561 917 599 dedignabatur
935 561 1022 590 obse-

241 613 325 635 crare
345 606 442 636 filium
462 609 500 645 (α)
519 608 646 645 anguet,
669 611 702 638 ut
722 617 825 638 secum
845 609 977 644 veniret,
993 609 1023 637 et

242 653 350 683 ductor
363 655 468 692 populi
483 659 573 691 esset,
587 657 682 692 Num„
698 665 735 692 x,
750 659 796 685 3¹.

278 702 399 732 Gedeon
420 704 531 740 Angelo
551 704 660 733 dicenti
681 704 738 733 sibi
753 713 760 733 :
778 703 885 733 «Vade
910 704 941 732 in
964 703 1021 732 hae

241 749 414 779 fortitudine
432 753 499 787 tua,
524 752 667 781 liberabis
691 752 796 787 israel,
810 762 824 779 ν
841 751 1019 788 respondit:

246 808 260 823 n
274 799 344 826 Ecce
366 798 481 828 familia
500 808 570 828 mea
592 800 696 828 infima
712 802 755 828 est
775 800 806 828 in
826 801 977 833 manasse,
993 802 1022 828 et

241 852 298 882 ego
312 845 434 874 infimus
443 846 474 874 in
489 847 582 876 domo
593 847 685 884 patris
696 847 766 875 mei.
779 857 793 874 ι)
806 847 911 882 ludim,
922 855 963 881 vi,
974 848 1018 875 15.

277 894 336 922 Viri
361 894 498 931 Ephraim
512 916 520 929 ,
541 895 695 931 iurgantes
717 894 832 924 fortiter
854 897 882 923 et
906 894 1020 924 tumide

241 943 345 969 contra
352 941 521 970 Gedeonem
529 964 538 978 ‚
549 942 656 979 placati
667 942 786 971 fuerunt
797 950 851 980 per
863 943 926 979 ejus
936 950 1020 970 mau-

240 990 354 1016 suetam
369 991 397 1017 et
410 989 556 1018 humilem
576 990 813 1027 responsionem.
835 991 940 1026 Μαῖα,
956 998 1018 1018 viu.

277 1035 418 1064 Dixerunt
441 1044 546 1065 omnes
570 1037 624 1065 filii
648 1038 740 1066 David
760 1037 799 1066 ad
823 1037 1019 1067 Gedeonem:

243 1092 257 1109 α
272 1082 428 1112 Dominare
452 1083 561 1118 nostri,
578 1085 609 1112 tu
631 1087 658 1112 et
681 1084 761 1112 filius
783 1086 860 1113 tuus.
877 1095 891 1110 ι»
907 1084 1021 1118 Quibus

240 1129 290 1158 ille
304 1130 345 1159 ait
359 1139 367 1159 ι
382 1140 395 1157 α
410 1132 473 1159 Νοιι
489 1130 670 1159 dominabor
684 1132 788 1166 vestri,
808 1139 863 1160 nec
884 1131 1021 1160 domina-

239 1177 319 1205 bitur
342 1177 372 1206 in
396 1186 451 1207 vos
472 1178 552 1207 filius
572 1186 656 1207 meus
673 1199 682 1213 ,
704 1189 719 1206 ι)
743 1181 798 1208 eto.
823 1179 926 1214 Μαῖα,
948 1187 1019 1214 vni,

238 1224 273 1252 22
285 1245 294 1259 ,
309 1225 354 1253 23.

274 1271 474 1300 Humilitatem
499 1272 702 1308 praetendebat
727 1273 797 1302 Saul
823 1273 854 1301 in
879 1281 969 1310 opere
992 1276 1020 1302 et

237 1325 375 1346 sermone
394 1339 403 1353 ,
427 1321 588 1356 antequam
609 1322 684 1348 esset
707 1323 813 1348 unctus
836 1320 866 1348 in
895 1328 1018 1356 regem,

238 1365 362 1401 quando
388 1366 540 1402 quaerebat
563 1367 661 1395 asinas
684 1367 793 1403 patriS,
809 1369 837 1395 et
858 1367 1020 1396 excusabat

238 1419 269 1439 se
297 1412 379 1448 apud
403 1413 558 1448 Samuel,l
578 1415 652 1449 neq„
674 1421 713 1441 ix.
739 1415 771 1442 Et
786 1416 889 1451 postea
905 1414 1018 1442 dictum

237 1461 280 1487 est
303 1459 345 1495 ei,
366 1461 374 1489 l
388 1461 464 1495 Κεφ,
484 1469 538 1495 xv,
555 1463 608 1489 17:
624 1471 636 1487 α
649 1463 750 1490 Nonne
765 1482 774 1495 ‚
791 1470 858 1489 cum
873 1462 1018 1498 parvulus

237 1514 314 1535 esses
338 1507 369 1535 in
384 1507 479 1536 oculis
494 1508 571 1544 tuis,
593 1511 684 1545 caput
707 1509 738 1537 in
765 1509 902 1537 tribubus
927 1509 1018 1538 lsrael

236 1553 329 1582 factus
343 1555 395 1583 es?
409 1565 424 1581 »

273 1601 380 1637 David,
406 1602 473 1630 licet
494 1611 548 1639 per
573 1603 741 1632 Samuelem
764 1606 840 1632 essct
859 1606 963 1632 unctus
987 1605 1017 1632 in

236 1657 351 1684 regem,
368 1651 467 1677 tamen
483 1650 519 1678 de
535 1651 678 1679 mandato
695 1653 786 1688 patris
806 1652 946 1689 portabat
960 1653 1018 1680 vic-

237 1697 328 1725 tualia
341 1697 482 1726 fratribus
501 1699 576 1734 suis,
592 1699 702 1736 quibus
717 1699 810 1728 fuerat
825 1700 997 1736 prreelectus
1008 1721 1017 1734 ,

239 1745 246 1772 Ι
264 1745 340 1779 Itey„
354 1753 426 1773 xvii.

274 1792 364 1819 David
388 1792 556 1820 humiliavit
578 1802 608 1821 se
638 1802 739 1822 coram
764 1795 868 1829 Saule,
891 1795 1014 1831 quando

237 1837 366 1866 debehat
380 1838 444 1866 ficri
458 1847 549 1874 gener
564 1841 654 1876 rege,
671 1842 679 1869 1
692 1843 768 1876 Rea„
784 1850 864 1869 xviii.

272 1886 357 1919 ltem,
370 1893 472 1914 coram
487 1894 574 1914 servo
593 1895 648 1915 suo
668 1888 777 1922 Semei,
791 1888 916 1916 audiens
932 1889 1016 1925 quod

236 1931 427 1960 malediceret
436 1933 477 1968 ci,
490 1934 510 1961 ll
523 1934 599 1969 Κεφ,
612 1943 678 1968 xvi;
692 1943 793 1962 coram
807 1936 876 1969 Deo,
890 1936 1014 1971 quando

235 1978 361 2006 saltabat
375 1981 442 2007 ante
463 1988 578 2016 arcam,
596 1982 614 2009 ll
631 1983 707 2016 Κεφ,
726 1990 769 2016 vu
787 1984 815 2010 et
829 1982 951 2018 quando
968 1991 1016 2010 ve-

236 2026 277 2054 nit
299 2026 412 2055 Nathan
437 2027 475 2055 ad
500 2036 586 2063 eum,
611 2029 750 2057 nuntians
772 2029 798 2057 ci
829 2030 1013 2058 voluntatem

235 2074 350 2102 Domini
366 2074 402 2102 de
417 2076 611 2111 perpetuitate
626 2077 729 2111 regni,
744 2078 764 2105 ll
779 2078 854 2112 Κεφ,
872 2086 922 2106 vii.

271 2121 423 2149 llumilitcr
445 2122 599 2158 respondit
622 2123 817 2159 Mipliibosctli
842 2124 942 2160 inique
969 2133 1014 2152 ac—

235 2170 351 2195 cusatus
366 2175 384 2195 a
402 2176 487 2197 servo
514 2178 569 2197 suo
585 2191 594 2204 ,
615 2173 643 2198 ct
666 2171 861 2199 exheredatus
886 2172 992 2207 injuste
1005 2194 1014 2207 ,

234 2214 255 2242 ll
270 2215 347 2249 Κεφ,
363 2222 422 2242 xix.

270 2261 388 2296 Achab,
410 2262 652 2292 sceleratissimus
677 2273 728 2292 rex
752 2265 838 2293 lsrael
855 2287 864 2300 ‚
890 2266 1015 2294 audiens

233 2315 354 2344 poenam
368 2308 513 2344 sibijuste
532 2318 587 2346 pro
606 2311 779 2339 criminibus
798 2312 992 2347 infligendam
1005 2335 1012 2347 ‚

233 2354 405 2383 humiliatus
420 2358 463 2384 est
486 2365 588 2385 corani
606 2359 748 2393 Domino,
764 2361 793 2386 et
812 2363 933 2396 propter
956 2361 1014 2389 hoc

234 2402 376 2430 Dominus
395 2402 478 2431 illam
497 2411 618 2440 poenam
640 2405 809 2441 aliqualiter
832 2407 1012 2443 minoravit,

233 2449 266 2477 lll
282 2450 358 2485 Rea„
374 2459 434 2479 xxi.

269 2496 406 2533 Princeps
430 2497 500 2533 ille,
523 2499 573 2535 qui
596 2499 747 2528 humiliter
770 2501 886 2529 locutus
910 2505 952 2530 est
973 2503 1012 2530 ad

235 2542 344 2578 liliam,
358 2553 419 2573 non
443 2548 485 2574 est
506 2548 599 2575 tactus
622 2548 661 2576 ab
685 2549 770 2584 igne,
787 2549 861 2578 sieut
885 2550 934 2578 alii
950 2550 1011 2579 duo

268 2640 302 2670 (ιι)
319 2640 379 2664 Cret.
396 2642 456 2667 emt.
474 2643 507 2666 ol)
524 2644 610 2667 tilium.

855 164 992 198 BlBLlA
1009 162 1243 198 PAUPERUM.

1077 232 1354 270 quinquagenarii,
1376 233 1430 270 qui
1450 234 1595 262 venerant
1615 234 1684 263 ente
1704 233 1858 271 mum,1v

1077 279 1156 315 Rea„
1170 287 1192 308 ι.
1739 311 1749 320 .

1112 326 1238 356 Veniens
1249 326 1291 355 ad
1304 326 1467 356 sordauem
1481 326 1611 362 misens,
1624 326 1726 364 primo
1739 334 1859 364 pereus-

1077 372 1114 401 sit
1124 380 1220 410 aquas
1231 373 1306 402 nihil
1317 373 1434 409 diceus,
1444 374 1474 402 et
1487 381 1550 402 non
1560 375 1630 403 sunt
1643 373 1746 403 divisoe
1759 381 1856 411 aqum.

1077 420 1112 448 lv
1125 420 1205 455 Rea„
1217 428 1248 449 ιι.

1112 467 1242 496 Semeias
1255 466 1404 504 propheta
1417 467 1458 496 ud
1470 466 1610 496 Roboam
1623 466 1714 502 dixit,
1731 468 1762 496 et
1773 467 1858 505 prin·

1076 514 1158 552 cipes
1171 515 1235 551 ejus
1250 523 1258 544 :
1277 525 1292 542 ιι
1307 516 1372 544 llaec
1385 515 1458 544 dicit
1470 515 1614 544 Dominus
1627 523 1636 544 ε
1651 516 1710 544 Vos
1723 515 1859 553 reliquis-

1077 560 1114 590 tis
1135 569 1200 598 me,
1222 563 1252 590 et
1272 570 1329 598 ego
1353 562 1464 600 reliqui
1490 570 1553 592 vos.
1569 572 1584 589 ι
1601 561 1657 598 Qui
1679 563 1859 592 consternati

1078 607 1239 637 dixerunt:
1255 618 1270 636 ι
1283 611 1381 638 iustus
1404 611 1448 638 est
1462 609 1615 638 Dominus.
1627 619 1642 636 »
1658 610 1794 647 Cumque
1816 609 1860 639 vi-

1077 655 1168 684 disset
1181 656 1341 699 Dominus,
1360 655 1445 693 quod
1462 655 1610 684 humiliati
1627 659 1727 685 essent
1739 676 1749 691 ‚
1764 655 1860 686 factus

1077 705 1120 731 est
1134 711 1233 732 sermo
1249 703 1366 732 Domini
1383 703 1423 731 ad
1446 703 1594 732 semeiam
1611 702 1715 732 dicens
1730 713 1738 732 z
1754 713 1770 731 «ι
1784 703 1860 738 Quia

1076 749 1225 778 humiliati
1239 752 1308 778 sunt
1319 749 1380 778 mei
1391 757 1498 784 causa,
1507 757 1571 778 nou
1584 749 1758 786 disperdam
1767 759 1829 780 eos.
1840 761 1855 777 n

1077 796 1099 824 ll
1115 796 1221 831 Perat„
1237 803 1295 831 xii,
1308 798 1335 825 7.
1559 805 1563 809 ·

1114 843 1290 872 Humiliatus
1312 845 1356 872 est
1379 843 1534 872 Ezechiam
1549 864 1560 878 ,
1578 845 1740 880 postquam
1759 843 1857 873 eleva-

1077 892 1140 919 tum
1154 890 1250 919 suerat
1264 899 1317 920 cor
1325 891 1391 928 ejus
1403 891 1435 920 in
1446 891 1578 920 adventu
1591 891 1765 919 nuntiorum
1779 891 1858 928 regis

1076 937 1252 973 Babylonis,
1267 940 1296 967 et
1316 938 1428 967 idcirco
1451 946 1514 967 non
1535 938 1616 967 venit.
1636 938 1682 967 ira
1696 937 1812 967 Domini
1826 938 1857 967 in

1077 985 1185 1014 diebus
1200 986 1269 1014 illis.
1286 988 1306 1015 ll
1323 987 1429 1021 Paret„
1443 993 1535 1015 xxxii.

1112 1032 1272 1062 Audientcs
1294 1033 1349 1062 filii
1372 1032 1459 1062 lsrael
1480 1033 1646 1069 potentiam
1660 1031 1858 1068 llolophernis

1076 1080 1238 1109 terribilem
1247 1103 1256 1116 ‚
1269 1081 1476 1110 clamaverunt
1488 1079 1529 1108 ad
1544 1079 1706 1109 Dominum
1719 1079 1858 1109 instantia

1076 1135 1187 1163 magna
1203 1149 1213 1162 ,
1237 1130 1266 1156 et
1291 1127 1523 1157 humiliaverunt
1548 1127 1665 1156 animas
1686 1135 1775 1163 suas,
1800 1130 1856 1157 etc.

1075 1175 1188 1209 Iudith,
1202 1182 1243 1209 lv,
1258 1176 1286 1203 8.

1112 1222 1213 1251 Esther
1227 1222 1331 1258 regina
1345 1221 1484 1258 [confugit
1506 1222 1546 1251 nd
1562 1221 1736 1257 Dominum,
1751 1223 1780 1250 et
1792 1229 1858 1251 cor-

1076 1278 1132 1307 pus
1155 1278 1243 1298 suum
1264 1270 1432 1298 humiliavit
1451 1270 1592 1306 jejuniis,
1613 1277 1763 1306 oransque
1783 1269 1859 1298 inter

1077 1319 1180 1345 caetera
1203 1317 1298 1345 dixit:
1317 1328 1330 1343 n
1345 1319 1386 1345 Tu
1407 1316 1480 1352 scis,
1497 1316 1634 1352 Domine,
1650 1316 1723 1353 quia
1743 1316 1859 1345 abomi-

1075 1371 1132 1392 nor
1145 1364 1265 1400 signum
1279 1364 1426 1400 superbiae
1439 1384 1449 1398 ‚
1464 1374 1477 1389 n
1495 1366 1550 1392 etc.
1564 1365 1654 1399 Esth„
1672 1372 1734 1398 xiv,
1751 1366 1794 1392 ¹6.

1111 1413 1185 1439 Cum
1201 1411 1327 1440 mitteret
1342 1411 1484 1440 Dominus
1493 1411 1652 1439 Jeremiam
1666 1411 1855 1448 prophetam,

1075 1466 1106 1487 se
1129 1466 1274 1487 excusans
1298 1458 1340 1486 ait
1365 1467 1372 1486 :
1394 1467 1410 1484 «ι
1432 1459 1505 1486 Ecce
1528 1457 1628 1486 nescio
1650 1457 1751 1495 loqui,
1765 1467 1780 1485 n
1802 1460 1856 1487 etc.

1073 1508 1185 1540 Jerem„
1201 1514 1225 1538 1,
1242 1508 1268 1534 6.

1111 1555 1275 1583 Ambulans
1288 1553 1568 1582 Nabuchodonosor
1589 1553 1621 1581 in
1638 1552 1707 1581 aula
1729 1552 1857 1589 Babylo·

1075 1601 1120 1628 nis
1144 1604 1318 1637 arroganter
1338 1600 1455 1629 locutus
1479 1601 1545 1628 est:
1562 1599 1672 1628 deinde
1687 1600 1797 1636 ejectus
1817 1600 1856 1628 ab

1076 1649 1232 1683 omnibus,
1248 1652 1275 1676 et
1299 1649 1329 1676 in
1352 1648 1478 1676 bestiam
1502 1650 1649 1681 mutatus,
1672 1647 1858 1683 recuperavit

1074 1704 1192 1724 sensum
1205 1717 1213 1730 ‚
1226 1698 1254 1723 et
1268 1695 1441 1729 recognovit
1455 1694 1540 1730 quod
1556 1702 1660 1722 omnes
1675 1694 1856 1722 habitatores

1073 1746 1157 1771 terrie
1173 1743 1255 1779 apud
1269 1742 1427 1770 Dominum
1443 1741 1476 1769 in
1492 1741 1619 1769 nihilum
1635 1741 1761 1777 reputati
1776 1743 1853 1770 sunt.

1076 1791 1157 1823 Dan„
1174 1797 1214 1823 iv,
1229 1790 1275 1817 32.

1109 1838 1182 1865 Cum
1202 1843 1357 1872 percussus
1379 1837 1454 1863 essct
1473 1842 1491 1862 a
1512 1835 1571 1862 Deo
1593 1834 1754 1863 Antiochus
1776 1835 1854 1864 insa-

1073 1883 1165 1911 nabili
1181 1882 1281 1919 plaga,
1292 1882 1331 1910 ita
1341 1884 1373 1909 ut
1385 1889 1439 1909 nec
1452 1881 1515 1916 ipse
1531 1880 1667 1908 foetorem
1678 1889 1766 1909 suum
1775 1881 1853 1911 t'erre

1072 1931 1260 1966 posset,ait:
1281 1940 1293 1955 a
1308 1930 1422 1957 lustum
1446 1931 1489 1956 cst
1512 1927 1665 1956 subditum
1689 1935 1752 1956 esse
1777 1929 1850 1963 Deo,

1072 1979 1100 2006 et
1115 1977 1272 2005 mortalem
1293 1983 1354 2004 non
1369 1974 1454 2011 paria
1475 1976 1533 2003 Deo
1548 1974 1665 2003 sentire.
1681 1984 1695 2001 n
1714 1975 1735 2003 ll
1749 1976 1852 2010 Mech„

1072 2032 1101 2052 ix
1114 2046 1121 2058 ,
1137 2025 1181 2052 12.

1105 2070 1214 2107 loseph
1238 2069 1390 2098 humiliter
1413 2071 1553 2104 reputans
1571 2076 1603 2097 se
1623 2076 1687 2097 non
1702 2077 1765 2097 esse
1785 2069 1851 2106 dig-

1071 2126 1144 2146 num
1158 2118 1307 2146 consortio
1332 2117 1426 2145 beatze
1446 2116 1559 2150 Mariae,
1574 2123 1665 2152 quam
1680 2117 1851 2153 concepisse

1070 2166 1208 2199 videbat,
1232 2168 1260 2193 et
1285 2173 1346 2192 non
1374 2165 1508 2192 humano
1537 2171 1646 2200 opere,
1671 2164 1724 2192 sed
1749 2164 1852 2193 divino

1072 2221 1193 2241 munere
1209 2213 1266 2240 hoc
1285 2212 1396 2240 sactum
1419 2219 1482 2239 esse
1505 2211 1665 2247 credebat,
1688 2212 1782 2240 voluit
1802 2220 1852 2240 oc-

1071 2261 1148 2288 culte
1164 2260 1311 2287 dimittere
1329 2266 1407 2286 cam.
1424 2258 1538 2292 Mami„
1555 2265 1580 2292 1,
1596 2259 1641 2286 ¹9.

1108 2309 1137 2336 ln
1151 2307 1208 2335 illis
1222 2307 1314 2334 tribus
1325 2305 1415 2340 Magis
1430 2306 1554 2340 apparet
1567 2304 1643 2332 mira
1655 2304 1742 2332 fuisse
1753 2305 1851 2333 humi-

1070 2356 1150 2389 litas,
1173 2353 1295 2391 quando
1315 2353 1513 2380 «invenerunt
1527 2353 1653 2379 Puerum
1674 2359 1742 2380 cum
1761 2352 1850 2380 Maria

1071 2406 1163 2431 matre
1179 2403 1242 2437 ejus
1251 2423 1259 2436 ,
1279 2402 1307 2428 et
1325 2399 1514 2436 procidentes
1528 2398 1729 2428 adoraverunt
1742 2406 1821 2434 eum,
1833 2410 1846 2425 n

1072 2453 1233 2486 ,i1‹11111.‚n,
1252 2453 1292 2479 Η-

1107 2502 1179 2528 Cum
1205 2499 1291 2527 tantae
1319 2498 1394 2524 esset
1421 2494 1616 2535 reputationis
1643 2495 1789 2529 loannes,
1817 2498 1848 2524 ut

1070 2547 1201 2584 populus
1216 2545 1313 2581 ipsum
1329 2542 1463 2571 crederet
1487 2549 1550 2569 esse
1571 2540 1715 2569 Christum
1726 2562 1735 2575 ,
1750 2541 1822 2570 dixit
1839 2551 1845 2570 :

1072 2605 1086 2620 «ι
1101 2594 1202 2621 Veniet
1215 2591 1319 2619 sortior
1335 2598 1398 2623 me,
1418 2588 1502 2623 cujus
1512 2595 1574 2616 non
1589 2595 1656 2615 sum
1671 2587 1779 2624 dignus
1791 2589 1848 2617 sol-

1070 2649 1137 2669 vere
1161 2638 1320 2673 corrigiam
1344 2636 1614 2664 calceamentorum
1639 2634 1712 2670 ejus.
1734 2645 1747 2661 n
1771 2637 1846 2667 Luc..
