2004 3037
243 235 303 270 552

244 303 350 334 batum
363 302 418 332 ruit
430 301 508 332 illud
520 301 607 340 quod
627 300 703 332 dixit
715 301 883 331 zorobabel
897 310 906 331 :
923 311 939 330 α
952 304 1023 332 For-

243 349 334 378 tiores
352 350 422 378 sunt
442 348 600 386 mulieres,
615 356 706 386 super
719 348 824 378 omnia
836 348 1024 383 vincitveri-

243 398 301 426 tas.
316 406 330 424 »
347 395 478 426 11113sdr.
496 397 517 431 ¹,
531 403 552 424 1.
581 428 584 432 ,

276 442 384 472 Tobias
396 441 522 471 eredens
532 450 564 472 se
578 442 637 472 cito
652 443 846 478 moriturum,
861 441 946 471 dedit
958 442 1022 472 filio

242 498 297 519 suo
310 497 427 526 magnae
442 490 607 527 prudentioe
627 489 818 525 documenta,
832 491 862 518 et
874 489 951 518 inter
963 489 1024 518 alia

243 537 331 567 dixit:
343 547 358 565 α
370 537 534 568 Consilium
545 545 691 575 sempera
701 537 835 575 sapiente
843 537 996 574 perquire.
1006 547 1020 565 n

242 584 320 619 Tob„
336 592 377 613 iv.

277 632 459 670 Sapientiam
475 640 620 669 magnam
638 631 769 661 ostendit
789 639 821 660 se
840 631 952 660 habere
974 632 1025 660 Ju-

243 679 307 708 dith
320 680 352 708 in
365 680 466 709 verbis
480 688 548 717 ques
562 679 645 714 dixit,
658 678 769 715 Judi'th,
788 686 852 707 vm.
870 680 904 707 Et
921 681 1025 716 postea

243 726 361 763 dieitur,
377 727 463 764 quod
475 727 553 757 servi
566 726 764 763 uolophernis
783 725 970 754 mirabantur
984 725 1025 754 ad

244 775 420 812 sapientiam
437 775 521 811 ejus,
540 775 569 803 et
582 773 700 803 dicebat
720 773 793 803 alter
813 773 854 802 ad
878 773 1023 802 alterum:

248 832 263 849 n
275 823 341 851 Non
355 823 399 850 est
413 821 480 850 talis
493 821 602 850 mulier
618 828 709 858 super
724 823 834 850 terram
845 820 877 849 in
892 822 1024 857 aspectu,

244 869 276 897 in
293 867 529 906 pulchritudine,
545 870 574 898 et
587 868 619 896 in
637 875 726 896 sensu
747 867 921 896 verborum.
941 877 956 894 i>
971 868 1024 896 Ju-

246 916 318 950 aith,
331 924 372 945 xi.

279 965 353 993 Cum
367 970 478 999 magna
486 962 646 999 prudentia
657 961 812 998 requisivit
824 961 1026 991 mardochaeus

245 1010 366 1046 Esther,
384 1011 417 1039 ut
438 1011 622 1038 succurreret
640 1009 755 1046 populo
776 1009 963 1045 Judoeorum,
979 1009 1026 1038 di-

244 1066 312 1087 cens
328 1067 335 1086 :
354 1067 369 1085 α
383 1057 412 1086 Si
431 1057 510 1085 enim
523 1064 604 1085 nunc
622 1056 739 1085 silueris
747 1077 758 1092 ,
773 1064 826 1093 per
841 1057 931 1085 aliam
945 1057 1027 1085 viam

244 1104 451 1134 liberabuntur
465 1104 558 1133 Judoei
576 1113 583 1132 :
599 1105 628 1132 et
642 1105 685 1139 tu,
700 1105 729 1132 et
742 1103 852 1132 domus
865 1104 958 1140 patris
972 1104 1024 1140 tui,

245 1151 389 1189 peribitis.
400 1153 434 1181 Et
443 1151 511 1188 quis
521 1151 604 1180 novit
613 1152 714 1179 utrum
724 1150 835 1179 idcirco
848 1150 888 1179 ad
898 1159 1027 1187 regnum

246 1199 414 1234 veneris,ut
428 1199 459 1227 in
466 1199 524 1228 hoc
534 1201 668 1235 tempore
682 1198 850 1234 parareris?
862 1208 875 1225 n
884 1199 974 1233 Esth„
986 1206 1024 1227 iv.

281 1246 411 1281 Danieli,
427 1247 456 1274 et
474 1246 561 1274 sociis
580 1246 658 1281 suis,
675 1245 758 1274 dedit
777 1245 918 1274 Dominus
933 1246 1028 1274 scien-

245 1294 317 1322 tiam
332 1295 360 1322 et
374 1293 563 1330 disciplinam
578 1293 608 1321 in
624 1292 707 1321 omni
722 1292 811 1328 libro,
825 1295 852 1320 et
865 1293 1024 1329 sapientia3

246 1340 358 1369 Danieli
378 1343 478 1368 autem
503 1340 669 1377 specialiter
690 1339 915 1376 intelligentiam
937 1340 1027 1369 visio—

246 1395 320 1417 num
335 1389 363 1415 et
377 1387 572 1417 somniorum.
590 1389 674 1421 Dan„
689 1395 710 1415 1.

281 1435 414 1463 Visiones
448 1434 726 1464 Nabuchodonosor
755 1434 834 1470 regis
867 1433 1028 1470 Babylonis

245 1481 348 1510 Daniel
373 1481 511 1518 exposuit
536 1481 693 1518 sapienter.
720 1481 804 1516 Dan„
830 1488 862 1509 ιι.
892 1482 925 1508 Et
947 1483 1028 1516 post—

245 1529 371 1557 modum
384 1528 503 1564 legitur,
519 1528 587 1556 licet
600 1528 682 1564 prius
693 1528 842 1563 acelderit,
859 1528 896 1556 de
909 1527 1029 1556 duobus

246 1577 367 1605 senibus
382 1576 562 1613 presbyteris
573 1598 582 1611 ,
596 1584 672 1612 quos
687 1576 764 1604 mira
781 1575 940 1612 prudentia
959 1583 1030 1604 con-

247 1626 292 1653 tra
306 1625 494 1653 innocentem
510 1625 676 1652 Susannam
699 1622 808 1651 falsum
823 1623 931 1651 dixisse
951 1623 1029 1651 testi-

248 1673 394 1707 monium,
412 1671 618 1708 deprehendit.
632 1672 717 1705 Dan„
732 1678 794 1699 xiii.

283 1718 411 1748 innotuit
425 1718 508 1746 Judoe
520 1718 697 1752 Machabaeo,
710 1717 794 1753 quod
806 1717 932 1745 Nicanor
942 1725 1031 1746 vene-

248 1768 292 1795 rat
307 1766 390 1801 dolo,
407 1768 434 1793 et
449 1765 532 1801 quod
548 1765 669 1793 volebat
683 1772 751 1792 eum
764 1772 869 1800 rapere
886 1767 969 1792 caute
983 1774 988 1791 :
1004 1766 1031 1792 et

249 1813 394 1841 subtraxit
409 1821 438 1840 se
451 1813 541 1841 ludas
552 1833 561 1847 ,
577 1814 605 1840 ct
617 1811 711 1839 noluit
726 1819 795 1839 eum
807 1811 936 1846 amplius
947 1811 1031 1838 vide-

252 1868 293 1889 re.
308 1861 318 1888 l
332 1859 470 1894 Machab„
485 1867 536 1887 vu.

286 1906 432 1943 Cognovit
456 1906 558 1934 Simon
587 1905 671 1941 quod
695 1905 836 1941 'l'ryphon
865 1912 934 1932 cum
960 1904 1033 1933 dolo

252 1954 441 1990 loqueretur,
456 1956 559 1989 petens
575 1952 652 1980 duos
668 1952 746 1980 tilios
760 1951 909 1986 tonatim,
925 1953 953 1980 et
967 1959 1034 1980 cen-

253 2003 314 2029 tum
331 2001 439 2029 talenta
449 2000 573 2035 argenti.
587 2000 673 2028 Jussit
685 2001 783 2027 tamen
796 1999 872 2034 dari,
885 2007 923 2028 ne
938 1999 1034 2027 inimi-

254 2048 352 2076 citiam
376 2056 517 2082 magnam
537 2049 664 2075 sumeret
683 2047 722 2075 ad
741 2047 908 2082 populum,
933 2046 1035 2074 dicen-

254 2097 313 2123 tem
337 2104 343 2122 :
370 2105 383 2121 «
404 2095 478 2128 Quia
497 2102 559 2122 non
579 2094 657 2121 misit
678 2095 848 2129 argentum,
874 2095 902 2122 ct
927 2102 1036 2129 pueros

255 2144 414 2177 propterea
428 2141 523 2178 periit.
537 2151 550 2167 η
570 2143 577 2169 i
594 2141 696 2175 Maeli„
707 2148 767 2168 xiii.

293 2189 410 2224 Septem
425 2188 467 2216 illi
482 2189 585 2216 fratres
602 2196 670 2215 cuin
690 2190 782 2215 matre
799 2195 852 2215 sua
868 2188 898 2215 in
917 2188 1036 2224 verbis,

259 2243 324 2271 quoe
339 2235 395 2262 sibi
416 2235 560 2270 invicem,
576 2236 604 2262 et
618 2237 743 2270 tyranno
760 2234 915 2270 dicebaut,
930 2235 1039 2264 miram

259 2283 435 2319 sapientiam
448 2291 478 2310 sc
489 2282 628 2311 habuisse
641 2282 892 2310 demonstrarunt.
905 2283 926 2310 11
937 2283 1038 2318 Mucii„

263 2338 310 2358 vu.

297 2377 459 2406 constituta
475 2376 527 2403 fuit
543 2376 616 2411 dies,
630 2376 660 2403 in
671 2382 730 2411 qua
744 2376 835 2404 Judas
849 2377 958 2404 secrete
972 2384 1041 2404 cum

262 2425 405 2453 Nicanore
436 2424 618 2460 loqueretur.
655 2423 795 2458 rraecepit
826 2425 925 2451 autem
951 2423 1042 2451 iudas

263 2473 394 2500 armatos
413 2479 475 2499 esse
495 2478 564 2498 suos
580 2470 608 2497 in
622 2469 695 2498 locis
711 2470 897 2506 opportunis,
915 2478 952 2498 ne
967 2470 1042 2498 torto

265 2519 303 2547 ab
336 2518 471 2546 hostibus
499 2520 618 2553 repente
653 2516 724 2544 mali
756 2516 871 2553 aliquid
906 2518 1041 2547 oriretur.

266 2566 391 2601 lMach.‚
405 2573 464 2593 xiv.

302 2613 377 2641 Mirae
401 2611 586 2640 discretionis
609 2613 637 2639 et
660 2611 825 2646 prudentiae
844 2612 963 2640 Beatam
984 2612 1045 2640 Vir-

269 2661 368 2696 ginem
383 2660 471 2688 fuisse
487 2661 610 2695 apparet
622 2659 652 2686 in
667 2658 831 2694 colloquio,
844 2659 927 2694 quod
941 2659 1045 2688 habuit

271 2715 337 2734 eum
349 2707 472 2742 Angelo.
486 2708 561 2740 Luc.⁸
579 2714 598 2741 1,
615 2708 661 2740 29,
678 2706 730 2733 34:
751 2717 764 2731 «
779 2705 934 2741 cogitabat
948 2706 1045 2742 qualis

855 233 992 266 BIBLIA
1010 233 1242 269 PAUPERUM.

1079 305 1156 333 osset
1168 303 1225 333 ista
1236 303 1409 332 mutatio...
1423 302 1585 338 Quomodo
1597 302 1650 333 fiet
1661 294 1763 334 aare?
1774 312 1791 334 ι
1801 306 1858 336 oio.

1115 352 1191 380 Cum
1213 349 1403 380 remansisset
1423 349 1456 379 in
1482 349 1666 380 Hierusalem
1688 350 1860 382 duodennis

1079 405 1156 435 puer
1176 399 1277 434 iesus,
1292 397 1432 427 inventus
1449 398 1494 427 est
1515 397 1548 426 in
1563 397 1666 427 medio
1681 399 1860 440 doctorum,

1079 445 1206 475 audiens
1223 445 1302 482 illos,
1328 447 1357 474 et
1379 444 1577 482 interrogans.
1598 445 1752 483 Sequitur,
1775 445 1860 484 quod

1083 502 1098 520 ι
1111 492 1271 530 stupebant
1283 500 1405 528 omneS,
1421 492 1475 529 qui
1489 499 1560 521 eum
1572 492 1755 529 audiebant,
1769 500 1860 531 super

1079 541 1239 577 prudentia
1252 542 1281 570 et
1293 540 1445 578 responsis
1459 540 1532 576 ejus.
1545 549 1561 568 n
1575 537 1655 576 zuo,
1669 548 1701 570 n.

1117 596 1134 615 a
1143 587 1288 617 Laudavit
1301 587 1443 616 Dominus
1457 587 1591 616 villicum
1604 587 1777 625 iniquitatis,
1788 588 1861 626 quia

1080 635 1243 671 prudenter
1256 634 1383 672 fecisset,
1396 645 1411 663 n
1429 635 1484 664 ete.
1502 635 1583 671 Luta,
1593 642 1653 664 xvi.

1116 682 1241 712 Pulchre
1264 682 1373 711 delusit
1396 681 1538 711 Dominus
1562 681 1712 711 curiosam
1734 682 1861 712 interro-

1080 730 1234 766 gationem
1256 729 1447 758 sacerdotum
1467 730 1496 758 et
1515 728 1668 758 seniorum
1686 729 1792 767 populi
1812 730 1861 759 Ju-

1081 776 1216 806 daeorum
1224 797 1235 812 ‚
1250 775 1290 804 ab
1304 783 1341 804 eo
1361 775 1572 816 quaerentium,
1591 775 1624 804 in
1641 784 1704 813 qua
1715 778 1860 813 potestate

1080 822 1134 852 illa
1151 822 1302 852 mirabilia
1319 821 1455 851 faciebat.
1474 821 1519 851 Ait
1539 821 1581 851 eis
1597 831 1605 850 :
1629 831 1645 850 ι
1666 823 1860 861 interrogabo

1081 877 1132 899 vos
1146 872 1175 899 et
1185 878 1252 906 ego,
1269 881 1283 896 n
1298 872 1353 899 etc.
1365 869 1479 906 Manli„
1490 877 1548 899 xxi.

1117 918 1191 946 Cum
1205 917 1313 946 Paulus
1327 917 1487 954 Apostolus
1503 916 1606 946 fuisset
1623 924 1692 946 cum
1705 916 1766 947 Sila
1778 917 1861 948 socio

1082 964 1148 1001 ejus
1171 964 1202 992 in
1225 971 1343 992 carcere
1363 963 1495 1000 positus,
1515 963 1547 992 in
1570 964 1698 993 crastino
1718 964 1863 995 miserunt

1082 1011 1271 1048 magistratus
1286 1011 1403 1040 lictores
1417 1011 1455 1048 (α)
1465 1032 1475 1046 ,
1486 1012 1519 1039 ut
1533 1010 1738 1040 dimitteretur.
1754 1012 1863 1042 Paulus

1081 1058 1244 1096 prudenter
1256 1058 1330 1087 dixit
1342 1058 1403 1086 eis:
1417 1070 1431 1084 α
1442 1059 1536 1087 Caesos
1547 1066 1602 1087 nos
1611 1058 1732 1095 publice
1747 1059 1863 1089 indem-

1082 1108 1167 1134 natos
1180 1105 1317 1134 homines
1329 1106 1481 1134 Romanos
1494 1106 1638 1134 miserunt
1651 1106 1682 1134 in
1696 1114 1861 1143 carcerem,

1083 1155 1112 1182 et
1124 1160 1204 1181 nunc
1217 1152 1332 1181 occulte
1346 1160 1402 1181 nos
1417 1152 1546 1189 ejiciunt.
1563 1162 1578 1179 ιι
1595 1153 1671 1188 Act„
1684 1161 1748 1190 xvr,
1763 1155 1807 1182 37.

1118 1202 1274 1229 Commota
1291 1203 1319 1228 et
1339 1199 1462 1228 confusa
1481 1199 1596 1228 civitate
1616 1200 1740 1237 Ephesi,
1756 1200 1864 1230 Paulus

1083 1248 1245 1285 prudenter
1265 1250 1292 1276 et
1311 1246 1462 1275 humiliter
1480 1246 1628 1284 acquievit
1647 1247 1772 1277 consilio
1791 1248 1864 1276 ami-

1084 1303 1204 1327 corum,
1230 1295 1281 1331 qui
1305 1296 1486 1330 rogaverunt
1509 1302 1591 1330 eum,
1613 1301 1652 1322 ne
1675 1294 1758 1323 daret
1778 1303 1810 1323 se
1832 1294 1865 1323 in

1084 1342 1243 1370 theatrum.
1266 1342 1349 1376 Act„
1368 1349 1430 1370 xix.
1449 1341 1503 1370 Ubi
1523 1341 1612 1370 etiam
1635 1342 1773 1378 apparuit
1792 1349 1863 1378 pru-

1084 1389 1184 1418 dentia
1197 1389 1277 1417 illius
1293 1389 1416 1424 Scriboe,
1431 1389 1484 1426 qui
1498 1388 1622 1425 pulchre
1637 1388 1752 1417 sedavit
1767 1396 1866 1426 popu-

1083 1435 1146 1465 lum
1161 1436 1203 1464 sie
1218 1437 1419 1471 commotum,
1433 1438 1461 1464 et
1473 1435 1585 1464 remisit
1599 1436 1639 1464 ad
1655 1435 1790 1464 domum.

1119 1485 1194 1512 Cum
1205 1483 1339 1519 jussisset
1354 1482 1490 1511 tribunus
1504 1482 1629 1511 Paulum
1643 1482 1717 1511 coedi
1730 1481 1864 1519 flagellis,

1085 1532 1113 1559 et
1125 1531 1269 1568 torqueri,
1283 1530 1357 1559 dixit
1367 1530 1474 1559 Paulus
1487 1530 1592 1559 astanti
1607 1530 1664 1559 sibi
1681 1529 1865 1559 centurioni:

1087 1587 1101 1604 α
1126 1579 1154 1606 Si
1182 1578 1336 1606 hominem
1368 1578 1537 1606 Romanum
1565 1577 1773 1606 indemnatum
1799 1576 1868 1605 licet

1084 1625 1172 1654 vobis
1191 1625 1366 1661 flagellare?
1389 1626 1422 1652 Et
1444 1623 1642 1652 discesserunt
1669 1624 1708 1652 ab
1732 1631 1786 1659 eo,
1811 1623 1863 1660 qui

1086 1681 1154 1702 eum
1169 1672 1271 1701 torturi
1288 1673 1381 1699 erant.
1399 1673 1478 1705 Act„
1494 1678 1563 1700 xxii.

1122 1722 1195 1748 Cum
1210 1719 1299 1747 vellet
1313 1718 1419 1746 Paulus
1435 1718 1472 1746 de
1488 1718 1597 1745 Graecia
1613 1717 1755 1752 navigare
1769 1717 1800 1745 in
1815 1718 1867 1754 Sy-

1086 1768 1172 1802 riam,
1193 1769 1220 1794 ct
1239 1766 1416 1801 intelligeret
1438 1765 1493 1792 sibi
1510 1773 1527 1793 a
1539 1764 1647 1793 Judaeis
1669 1766 1788 1801 paratas
1806 1773 1868 1794 esse

1086 1814 1226 1847 insidiaS,
1241 1815 1324 1840 caute
1349 1812 1526 1844 declinavit,
1547 1814 1575 1840 et
1595 1819 1731 1840 reversus
1753 1814 1796 1840 est
1815 1819 1869 1848 per

1086 1860 1300 1894 Macedoniam,
1318 1867 1371 1887 nec
1385 1858 1533 1887 recusavit
1545 1858 1717 1886 comitatum
1729 1866 1821 1895 quem
1830 1858 1870 1887 fe-

1088 1909 1191 1936 cerunt
1203 1907 1229 1935 ei
1244 1907 1347 1934 tratres
1362 1906 1549 1934 diversarum
1560 1905 1720 1934 civitatum.
1731 1907 1808 1940 Act„
1820 1913 1868 1934 xx.

1124 1955 1223 1983 Sciens
1252 1953 1375 1988 Paulus,
1398 1953 1470 1989 quia
1492 1960 1553 1980 una
1577 1960 1647 1988 pars
1673 1953 1749 1981 esset
1771 1952 1872 1981 Phari-

1089 2009 1233 2036 saeorum,
1250 2003 1278 2029 et
1297 2001 1357 2029 alia
1372 1999 1620 2033 Sadducaeorum,
1637 1999 1814 2027 exclamavit
1828 1999 1872 2028 di-

1090 2057 1177 2077 cens:
1197 2059 1211 2074 a
1226 2048 1283 2076 Viri
1303 2047 1407 2075 iratres
1417 2067 1427 2082 ,
1442 2055 1498 2082 ego
1518 2046 1678 2075 Pharisaeus
1693 2054 1759 2075 sum
1769 2067 1779 2081 ,
1793 2046 1873 2075 filius

1091 2096 1313 2124 Pharisaeorum.
1327 2096 1429 2123 Factus
1439 2096 1482 2122 est
1496 2096 1595 2122 autem
1609 2093 1723 2123 clamor
1734 2101 1872 2130 magnus,

1092 2144 1120 2171 et
1140 2144 1293 2178 surgentes
1313 2141 1436 2178 quidam
1462 2141 1676 2169 Pharisaeorum
1697 2140 1874 2177 pugnabant

1092 2197 1147 2226 pro
1163 2197 1210 2223 eo,
1225 2199 1239 2216 ι)
1257 2191 1311 2217 etc.
1327 2189 1404 2224 Ace„
1420 2196 1500 2223 xxiii,
1514 2189 1541 2222 6,
1558 2189 1586 2215 9.

1130 2239 1232 2265 Postea
1258 2245 1326 2265 cum
1350 2236 1495 2270 audisset,
1524 2235 1607 2272 quod
1632 2235 1759 2272 quidam
1782 2235 1873 2264 Judaei

1093 2285 1235 2313 voverant
1255 2292 1284 2311 sc
1301 2283 1374 2311 nihil
1391 2285 1574 2318 gustaturos,
1591 2282 1688 2311 donec
1704 2281 1875 2311 occiderent

1095 2331 1236 2366 Paulum,
1251 2330 1318 2358 fecit
1338 2330 1395 2358 hoc
1415 2329 1544 2358 nuntiari
1566 2329 1686 2358 tribuno
1698 2350 1707 2365 ,
1723 2328 1775 2365 qui
1797 2328 1876 2356 misit

1096 2387 1164 2407 eum
1193 2385 1261 2405 cum
1290 2377 1389 2405 multis
1416 2376 1538 2405 armatis
1566 2376 1605 2404 ad
1632 2375 1758 2404 Felicem
1786 2375 1876 2411 Syriae

1096 2425 1262 2461 praesidem.
1282 2425 1356 2459 Act„
1372 2431 1443 2452 xxiii
1454 2445 1463 2459 ‚
1479 2425 1512 2451 12
1527 2426 1555 2451 et
1569 2431 1632 2459 seq.

1133 2473 1206 2500 Cum
1227 2473 1326 2499 Festus
1345 2479 1452 2508 praeses
1473 2470 1562 2499 vellet
1588 2468 1713 2498 Paulum
1736 2468 1766 2496 in
1794 2469 1877 2497 Jeru-

1098 2519 1191 2546 salem
1219 2517 1361 2546 reducere
1388 2517 1427 2546 ad
1452 2517 1619 2545 instantiam
1645 2515 1831 2550 Judaeorum,
1850 2517 1879 2544 et

1099 2565 1141 2593 ibi
1161 2573 1230 2593 eum
1254 2564 1372 2599 audire,
1393 2564 1500 2592 Paulus
1522 2562 1698 2600 prudenter,
1721 2562 1879 2591 advertens

1100 2619 1204 2641 eorum
1213 2611 1350 2646 malitiam,
1362 2612 1505 2639 Caesarem
1518 2609 1690 2645 appellavit.
1706 2609 1782 2644 Act„
1798 2616 1877 2638 xxvi.

1135 2712 1142 2728 ¹
1155 2711 1230 2735 Liber
1239 2711 1284 2735 iste
1296 2712 1333 2735 est
1342 2709 1547 2741 apocryphus.-·
1555 2709 1588 2740 (α)
1601 2708 1731 2734 caee.ed1·e.
1743 2708 1879 2740 principes.
