2004 3037
200 225 260 258 842

233 293 308 322 Cum
323 291 488 328 scripsisset
499 291 616 321 Bai-neh
629 291 726 322 verba
739 292 981 323 comminationis

197 347 234 369 ex
253 347 306 368 ore
324 338 477 375 Jeremiae,
492 339 567 368 dixit
585 339 643 376 (alz
662 348 677 367 α
689 340 737 369 Vae
754 339 864 370 misero
885 339 959 369 mihi
969 361 979 377 ,

195 385 342 424 quoniam
375 385 494 415 addidit
525 387 670 416 Dominus
703 386 843 416 dolorem
879 387 979 417 dolori

194 441 275 463 meo.
289 444 304 460 »
320 434 435 470 Jerem.,
449 441 516 463 nv.
531 435 565 463 Et
582 436 683 462 tamen
699 434 819 463 dicebat
831 435 979 472 populus,

195 480 280 518 quod
298 481 414 510 Baruch
427 480 571 510 incitabat
583 481 738 510 Jeremiam
754 481 898 510 adversus
916 489 979 518 eos,

194 530 227 556 ut
241 528 370 558 traderet
388 536 441 558 eos
455 529 487 558 in
506 529 648 558 manibus
665 529 889 566 Chaldaeorum,
908 530 978 567 Jer„

191 582 276 605 xmn.

229 623 305 651 Cum
327 622 488 652 revelasset
507 623 652 652 Dominus
673 624 818 654 Ezechieli
836 626 978 662 peccata,

193 677 262 706 quae
281 670 414 707 populus
436 671 527 700 lsrael
549 670 697 708 faciebat,
720 673 750 701 et
774 680 880 708 peenas
902 680 978 709 quas

192 724 334 753 passurus
349 720 427 753 erat,
442 718 496 747 suit
517 719 714 756 amaricatus,
728 719 817 748 tristis
830 721 860 749 et
876 727 978 756 geme-

191 763 326 800 bundus,
340 766 450 801 Ezech„
464 773 496 794 ιιι
511 767 540 794 et
553 774 595 795 ix.

227 812 288 841 Rex
309 813 430 848 Darius,
452 813 547 842 sciens
572 813 675 842 Daniel
699 813 832 850 positum
853 813 885 842 in
908 813 978 843 lacu

192 857 315 887 leonum
327 879 337 894 ,
352 867 413 896 pree
430 859 535 888 dolore
550 859 694 888 dormivit
712 860 887 896 incoenatus,
901 860 977 889 cibi-

192 913 251 942 que
266 913 328 934 non
342 908 411 935 sunt
425 906 506 935 allati
519 915 622 935 coram
637 907 700 943 illo,
718 907 839 945 insuper
854 910 883 937 et
896 916 977 938 som-

191 960 248 981 nus
261 954 380 982 recessit
394 954 434 982 ab
449 962 497 983 eo.
514 955 597 989 Dan„
612 962 654 983 vt.

227 1001 368 1036 Magnum
383 1000 522 1030 dolorem
541 1001 648 1030 babuit
667 1002 757 1031 Onias
778 1010 914 1031 summus
927 1011 975 1032 sa·

191 1047 297 1076 cerdos
307 1068 318 1083 ,
347 1048 472 1084 quando
504 1048 580 1077 vidit
610 1049 756 1086 templum
785 1049 895 1078 debere
922 1058 977 1087 per

190 1094 386 1123 Heliodorum
405 1095 545 1132 spoliari,
562 1098 590 1125 et
609 1096 747 1133 deposita
761 1097 923 1126 viduarum
941 1105 976 1126 ac

190 1141 377 1178 pupillorum
391 1142 519 1178 auferri,
534 1145 556 1173 lt
571 1145 661 1171 Mar-h.
673 1164 684 1179 ,
698 1152 739 1173 ιιι.

225 1189 384 1217 Antiochus
397 1198 451 1218 rex
467 1190 561 1219 dictus
582 1191 705 1227 Nobilis,
719 1191 787 1220 licet
804 1191 976 1229 simpliciter

190 1238 265 1264 esset
286 1237 402 1273 maluS,
424 1239 523 1266 tamen
546 1239 673 1267 audiens
697 1239 802 1268 Oniam
824 1248 975 1268 summum

190 1283 376 1312 sacerdotem
398 1284 501 1321 inique
524 1285 613 1314 fuisse
641 1286 790 1322 occisum,
815 1286 912 1315 flexus
936 1287 975 1316 ad

190 1330 427 1359 misericordiam
439 1331 588 1368 lacrymas
602 1333 688 1369 rudit,
705 1335 725 1362 ll
741 1334 843 1370 Mach„
861 1342 902 1362 iv.

225 1378 405 1406 Accedentes
426 1379 563 1415 discipuli
581 1380 619 1408 ad
636 1381 812 1416 Dominum,
825 1381 976 1417 rogabant

190 1432 259 1453 cum
280 1434 335 1462 pro
359 1426 485 1455 muliere
508 1427 690 1464 Chananoea,
710 1428 857 1457 dicentes:
886 1438 900 1455 α
926 1429 973 1457 Di—

188 1471 270 1500 mitte
282 1480 360 1508 cam,
370 1473 442 1509 quia
453 1473 560 1502 clamat
570 1477 637 1510 post
650 1483 718 1504 nos.
728 1486 742 1502 ι)
756 1477 852 1512 Mun„
867 1483 915 1511 xv,
925 1477 972 1505 23.

224 1520 333 1548 Contra
358 1519 495 1549 nolentes
523 1521 655 1558 compati
681 1523 850 1559 proximis,
881 1525 909 1552 et
937 1532 974 1553 ex

189 1566 279 1594 corde
303 1566 465 1603 dimittere,
491 1568 603 1597 inducit
629 1570 770 1598 Dominus
794 1571 973 1607 parabolam

189 1613 226 1641 de
254 1622 340 1642 servo
365 1623 509 1651 nequam,
533 1616 581 1644 eui
608 1616 713 1645 decem
740 1618 836 1646 millia
863 1618 972 1647 talenta

186 1659 306 1689 fuerunt
323 1661 461 1696 remissa,
477 1663 506 1690 et
526 1662 590 1698 ipse
611 1663 707 1692 noluit
727 1665 884 1694 dimitttere
901 1674 972 1696 con-

188 1715 274 1736 servo
289 1717 344 1736 suo
359 1711 478 1737 centum
496 1709 652 1745 denarios,
665 1713 764 1740 Mattlz.
774 1734 783 1748 ,
800 1721 881 1741 xviii.

222 1754 267 1783 Ad
295 1754 353 1783 hoc
382 1756 466 1791 quod
497 1757 590 1785 homo
618 1757 745 1787 libenter
776 1761 974 1796 compatiatur

187 1801 326 1837 proximo
337 1810 392 1830 suo
406 1806 434 1831 et
448 1804 622 1832 misereatur
634 1805 738 1840 ipsius,
749 1806 877 1835 multum
892 1808 972 1841 facit,

188 1849 271 1885 quod
298 1849 463 1885 specialiter
490 1852 541 1879 liet
565 1852 738 1888 disceptatio
767 1854 805 1882 de
830 1855 971 1891 operibus

187 1895 398 1925 misericordiae
412 1897 581 1933 injudicio,
598 1901 695 1935 Mact„
709 1908 776 1928 xxv.

222 1944 296 1971 Cum
310 1943 432 1973 vidisset
446 1945 586 1974 Dominus
602 1948 685 1975 Jesus
698 1948 821 1977 flentem
832 1948 969 1984 viduam,

187 1989 271 2025 eujus
286 1990 364 2018 filius
379 1990 535 2020 defunctus
554 1993 748 2029 efferebatur,
766 1994 971 2025 misericordia

187 2038 285 2065 motus
303 2046 393 2074 super
411 2047 490 2075 eain,
506 2040 580 2069 dixit
594 2050 601 2069 :
620 2051 634 2067 n
649 2040 714 2070 Noli
729 2041 810 2078 llere,
827 2053 841 2069 »
859 2046 887 2072 et
901 2045 971 2072 tunc

187 2087 339 2113 mortuum
354 2085 417 2121 ejus
431 2086 526 2115 filium
540 2088 702 2122 suscitavit,
718 2090 795 2125 Luc„
811 2097 862 2119 vn.

222 2132 354 2160 Miserius
378 2135 421 2162 est
443 2134 584 2162 Dominus
605 2135 700 2164 turb-ze
721 2136 883 2173 indigenti,
903 2145 970 2174 quae

186 2179 329 2214 pedestris
347 2183 446 2209 secuta
468 2189 537 2210 eum
558 2182 654 2212 suerat
672 2183 704 2212 in
721 2184 858 2220 deserto,
872 2185 969 2220 Matr„

187 2234 246 2256 xxv
261 2236 268 2261 ;
285 2228 387 2262 Marc„
402 2236 464 2257 vin.

222 2275 422 2302 Samaritanus
441 2275 490 2303 ille
513 2277 696 2313 appropians
717 2279 866 2313 sauciato,
881 2280 969 2308 mise-

187 2320 316 2349 ricordia
328 2323 426 2349 motus
437 2322 570 2358 alligavit
582 2323 706 2353 vulnera
720 2327 794 2361 ejus,
810 2326 969 2355 infundens

189 2367 290 2396 oleum
313 2370 341 2396 et
363 2369 479 2404 vinum,
500 2372 528 2398 et
551 2378 654 2400 curam
678 2372 756 2400 illius
775 2373 850 2409 egit,
866 2376 894 2401 et
915 2382 969 2410 per

188 2414 280 2443 alium
294 2415 360 2443 fecit
374 2415 492 2452 haberi,
509 2418 585 2452 Luc„
601 2426 632 2446 x.

223 2462 328 2490 Videns
342 2463 483 2491 Dominus
499 2464 647 2493 civitatem
660 2466 840 2501 Jerusalem,
855 2469 883 2495 et
897 2474 968 2495 con-

188 2508 321 2537 siderans
335 2510 432 2545 mala,
449 2519 516 2547 quae
530 2511 644 2540 factura
659 2515 720 2540 erat
732 2513 925 2549 postmodum
940 2516 968 2543 et

188 2563 321 2591 passura,
337 2557 418 2585 flevit
431 2566 521 2594 super
534 2559 629 2594 illam,
644 2559 744 2589 dicens
761 2570 767 2589 :
785 2570 800 2588 α
813 2561 842 2590 Si
855 2569 966 2598 cogno-

188 2603 279 2632 visses
294 2605 323 2632 et
337 2607 367 2633 tu
377 2625 386 2639 ‚
399 2614 413 2632 »
431 2607 486 2634 etc.
500 2606 577 2641 Luc„
587 2613 670 2636 xvu1.

222 2702 254 2734 (a)
266 2702 329 2728 Coet.
340 2703 402 2728 cdit.
418 2703 526 2736 Dixisti.
538 2706 567 2730 ut
580 2705 606 2731 iu
620 2705 738 2738 Vulgata.

814 222 950 258 BIBLIA
969 219 1200 258 PAUPERUM.

1032 300 1034 302 ’
1073 293 1108 322 nt
1119 292 1196 323 vidit
1212 293 1297 322 lesus
1315 289 1438 323 uariam
1458 288 1644 334 plorantem,
1658 286 1689 327 et
1702 294 1820 338 Indicos

1036 339 1090 378 qui
1109 341 1256 370 venerant
1269 347 1339 369 cum
1356 347 1394 370 ea
1409 340 1575 379 plorantes,
1593 342 1744 374 infremuit
1759 341 1820 384 spi-

1035 387 1111 424 ritu,
1134 389 1164 417 et
1185 387 1317 418 turbavit
1338 388 1486 428 seipsum,
1510 391 1540 420 et
1556 389 1740 429 lacrymatus
1757 394 1820 430 est,

1036 437 1130 472 Joan„
1143 443 1186 465 11.

1071 483 1166 513 Etiam
1193 483 1330 521 pendens
1362 485 1394 514 in
1421 493 1510 515 cruce
1520 507 1530 523 ,
1556 486 1694 517 Salvator
1716 487 1822 518 habuit

1034 537 1139 560 curam
1152 533 1266 568 matris,
1280 541 1373 570 quam
1386 534 1500 563 sciebat
1512 534 1544 563 in
1560 535 1662 565 anima
1675 536 1820 574 crucifigi,

1035 578 1128 614 Joan„
1143 587 1213 608 xix:
1228 589 1242 606 α
1256 580 1370 617 Mulier,
1381 589 1448 611 ecce
1459 581 1540 612 filius
1549 584 1629 620 tuus,
1639 593 1653 611 n
1668 583 1744 614 dixit
1756 584 1821 622 ipse

1035 627 1154 655 ostenso
1170 628 1294 657 Joanne.

1071 673 1146 702 Cum
1163 674 1293 704 venisset
1310 675 1412 716 Petrus
1429 675 1461 705 in
1475 677 1609 716 Joppen,
1624 677 1700 707 vidit
1713 678 1821 708 viduas

1035 719 1139 749 flentes
1157 729 1215 758 pro
1235 724 1331 750 morte
1353 723 1502 758 Tabithae,
1529 733 1596 762 quoe
1622 725 1750 754 faciebat
1777 725 1820 755 eis

1035 768 1150 796 tunicas
1163 770 1193 797 et
1209 771 1320 804 vestes,
1335 771 1364 798 et
1377 778 1494 807 ponens
1514 779 1615 808 genua
1633 781 1688 802 sua
1702 773 1799 802 oravit
1808 795 1820 810 ,

1035 816 1064 843 et
1082 822 1153 843 cum
1171 818 1307 845 vocasset
1325 819 1444 846 sanctos
1461 826 1498 847 ac
1516 818 1640 856 viduas,
1659 819 1820 857 assignavit

1035 862 1174 890 camillis
1188 861 1299 899 vivam,
1314 864 1392 900 Act„
1407 873 1449 894 11.

1070 909 1178 938 Paulus
1200 910 1274 939 dum
1293 913 1370 941 esset
1387 912 1522 948 Athenis,
1539 912 1717 943 incitabatur
1733 914 1820 950 spiri-

1035 958 1084 986 tus
1103 957 1168 992 eJus
1187 957 1218 986 in
1235 958 1320 994 ipso,
1339 967 1375 988 eo
1395 960 1481 996 quod
1498 960 1621 991 videbat
1642 960 1820 992 idololatrIoe

1035 1004 1169 1034 deditam
1183 1006 1342 1042 civitatem,
1357 1007 1435 1043 Ace„
1450 1016 1523 1043 xvn,
1535 1010 1581 1038 16.

1070 1053 1190 1081 Barbari
1210 1061 1273 1082 non
1291 1054 1444 1084 modicam
1462 1056 1676 1086 humanitatem
1699 1058 1819 1094 proesta-

1034 1099 1109 1128 bant
1127 1100 1217 1129 Paulo
1237 1103 1265 1130 et
1283 1102 1372 1131 sociis
1386 1103 1459 1138 ejus.
1481 1105 1612 1133 Accensa
1632 1105 1712 1133 enim
1731 1113 1818 1142 pyra,

1034 1147 1209 1176 reficiebant
1227 1156 1342 1184 omnes,
1358 1153 1482 1186 propter
1495 1150 1636 1186 imbrem,
1651 1151 1704 1188 qui
1718 1151 1819 1180 immi-

1033 1195 1133 1230 nebat,
1144 1197 1172 1224 et
1186 1196 1291 1231 frigus.
1302 1197 1359 1233 ipsi
1370 1206 1442 1226 vero
1452 1198 1530 1227 bene
1544 1198 1734 1234 indigebant,
1749 1198 1820 1235 quia

1035 1241 1072 1271 de
1092 1242 1162 1271 navi
1182 1243 1336 1272 contracta
1353 1247 1509 1273 evaserant
1526 1248 1660 1282 tempore
1675 1244 1819 1283 hyemali,

1033 1292 1061 1318 et
1075 1290 1225 1326 quosdam
1242 1294 1415 1328 oportuerat
1434 1295 1536 1322 natare
1550 1303 1559 1330 3
1575 1293 1626 1322 alii
1646 1301 1716 1322 vero
1731 1300 1820 1330 super

1033 1336 1150 1365 tabulas
1169 1337 1285 1367 fucrant
1302 1339 1460 1376 apportati.
1481 1341 1564 1376 Act„
1579 1348 1659 1369 xxvii
1673 1342 1702 1368 et
1716 1348 1817 1369 xxviu.

1069 1385 1144 1413 Cum
1170 1387 1250 1414 tanta
1271 1387 1391 1423 spiritus
1411 1387 1559 1416 anxietate
1582 1388 1820 1424 compatiebatur

1032 1432 1139 1460 Paulus
1159 1432 1314 1469 fratribus,
1336 1437 1364 1462 et
1385 1435 1519 1471 cognatis
1540 1435 1601 1464 suis
1615 1435 1817 1472 pereuntibus,

1033 1479 1117 1516 quod
1131 1479 1194 1516 ipse
1207 1480 1348 1517 dicebat„
1361 1483 1450 1517 Rom„
1464 1491 1504 1518 ix,
1515 1484 1544 1518 2,
1555 1484 1570 1511 3
1586 1491 1593 1511 :
1612 1493 1627 1509 «ι
1637 1483 1761 1511 Tristitia
1775 1484 1819 1511 est

1032 1527 1104 1554 mihi
1124 1535 1250 1564 magna,
1277 1530 1305 1557 et
1327 1529 1486 1557 continuus
1508 1529 1598 1558 dolor
1623 1529 1708 1558 cordi
1735 1537 1816 1558 meo.

1031 1573 1178 1610 Optabam
1189 1575 1270 1603 enim
1282 1584 1338 1611 ego
1351 1576 1414 1613 ipse
1425 1576 1583 1605 anathema
1593 1584 1656 1605 esse
1672 1584 1690 1605 a
1703 1576 1817 1606 Christo

1031 1628 1086 1656 pro
1102 1620 1242 1649 fratribus
1257 1623 1342 1658 meis,
1358 1623 1410 1660 qui
1426 1625 1496 1652 sunt
1507 1624 1625 1660 cognati
1640 1623 1699 1652 mei
1713 1631 1817 1652 secun·

1031 1667 1104 1696 dum
1119 1676 1250 1698 carnem.
1260 1680 1274 1696 n
1288 1672 1370 1705 ltem,
1382 1671 1487 1706 Galat„
1500 1678 1540 1706 iv,
1551 1673 1585 1700 19
1598 1680 1624 1700 :«
1635 1670 1730 1701 Filioli
1745 1670 1815 1706 mei,

1031 1722 1108 1752 quos
1123 1715 1229 1745 iterum
1244 1717 1389 1753 parturio,
1405 1727 1419 1745 i»
1440 1720 1494 1746 etc.

1281 1830 1426 1865 CAPUT
1455 1831 1559 1865 XLV.

1139 1916 1177 1943 Dc
1195 1915 1386 1952 hospitalitate
1404 1916 1560 1945 exhibenda
1579 1916 1704 1945 libenter.

1064 1999 1138 2026 Nota
1163 1997 1201 2026 de
1224 1998 1395 2035 Abraham,
1422 2007 1516 2036 quam
1542 2000 1693 2036 celeriter,
1721 2008 1813 2038 quam

1028 2044 1160 2073 laetanter
1179 2045 1303 2080 angelos
1324 2045 1456 2082 hospitio
1471 2047 1614 2084 suscepit,
1638 2050 1666 2076 ct
1679 2047 1751 2085 ipsis
1765 2056 1812 2083 ea,

1028 2101 1095 2129 qum
1116 2093 1296 2122 videbantur
1313 2095 1479 2124 necessaria
1503 2095 1686 2132 peregrinis,
1710 2095 1810 2132 parari

1027 2139 1103 2168 fecit.
1120 2141 1200 2175 Gen„
1216 2148 1299 2169 xvin.

1064 2188 1133 2215 item
1144 2187 1181 2215 de
1196 2188 1268 2215 Loth
1280 2187 1408 2223 attende,
1422 2189 1578 2225 quomodo
1593 2197 1670 2226 quos
1683 2189 1810 2226 putabat

1027 2235 1164 2264 homines
1189 2244 1253 2265 esse
1278 2239 1480 2271 transeuntes„
1500 2237 1676 2274 honoravit,
1700 2238 1810 2266 obnixa

1027 2284 1154 2318 rogavit,
1183 2287 1210 2311 et
1238 2283 1280 2312 eis
1306 2284 1472 2312 necessaria
1496 2284 1625 2320 benigne
1654 2285 1808 2313 conferens

1027 2333 1131 2358 contra
1146 2331 1328 2359 incursantes
1339 2331 1480 2366 defendit,
1493 2333 1525 2359 ut
1536 2332 1640 2369 potuit.
1655 2333 1732 2368 Gen„
1745 2340 1807 2360 xix.

1062 2378 1201 2414 l‘rompta
1231 2378 1269 2405 ad
1305 2377 1536 2414 hospitalitatem
1565 2379 1724 2407 videbatur
1752 2380 1808 2407 Re-

1026 2423 1136 2458 becca,
1152 2433 1218 2460 quze
1234 2424 1307 2452 dixit
1321 2432 1408 2453 servo
1422 2425 1573 2454 Abraham
1590 2435 1597 2455 :
1624 2437 1637 2453 «
1654 2426 1808 2454 palearum

1026 2473 1054 2499 et
1074 2471 1143 2499 foeni
1159 2471 1322 2507 plurimum
1341 2474 1384 2500 est
1404 2473 1486 2509 apud
1502 2481 1576 2509 nos,
1592 2474 1620 2501 et
1638 2472 1723 2501 locus
1737 2481 1807 2510 spa-

1026 2518 1117 2546 tiosus
1143 2518 1181 2546 ad
1204 2518 1398 2547 manendum.
1427 2529 1440 2547 ιι
1470 2522 1502 2548 Et
1526 2520 1616 2556 paulo
1643 2522 1709 2556 post
1733 2520 1809 2550 dixit

1025 2565 1123 2594 eidem
1145 2565 1243 2593 Laban
1261 2573 1268 2593 :
1288 2575 1301 2591 α
1318 2567 1482 2602 Ρικψειωνί
1504 2566 1650 2603 domum,
1663 2569 1691 2596 et
1706 2566 1807 2597 locum

1025 2613 1157 2642 camelis.
1172 2623 1187 2640 n
1207 2614 1284 2649 Gen„
1301 2622 1385 2649 xxiv,
1399 2616 1445 2650 ⁶25,
1461 2616 1506 2643 31.

1061 2661 1127 2689 Sine
1143 2669 1253 2696 magna
1267 2669 1354 2697 prece
1367 2662 1465 2691 Jethro
1485 2661 1598 2699 recepit
1611 2662 1804 2699 peregrinum

1025 2708 1145 2744 Moysen
1154 2707 1377 2744 hospitandum,
1392 2709 1492 2744 Exod„
1507 2717 1539 2745 ιι,
1549 2710 1585 2739 20
1601 2711 1630 2739 et
1643 2718 1705 2747 seq.
1721 2711 1802 2739 Post-
