2004 3037
831 221 960 255 CAPUT
988 221 1139 256 XXXVII.

176 291 269 320 fertur
290 291 374 329 quies
399 291 428 322 et
453 290 606 321 audientia
625 290 721 321 divini
742 289 828 321 verbi
850 290 957 320 Μαι-183.

175 339 254 374 Luc„
267 347 298 368 x.

214 395 229 414 ι(
242 386 351 415 Videns
363 388 447 416 Jesus
460 387 582 417 Mariam
595 387 764 424 plorantem
773 406 783 422 ,
799 387 827 415 et
840 387 958 416 Judaeos

176 434 228 473 qui
241 437 386 464 venerant
404 443 473 464 cum
488 444 523 465 ea
541 435 708 473 plorantes,
724 434 878 464 infremuit
897 435 958 472 spi-

174 482 244 518 ritu,
260 484 289 511 et
302 483 483 520 lacrymatus
497 485 556 519 est;
572 493 586 510 »
604 483 688 520 quod
705 491 900 519 nequaquam
915 482 957 510 fe-

176 532 273 566 cerat,
289 530 412 568 quando
435 530 536 560 locuta
555 530 653 559 fuerat
674 530 701 559 el
718 530 842 559 Martha.
865 531 956 566 Joan.,

175 585 222 612 xi,
235 579 281 606 33.

211 625 283 654 Miro
299 626 328 654 et
339 625 486 654 ineffabili
498 624 592 654 modo
606 624 726 654 fuerunt
746 624 885 661 discipuli
900 625 958 653 Do-

176 673 250 702 mini
265 672 356 709 docti,
370 674 400 702 et
412 672 548 702 illustrati
561 671 594 701 in
608 672 741 701 adventu
755 672 879 709 Spiritus
890 680 958 701 san-

176 720 225 749 cti.
239 722 318 756 Act„
332 728 364 750 11.

211 767 372 804 Postquam
392 767 446 796 lux
462 767 501 796 de
515 767 592 796 coelo
613 767 737 796 saulum
752 766 958 802 circumfulsit,

176 814 281 852 etipse
297 814 407 844 cadens
420 815 453 843 in
467 817 577 843 terram
589 816 752 843 excaecatus
760 814 831 850 fuit3
848 815 959 844 deinde

175 871 230 899 per
241 862 375 890 triduum
386 863 524 898 jejunans
540 864 568 891 et
583 871 671 891 orans
685 862 861 891 excellentes
873 871 959 891 reve-

176 910 302 939 lationes
316 909 422 938 hahuit
436 918 454 938 a
468 910 593 938 Christo.
609 911 672 938 Act.
678 930 687 945 ‚
702 918 743 939 lx.

213 958 287 986 Cum
308 957 508 994 hospitaretur
527 959 628 986 Petrus
650 957 682 986 in
711 958 804 986 domo
831 957 960 987 Simonis

177 1005 315 1040 coriarii,
331 1005 464 1034 ascendit
478 1005 509 1033 in
523 1005 679 1041 superlore
698 1004 824 1040 domus,
844 1007 878 1033 ut
894 1014 960 1035 ora-

176 1054 230 1088 ret,
242 1053 282 1081 ad
295 1053 353 1081 hoc
366 1053 487 1088 scilicet,
501 1053 534 1081 ut
544 1053 645 1089 posset
657 1052 698 1080 ibi
711 1060 819 1080 vacare
829 1052 959 1089 quietius

177 1108 195 1128 a
209 1099 297 1128 turba
311 1099 433 1128 inferius
448 1099 588 1128 existente
598 1102 730 1128 remotus
736 1109 745 1135 3
760 1101 788 1128 et
799 1101 867 1128 tunc
877 1108 960 1129 reve-

176 1146 249 1175 lavit
262 1147 289 1175 ei
303 1146 446 1175 Dominus
460 1147 492 1175 in
506 1147 612 1175 mentis
632 1154 770 1182 excessu,
788 1147 874 1184 quod
889 1156 960 1183 gen-

176 1195 242 1223 tiles
257 1203 320 1224 non
332 1197 416 1224 eraut
427 1195 595 1232 repellendi
609 1203 627 1224 a
640 1194 852 1232 praedicatione
863 1197 959 1225 Evan-

178 1243 258 1279 gelii.
273 1243 350 1278 Act„
364 1251 396 1272 x.

213 1292 325 1327 Raptus
339 1289 393 1318 fuit
406 1289 515 1318 Paulus
528 1297 624 1326 usque
647 1289 686 1318 ad
700 1289 819 1318 tertium
837 1289 958 1326 coelum,

177 1338 206 1367 et
218 1337 333 1366 audivit
345 1346 359 1363 ι(
367 1345 476 1366 arcana
485 1336 588 1373 verba,
604 1345 671 1374 quse
685 1345 748 1365 non
762 1337 830 1365 licet
843 1337 960 1365 homini

175 1384 275 1421 loqui;
284 1395 298 1411 u
312 1384 456 1414 altissima
467 1392 540 1413 vero
556 1385 620 1421 ejus
632 1385 776 1421 sapientia
789 1387 914 1422 apparet
927 1385 959 1414 in

177 1432 309 1469 epistolis
316 1432 386 1468 suis,
394 1432 544 1470 praecipue
555 1434 654 1461 autem
662 1434 749 1467 Rom„
762 1441 783 1467 1,
794 1441 835 1468 lx,
845 1441 864 1461 x
876 1435 903 1462 et
911 1441 956 1468 2113

175 1479 245 1509 item
253 1481 363 1515 Ephes„
375 1488 384 1508 1
396 1482 471 1515 et113
486 1480 559 1509 item
573 1481 641 1513 Col„
655 1488 675 1515 1,
690 1488 727 1515 113
743 1480 816 1508 item
829 1481 925 1516 Hebr.,
937 1488 957 1509 1.

211 1528 299 1555 Beato
317 1527 424 1556 Joanni
438 1528 620 1564 sequestrato
636 1535 654 1555 a
668 1527 797 1555 tumultu
811 1529 840 1556 et
854 1535 959 1556 conso·

175 1575 286 1603 latione
303 1574 431 1612 mundi„
442 1575 565 1611 quando
581 1574 690 1602 scilicet
710 1575 741 1603 in
756 1575 854 1603 insula
876 1576 959 1604 Path-

176 1629 226 1649 mo
244 1621 279 1658 (a)
294 1621 436 1657 exulavit,
451 1621 594 1649 revelavit
607 1621 751 1650 Dominus
768 1625 881 1651 secreta
897 1631 957 1652 coe-

174 1670 268 1699 lestia.
283 1670 380 1706 Apoc„
397 1678 416 1705 1,
433 1678 464 1704 11,
477 1672 505 1698 et
520 1670 660 1706 deinceps
672 1678 726 1706 per
742 1671 848 1700 totum.

394 1765 538 1799 CAPUT
560 1765 734 1801 XXXVII.

374 1838 411 1865 De
429 1845 476 1873 spe
494 1840 520 1865 et
539 1839 759 1873 longanimitate.

212 1908 307 1936 Multis
326 1907 412 1935 annis
432 1907 598 1944 expectavit
618 1907 770 1936 Abraham
794 1910 957 1945 antequam

175 1954 408 1983 haberetfilium
430 1954 467 1982 de
483 1955 574 1989 Sara,
597 1955 668 1991 quia
685 1955 749 1990 jam
771 1957 957 1985 centenarius

176 2004 238 2031 erat
251 2001 375 2039 quando
390 2004 476 2029 natus
491 2003 534 2029 est
548 2003 638 2029 Isaac.
657 2002 735 2037 Gen„
751 2011 810 2031 xm.

211 2051 281 2079 Item
292 2057 309 2077 a
323 2049 522 2085 promissione
531 2049 630 2084 primo
641 2048 719 2077 facta
729 2049 853 2078 Abrahae
863 2058 958 2087 usque

176 2097 216 2126 ad
229 2096 398 2131 ingressum
416 2095 537 2123 seminis
552 2096 598 2123 sui
613 2096 644 2123 in
659 2098 767 2124 terram
782 2097 958 2133 promissio-

174 2144 231 2178 nis,
244 2144 393 2172 fluxerunt
406 2143 475 2171 anni
489 2143 652 2180 plusquam
663 2143 874 2180 quadrIngentl
886 2153 958 2182 qua-

175 2191 322 2227 draginta.

209 2237 343 2267 Permisit
367 2237 509 2265 Dominus
532 2237 612 2266 filios
635 2238 725 2266 Israel
748 2238 895 2275 flagellari
925 2240 956 2268 in

174 2288 299 2322 AEgypto
318 2285 411 2320 longo
434 2286 568 2321 tempore
587 2286 616 2313 et
636 2285 744 2321 affligi,
762 2288 789 2314 et
812 2289 955 2322 praeterea

173 2341 227 2371 per
242 2332 392 2360 desertum
416 2332 521 2359 tentari
537 2332 737 2368 quadraginta
751 2333 847 2368 annis,
873 2337 957 2363 ante-

174 2389 267 2418 quam
276 2380 413 2408 venirent
421 2380 460 2407 ad
471 2382 577 2408 terram
587 2381 721 2416 patribus
731 2382 955 2418 repromissam,

174 2429 249 2456 sicut
266 2429 390 2465 apparet
403 2427 435 2456 in
448 2427 527 2456 libro
542 2428 632 2456 Eaeod.
657 2431 685 2457 et
699 2430 783 2459 Num.
803 2430 888 2466 quasi
902 2438 957 2467 per

175 2477 279 2504 totum.

211 2522 275 2550 Filii
290 2522 376 2550 lsrael
388 2524 491 2550 contra
505 2521 616 2550 tribum
627 2522 694 2559 Benj
698 2524 778 2552 amin
787 2524 954 2561 praeliantes

176 2569 261 2596 multi
287 2572 390 2597 contra
410 2577 523 2605 paucos
544 2569 590 2597 bis
615 2569 755 2599 debellati
779 2571 907 2606 fuerunt,
926 2575 954 2602 et

176 2616 297 2644 tandem
311 2616 540 2652 praevaluerunt.
555 2617 660 2652 Judz'c„
674 2625 725 2646 xx.

210 2671 241 2699 (a)
260 2669 320 2693 Coee.
336 2668 396 2693 edit.
411 2670 543 2694 Pathmos.

1738 213 1798 256 533

1048 291 1124 320 Dixit
1151 292 1249 321 David
1277 291 1443 321 Philislhaeo
1455 314 1463 328 ‚
1487 293 1498 322 l
1524 293 1602 328 Rea„
1623 299 1687 321 xvn
1697 313 1706 328 ,
1731 293 1765 320 45
1787 300 1797 319 ι

1015 347 1030 366 «
1043 340 1085 367 Tu
1099 340 1184 368 venis
1197 339 1237 368 ad
1252 347 1301 368 me
1317 348 1386 368 cum
1404 339 1506 376 gladio
1527 341 1556 369 et
1569 339 1665 375 hasta,
1686 341 1715 368 et
1735 338 1798 376 cly-

1011 394 1082 424 peo.
1104 388 1166 423 Ego
1191 389 1292 416 autem
1312 388 1403 416 venio
1425 388 1465 416 acl
1489 389 1516 416 te
1540 387 1573 416 in
1594 386 1718 416 nomine
1741 387 1798 415 Do-

1012 434 1100 469 mini,
1115 444 1128 461 »
1145 435 1199 462 etc.
1216 435 1360 471 Sperabat
1374 435 1453 463 enim
1468 443 1522 472 per
1533 436 1627 464 Deum
1641 434 1798 464 victoriam

1013 481 1159 510 obtinere.

1048 529 1222 558 Parentibus
1236 529 1335 559 Tobiae
1348 529 1541 558 irridentibus
1562 537 1642 566 eum,
1657 531 1685 558 et
1699 529 1799 558 dicen-

1013 575 1092 604 tibus
1108 585 1115 605 :
1134 587 1148 603 «
1164 577 1219 605 Ubi
1230 579 1273 606 est
1283 586 1350 614 spes
1366 579 1427 612 tua,
1441 586 1498 614 pro
1515 585 1576 614 qua
1591 577 1800 614 eleemosynas

1014 626 1042 652 et
1059 624 1226 661 sepulturas
1240 625 1390 653 faciebas?
1401 636 1415 652 »
1432 625 1539 653 Tobias
1554 625 1729 661 increpabat
1748 633 1800 654 eos

1014 671 1117 699 dicens
1132 680 1139 700 ε
1155 672 1273 700 «Nolite
1289 673 1330 700 ita
1344 672 1441 708 loqui,
1453 671 1599 709 quoniam
1612 671 1667 699 filii
1681 674 1799 700 sancto-

1012 726 1081 747 rum
1094 727 1215 755 sumus,
1230 721 1258 748 et
1272 719 1365 747 vitam
1385 719 1471 747 illam
1494 721 1684 755 expectamus
1707 726 1801 755 quam

1014 765 1137 794 daturus
1154 767 1197 795 est
1210 768 1297 802 Deus,
1311 767 1347 795 iis
1365 767 1418 803 qui
1432 767 1526 795 fidem
1540 774 1628 796 suam
1642 774 1800 803 nunquam

1013 815 1129 842 mutant
1143 814 1182 842 ab
1195 822 1242 842 eo.
1259 824 1273 841 >³
1293 815 1368 848 Tob.‚
1385 822 1417 848 ιι,
1432 815 1478 849 16,
1493 814 1540 844 18.

1049 861 1180 890 Afflictus
1202 870 1349 898 corpore,
1369 861 1439 890 filiis
1461 861 1602 896 orbatus,
1623 860 1738 889 derisus
1761 860 1800 890 ab

1014 908 1127 944 amicis,
1141 909 1283 937 omnibus
1293 909 1383 937 rebus
1397 909 1552 945 spoliatus,
1571 908 1691 936 dicebat
1700 910 1801 937 tamen

1014 957 1132 984 sanctus
1152 956 1208 985 Job
1225 965 1232 984 :
1253 966 1267 983 «
1282 956 1377 985 Etiam
1401 956 1425 984 si
1441 956 1584 985 occiderit
1606 964 1670 993 me,
1686 955 1800 992 inipso

1014 1003 1154 1040 sperabo.
1170 1013 1184 1030 »
1201 1005 1260 1039 Job,
1276 1011 1339 1038 xm,
1355 1005 1400 1032 15.

1051 1053 1125 1080 Cum
1147 1053 1222 1080 esset
1244 1053 1381 1080 Susanna
1403 1051 1535 1080 duorum
1555 1051 1802 1088 presbyterorum

1013 1099 1119 1136 iniquo
1131 1101 1331 1128 condemnata
1341 1099 1522 1134 testimonio,
1533 1099 1641 1127 dicitur
1653 1101 1752 1127 tamen
1763 1098 1801 1128 de

1015 1155 1051 1176 ea
1066 1148 1150 1184 quod
1167 1157 1182 1174 ι(
1197 1150 1259 1176 erat
1274 1156 1325 1176 cor
1339 1148 1403 1183 ejus
1416 1147 1560 1176 fiduciam
1574 1147 1689 1176 hahens
1703 1147 1736 1175 in
1748 1148 1803 1176 Do-

1014 1195 1108 1224 mino.
1124 1205 1139 1222 »
1157 1197 1242 1230 Dan„
1256 1203 1320 1230 xm,
1334 1197 1379 1224 35.

1050 1243 1130 1271 Unus
1140 1242 1263 1270 illorum
1277 1244 1392 1278 septem
1402 1242 1528 1270 fratrum
1542 1241 1711 1278 postulatus
1725 1249 1743 1270 a
1758 1242 1803 1278 ty-

1014 1297 1111 1318 ranno
1126 1290 1273 1325 linguam,
1286 1290 1344 1318 cito
1360 1290 1493 1326 protulit,
1509 1291 1536 1317 et
1545 1297 1653 1317 manus
1666 1291 1802 1318 constan-

1014 1338 1059 1365 ter
1072 1337 1219 1373 extendst,
1243 1339 1271 1365 et
1285 1345 1354 1365 cum
1368 1336 1481 1364 fiducia
1498 1336 1538 1364 ait
1556 1345 1563 1364 ε
1586 1345 1600 1362 t(
1616 1338 1636 1364 E
1653 1336 1729 1364 coelo
1747 1336 1802 1365 ista

1013 1384 1167 1421 possideo,
1183 1385 1236 1412 sed
1251 1385 1375 1420 propter
1391 1384 1441 1412 Dei
1456 1384 1538 1419 leges
1547 1383 1610 1411 haec
1625 1384 1690 1419 ipsa
1706 1383 1803 1420 despi-

1016 1431 1073 1467 cio,
1090 1431 1236 1468 quoniam
1247 1432 1286 1460 ab
1297 1432 1363 1468 ipso
1372 1439 1420 1460 me
1431 1439 1466 1459 ea
1475 1433 1665 1468 recepturum
1675 1439 1774 1467 spero.
1785 1441 1799 1458 »

1015 1479 1037 1507 11
1049 1480 1153 1514 Mach„
1171 1487 1224 1514 vn,
1237 1481 1283 1507 11.

1051 1525 1239 1555 Machabaeus
1260 1525 1350 1553 Judas
1368 1525 1448 1554 misit
1467 1524 1706 1561 Hierosolymam
1725 1524 1802 1553 duo-

1016 1574 1115 1603 decIm
1134 1574 1218 1602 mille
1238 1573 1398 1601 drachmas
1421 1573 1547 1609 argenti,
1571 1573 1673 1601 offerri
1696 1581 1745 1600 eas
1760 1573 1803 1602 ibi

1015 1630 1071 1658 pro
1085 1621 1215 1657 peccatis
1227 1622 1427 1652 mortuorum,
1446 1629 1460 1646 «
1478 1620 1556 1655 juste
1571 1622 1600 1648 et
1611 1620 1749 1655 religiose
1764 1620 1802 1648 de

1015 1669 1231 1697 resurrectione
1247 1668 1382 1703 cogitans
1401 1677 1407 1695 :
1423 1667 1480 1695 nisi
1496 1667 1577 1695 enim
1593 1675 1645 1696 eos
1659 1667 1712 1704 qui
1727 1667 1802 1697 ceci—

1017 1716 1133 1751 derant,
1148 1725 1162 1743 »
1181 1718 1236 1744 etc.
1249 1716 1271 1744 ΙΙ
1286 1716 1389 1747 Μασή.,
1405 1723 1458 1750 xn,
1475 1717 1521 1743 44.

1055 1765 1175 1791 «Homo
1187 1765 1248 1791 erat
1258 1763 1289 1791 in
1300 1762 1476 1797 Jerusalem,
1489 1762 1537 1790 cui
1549 1769 1660 1790 nomen
1671 1762 1801 1798 Simeon,

1016 1812 1043 1839 et
1061 1811 1154 1839 homo
1176 1811 1239 1846 ipse
1259 1811 1356 1846 justus
1376 1811 1405 1838 et
1428 1810 1585 1838 timoratus
1611 1811 1802 1846 exspectabat

1016 1858 1254 1887 consolationem
1268 1857 1368 1886 lsrael.
1380 1867 1394 1885 »
1412 1857 1487 1892 Luc„
1501 1865 1532 1892 ιι,
1547 1859 1593 1884 25.

1051 1908 1233 1934 Ascensurus
1254 1905 1285 1932 in
1305 1905 1415 1933 coelum
1433 1904 1568 1932 Salvator
1585 1904 1724 1940 praecepit
1743 1903 1802 1932 dis-

1016 1951 1122 1988 cipulis
1150 1952 1211 1979 suis
1237 1960 1275 1979 ne
1304 1951 1490 1979 discederent
1518 1951 1557 1979 ab
1586 1952 1798 1987 Jerosolymis,

1017 2008 1031 2025 «
1045 2000 1098 2026 scd
1114 2001 1318 2036 exspectarent
1331 1998 1563 2034 promissionem
1579 1999 1680 2027 Patris·
1694 2008 1708 2026 »
1721 2000 1798 2033 Act„

1014 2054 1041 2081 1,
1056 2049 1084 2074 4.

1050 2104 1159 2132 Videns
1173 2103 1290 2139 Paulus,
1304 2103 1389 2140 quod
1399 2111 1459 2131 una
1467 2110 1553 2139 parse
1563 2104 1608 2131 rat
1623 2102 1800 2132 Sadducaeo-

1014 2160 1092 2186 rum,
1108 2152 1167 2179 alia
1182 2152 1407 2186 Pharisaeorum,
1418 2151 1595 2178 exclamavit
1609 2151 1640 2178 in
1651 2151 1778 2179 concilio
1790 2160 1797 2179 :

1016 2208 1031 2226 ι(
1044 2199 1104 2226 Viri
1120 2198 1235 2233 fratres,
1252 2206 1307 2234 ego
1322 2198 1484 2235 pharisaeus
1499 2206 1576 2233 sum,
1592 2198 1671 2226 filius
1695 2198 1798 2226 Phari-

1014 2254 1142 2274 saeorum
1164 2255 1171 2274 :
1193 2246 1230 2274 de
1253 2254 1303 2282 spe
1324 2248 1352 2274 et
1374 2246 1588 2274 resurrectione
1610 2248 1799 2275 mortuorum

1014 2300 1070 2329 ego
1083 2293 1212 2328 judicor.
1230 2304 1242 2318 »
1260 2293 1338 2328 Act„
1353 2301 1442 2327 xxm,
1457 2294 1485 2321 6.

1050 2342 1146 2369 Monet
1168 2340 1328 2376 Apostolus
1356 2340 1557 2375 Timotheum,
1586 2341 1618 2369 ut
1647 2339 1798 2377 praecipiat

1015 2387 1156 2416 divitibus
1174 2396 1188 2413 «
1203 2395 1265 2415 non
1282 2387 1412 2415 sublime
1426 2395 1546 2424 sapere,
1561 2395 1617 2416 nec
1632 2396 1751 2424 sperare
1766 2387 1798 2415 in

1013 2435 1126 2463 incerto
1150 2435 1340 2471 divitiarum,
1369 2435 1423 2464 sed
1451 2436 1481 2463 in
1509 2436 1569 2465 Deo
1597 2435 1667 2464 vivo
1678 2456 1688 2469 ,
1708 2444 1722 2461 »
1741 2436 1801 2463 ete.

1013 2483 1024 2510 1
1041 2485 1125 2515 Tim„
1140 2490 1180 2517 vi,
1197 2485 1243 2510 17.

1048 2530 1094 2558 Ad
1107 2529 1365 2565 longanimitatem
1383 2531 1411 2558 et
1435 2528 1656 2566 expectandum
1673 2536 1729 2557 nos
1752 2528 1797 2556 in-

1013 2575 1100 2611 vitat,
1129 2577 1178 2604 vel
1200 2576 1351 2613 informat,
1380 2577 1485 2605 beatus
1511 2577 1640 2605 Jacobus
1665 2575 1766 2603 dicens
1787 2585 1794 2604 :

1017 2633 1031 2649 «
1045 2624 1221 2660 Exemplum
1234 2624 1357 2661 accipite
1372 2624 1465 2653 exitus
1480 2624 1562 2660 mali,
1579 2624 1692 2653 laboris
1707 2625 1734 2652 et
1744 2631 1796 2659 pa-

1014 2671 1130 2706 tientias,
1147 2671 1317 2707 prophetas,
1333 2681 1346 2698 >v
1366 2674 1420 2700 etc.
1435 2672 1548 2707 Jac.,v,
1567 2673 1608 2700 10.
