<?xml version="1.0" encoding="UTF-8"?>
<!DOCTYPE html PUBLIC "-//W3C//DTD XHTML 1.0 Transitional//EN"
    "http://www.w3.org/TR/xhtml1/DTD/xhtml1-transitional.dtd">
<html xmlns="http://www.w3.org/1999/xhtml" xml:lang="en" lang="en">
 <head>
  <title>
</title>
<meta http-equiv="Content-Type" content="text/html;charset=utf-8" />
  <meta name='ocr-system' content='tesseract 3.04.00' />
  <meta name='ocr-capabilities' content='ocr_page ocr_carea ocr_par ocr_line ocrx_word'/>
</head>
<body>
  <div class='ocr_page' id='page_1' title='image "./operaomniasixtiv08bonauoft/operaomniasixtiv08bonauoft_0606.png"; bbox 0 0 2004 3037; ppageno 0'>
   <div class='ocr_carea' id='block_1_1' title="bbox 199 194 260 225">
    <p class='ocr_par' dir='ltr' id='par_1_1' title="bbox 199 194 260 225">
     <span class='ocr_line' id='line_1_1' title="bbox 199 194 260 225; baseline -0.016 0"><span class='ocrx_word' id='word_1_1' title='bbox 199 194 260 225; x_wconf 66' lang='lat'><strong>584</strong></span> 
     </span>
    </p>
   </div>
   <div class='ocr_carea' id='block_1_2' title="bbox 199 254 999 1332">
    <p class='ocr_par' dir='ltr' id='par_1_2' title="bbox 199 254 989 818">
     <span class='ocr_line' id='line_1_2' title="bbox 199 254 978 294; baseline -0.009 -3"><span class='ocrx_word' id='word_1_2' title='bbox 199 263 234 291; x_wconf 90' lang='lat' dir='ltr'><strong>ut</strong></span> <span class='ocrx_word' id='word_1_3' title='bbox 259 264 449 294; x_wconf 82' lang='lat' dir='ltr'><strong>sanaremur,</strong></span> <span class='ocrx_word' id='word_1_4' title='bbox 480 255 646 294; x_wconf 74' lang='lat' dir='ltr'><strong>flagellatus</strong></span> <span class='ocrx_word' id='word_1_5' title='bbox 676 263 715 285; x_wconf 87' lang='lat' dir='ltr'><strong>ne</strong></span> <span class='ocrx_word' id='word_1_6' title='bbox 744 254 978 292; x_wconf 80' lang='lat' dir='ltr'><strong>flagellaremur,</strong></span> 
     </span>
     <span class='ocr_line' id='line_1_3' title="bbox 200 303 980 340; baseline -0.008 -2"><span class='ocrx_word' id='word_1_7' title='bbox 200 309 336 338; x_wconf 84' lang='lat' dir='ltr'><strong>mortuus</strong></span> <span class='ocrx_word' id='word_1_8' title='bbox 350 306 394 335; x_wconf 85' lang='lat' dir='ltr'><strong>est</strong></span> <span class='ocrx_word' id='word_1_9' title='bbox 406 313 444 334; x_wconf 88' lang='lat' dir='ltr'><strong>ne</strong></span> <span class='ocrx_word' id='word_1_10' title='bbox 460 303 636 334; x_wconf 66' lang='lat' dir='ltr'><strong>aeternaliter</strong></span> <span class='ocrx_word' id='word_1_11' title='bbox 650 311 847 334; x_wconf 76' lang='lat' dir='ltr'><strong>moreremur.</strong></span> <span class='ocrx_word' id='word_1_12' title='bbox 859 303 933 338; x_wconf 81' lang='lat' dir='ltr'><strong>Gal..</strong></span> <span class='ocrx_word' id='word_1_13' title='bbox 946 311 980 340; x_wconf 87' lang='lat' dir='ltr'><strong>n,</strong></span> 
     </span>
     <span class='ocr_line' id='line_1_4' title="bbox 202 350 982 388; baseline -0.008 -3"><span class='ocrx_word' id='word_1_14' title='bbox 202 357 256 386; x_wconf 84' lang='lat'><strong>20:</strong></span> <span class='ocrx_word' id='word_1_15' title='bbox 274 363 289 381; x_wconf 70' lang='grc' dir='ltr'><strong>α</strong></span> <span class='ocrx_word' id='word_1_16' title='bbox 302 355 340 387; x_wconf 80' lang='lat' dir='ltr'><strong>Jn</strong></span> <span class='ocrx_word' id='word_1_17' title='bbox 358 352 420 381; x_wconf 89' lang='lat' dir='ltr'><strong>fide</strong></span> <span class='ocrx_word' id='word_1_18' title='bbox 438 351 509 380; x_wconf 84' lang='lat' dir='ltr'><strong>vivo</strong></span> <span class='ocrx_word' id='word_1_19' title='bbox 529 351 594 380; x_wconf 87' lang='lat' dir='ltr'><strong>Filii</strong></span> <span class='ocrx_word' id='word_1_20' title='bbox 610 350 676 387; x_wconf 91' lang='lat' dir='ltr'><strong>Dei,</strong></span> <span class='ocrx_word' id='word_1_21' title='bbox 691 351 744 388; x_wconf 89' lang='lat' dir='ltr'><strong>qui</strong></span> <span class='ocrx_word' id='word_1_22' title='bbox 758 350 860 380; x_wconf 84' lang='lat' dir='ltr'><strong>dilexit</strong></span> <span class='ocrx_word' id='word_1_23' title='bbox 871 358 938 386; x_wconf 87' lang='lat' dir='ltr'><strong>me,</strong></span> <span class='ocrx_word' id='word_1_24' title='bbox 952 352 982 379; x_wconf 83' lang='lat' dir='ltr'><strong>et</strong></span> 
     </span>
     <span class='ocr_line' id='line_1_5' title="bbox 203 397 980 436; baseline -0.006 -5"><span class='ocrx_word' id='word_1_25' title='bbox 203 400 326 431; x_wconf 83' lang='lat' dir='ltr'><strong>tradidit</strong></span> <span class='ocrx_word' id='word_1_26' title='bbox 345 398 537 436; x_wconf 86' lang='lat' dir='ltr'><strong>semetipsum</strong></span> <span class='ocrx_word' id='word_1_27' title='bbox 555 406 612 436; x_wconf 87' lang='lat' dir='ltr'><strong>pro</strong></span> <span class='ocrx_word' id='word_1_28' title='bbox 628 406 689 428; x_wconf 90' lang='lat' dir='ltr'><strong>me.</strong></span> <span class='ocrx_word' id='word_1_29' title='bbox 709 407 725 426; x_wconf 72' lang='grc' dir='ltr'><strong>ιι</strong></span> <span class='ocrx_word' id='word_1_30' title='bbox 749 399 761 427; x_wconf 89' lang='lat'><em>1</em></span> <span class='ocrx_word' id='word_1_31' title='bbox 781 397 855 434; x_wconf 71' lang='lat' dir='ltr'><strong>Cor„</strong></span> <span class='ocrx_word' id='word_1_32' title='bbox 874 405 923 434; x_wconf 82' lang='lat' dir='ltr'><strong>xv,</strong></span> <span class='ocrx_word' id='word_1_33' title='bbox 943 399 980 427; x_wconf 84' lang='lat'><strong>3:</strong></span> 
     </span>
     <span class='ocr_line' id='line_1_6' title="bbox 205 444 980 483; baseline -0.004 -7"><span class='ocrx_word' id='word_1_34' title='bbox 205 459 220 476; x_wconf 76' lang='grc' dir='ltr'><em>α</em></span> <span class='ocrx_word' id='word_1_35' title='bbox 238 447 369 478; x_wconf 86' lang='lat' dir='ltr'><strong>Christus</strong></span> <span class='ocrx_word' id='word_1_36' title='bbox 389 449 526 476; x_wconf 89' lang='lat' dir='ltr'><strong>mortuus</strong></span> <span class='ocrx_word' id='word_1_37' title='bbox 544 447 588 475; x_wconf 89' lang='lat' dir='ltr'><strong>est</strong></span> <span class='ocrx_word' id='word_1_38' title='bbox 607 453 664 483; x_wconf 89' lang='lat' dir='ltr'><strong>pro</strong></span> <span class='ocrx_word' id='word_1_39' title='bbox 684 445 811 483; x_wconf 75' lang='lat' dir='ltr'><strong>peccatis</strong></span> <span class='ocrx_word' id='word_1_40' title='bbox 832 444 950 474; x_wconf 84' lang='lat' dir='ltr'><strong>nostris.</strong></span> <span class='ocrx_word' id='word_1_41' title='bbox 965 454 980 472; x_wconf 76' lang='grc' dir='ltr'>ι</span> 
     </span>
     <span class='ocr_line' id='line_1_7' title="bbox 203 493 983 532; baseline -0.008 -6"><span class='ocrx_word' id='word_1_42' title='bbox 203 497 285 532; x_wconf 82' lang='lat' dir='ltr'><strong>Item,</strong></span> <span class='ocrx_word' id='word_1_43' title='bbox 300 496 311 524; x_wconf 92' lang='lat' dir='ltr'><strong>l</strong></span> <span class='ocrx_word' id='word_1_44' title='bbox 328 496 415 528; x_wconf 66' lang='lat' dir='ltr'><strong>Patr„</strong></span> <span class='ocrx_word' id='word_1_45' title='bbox 429 503 465 530; x_wconf 86' lang='lat' dir='ltr'><strong>n,</strong></span> <span class='ocrx_word' id='word_1_46' title='bbox 486 495 518 523; x_wconf 80' lang='lat'><strong>2¹</strong></span> <span class='ocrx_word' id='word_1_47' title='bbox 533 503 541 523; x_wconf 90' lang='lat'>:</span> <span class='ocrx_word' id='word_1_48' title='bbox 564 503 578 520; x_wconf 78' lang='grc' dir='ltr'><strong>α</strong></span> <span class='ocrx_word' id='word_1_49' title='bbox 591 493 721 523; x_wconf 86' lang='lat' dir='ltr'><strong>Christus</strong></span> <span class='ocrx_word' id='word_1_50' title='bbox 738 500 844 530; x_wconf 83' lang='lat' dir='ltr'><strong>passus</strong></span> <span class='ocrx_word' id='word_1_51' title='bbox 861 493 904 521; x_wconf 88' lang='lat' dir='ltr'><strong>est</strong></span> <span class='ocrx_word' id='word_1_52' title='bbox 926 499 983 529; x_wconf 88' lang='lat' dir='ltr'><strong>pro</strong></span> 
     </span>
     <span class='ocr_line' id='line_1_8' title="bbox 204 540 985 580; baseline -0.005 -8"><span class='ocrx_word' id='word_1_53' title='bbox 204 543 303 579; x_wconf 88' lang='lat' dir='ltr'><strong>nobis,</strong></span> <span class='ocrx_word' id='word_1_54' title='bbox 322 542 494 580; x_wconf 81' lang='lat' dir='ltr'><strong>relinquens</strong></span> <span class='ocrx_word' id='word_1_55' title='bbox 518 540 702 578; x_wconf 85' lang='lat' dir='ltr'><strong>exemplum.</strong></span> <span class='ocrx_word' id='word_1_56' title='bbox 721 549 735 568; x_wconf 77' lang='grc' dir='ltr'><strong>ιο</strong></span> <span class='ocrx_word' id='word_1_57' title='bbox 746 542 827 575; x_wconf 79' lang='lat' dir='ltr'><strong>item,</strong></span> <span class='ocrx_word' id='word_1_58' title='bbox 845 540 985 576; x_wconf 82' lang='lat' dir='ltr'><strong>1sa.,1.ur,</strong></span> 
     </span>
     <span class='ocr_line' id='line_1_9' title="bbox 205 587 986 628; baseline -0.008 -7"><span class='ocrx_word' id='word_1_59' title='bbox 205 595 244 621; x_wconf 78' lang='lat'><strong>5:</strong></span> <span class='ocrx_word' id='word_1_60' title='bbox 269 602 283 618; x_wconf 78' lang='grc' dir='ltr'>α</span> <span class='ocrx_word' id='word_1_61' title='bbox 302 593 368 628; x_wconf 84' lang='lat' dir='ltr'><strong>lpse</strong></span> <span class='ocrx_word' id='word_1_62' title='bbox 396 590 569 619; x_wconf 81' lang='lat' dir='ltr'><strong>vulneratus</strong></span> <span class='ocrx_word' id='word_1_63' title='bbox 596 590 640 618; x_wconf 89' lang='lat' dir='ltr'><strong>est</strong></span> <span class='ocrx_word' id='word_1_64' title='bbox 664 589 787 626; x_wconf 82' lang='lat' dir='ltr'><strong>propter</strong></span> <span class='ocrx_word' id='word_1_65' title='bbox 817 587 986 625; x_wconf 73' lang='lat' dir='ltr'><strong>iniquitates</strong></span> 
     </span>
     <span class='ocr_line' id='line_1_10' title="bbox 206 635 984 675; baseline -0.008 -6"><span class='ocrx_word' id='word_1_66' title='bbox 206 641 336 675; x_wconf 81' lang='lat' dir='ltr'><strong>nostras,</strong></span> <span class='ocrx_word' id='word_1_67' title='bbox 360 638 474 667; x_wconf 84' lang='lat' dir='ltr'><strong>attritus</strong></span> <span class='ocrx_word' id='word_1_68' title='bbox 491 638 535 666; x_wconf 85' lang='lat' dir='ltr'><strong>est</strong></span> <span class='ocrx_word' id='word_1_69' title='bbox 554 637 677 674; x_wconf 88' lang='lat' dir='ltr'><strong>propter</strong></span> <span class='ocrx_word' id='word_1_70' title='bbox 700 635 813 665; x_wconf 84' lang='lat' dir='ltr'><strong>scelera</strong></span> <span class='ocrx_word' id='word_1_71' title='bbox 833 636 948 669; x_wconf 82' lang='lat' dir='ltr'><strong>nostra,</strong></span> <span class='ocrx_word' id='word_1_72' title='bbox 969 645 984 663; x_wconf 68' lang='lat' dir='ltr'><strong>n</strong></span> 
     </span>
     <span class='ocr_line' id='line_1_11' title="bbox 207 683 985 718; baseline -0.008 -2"><span class='ocrx_word' id='word_1_73' title='bbox 207 686 342 716; x_wconf 87' lang='lat' dir='ltr'><strong>tollenda</strong></span> <span class='ocrx_word' id='word_1_74' title='bbox 355 685 465 714; x_wconf 82' lang='lat' dir='ltr'><strong>seilicet</strong></span> <span class='ocrx_word' id='word_1_75' title='bbox 478 686 507 713; x_wconf 90' lang='lat' dir='ltr'><strong>et</strong></span> <span class='ocrx_word' id='word_1_76' title='bbox 523 683 662 713; x_wconf 86' lang='lat' dir='ltr'><strong>delenda.</strong></span> <span class='ocrx_word' id='word_1_77' title='bbox 679 685 765 718; x_wconf 83' lang='lat' dir='ltr'>Item,</span> <span class='ocrx_word' id='word_1_78' title='bbox 781 683 873 717; x_wconf 67' lang='lat' dir='ltr'><strong>Joan„</strong></span> <span class='ocrx_word' id='word_1_79' title='bbox 888 690 918 718; x_wconf 86' lang='lat' dir='ltr'><strong>x,</strong></span> <span class='ocrx_word' id='word_1_80' title='bbox 936 684 985 710; x_wconf 82' lang='lat'><strong>¹5:</strong></span> 
     </span>
     <span class='ocr_line' id='line_1_12' title="bbox 209 728 989 768; baseline -0.005 -7"><span class='ocrx_word' id='word_1_81' title='bbox 209 744 223 761; x_wconf 74' lang='grc' dir='ltr'><strong>(ι</strong></span> <span class='ocrx_word' id='word_1_82' title='bbox 238 734 375 763; x_wconf 79' lang='lat' dir='ltr'><strong>Animam</strong></span> <span class='ocrx_word' id='word_1_83' title='bbox 402 740 517 767; x_wconf 84' lang='lat' dir='ltr'><strong>meam,</strong></span> <span class='ocrx_word' id='word_1_84' title='bbox 545 731 656 768; x_wconf 87' lang='lat' dir='ltr'><strong>inquit,</strong></span> <span class='ocrx_word' id='word_1_85' title='bbox 684 738 741 768; x_wconf 86' lang='lat' dir='ltr'><strong>pro</strong></span> <span class='ocrx_word' id='word_1_86' title='bbox 775 729 883 759; x_wconf 88' lang='lat' dir='ltr'><strong>ovibus</strong></span> <span class='ocrx_word' id='word_1_87' title='bbox 914 728 989 758; x_wconf 84' lang='lat' dir='ltr'><strong>meis</strong></span> 
     </span>
     <span class='ocr_line' id='line_1_13' title="bbox 207 789 331 818; baseline -0.016 -8"><span class='ocrx_word' id='word_1_88' title='bbox 207 789 301 818; x_wconf 89' lang='lat' dir='ltr'><strong>pono.</strong></span> <span class='ocrx_word' id='word_1_89' title='bbox 317 790 331 808; x_wconf 63' lang='grc' dir='ltr'><strong>ι)</strong></span> 
     </span>
    </p>

    <p class='ocr_par' dir='ltr' id='par_1_3' title="bbox 210 822 992 957">
     <span class='ocr_line' id='line_1_14' title="bbox 245 822 992 865; baseline -0.009 -8"><span class='ocrx_word' id='word_1_90' title='bbox 245 830 284 857; x_wconf 91' lang='lat' dir='ltr'><strong>De</strong></span> <span class='ocrx_word' id='word_1_91' title='bbox 299 826 447 865; x_wconf 80' lang='lat' dir='ltr'><strong>Apostolis</strong></span> <span class='ocrx_word' id='word_1_92' title='bbox 463 825 543 854; x_wconf 82' lang='lat' dir='ltr'><strong>oaesis</strong></span> <span class='ocrx_word' id='word_1_93' title='bbox 558 824 676 857; x_wconf 87' lang='lat' dir='ltr'><strong>dieitur,</strong></span> <span class='ocrx_word' id='word_1_94' title='bbox 689 825 765 856; x_wconf 73' lang='lat' dir='ltr'><strong>Act„</strong></span> <span class='ocrx_word' id='word_1_95' title='bbox 777 830 806 859; x_wconf 83' lang='lat' dir='ltr'><strong>v,</strong></span> <span class='ocrx_word' id='word_1_96' title='bbox 816 825 865 852; x_wconf 75' lang='lat'><strong>41:</strong></span> <span class='ocrx_word' id='word_1_97' title='bbox 878 831 892 850; x_wconf 76' lang='grc' dir='ltr'><strong>α</strong></span> <span class='ocrx_word' id='word_1_98' title='bbox 907 822 992 851; x_wconf 78' lang='lat' dir='ltr'><strong>ibant</strong></span> 
     </span>
     <span class='ocr_line' id='line_1_15' title="bbox 210 868 991 912; baseline -0.008 -8"><span class='ocrx_word' id='word_1_99' title='bbox 210 875 374 912; x_wconf 76' lang='lat' dir='ltr'><strong>gaudentes</strong></span> <span class='ocrx_word' id='word_1_100' title='bbox 389 882 407 902; x_wconf 84' lang='lat' dir='ltr'><strong>a</strong></span> <span class='ocrx_word' id='word_1_101' title='bbox 422 875 583 910; x_wconf 85' lang='lat' dir='ltr'><strong>conspeetu</strong></span> <span class='ocrx_word' id='word_1_102' title='bbox 597 870 730 906; x_wconf 85' lang='lat' dir='ltr'><strong>concilii,</strong></span> <span class='ocrx_word' id='word_1_103' title='bbox 747 870 893 908; x_wconf 86' lang='lat' dir='ltr'><strong>quoniam</strong></span> <span class='ocrx_word' id='word_1_104' title='bbox 908 868 991 906; x_wconf 83' lang='lat' dir='ltr'><strong>digni</strong></span> 
     </span>
     <span class='ocr_line' id='line_1_16' title="bbox 211 922 506 957; baseline -0.014 -5"><span class='ocrx_word' id='word_1_105' title='bbox 211 922 304 952; x_wconf 85' lang='lat' dir='ltr'><strong>habiti</strong></span> <span class='ocrx_word' id='word_1_106' title='bbox 319 923 400 957; x_wconf 88' lang='lat' dir='ltr'><strong>sunt,</strong></span> <span class='ocrx_word' id='word_1_107' title='bbox 419 931 434 948; x_wconf 67' lang='grc' dir='ltr'>π</span> <span class='ocrx_word' id='word_1_108' title='bbox 451 922 506 949; x_wconf 87' lang='lat' dir='ltr'><strong>etc.</strong></span> 
     </span>
    </p>

    <p class='ocr_par' dir='ltr' id='par_1_4' title="bbox 212 963 998 1242">
     <span class='ocr_line' id='line_1_17' title="bbox 247 963 994 1006; baseline -0.008 -8"><span class='ocrx_word' id='word_1_109' title='bbox 247 969 412 1006; x_wconf 81' lang='lat' dir='ltr'><strong>Stephanus</strong></span> <span class='ocrx_word' id='word_1_110' title='bbox 427 967 466 996; x_wconf 82' lang='lat' dir='ltr'><strong>ad</strong></span> <span class='ocrx_word' id='word_1_111' title='bbox 481 966 663 1004; x_wconf 83' lang='lat' dir='ltr'><strong>lapidatores</strong></span> <span class='ocrx_word' id='word_1_112' title='bbox 677 972 748 994; x_wconf 91' lang='lat' dir='ltr'><strong>suos</strong></span> <span class='ocrx_word' id='word_1_113' title='bbox 759 964 815 993; x_wconf 77' lang='lat' dir='ltr'><strong>suit</strong></span> <span class='ocrx_word' id='word_1_114' title='bbox 828 963 868 993; x_wconf 86' lang='lat' dir='ltr'><strong>ita</strong></span> <span class='ocrx_word' id='word_1_115' title='bbox 878 963 994 1001; x_wconf 85' lang='lat' dir='ltr'><strong>patiens</strong></span> 
     </span>
     <span class='ocr_line' id='line_1_18' title="bbox 212 1011 995 1052; baseline -0.009 -6"><span class='ocrx_word' id='word_1_116' title='bbox 212 1020 240 1046; x_wconf 92' lang='lat' dir='ltr'><strong>et</strong></span> <span class='ocrx_word' id='word_1_117' title='bbox 260 1016 424 1052; x_wconf 83' lang='lat' dir='ltr'><strong>benignus,</strong></span> <span class='ocrx_word' id='word_1_118' title='bbox 448 1014 531 1052; x_wconf 91' lang='lat' dir='ltr'><strong>quod</strong></span> <span class='ocrx_word' id='word_1_119' title='bbox 551 1013 721 1050; x_wconf 83' lang='lat' dir='ltr'><strong>diligentius</strong></span> <span class='ocrx_word' id='word_1_120' title='bbox 739 1020 794 1050; x_wconf 90' lang='lat' dir='ltr'><strong>pro</strong></span> <span class='ocrx_word' id='word_1_121' title='bbox 812 1011 886 1047; x_wconf 81' lang='lat' dir='ltr'><strong>illis,</strong></span> <span class='ocrx_word' id='word_1_122' title='bbox 902 1018 995 1048; x_wconf 74' lang='lat' dir='ltr'><strong>quem</strong></span> 
     </span>
     <span class='ocr_line' id='line_1_19' title="bbox 213 1057 996 1101; baseline -0.008 -9"><span class='ocrx_word' id='word_1_123' title='bbox 213 1071 268 1101; x_wconf 88' lang='lat' dir='ltr'><strong>pro</strong></span> <span class='ocrx_word' id='word_1_124' title='bbox 288 1071 319 1092; x_wconf 87' lang='lat' dir='ltr'><strong>se</strong></span> <span class='ocrx_word' id='word_1_125' title='bbox 337 1063 402 1099; x_wconf 88' lang='lat' dir='ltr'><strong>ipso</strong></span> <span class='ocrx_word' id='word_1_126' title='bbox 421 1069 521 1090; x_wconf 86' lang='lat' dir='ltr'><strong>orasse</strong></span> <span class='ocrx_word' id='word_1_127' title='bbox 536 1060 662 1089; x_wconf 86' lang='lat' dir='ltr'><strong>videtur.</strong></span> <span class='ocrx_word' id='word_1_128' title='bbox 678 1061 752 1088; x_wconf 84' lang='lat' dir='ltr'><strong>Nam</strong></span> <span class='ocrx_word' id='word_1_129' title='bbox 765 1069 779 1086; x_wconf 76' lang='grc' dir='ltr'><strong>α</strong></span> <span class='ocrx_word' id='word_1_130' title='bbox 796 1058 899 1096; x_wconf 88' lang='lat' dir='ltr'><strong>positis</strong></span> <span class='ocrx_word' id='word_1_131' title='bbox 913 1057 996 1094; x_wconf 85' lang='lat' dir='ltr'><strong>geni-</strong></span> 
     </span>
     <span class='ocr_line' id='line_1_20' title="bbox 216 1105 996 1145; baseline -0.008 -6"><span class='ocrx_word' id='word_1_132' title='bbox 216 1111 283 1145; x_wconf 87' lang='lat' dir='ltr'><strong>bus,</strong></span> <span class='ocrx_word' id='word_1_133' title='bbox 299 1109 437 1138; x_wconf 84' lang='lat' dir='ltr'><strong>clamavit</strong></span> <span class='ocrx_word' id='word_1_134' title='bbox 451 1117 524 1137; x_wconf 87' lang='lat' dir='ltr'><strong>voce</strong></span> <span class='ocrx_word' id='word_1_135' title='bbox 540 1116 652 1144; x_wconf 80' lang='lat' dir='ltr'><strong>magna</strong></span> <span class='ocrx_word' id='word_1_136' title='bbox 667 1107 787 1135; x_wconf 86' lang='lat' dir='ltr'><strong>dicens:</strong></span> <span class='ocrx_word' id='word_1_137' title='bbox 805 1105 945 1141; x_wconf 86' lang='lat' dir='ltr'><strong>Domine,</strong></span> <span class='ocrx_word' id='word_1_138' title='bbox 958 1112 996 1133; x_wconf 85' lang='lat' dir='ltr'><strong>ne</strong></span> 
     </span>
     <span class='ocr_line' id='line_1_21' title="bbox 215 1152 998 1193; baseline -0.008 -7"><span class='ocrx_word' id='word_1_139' title='bbox 215 1160 340 1193; x_wconf 86' lang='lat' dir='ltr'><strong>statuas,</strong></span> <span class='ocrx_word' id='word_1_140' title='bbox 355 1167 369 1183; x_wconf 68' lang='lat'><strong>‚³</strong></span> <span class='ocrx_word' id='word_1_141' title='bbox 386 1159 440 1185; x_wconf 87' lang='lat' dir='ltr'><strong>etc.</strong></span> <span class='ocrx_word' id='word_1_142' title='bbox 457 1157 549 1185; x_wconf 89' lang='lat' dir='ltr'><strong>Orans</strong></span> <span class='ocrx_word' id='word_1_143' title='bbox 565 1158 664 1184; x_wconf 87' lang='lat' dir='ltr'><strong>autem</strong></span> <span class='ocrx_word' id='word_1_144' title='bbox 679 1162 734 1192; x_wconf 88' lang='lat' dir='ltr'><strong>pro</strong></span> <span class='ocrx_word' id='word_1_145' title='bbox 750 1162 796 1189; x_wconf 88' lang='lat' dir='ltr'><strong>se,</strong></span> <span class='ocrx_word' id='word_1_146' title='bbox 811 1160 874 1182; x_wconf 91' lang='lat' dir='ltr'><strong>non</strong></span> <span class='ocrx_word' id='word_1_147' title='bbox 889 1152 998 1188; x_wconf 83' lang='lat' dir='ltr'><strong>legitur</strong></span> 
     </span>
     <span class='ocr_line' id='line_1_22' title="bbox 217 1201 941 1242; baseline -0.008 -8"><span class='ocrx_word' id='word_1_148' title='bbox 217 1213 314 1242; x_wconf 85' lang='lat' dir='ltr'><strong>genua</strong></span> <span class='ocrx_word' id='word_1_149' title='bbox 332 1204 458 1240; x_wconf 84' lang='lat' dir='ltr'><strong>flexisse,</strong></span> <span class='ocrx_word' id='word_1_150' title='bbox 474 1212 528 1232; x_wconf 88' lang='lat' dir='ltr'><strong>nee</strong></span> <span class='ocrx_word' id='word_1_151' title='bbox 541 1203 696 1231; x_wconf 81' lang='lat' dir='ltr'><strong>clamasse.</strong></span> <span class='ocrx_word' id='word_1_152' title='bbox 711 1211 725 1228; x_wconf 74' lang='lat' dir='ltr'><strong>n</strong></span> <span class='ocrx_word' id='word_1_153' title='bbox 740 1202 815 1235; x_wconf 67' lang='lat' dir='ltr'><strong>Act„</strong></span> <span class='ocrx_word' id='word_1_154' title='bbox 830 1208 882 1235; x_wconf 84' lang='lat' dir='ltr'><strong>vn,</strong></span> <span class='ocrx_word' id='word_1_155' title='bbox 897 1201 941 1229; x_wconf 75' lang='lat'><strong>59.</strong></span> 
     </span>
    </p>

    <p class='ocr_par' dir='ltr' id='par_1_5' title="bbox 217 1247 999 1332">
     <span class='ocr_line' id='line_1_23' title="bbox 253 1247 999 1287; baseline -0.008 -6"><span class='ocrx_word' id='word_1_156' title='bbox 253 1252 360 1281; x_wconf 85' lang='lat' dir='ltr'><strong>Paulus</strong></span> <span class='ocrx_word' id='word_1_157' title='bbox 377 1254 404 1280; x_wconf 87' lang='lat' dir='ltr'><strong>et</strong></span> <span class='ocrx_word' id='word_1_158' title='bbox 418 1252 502 1285; x_wconf 87' lang='lat' dir='ltr'><strong>Silas,</strong></span> <span class='ocrx_word' id='word_1_159' title='bbox 515 1250 603 1287; x_wconf 88' lang='lat' dir='ltr'><strong>positi</strong></span> <span class='ocrx_word' id='word_1_160' title='bbox 618 1250 649 1277; x_wconf 91' lang='lat' dir='ltr'><strong>in</strong></span> <span class='ocrx_word' id='word_1_161' title='bbox 665 1249 741 1278; x_wconf 91' lang='lat' dir='ltr'><strong>duro</strong></span> <span class='ocrx_word' id='word_1_162' title='bbox 759 1256 886 1282; x_wconf 84' lang='lat' dir='ltr'><strong>carcere,</strong></span> <span class='ocrx_word' id='word_1_163' title='bbox 898 1247 999 1276; x_wconf 87' lang='lat' dir='ltr'><strong>media</strong></span> 
     </span>
     <span class='ocr_line' id='line_1_24' title="bbox 217 1295 997 1332; baseline -0.009 -3"><span class='ocrx_word' id='word_1_164' title='bbox 217 1301 303 1329; x_wconf 85' lang='lat' dir='ltr'><strong>noete</strong></span> <span class='ocrx_word' id='word_1_165' title='bbox 310 1299 478 1328; x_wconf 81' lang='lat' dir='ltr'><strong>adorabant</strong></span> <span class='ocrx_word' id='word_1_166' title='bbox 484 1300 585 1332; x_wconf 92' lang='lat' dir='ltr'><strong>Deum,</strong></span> <span class='ocrx_word' id='word_1_167' title='bbox 593 1296 880 1330; x_wconf 79' lang='lat' dir='ltr'><strong>etlaudabant.Act.‚</strong></span> <span class='ocrx_word' id='word_1_168' title='bbox 886 1302 945 1331; x_wconf 75' lang='lat' dir='ltr'><strong>xvi,</strong></span> <span class='ocrx_word' id='word_1_169' title='bbox 952 1295 997 1323; x_wconf 75' lang='lat'><strong>25.</strong></span> 
     </span>
    </p>
   </div>
   <div class='ocr_carea' id='block_1_3' title="bbox 262 1391 959 1501">
    <p class='ocr_par' dir='ltr' id='par_1_6' title="bbox 262 1391 959 1501">
     <span class='ocr_line' id='line_1_25' title="bbox 455 1391 763 1428; baseline -0.013 0"><span class='ocrx_word' id='word_1_170' title='bbox 455 1392 599 1428; x_wconf 86' lang='lat' dir='ltr'><strong>CAPUT</strong></span> <span class='ocrx_word' id='word_1_171' title='bbox 627 1391 763 1426; x_wconf 88' lang='lat' dir='ltr'><strong>LXXX.</strong></span> 
     </span>
     <span class='ocr_line' id='line_1_26' title="bbox 262 1463 959 1501; baseline -0.013 -4"><span class='ocrx_word' id='word_1_172' title='bbox 262 1471 299 1497; x_wconf 85' lang='lat' dir='ltr'><strong>De</strong></span> <span class='ocrx_word' id='word_1_173' title='bbox 318 1468 469 1497; x_wconf 77' lang='lat' dir='ltr'><strong>constantia</strong></span> <span class='ocrx_word' id='word_1_174' title='bbox 489 1468 512 1493; x_wconf 76' lang='lat' dir='ltr'><strong>et</strong></span> <span class='ocrx_word' id='word_1_175' title='bbox 532 1464 733 1501; x_wconf 73' lang='lat' dir='ltr'><strong>perseverantia</strong></span> <span class='ocrx_word' id='word_1_176' title='bbox 752 1464 782 1490; x_wconf 80' lang='lat' dir='ltr'><strong>in</strong></span> <span class='ocrx_word' id='word_1_177' title='bbox 799 1463 959 1498; x_wconf 79' lang='lat' dir='ltr'><strong>propositis.</strong></span> 
     </span>
    </p>
   </div>
   <div class='ocr_carea' id='block_1_4' title="bbox 224 1532 1026 2705">
    <p class='ocr_par' dir='ltr' id='par_1_7' title="bbox 224 1532 1005 1665">
     <span class='ocr_line' id='line_1_27' title="bbox 259 1532 1004 1576; baseline -0.012 -7"><span class='ocrx_word' id='word_1_178' title='bbox 259 1543 322 1570; x_wconf 81' lang='lat' dir='ltr'><strong>Non</strong></span> <span class='ocrx_word' id='word_1_179' title='bbox 333 1542 375 1568; x_wconf 88' lang='lat' dir='ltr'><strong>est</strong></span> <span class='ocrx_word' id='word_1_180' title='bbox 390 1537 610 1576; x_wconf 80' lang='lat' dir='ltr'><strong>respiciendum</strong></span> <span class='ocrx_word' id='word_1_181' title='bbox 622 1538 700 1565; x_wconf 87' lang='lat' dir='ltr'><strong>retro</strong></span> <span class='ocrx_word' id='word_1_182' title='bbox 716 1537 784 1572; x_wconf 81' lang='lat' dir='ltr'><strong>post</strong></span> <span class='ocrx_word' id='word_1_183' title='bbox 799 1541 950 1570; x_wconf 80' lang='lat' dir='ltr'><strong>egressum</strong></span> <span class='ocrx_word' id='word_1_184' title='bbox 966 1532 1004 1561; x_wconf 88' lang='lat' dir='ltr'><strong>de</strong></span> 
     </span>
     <span class='ocr_line' id='line_1_28' title="bbox 224 1580 1005 1620; baseline -0.014 -2"><span class='ocrx_word' id='word_1_185' title='bbox 224 1589 362 1618; x_wconf 87' lang='lat' dir='ltr'><strong>societate</strong></span> <span class='ocrx_word' id='word_1_186' title='bbox 378 1587 544 1620; x_wconf 86' lang='lat' dir='ltr'><strong>malorum,</strong></span> <span class='ocrx_word' id='word_1_187' title='bbox 561 1585 633 1612; x_wconf 86' lang='lat' dir='ltr'><strong>sicut</strong></span> <span class='ocrx_word' id='word_1_188' title='bbox 653 1583 720 1611; x_wconf 82' lang='lat' dir='ltr'><strong>fecit</strong></span> <span class='ocrx_word' id='word_1_189' title='bbox 741 1590 818 1610; x_wconf 86' lang='lat' dir='ltr'><strong>uxor</strong></span> <span class='ocrx_word' id='word_1_190' title='bbox 833 1580 921 1616; x_wconf 86' lang='lat' dir='ltr'><strong>Loth,</strong></span> <span class='ocrx_word' id='word_1_191' title='bbox 937 1588 1005 1617; x_wconf 85' lang='lat' dir='ltr'><strong>quae</strong></span> 
     </span>
     <span class='ocr_line' id='line_1_29' title="bbox 225 1630 874 1665; baseline -0.014 0"><span class='ocrx_word' id='word_1_192' title='bbox 225 1645 310 1665; x_wconf 80' lang='lat' dir='ltr'><strong>versa</strong></span> <span class='ocrx_word' id='word_1_193' title='bbox 323 1637 365 1663; x_wconf 78' lang='lat' dir='ltr'><strong>est</strong></span> <span class='ocrx_word' id='word_1_194' title='bbox 377 1635 407 1662; x_wconf 93' lang='lat' dir='ltr'><strong>in</strong></span> <span class='ocrx_word' id='word_1_195' title='bbox 423 1635 549 1661; x_wconf 83' lang='lat' dir='ltr'><strong>statuam</strong></span> <span class='ocrx_word' id='word_1_196' title='bbox 566 1632 644 1659; x_wconf 82' lang='lat' dir='ltr'><strong>salis.</strong></span> <span class='ocrx_word' id='word_1_197' title='bbox 661 1631 738 1664; x_wconf 62' lang='lat' dir='ltr'><strong>Gen„</strong></span> <span class='ocrx_word' id='word_1_198' title='bbox 754 1638 815 1663; x_wconf 76' lang='lat' dir='ltr'><strong>xrx,</strong></span> <span class='ocrx_word' id='word_1_199' title='bbox 830 1630 874 1657; x_wconf 77' lang='lat'><strong>26.</strong></span> 
     </span>
    </p>

    <p class='ocr_par' dir='ltr' id='par_1_8' title="bbox 228 1675 1008 1807">
     <span class='ocr_line' id='line_1_30' title="bbox 261 1675 1007 1718; baseline -0.012 -7"><span class='ocrx_word' id='word_1_200' title='bbox 261 1682 389 1718; x_wconf 72' lang='lat' dir='ltr'><strong>Singulis</strong></span> <span class='ocrx_word' id='word_1_201' title='bbox 405 1681 511 1709; x_wconf 83' lang='lat' dir='ltr'><strong>diebus</strong></span> <span class='ocrx_word' id='word_1_202' title='bbox 533 1679 659 1707; x_wconf 82' lang='lat' dir='ltr'><strong>molesta</strong></span> <span class='ocrx_word' id='word_1_203' title='bbox 682 1679 743 1705; x_wconf 81' lang='lat' dir='ltr'><strong>erat</strong></span> <span class='ocrx_word' id='word_1_204' title='bbox 759 1676 868 1712; x_wconf 73' lang='lat' dir='ltr'><strong>ioseph</strong></span> <span class='ocrx_word' id='word_1_205' title='bbox 884 1675 1007 1704; x_wconf 87' lang='lat' dir='ltr'><strong>domina</strong></span> 
     </span>
     <span class='ocr_line' id='line_1_31' title="bbox 228 1721 1008 1767; baseline -0.013 -7"><span class='ocrx_word' id='word_1_206' title='bbox 228 1732 301 1767; x_wconf 81' lang='lat' dir='ltr'><strong>ejus,</strong></span> <span class='ocrx_word' id='word_1_207' title='bbox 323 1732 350 1758; x_wconf 89' lang='lat' dir='ltr'><strong>et</strong></span> <span class='ocrx_word' id='word_1_208' title='bbox 368 1729 417 1757; x_wconf 87' lang='lat' dir='ltr'><strong>ille</strong></span> <span class='ocrx_word' id='word_1_209' title='bbox 435 1730 533 1755; x_wconf 82' lang='lat' dir='ltr'><strong>tamen</strong></span> <span class='ocrx_word' id='word_1_210' title='bbox 552 1727 776 1763; x_wconf 75' lang='lat' dir='ltr'><strong>perseveranter</strong></span> <span class='ocrx_word' id='word_1_211' title='bbox 800 1723 902 1751; x_wconf 73' lang='lat' dir='ltr'><strong>restitit</strong></span> <span class='ocrx_word' id='word_1_212' title='bbox 924 1721 1008 1759; x_wconf 87' lang='lat' dir='ltr'><strong>operi</strong></span> 
     </span>
     <span class='ocr_line' id='line_1_32' title="bbox 228 1776 566 1807; baseline -0.018 -1"><span class='ocrx_word' id='word_1_213' title='bbox 228 1777 352 1806; x_wconf 74' lang='lat' dir='ltr'><strong>nefario.</strong></span> <span class='ocrx_word' id='word_1_214' title='bbox 372 1776 449 1807; x_wconf 60' lang='lat' dir='ltr'><strong>Gon„</strong></span> <span class='ocrx_word' id='word_1_215' title='bbox 466 1782 566 1801; x_wconf 78' lang='lat' dir='ltr'><strong>xxxix.</strong></span> 
     </span>
    </p>

    <p class='ocr_par' dir='ltr' id='par_1_9' title="bbox 228 1815 1012 1993">
     <span class='ocr_line' id='line_1_33' title="bbox 264 1815 1009 1859; baseline -0.013 -7"><span class='ocrx_word' id='word_1_216' title='bbox 264 1826 421 1859; x_wconf 81' lang='lat' dir='ltr'><strong>Nunquam</strong></span> <span class='ocrx_word' id='word_1_217' title='bbox 443 1821 538 1857; x_wconf 73' lang='lat' dir='ltr'><strong>potuit</strong></span> <span class='ocrx_word' id='word_1_218' title='bbox 559 1820 636 1847; x_wconf 70' lang='lat' dir='ltr'><strong>vinci</strong></span> <span class='ocrx_word' id='word_1_219' title='bbox 659 1821 791 1854; x_wconf 70' lang='lat' dir='ltr'><strong>Moyses,</strong></span> <span class='ocrx_word' id='word_1_220' title='bbox 812 1817 894 1853; x_wconf 87' lang='lat' dir='ltr'><strong>quod</strong></span> <span class='ocrx_word' id='word_1_221' title='bbox 912 1816 958 1843; x_wconf 68' lang='lat' dir='ltr'><strong>vel</strong></span> <span class='ocrx_word' id='word_1_222' title='bbox 979 1815 1009 1843; x_wconf 88' lang='lat' dir='ltr'><strong>in</strong></span> 
     </span>
     <span class='ocr_line' id='line_1_34' title="bbox 231 1863 1012 1907; baseline -0.013 -8"><span class='ocrx_word' id='word_1_223' title='bbox 231 1873 357 1907; x_wconf 80' lang='lat' dir='ltr'><strong>AEgypto</strong></span> <span class='ocrx_word' id='word_1_224' title='bbox 374 1869 533 1897; x_wconf 83' lang='lat' dir='ltr'><strong>immolans</strong></span> <span class='ocrx_word' id='word_1_225' title='bbox 547 1869 724 1900; x_wconf 78' lang='lat' dir='ltr'><strong>remaneret,</strong></span> <span class='ocrx_word' id='word_1_226' title='bbox 741 1865 788 1893; x_wconf 87' lang='lat' dir='ltr'><strong>vel</strong></span> <span class='ocrx_word' id='word_1_227' title='bbox 804 1863 946 1900; x_wconf 75' lang='lat' dir='ltr'><strong>parvulos</strong></span> <span class='ocrx_word' id='word_1_228' title='bbox 961 1864 1012 1890; x_wconf 85' lang='lat' dir='ltr'><strong>aut</strong></span> 
     </span>
     <span class='ocr_line' id='line_1_35' title="bbox 228 1911 1011 1954; baseline -0.013 -8"><span class='ocrx_word' id='word_1_229' title='bbox 228 1919 363 1954; x_wconf 86' lang='lat' dir='ltr'><strong>jumenta</strong></span> <span class='ocrx_word' id='word_1_230' title='bbox 378 1915 483 1952; x_wconf 83' lang='lat' dir='ltr'><strong>populi</strong></span> <span class='ocrx_word' id='word_1_231' title='bbox 498 1914 656 1942; x_wconf 82' lang='lat' dir='ltr'><strong>dimitteret</strong></span> <span class='ocrx_word' id='word_1_232' title='bbox 668 1911 823 1941; x_wconf 81' lang='lat' dir='ltr'><strong>Pharaoni.</strong></span> <span class='ocrx_word' id='word_1_233' title='bbox 836 1911 936 1946; x_wconf 60' lang='lat' dir='ltr'><strong>Ereti„</strong></span> <span class='ocrx_word' id='word_1_234' title='bbox 949 1917 1011 1944; x_wconf 72' lang='lat' dir='ltr'><strong>vni,</strong></span> 
     </span>
     <span class='ocr_line' id='line_1_36' title="bbox 232 1967 348 1993; baseline -0.017 0"><span class='ocrx_word' id='word_1_235' title='bbox 232 1973 261 1993; x_wconf 81' lang='lat' dir='ltr'><strong>ix</strong></span> <span class='ocrx_word' id='word_1_236' title='bbox 277 1967 304 1993; x_wconf 90' lang='lat' dir='ltr'><strong>et</strong></span> <span class='ocrx_word' id='word_1_237' title='bbox 319 1973 348 1992; x_wconf 83' lang='lat' dir='ltr'><strong>x.</strong></span> 
     </span>
    </p>

    <p class='ocr_par' dir='ltr' id='par_1_10' title="bbox 235 2005 1016 2183">
     <span class='ocr_line' id='line_1_37' title="bbox 271 2005 1012 2047; baseline -0.011 -8"><span class='ocrx_word' id='word_1_238' title='bbox 271 2014 345 2040; x_wconf 85' lang='lat' dir='ltr'><strong>Dure</strong></span> <span class='ocrx_word' id='word_1_239' title='bbox 360 2010 556 2047; x_wconf 75' lang='lat' dir='ltr'><strong>reprehensus</strong></span> <span class='ocrx_word' id='word_1_240' title='bbox 573 2008 663 2036; x_wconf 77' lang='lat' dir='ltr'><strong>David</strong></span> <span class='ocrx_word' id='word_1_241' title='bbox 678 2015 695 2035; x_wconf 81' lang='lat' dir='ltr'><strong>a</strong></span> <span class='ocrx_word' id='word_1_242' title='bbox 710 2006 796 2034; x_wconf 75' lang='lat' dir='ltr'><strong>fratre</strong></span> <span class='ocrx_word' id='word_1_243' title='bbox 813 2013 867 2033; x_wconf 90' lang='lat' dir='ltr'><strong>suo</strong></span> <span class='ocrx_word' id='word_1_244' title='bbox 888 2005 1012 2039; x_wconf 86' lang='lat' dir='ltr'><strong>majore,</strong></span> 
     </span>
     <span class='ocr_line' id='line_1_38' title="bbox 235 2051 1016 2089; baseline -0.013 -1"><span class='ocrx_word' id='word_1_245' title='bbox 235 2062 263 2089; x_wconf 84' lang='lat' dir='ltr'><strong>ct</strong></span> <span class='ocrx_word' id='word_1_246' title='bbox 277 2059 364 2087; x_wconf 88' lang='lat' dir='ltr'><strong>etiam</strong></span> <span class='ocrx_word' id='word_1_247' title='bbox 380 2058 531 2085; x_wconf 75' lang='lat' dir='ltr'><strong>dissuasus</strong></span> <span class='ocrx_word' id='word_1_248' title='bbox 546 2064 563 2083; x_wconf 81' lang='lat' dir='ltr'><strong>a</strong></span> <span class='ocrx_word' id='word_1_249' title='bbox 582 2055 667 2083; x_wconf 48' lang='lat' dir='ltr'><strong>Sauli¹</strong></span> <span class='ocrx_word' id='word_1_250' title='bbox 680 2076 687 2089; x_wconf 81' lang='lat'><em>‚</em></span> <span class='ocrx_word' id='word_1_251' title='bbox 705 2061 764 2081; x_wconf 89' lang='lat' dir='ltr'><strong>non</strong></span> <span class='ocrx_word' id='word_1_252' title='bbox 786 2052 897 2080; x_wconf 76' lang='lat' dir='ltr'><strong>destitit</strong></span> <span class='ocrx_word' id='word_1_253' title='bbox 918 2052 956 2079; x_wconf 87' lang='lat' dir='ltr'><strong>ab</strong></span> <span class='ocrx_word' id='word_1_254' title='bbox 972 2051 1016 2079; x_wconf 91' lang='lat' dir='ltr'><strong>in-</strong></span> 
     </span>
     <span class='ocr_line' id='line_1_39' title="bbox 236 2100 1015 2142; baseline -0.012 -8"><span class='ocrx_word' id='word_1_255' title='bbox 236 2109 332 2142; x_wconf 67' lang='lat' dir='ltr'><strong>coepto</strong></span> <span class='ocrx_word' id='word_1_256' title='bbox 346 2127 354 2139; x_wconf 96' lang='lat'><strong>,</strong></span> <span class='ocrx_word' id='word_1_257' title='bbox 375 2104 426 2133; x_wconf 82' lang='lat' dir='ltr'><strong>sed</strong></span> <span class='ocrx_word' id='word_1_258' title='bbox 443 2103 565 2132; x_wconf 84' lang='lat' dir='ltr'><strong>viriliter</strong></span> <span class='ocrx_word' id='word_1_259' title='bbox 580 2101 743 2139; x_wconf 83' lang='lat' dir='ltr'><strong>pugnavit,</strong></span> <span class='ocrx_word' id='word_1_260' title='bbox 759 2103 787 2129; x_wconf 87' lang='lat' dir='ltr'><strong>et</strong></span> <span class='ocrx_word' id='word_1_261' title='bbox 801 2100 879 2128; x_wconf 72' lang='lat' dir='ltr'><strong>vicit.</strong></span> <span class='ocrx_word' id='word_1_262' title='bbox 897 2100 905 2127; x_wconf 94' lang='lat' dir='ltr'><strong>l</strong></span> <span class='ocrx_word' id='word_1_263' title='bbox 928 2100 992 2133; x_wconf 61' lang='lat' dir='ltr'><strong>lica.</strong></span> <span class='ocrx_word' id='word_1_264' title='bbox 1006 2119 1015 2133; x_wconf 92' lang='lat'><strong>,</strong></span> 
     </span>
     <span class='ocr_line' id='line_1_40' title="bbox 237 2162 306 2183; baseline -0.029 0"><span class='ocrx_word' id='word_1_265' title='bbox 237 2162 306 2183; x_wconf 66' lang='lat' dir='ltr'><strong>svn.</strong></span> 
     </span>
    </p>

    <p class='ocr_par' dir='ltr' id='par_1_11' title="bbox 240 2192 1019 2281">
     <span class='ocr_line' id='line_1_41' title="bbox 274 2192 1019 2233; baseline -0.011 -5"><span class='ocrx_word' id='word_1_266' title='bbox 274 2200 495 2228; x_wconf 81' lang='lat' dir='ltr'><strong>Perseveranter</strong></span> <span class='ocrx_word' id='word_1_267' title='bbox 522 2197 580 2233; x_wconf 77' lang='lat' dir='ltr'><strong>egit</strong></span> <span class='ocrx_word' id='word_1_268' title='bbox 605 2196 678 2223; x_wconf 66' lang='lat' dir='ltr'><strong>Jonli</strong></span> <span class='ocrx_word' id='word_1_269' title='bbox 704 2196 733 2222; x_wconf 90' lang='lat' dir='ltr'><strong>in</strong></span> <span class='ocrx_word' id='word_1_270' title='bbox 760 2193 916 2222; x_wconf 74' lang='lat' dir='ltr'><strong>obsidione</strong></span> <span class='ocrx_word' id='word_1_271' title='bbox 942 2192 1019 2221; x_wconf 81' lang='lat' dir='ltr'><strong>Rab-</strong></span> 
     </span>
     <span class='ocr_line' id='line_1_42' title="bbox 240 2242 927 2281; baseline -0.012 -6"><span class='ocrx_word' id='word_1_272' title='bbox 240 2247 322 2281; x_wconf 81' lang='lat' dir='ltr'><strong>bath,</strong></span> <span class='ocrx_word' id='word_1_273' title='bbox 339 2247 435 2274; x_wconf 82' lang='lat' dir='ltr'><strong>donec</strong></span> <span class='ocrx_word' id='word_1_274' title='bbox 452 2247 537 2281; x_wconf 78' lang='lat' dir='ltr'><strong>capta</strong></span> <span class='ocrx_word' id='word_1_275' title='bbox 555 2244 606 2271; x_wconf 86' lang='lat' dir='ltr'><strong>i&#39;uit</strong></span> <span class='ocrx_word' id='word_1_276' title='bbox 622 2242 732 2270; x_wconf 69' lang='lat' dir='ltr'><strong>civitas.</strong></span> <span class='ocrx_word' id='word_1_277' title='bbox 749 2243 770 2269; x_wconf 91' lang='lat' dir='ltr'><strong>ll</strong></span> <span class='ocrx_word' id='word_1_278' title='bbox 789 2244 864 2276; x_wconf 61' lang='lat' dir='ltr'><strong>ſtry„</strong></span> <span class='ocrx_word' id='word_1_279' title='bbox 877 2249 927 2268; x_wconf 79' lang='lat' dir='ltr'><strong>xu.</strong></span> 
     </span>
    </p>

    <p class='ocr_par' dir='ltr' id='par_1_12' title="bbox 243 2287 1019 2373">
     <span class='ocr_line' id='line_1_43' title="bbox 276 2287 1019 2323; baseline -0.011 -1"><span class='ocrx_word' id='word_1_280' title='bbox 276 2297 346 2323; x_wconf 85' lang='lat' dir='ltr'><strong>item</strong></span> <span class='ocrx_word' id='word_1_281' title='bbox 361 2294 438 2320; x_wconf 71' lang='lat' dir='ltr'><strong>eirca</strong></span> <span class='ocrx_word' id='word_1_282' title='bbox 462 2292 569 2320; x_wconf 69' lang='lat' dir='ltr'><strong>Setiam</strong></span> <span class='ocrx_word' id='word_1_283' title='bbox 592 2290 695 2318; x_wconf 80' lang='lat' dir='ltr'><strong>Bocliri</strong></span> <span class='ocrx_word' id='word_1_284' title='bbox 715 2289 745 2317; x_wconf 90' lang='lat' dir='ltr'><strong>in</strong></span> <span class='ocrx_word' id='word_1_285' title='bbox 767 2288 924 2316; x_wconf 76' lang='lat' dir='ltr'><strong>obsidione</strong></span> <span class='ocrx_word' id='word_1_286' title='bbox 949 2287 1019 2315; x_wconf 77' lang='lat' dir='ltr'><strong>civi-</strong></span> 
     </span>
     <span class='ocr_line' id='line_1_44' title="bbox 243 2340 615 2373; baseline -0.011 -4"><span class='ocrx_word' id='word_1_287' title='bbox 243 2341 308 2369; x_wconf 83' lang='lat' dir='ltr'><strong>tatis</strong></span> <span class='ocrx_word' id='word_1_288' title='bbox 323 2340 424 2370; x_wconf 78' lang='lat' dir='ltr'><strong>Abela.</strong></span> <span class='ocrx_word' id='word_1_289' title='bbox 439 2341 459 2367; x_wconf 91' lang='lat' dir='ltr'><strong>ll</strong></span> <span class='ocrx_word' id='word_1_290' title='bbox 475 2341 552 2373; x_wconf 50' lang='grc' dir='ltr'><strong>Κεφ,</strong></span> <span class='ocrx_word' id='word_1_291' title='bbox 567 2347 615 2366; x_wconf 82' lang='lat' dir='ltr'><strong>xx.</strong></span> 
     </span>
    </p>

    <p class='ocr_par' dir='ltr' id='par_1_13' title="bbox 244 2381 1022 2562">
     <span class='ocr_line' id='line_1_45' title="bbox 278 2381 1020 2422; baseline -0.011 -7"><span class='ocrx_word' id='word_1_292' title='bbox 278 2387 417 2422; x_wconf 76' lang='lat' dir='ltr'><strong>Quamvis</strong></span> <span class='ocrx_word' id='word_1_293' title='bbox 434 2385 588 2414; x_wconf 77' lang='lat' dir='ltr'><strong>Nehemias</strong></span> <span class='ocrx_word' id='word_1_294' title='bbox 604 2385 634 2412; x_wconf 87' lang='lat' dir='ltr'><strong>in</strong></span> <span class='ocrx_word' id='word_1_295' title='bbox 653 2382 829 2411; x_wconf 67' lang='lat' dir='ltr'><strong>:rditicantlo</strong></span> <span class='ocrx_word' id='word_1_296' title='bbox 845 2381 937 2409; x_wconf 84' lang='lat' dir='ltr'><strong>multa</strong></span> <span class='ocrx_word' id='word_1_297' title='bbox 952 2388 1020 2416; x_wconf 81' lang='lat' dir='ltr'><strong>pas-</strong></span> 
     </span>
     <span class='ocr_line' id='line_1_46' title="bbox 244 2428 1022 2469; baseline -0.009 -7"><span class='ocrx_word' id='word_1_298' title='bbox 244 2444 292 2463; x_wconf 81' lang='lat' dir='ltr'><strong>sus</strong></span> <span class='ocrx_word' id='word_1_299' title='bbox 306 2434 391 2462; x_wconf 78' lang='lat' dir='ltr'><strong>fuerit</strong></span> <span class='ocrx_word' id='word_1_300' title='bbox 406 2433 631 2469; x_wconf 81' lang='lat' dir='ltr'><strong>impedimenta,</strong></span> <span class='ocrx_word' id='word_1_301' title='bbox 647 2439 708 2458; x_wconf 89' lang='lat' dir='ltr'><strong>non</strong></span> <span class='ocrx_word' id='word_1_302' title='bbox 726 2428 848 2457; x_wconf 75' lang='lat' dir='ltr'><strong>cessavit</strong></span> <span class='ocrx_word' id='word_1_303' title='bbox 865 2428 902 2456; x_wconf 83' lang='lat' dir='ltr'><strong>ab</strong></span> <span class='ocrx_word' id='word_1_304' title='bbox 920 2435 1022 2464; x_wconf 81' lang='lat' dir='ltr'><strong>opere,</strong></span> 
     </span>
     <span class='ocr_line' id='line_1_47' title="bbox 245 2477 1021 2510; baseline -0.012 0"><span class='ocrx_word' id='word_1_305' title='bbox 245 2483 340 2510; x_wconf 87' lang='lat' dir='ltr'><strong>donec</strong></span> <span class='ocrx_word' id='word_1_306' title='bbox 374 2489 477 2509; x_wconf 86' lang='lat' dir='ltr'><strong>murus</strong></span> <span class='ocrx_word' id='word_1_307' title='bbox 509 2479 596 2508; x_wconf 80' lang='lat' dir='ltr'><strong>fuerit</strong></span> <span class='ocrx_word' id='word_1_308' title='bbox 628 2477 753 2506; x_wconf 81' lang='lat' dir='ltr'><strong>totaliter</strong></span> <span class='ocrx_word' id='word_1_309' title='bbox 789 2477 1021 2504; x_wconf 85' lang='lat' dir='ltr'><strong>consummatus.</strong></span> 
     </span>
     <span class='ocr_line' id='line_1_48' title="bbox 246 2529 502 2562; baseline -0.016 -4"><span class='ocrx_word' id='word_1_310' title='bbox 246 2530 367 2562; x_wconf 59' lang='lat' dir='ltr'><strong>Nollem„</strong></span> <span class='ocrx_word' id='word_1_311' title='bbox 382 2537 408 2556; x_wconf 85' lang='grc' dir='ltr'><strong>ιν</strong></span> <span class='ocrx_word' id='word_1_312' title='bbox 421 2529 448 2555; x_wconf 89' lang='lat' dir='ltr'><strong>et</strong></span> <span class='ocrx_word' id='word_1_313' title='bbox 463 2535 502 2554; x_wconf 75' lang='lat' dir='ltr'><strong>vr.</strong></span> 
     </span>
    </p>

    <p class='ocr_par' dir='ltr' id='par_1_14' title="bbox 249 2569 1026 2656">
     <span class='ocr_line' id='line_1_49' title="bbox 281 2569 1026 2606; baseline -0.011 -2"><span class='ocrx_word' id='word_1_314' title='bbox 281 2577 354 2603; x_wconf 91' lang='lat' dir='ltr'><strong>Cum</strong></span> <span class='ocrx_word' id='word_1_315' title='bbox 388 2574 495 2603; x_wconf 87' lang='lat' dir='ltr'><strong>Tobias</strong></span> <span class='ocrx_word' id='word_1_316' title='bbox 525 2574 563 2601; x_wconf 83' lang='lat' dir='ltr'><strong>ab</strong></span> <span class='ocrx_word' id='word_1_317' title='bbox 598 2571 720 2599; x_wconf 77' lang='lat' dir='ltr'><strong>infantia</strong></span> <span class='ocrx_word' id='word_1_318' title='bbox 748 2578 864 2606; x_wconf 80' lang='lat' dir='ltr'><strong>semper</strong></span> <span class='ocrx_word' id='word_1_319' title='bbox 898 2569 1026 2597; x_wconf 77' lang='lat' dir='ltr'><strong>timuerit</strong></span> 
     </span>
     <span class='ocr_line' id='line_1_50' title="bbox 249 2616 1025 2656; baseline -0.009 -5"><span class='ocrx_word' id='word_1_320' title='bbox 249 2625 357 2656; x_wconf 89' lang='lat' dir='ltr'><strong>Deum,</strong></span> <span class='ocrx_word' id='word_1_321' title='bbox 373 2629 434 2650; x_wconf 91' lang='lat' dir='ltr'><strong>non</strong></span> <span class='ocrx_word' id='word_1_322' title='bbox 449 2623 491 2649; x_wconf 87' lang='lat' dir='ltr'><strong>est</strong></span> <span class='ocrx_word' id='word_1_323' title='bbox 514 2619 700 2648; x_wconf 77' lang='lat' dir='ltr'><strong>contristatus</strong></span> <span class='ocrx_word' id='word_1_324' title='bbox 724 2619 827 2646; x_wconf 84' lang='lat' dir='ltr'><strong>eontra</strong></span> <span class='ocrx_word' id='word_1_325' title='bbox 851 2616 1025 2651; x_wconf 85' lang='lat' dir='ltr'><strong>Dominum,</strong></span> 
     </span>
    </p>

    <p class='ocr_par' dir='ltr' id='par_1_15' title="bbox 283 2671 674 2705">
     <span class='ocr_line' id='line_1_51' title="bbox 283 2671 674 2705; baseline -0.008 -8"><span class='ocrx_word' id='word_1_326' title='bbox 283 2674 313 2705; x_wconf 76' lang='lat' dir='ltr'><strong>(a)</strong></span> <span class='ocrx_word' id='word_1_327' title='bbox 332 2674 392 2698; x_wconf 71' lang='lat' dir='ltr'><strong>Cret.</strong></span> <span class='ocrx_word' id='word_1_328' title='bbox 413 2673 473 2696; x_wconf 70' lang='grc' dir='ltr'><strong>σιΙίί.</strong></span> <span class='ocrx_word' id='word_1_329' title='bbox 497 2671 674 2703; x_wconf 79' lang='lat' dir='ltr'><strong>conceptione.</strong></span> 
     </span>
    </p>
   </div>
   <div class='ocr_carea' id='block_1_5' title="bbox 813 186 1199 222">
    <p class='ocr_par' dir='ltr' id='par_1_16' title="bbox 813 186 1199 222">
     <span class='ocr_line' id='line_1_52' title="bbox 813 186 1199 222; baseline 0 -2"><span class='ocrx_word' id='word_1_330' title='bbox 813 186 950 220; x_wconf 78' lang='lat' dir='ltr'><strong>BIBLIA</strong></span> <span class='ocrx_word' id='word_1_331' title='bbox 969 187 1199 222; x_wconf 84' lang='lat' dir='ltr'><strong>PAUPERUM.</strong></span> 
     </span>
    </p>
   </div>
   <div class='ocr_carea' id='block_1_6' title="bbox 1035 256 1859 2604">
    <p class='ocr_par' dir='ltr' id='par_1_17' title="bbox 1035 256 1815 341">
     <span class='ocr_line' id='line_1_53' title="bbox 1035 256 1815 294; baseline 0.005 -9"><span class='ocrx_word' id='word_1_332' title='bbox 1035 256 1122 294; x_wconf 83' lang='lat' dir='ltr'><strong>quod</strong></span> <span class='ocrx_word' id='word_1_333' title='bbox 1135 256 1228 294; x_wconf 81' lang='lat' dir='ltr'><strong>plaga</strong></span> <span class='ocrx_word' id='word_1_334' title='bbox 1240 257 1377 287; x_wconf 76' lang='lat' dir='ltr'><strong>eaeeitatis</strong></span> <span class='ocrx_word' id='word_1_335' title='bbox 1386 257 1519 288; x_wconf 81' lang='lat' dir='ltr'><strong>evenerit</strong></span> <span class='ocrx_word' id='word_1_336' title='bbox 1528 257 1567 294; x_wconf 88' lang='lat' dir='ltr'><strong>ei,</strong></span> <span class='ocrx_word' id='word_1_337' title='bbox 1580 259 1611 288; x_wconf 87' lang='lat' dir='ltr'><strong>et</strong></span> <span class='ocrx_word' id='word_1_338' title='bbox 1621 257 1815 290; x_wconf 81' lang='lat' dir='ltr'><strong>immobiliter</strong></span> 
     </span>
     <span class='ocr_line' id='line_1_54' title="bbox 1036 303 1639 341; baseline 0.003 -9"><span class='ocrx_word' id='word_1_339' title='bbox 1036 303 1068 332; x_wconf 89' lang='lat' dir='ltr'><strong>in</strong></span> <span class='ocrx_word' id='word_1_340' title='bbox 1079 303 1131 333; x_wconf 88' lang='lat' dir='ltr'><strong>Dei</strong></span> <span class='ocrx_word' id='word_1_341' title='bbox 1143 303 1250 334; x_wconf 84' lang='lat' dir='ltr'><strong>timore</strong></span> <span class='ocrx_word' id='word_1_342' title='bbox 1263 304 1438 341; x_wconf 79' lang='lat' dir='ltr'><strong>permansit.</strong></span> <span class='ocrx_word' id='word_1_343' title='bbox 1455 305 1532 340; x_wconf 65' lang='lat' dir='ltr'><strong>rob„</strong></span> <span class='ocrx_word' id='word_1_344' title='bbox 1544 309 1578 340; x_wconf 81' lang='lat' dir='ltr'><strong>n,</strong></span> <span class='ocrx_word' id='word_1_345' title='bbox 1594 307 1639 334; x_wconf 76' lang='grc'><strong>13.</strong></span> 
     </span>
    </p>

    <p class='ocr_par' dir='ltr' id='par_1_18' title="bbox 1038 350 1819 530">
     <span class='ocr_line' id='line_1_55' title="bbox 1074 350 1818 388; baseline 0.003 -8"><span class='ocrx_word' id='word_1_346' title='bbox 1074 351 1216 380; x_wconf 82' lang='lat' dir='ltr'><strong>Eliaehim</strong></span> <span class='ocrx_word' id='word_1_347' title='bbox 1229 350 1370 380; x_wconf 72' lang='lat' dir='ltr'><strong>saeerdos</strong></span> <span class='ocrx_word' id='word_1_348' title='bbox 1388 359 1518 388; x_wconf 76' lang='lat' dir='ltr'><strong>magnus</strong></span> <span class='ocrx_word' id='word_1_349' title='bbox 1531 351 1680 382; x_wconf 76' lang='lat' dir='ltr'><strong>allocutus</strong></span> <span class='ocrx_word' id='word_1_350' title='bbox 1694 354 1738 382; x_wconf 90' lang='lat' dir='ltr'><strong>est</strong></span> <span class='ocrx_word' id='word_1_351' title='bbox 1750 360 1818 382; x_wconf 87' lang='lat' dir='ltr'><strong>om-</strong></span> 
     </span>
     <span class='ocr_line' id='line_1_56' title="bbox 1038 397 1819 436; baseline 0.004 -9"><span class='ocrx_word' id='word_1_352' title='bbox 1038 405 1109 427; x_wconf 86' lang='lat' dir='ltr'><strong>nem</strong></span> <span class='ocrx_word' id='word_1_353' title='bbox 1122 397 1212 428; x_wconf 85' lang='lat' dir='ltr'><strong>lsrael</strong></span> <span class='ocrx_word' id='word_1_354' title='bbox 1225 398 1346 427; x_wconf 80' lang='lat' dir='ltr'><strong>dicens:</strong></span> <span class='ocrx_word' id='word_1_355' title='bbox 1369 408 1384 426; x_wconf 77' lang='grc' dir='ltr'>ι</span> <span class='ocrx_word' id='word_1_356' title='bbox 1397 398 1504 428; x_wconf 81' lang='lat' dir='ltr'><strong>Scitote</strong></span> <span class='ocrx_word' id='word_1_357' title='bbox 1518 399 1665 436; x_wconf 83' lang='lat' dir='ltr'><strong>quoniam</strong></span> <span class='ocrx_word' id='word_1_358' title='bbox 1678 399 1819 430; x_wconf 78' lang='lat' dir='ltr'><strong>exaudiet</strong></span> 
     </span>
     <span class='ocr_line' id='line_1_57' title="bbox 1039 444 1819 484; baseline 0.004 -11"><span class='ocrx_word' id='word_1_359' title='bbox 1039 444 1181 474; x_wconf 88' lang='lat' dir='ltr'><strong>Dominus</strong></span> <span class='ocrx_word' id='word_1_360' title='bbox 1193 452 1296 482; x_wconf 82' lang='lat' dir='ltr'><strong>preces</strong></span> <span class='ocrx_word' id='word_1_361' title='bbox 1309 447 1432 481; x_wconf 78' lang='lat' dir='ltr'><strong>vestras,</strong></span> <span class='ocrx_word' id='word_1_362' title='bbox 1446 445 1471 474; x_wconf 89' lang='lat' dir='ltr'><strong>si</strong></span> <span class='ocrx_word' id='word_1_363' title='bbox 1485 447 1638 475; x_wconf 86' lang='lat' dir='ltr'><strong>manentes</strong></span> <span class='ocrx_word' id='word_1_364' title='bbox 1647 454 1819 484; x_wconf 78' lang='lat' dir='ltr'><strong>persevera-</strong></span> 
     </span>
     <span class='ocr_line' id='line_1_58' title="bbox 1039 492 1700 530; baseline 0 -8"><span class='ocrx_word' id='word_1_365' title='bbox 1039 492 1140 522; x_wconf 82' lang='lat' dir='ltr'><strong>veritis</strong></span> <span class='ocrx_word' id='word_1_366' title='bbox 1152 493 1184 522; x_wconf 90' lang='lat' dir='ltr'><strong>in</strong></span> <span class='ocrx_word' id='word_1_367' title='bbox 1194 494 1356 529; x_wconf 86' lang='lat' dir='ltr'><strong>conspectu</strong></span> <span class='ocrx_word' id='word_1_368' title='bbox 1371 492 1431 521; x_wconf 91' lang='lat' dir='ltr'><strong>Dei.</strong></span> <span class='ocrx_word' id='word_1_369' title='bbox 1444 503 1458 520; x_wconf 73' lang='lat' dir='ltr'><strong>n</strong></span> <span class='ocrx_word' id='word_1_370' title='bbox 1475 493 1586 530; x_wconf 71' lang='lat' dir='ltr'><strong>Iudith,</strong></span> <span class='ocrx_word' id='word_1_371' title='bbox 1602 501 1642 530; x_wconf 77' lang='lat' dir='ltr'><strong>xv,</strong></span> <span class='ocrx_word' id='word_1_372' title='bbox 1655 494 1700 522; x_wconf 75' lang='lat'><strong>¹2.</strong></span> 
     </span>
    </p>

    <p class='ocr_par' dir='ltr' id='par_1_19' title="bbox 1043 539 1824 805">
     <span class='ocr_line' id='line_1_59' title="bbox 1077 539 1821 577; baseline 0.003 -9"><span class='ocrx_word' id='word_1_373' title='bbox 1077 540 1156 569; x_wconf 88' lang='lat' dir='ltr'><strong>seire</strong></span> <span class='ocrx_word' id='word_1_374' title='bbox 1170 539 1332 577; x_wconf 77' lang='lat' dir='ltr'><strong>cupiebant</strong></span> <span class='ocrx_word' id='word_1_375' title='bbox 1352 539 1458 569; x_wconf 82' lang='lat' dir='ltr'><strong>famuli</strong></span> <span class='ocrx_word' id='word_1_376' title='bbox 1471 540 1551 577; x_wconf 85' lang='lat' dir='ltr'><strong>regis</strong></span> <span class='ocrx_word' id='word_1_377' title='bbox 1570 540 1688 570; x_wconf 78' lang='lat' dir='ltr'><strong>Assueri</strong></span> <span class='ocrx_word' id='word_1_378' title='bbox 1696 562 1706 577; x_wconf 90' lang='lat'><strong>,</strong></span> <span class='ocrx_word' id='word_1_379' title='bbox 1720 542 1821 570; x_wconf 87' lang='lat' dir='ltr'><strong>utrum</strong></span> 
     </span>
     <span class='ocr_line' id='line_1_60' title="bbox 1043 587 1823 624; baseline 0.001 -8"><span class='ocrx_word' id='word_1_380' title='bbox 1043 587 1242 617; x_wconf 74' lang='lat' dir='ltr'><strong>Mardochaeus</strong></span> <span class='ocrx_word' id='word_1_381' title='bbox 1261 589 1464 624; x_wconf 86' lang='lat' dir='ltr'><strong>perseveraret</strong></span> <span class='ocrx_word' id='word_1_382' title='bbox 1482 588 1514 616; x_wconf 92' lang='lat' dir='ltr'><strong>in</strong></span> <span class='ocrx_word' id='word_1_383' title='bbox 1535 588 1680 617; x_wconf 82' lang='lat' dir='ltr'><strong>sententia</strong></span> <span class='ocrx_word' id='word_1_384' title='bbox 1701 587 1739 617; x_wconf 87' lang='lat' dir='ltr'><strong>de</strong></span> <span class='ocrx_word' id='word_1_385' title='bbox 1759 595 1823 617; x_wconf 88' lang='lat' dir='ltr'><strong>non</strong></span> 
     </span>
     <span class='ocr_line' id='line_1_61' title="bbox 1043 634 1824 672; baseline 0.001 -9"><span class='ocrx_word' id='word_1_386' title='bbox 1043 634 1201 664; x_wconf 80' lang='lat' dir='ltr'><strong>adorando</strong></span> <span class='ocrx_word' id='word_1_387' title='bbox 1216 636 1311 663; x_wconf 75' lang='lat' dir='ltr'><strong>Amen</strong></span> <span class='ocrx_word' id='word_1_388' title='bbox 1325 644 1332 664; x_wconf 92' lang='lat'>:</span> <span class='ocrx_word' id='word_1_389' title='bbox 1349 635 1401 672; x_wconf 89' lang='lat' dir='ltr'><strong>qui</strong></span> <span class='ocrx_word' id='word_1_390' title='bbox 1417 635 1459 664; x_wconf 81' lang='lat' dir='ltr'><strong>ita</strong></span> <span class='ocrx_word' id='word_1_391' title='bbox 1473 637 1642 664; x_wconf 85' lang='lat' dir='ltr'><strong>constanter</strong></span> <span class='ocrx_word' id='word_1_392' title='bbox 1656 635 1781 672; x_wconf 86' lang='lat' dir='ltr'><strong>perstitit</strong></span> <span class='ocrx_word' id='word_1_393' title='bbox 1792 634 1824 664; x_wconf 85' lang='lat' dir='ltr'><strong>in</strong></span> 
     </span>
     <span class='ocr_line' id='line_1_62' title="bbox 1043 681 1823 720; baseline 0.001 -10"><span class='ocrx_word' id='word_1_394' title='bbox 1043 681 1210 720; x_wconf 87' lang='lat' dir='ltr'><strong>proposito,</strong></span> <span class='ocrx_word' id='word_1_395' title='bbox 1225 683 1258 710; x_wconf 91' lang='lat' dir='ltr'><strong>ut</strong></span> <span class='ocrx_word' id='word_1_396' title='bbox 1273 689 1335 710; x_wconf 87' lang='lat' dir='ltr'><strong>non</strong></span> <span class='ocrx_word' id='word_1_397' title='bbox 1348 681 1449 710; x_wconf 87' lang='lat' dir='ltr'><strong>solum</strong></span> <span class='ocrx_word' id='word_1_398' title='bbox 1462 689 1534 711; x_wconf 87' lang='lat' dir='ltr'><strong>eum</strong></span> <span class='ocrx_word' id='word_1_399' title='bbox 1545 690 1607 712; x_wconf 90' lang='lat' dir='ltr'><strong>non</strong></span> <span class='ocrx_word' id='word_1_400' title='bbox 1621 682 1750 712; x_wconf 81' lang='lat' dir='ltr'><strong>adorare</strong></span> <span class='ocrx_word' id='word_1_401' title='bbox 1767 690 1823 711; x_wconf 82' lang='lat' dir='ltr'><strong>vo·</strong></span> 
     </span>
     <span class='ocr_line' id='line_1_63' title="bbox 1044 728 1824 766; baseline 0.001 -9"><span class='ocrx_word' id='word_1_402' title='bbox 1044 729 1150 764; x_wconf 90' lang='lat' dir='ltr'><strong>luerit,</strong></span> <span class='ocrx_word' id='word_1_403' title='bbox 1164 728 1218 758; x_wconf 90' lang='lat' dir='ltr'><strong>sed</strong></span> <span class='ocrx_word' id='word_1_404' title='bbox 1239 736 1294 757; x_wconf 86' lang='lat' dir='ltr'><strong>nee</strong></span> <span class='ocrx_word' id='word_1_405' title='bbox 1316 728 1344 757; x_wconf 92' lang='lat' dir='ltr'><strong>ei</strong></span> <span class='ocrx_word' id='word_1_406' title='bbox 1367 736 1522 766; x_wconf 82' lang='lat' dir='ltr'><strong>assurgere</strong></span> <span class='ocrx_word' id='word_1_407' title='bbox 1544 729 1718 759; x_wconf 83' lang='lat' dir='ltr'><strong>transeunti.</strong></span> <span class='ocrx_word' id='word_1_408' title='bbox 1734 729 1824 764; x_wconf 62' lang='lat' dir='ltr'><strong>Esth„</strong></span> 
     </span>
     <span class='ocr_line' id='line_1_64' title="bbox 1046 777 1548 805; baseline -0.014 0"><span class='ocrx_word' id='word_1_409' title='bbox 1046 783 1076 805; x_wconf 90' lang='grc' dir='ltr'><strong>ιιι</strong></span> <span class='ocrx_word' id='word_1_410' title='bbox 1090 777 1118 804; x_wconf 91' lang='lat' dir='ltr'><strong>et</strong></span> <span class='ocrx_word' id='word_1_411' title='bbox 1131 784 1159 804; x_wconf 89' lang='lat' dir='ltr'><strong>v.</strong></span> <span class='ocrx_word' id='word_1_412' title='bbox 1544 794 1548 798; x_wconf 91' lang='lat'>.</span> 
     </span>
    </p>

    <p class='ocr_par' dir='ltr' id='par_1_20' title="bbox 1047 822 1829 1002">
     <span class='ocr_line' id='line_1_65' title="bbox 1082 822 1826 860; baseline 0.001 -9"><span class='ocrx_word' id='word_1_413' title='bbox 1082 822 1160 852; x_wconf 90' lang='lat' dir='ltr'><strong>Socii</strong></span> <span class='ocrx_word' id='word_1_414' title='bbox 1176 822 1303 852; x_wconf 85' lang='lat' dir='ltr'><strong>Danielis</strong></span> <span class='ocrx_word' id='word_1_415' title='bbox 1319 823 1486 852; x_wconf 81' lang='lat' dir='ltr'><strong>constanter</strong></span> <span class='ocrx_word' id='word_1_416' title='bbox 1501 822 1641 852; x_wconf 86' lang='lat' dir='ltr'><strong>dixerunt</strong></span> <span class='ocrx_word' id='word_1_417' title='bbox 1652 822 1717 860; x_wconf 82' lang='lat' dir='ltr'><strong>regi</strong></span> <span class='ocrx_word' id='word_1_418' title='bbox 1728 822 1826 860; x_wconf 78' lang='lat' dir='ltr'><strong>Baby-</strong></span> 
     </span>
     <span class='ocr_line' id='line_1_66' title="bbox 1047 869 1829 907; baseline -0.001 -8"><span class='ocrx_word' id='word_1_419' title='bbox 1047 869 1126 899; x_wconf 89' lang='lat' dir='ltr'><strong>lonis</strong></span> <span class='ocrx_word' id='word_1_420' title='bbox 1143 879 1150 898; x_wconf 90' lang='lat'>:</span> <span class='ocrx_word' id='word_1_421' title='bbox 1169 879 1183 896; x_wconf 73' lang='grc' dir='ltr'><strong>ι(</strong></span> <span class='ocrx_word' id='word_1_422' title='bbox 1197 871 1306 899; x_wconf 89' lang='lat' dir='ltr'><strong>Notum</strong></span> <span class='ocrx_word' id='word_1_423' title='bbox 1319 870 1356 898; x_wconf 90' lang='lat' dir='ltr'><strong>sit</strong></span> <span class='ocrx_word' id='word_1_424' title='bbox 1378 869 1453 904; x_wconf 90' lang='lat' dir='ltr'><strong>tibi,</strong></span> <span class='ocrx_word' id='word_1_425' title='bbox 1474 877 1546 904; x_wconf 83' lang='lat' dir='ltr'><strong>rex,</strong></span> <span class='ocrx_word' id='word_1_426' title='bbox 1561 869 1646 907; x_wconf 89' lang='lat' dir='ltr'><strong>quod</strong></span> <span class='ocrx_word' id='word_1_427' title='bbox 1665 869 1740 899; x_wconf 86' lang='lat' dir='ltr'><strong>deos</strong></span> <span class='ocrx_word' id='word_1_428' title='bbox 1761 871 1829 899; x_wconf 90' lang='lat' dir='ltr'><strong>tuos</strong></span> 
     </span>
     <span class='ocr_line' id='line_1_67' title="bbox 1048 917 1825 953; baseline -0.004 -5"><span class='ocrx_word' id='word_1_429' title='bbox 1048 925 1111 948; x_wconf 88' lang='lat' dir='ltr'><strong>non</strong></span> <span class='ocrx_word' id='word_1_430' title='bbox 1126 917 1263 953; x_wconf 84' lang='lat' dir='ltr'><strong>colimus,</strong></span> <span class='ocrx_word' id='word_1_431' title='bbox 1275 919 1304 946; x_wconf 90' lang='lat' dir='ltr'><strong>et</strong></span> <span class='ocrx_word' id='word_1_432' title='bbox 1315 918 1442 947; x_wconf 76' lang='lat' dir='ltr'><strong>statuam</strong></span> <span class='ocrx_word' id='word_1_433' title='bbox 1455 919 1539 946; x_wconf 81' lang='lat' dir='ltr'><strong>tuam</strong></span> <span class='ocrx_word' id='word_1_434' title='bbox 1553 925 1615 946; x_wconf 89' lang='lat' dir='ltr'><strong>non</strong></span> <span class='ocrx_word' id='word_1_435' title='bbox 1628 917 1800 947; x_wconf 80' lang='lat' dir='ltr'><strong>adoramus.</strong></span> <span class='ocrx_word' id='word_1_436' title='bbox 1811 927 1825 945; x_wconf 73' lang='grc' dir='ltr'>ι</span> 
     </span>
     <span class='ocr_line' id='line_1_68' title="bbox 1051 967 1249 1002; baseline -0.005 -7"><span class='ocrx_word' id='word_1_437' title='bbox 1051 969 1135 1001; x_wconf 64' lang='lat' dir='ltr'><strong>Dan„</strong></span> <span class='ocrx_word' id='word_1_438' title='bbox 1146 974 1189 1002; x_wconf 85' lang='grc' dir='ltr'>ιιι,</span> <span class='ocrx_word' id='word_1_439' title='bbox 1206 967 1249 994; x_wconf 77' lang='lat'><strong>¹2.</strong></span> 
     </span>
    </p>

    <p class='ocr_par' dir='ltr' id='par_1_21' title="bbox 1052 1011 1831 1190">
     <span class='ocr_line' id='line_1_69' title="bbox 1086 1011 1830 1051; baseline -0.004 -8"><span class='ocrx_word' id='word_1_440' title='bbox 1086 1015 1151 1043; x_wconf 79' lang='lat' dir='ltr'><strong>Non</strong></span> <span class='ocrx_word' id='word_1_441' title='bbox 1164 1013 1350 1051; x_wconf 71' lang='lat' dir='ltr'><strong>praetermisit</strong></span> <span class='ocrx_word' id='word_1_442' title='bbox 1371 1012 1492 1047; x_wconf 82' lang='lat' dir='ltr'><strong>Daniel,</strong></span> <span class='ocrx_word' id='word_1_443' title='bbox 1507 1014 1629 1049; x_wconf 86' lang='lat' dir='ltr'><strong>propter</strong></span> <span class='ocrx_word' id='word_1_444' title='bbox 1643 1011 1763 1041; x_wconf 82' lang='lat' dir='ltr'><strong>crudele</strong></span> <span class='ocrx_word' id='word_1_445' title='bbox 1778 1011 1830 1040; x_wconf 89' lang='lat' dir='ltr'><strong>de-</strong></span> 
     </span>
     <span class='ocr_line' id='line_1_70' title="bbox 1052 1058 1831 1096; baseline -0.004 -6"><span class='ocrx_word' id='word_1_446' title='bbox 1052 1062 1166 1090; x_wconf 83' lang='lat' dir='ltr'><strong>cretum</strong></span> <span class='ocrx_word' id='word_1_447' title='bbox 1180 1060 1258 1089; x_wconf 83' lang='lat' dir='ltr'><strong>Darii</strong></span> <span class='ocrx_word' id='word_1_448' title='bbox 1272 1059 1349 1096; x_wconf 65' lang='lat' dir='ltr'><strong>regis</strong></span> <span class='ocrx_word' id='word_1_449' title='bbox 1363 1061 1529 1094; x_wconf 78' lang='lat' dir='ltr'><strong>Persarum,</strong></span> <span class='ocrx_word' id='word_1_450' title='bbox 1540 1059 1615 1096; x_wconf 90' lang='lat' dir='ltr'><strong>quin</strong></span> <span class='ocrx_word' id='word_1_451' title='bbox 1629 1061 1729 1088; x_wconf 87' lang='lat' dir='ltr'><strong>oraret</strong></span> <span class='ocrx_word' id='word_1_452' title='bbox 1741 1060 1786 1087; x_wconf 84' lang='lat' dir='ltr'><strong>ter</strong></span> <span class='ocrx_word' id='word_1_453' title='bbox 1800 1058 1831 1087; x_wconf 92' lang='lat' dir='ltr'><strong>in</strong></span> 
     </span>
     <span class='ocr_line' id='line_1_71' title="bbox 1053 1107 1831 1142; baseline -0.004 -5"><span class='ocrx_word' id='word_1_454' title='bbox 1053 1108 1113 1142; x_wconf 90' lang='lat' dir='ltr'><strong>die,</strong></span> <span class='ocrx_word' id='word_1_455' title='bbox 1128 1108 1204 1137; x_wconf 84' lang='lat' dir='ltr'><strong>sicut</strong></span> <span class='ocrx_word' id='word_1_456' title='bbox 1217 1110 1284 1137; x_wconf 88' lang='lat' dir='ltr'><strong>ante</strong></span> <span class='ocrx_word' id='word_1_457' title='bbox 1300 1109 1510 1141; x_wconf 81' lang='lat' dir='ltr'><strong>consueverat,</strong></span> <span class='ocrx_word' id='word_1_458' title='bbox 1524 1108 1616 1135; x_wconf 91' lang='lat' dir='ltr'><strong>Deum</strong></span> <span class='ocrx_word' id='word_1_459' title='bbox 1633 1114 1732 1135; x_wconf 91' lang='lat' dir='ltr'><strong>suum.</strong></span> <span class='ocrx_word' id='word_1_460' title='bbox 1746 1107 1831 1141; x_wconf 66' lang='lat' dir='ltr'><strong>Dan„</strong></span> 
     </span>
     <span class='ocr_line' id='line_1_72' title="bbox 1054 1156 1154 1190; baseline -0.01 -7"><span class='ocrx_word' id='word_1_461' title='bbox 1054 1163 1093 1190; x_wconf 80' lang='lat' dir='ltr'><strong>vi,</strong></span> <span class='ocrx_word' id='word_1_462' title='bbox 1109 1156 1154 1183; x_wconf 81' lang='lat'><strong>10.</strong></span> 
     </span>
    </p>

    <p class='ocr_par' dir='ltr' id='par_1_22' title="bbox 1054 1200 1834 1334">
     <span class='ocr_line' id='line_1_73' title="bbox 1090 1200 1834 1231; baseline -0.003 -1"><span class='ocrx_word' id='word_1_463' title='bbox 1090 1203 1263 1231; x_wconf 76' lang='lat' dir='ltr'><strong>constanter</strong></span> <span class='ocrx_word' id='word_1_464' title='bbox 1285 1201 1389 1230; x_wconf 90' lang='lat' dir='ltr'><strong>restitit</strong></span> <span class='ocrx_word' id='word_1_465' title='bbox 1411 1202 1545 1230; x_wconf 83' lang='lat' dir='ltr'><strong>Susanna</strong></span> <span class='ocrx_word' id='word_1_466' title='bbox 1567 1200 1687 1229; x_wconf 88' lang='lat' dir='ltr'><strong>duobus</strong></span> <span class='ocrx_word' id='word_1_467' title='bbox 1713 1200 1834 1229; x_wconf 87' lang='lat' dir='ltr'><strong>senibus</strong></span> 
     </span>
     <span class='ocr_line' id='line_1_74' title="bbox 1054 1247 1833 1287; baseline -0.004 -8"><span class='ocrx_word' id='word_1_468' title='bbox 1054 1250 1244 1287; x_wconf 79' lang='lat' dir='ltr'><strong>presbyteris,</strong></span> <span class='ocrx_word' id='word_1_469' title='bbox 1261 1249 1312 1286; x_wconf 85' lang='lat' dir='ltr'><strong>qui</strong></span> <span class='ocrx_word' id='word_1_470' title='bbox 1326 1257 1393 1278; x_wconf 86' lang='lat' dir='ltr'><strong>eam</strong></span> <span class='ocrx_word' id='word_1_471' title='bbox 1404 1248 1476 1277; x_wconf 84' lang='lat' dir='ltr'><strong>tanti</strong></span> <span class='ocrx_word' id='word_1_472' title='bbox 1490 1248 1659 1277; x_wconf 82' lang='lat' dir='ltr'><strong>vexamenti</strong></span> <span class='ocrx_word' id='word_1_473' title='bbox 1672 1247 1833 1277; x_wconf 85' lang='lat' dir='ltr'><strong>tentatione</strong></span> 
     </span>
     <span class='ocr_line' id='line_1_75' title="bbox 1055 1297 1403 1334; baseline -0.009 -8"><span class='ocrx_word' id='word_1_474' title='bbox 1055 1297 1226 1334; x_wconf 87' lang='lat' dir='ltr'><strong>pulsabant.</strong></span> <span class='ocrx_word' id='word_1_475' title='bbox 1245 1298 1328 1332; x_wconf 60' lang='lat' dir='ltr'><strong>Dan„</strong></span> <span class='ocrx_word' id='word_1_476' title='bbox 1342 1304 1403 1324; x_wconf 80' lang='lat' dir='ltr'><strong>xm.</strong></span> 
     </span>
    </p>

    <p class='ocr_par' dir='ltr' id='par_1_23' title="bbox 1059 1341 1839 1475">
     <span class='ocr_line' id='line_1_76' title="bbox 1092 1341 1835 1380; baseline -0.004 -7"><span class='ocrx_word' id='word_1_477' title='bbox 1092 1344 1171 1373; x_wconf 81' lang='lat' dir='ltr'><strong>Multi</strong></span> <span class='ocrx_word' id='word_1_478' title='bbox 1196 1344 1233 1372; x_wconf 92' lang='lat' dir='ltr'><strong>de</strong></span> <span class='ocrx_word' id='word_1_479' title='bbox 1248 1343 1362 1380; x_wconf 87' lang='lat' dir='ltr'><strong>populo</strong></span> <span class='ocrx_word' id='word_1_480' title='bbox 1378 1342 1467 1371; x_wconf 88' lang='lat' dir='ltr'><strong>israel</strong></span> <span class='ocrx_word' id='word_1_481' title='bbox 1490 1342 1673 1371; x_wconf 83' lang='lat' dir='ltr'><strong>diffinierunt</strong></span> <span class='ocrx_word' id='word_1_482' title='bbox 1696 1341 1778 1379; x_wconf 84' lang='lat' dir='ltr'><strong>apud</strong></span> <span class='ocrx_word' id='word_1_483' title='bbox 1793 1349 1835 1377; x_wconf 89' lang='lat' dir='ltr'><strong>se,</strong></span> 
     </span>
     <span class='ocr_line' id='line_1_77' title="bbox 1059 1389 1839 1425; baseline -0.004 -5"><span class='ocrx_word' id='word_1_484' title='bbox 1059 1394 1090 1420; x_wconf 93' lang='lat' dir='ltr'><strong>ut</strong></span> <span class='ocrx_word' id='word_1_485' title='bbox 1112 1399 1174 1420; x_wconf 92' lang='lat' dir='ltr'><strong>non</strong></span> <span class='ocrx_word' id='word_1_486' title='bbox 1198 1390 1415 1419; x_wconf 83' lang='lat' dir='ltr'><strong>manducarent</strong></span> <span class='ocrx_word' id='word_1_487' title='bbox 1438 1389 1612 1423; x_wconf 87' lang='lat' dir='ltr'><strong>immunda,</strong></span> <span class='ocrx_word' id='word_1_488' title='bbox 1635 1390 1664 1418; x_wconf 85' lang='lat' dir='ltr'><strong>et</strong></span> <span class='ocrx_word' id='word_1_489' title='bbox 1686 1389 1839 1425; x_wconf 84' lang='lat' dir='ltr'><strong>elegerunt</strong></span> 
     </span>
     <span class='ocr_line' id='line_1_78' title="bbox 1059 1436 1836 1475; baseline -0.004 -8"><span class='ocrx_word' id='word_1_490' title='bbox 1059 1439 1154 1475; x_wconf 86' lang='lat' dir='ltr'><strong>magis</strong></span> <span class='ocrx_word' id='word_1_491' title='bbox 1170 1438 1258 1473; x_wconf 88' lang='lat' dir='ltr'><strong>mori,</strong></span> <span class='ocrx_word' id='word_1_492' title='bbox 1273 1445 1365 1474; x_wconf 86' lang='lat' dir='ltr'><strong>quam</strong></span> <span class='ocrx_word' id='word_1_493' title='bbox 1380 1437 1454 1465; x_wconf 83' lang='lat' dir='ltr'><strong>cibis</strong></span> <span class='ocrx_word' id='word_1_494' title='bbox 1468 1436 1666 1473; x_wconf 83' lang='lat' dir='ltr'><strong>coinquinari.</strong></span> <span class='ocrx_word' id='word_1_495' title='bbox 1678 1437 1688 1464; x_wconf 94' lang='lat' dir='ltr'><strong>l</strong></span> <span class='ocrx_word' id='word_1_496' title='bbox 1702 1436 1804 1469; x_wconf 47' lang='lat' dir='ltr'><strong>Macte,</strong></span> <span class='ocrx_word' id='word_1_497' title='bbox 1817 1443 1836 1464; x_wconf 91' lang='grc'><strong>1.</strong></span> 
     </span>
    </p>

    <p class='ocr_par' dir='ltr' id='par_1_24' title="bbox 1061 1482 1843 1709">
     <span class='ocr_line' id='line_1_79' title="bbox 1095 1482 1841 1521; baseline -0.004 -7"><span class='ocrx_word' id='word_1_498' title='bbox 1095 1486 1196 1515; x_wconf 78' lang='lat' dir='ltr'><strong>Miram</strong></span> <span class='ocrx_word' id='word_1_499' title='bbox 1214 1484 1409 1514; x_wconf 78' lang='lat' dir='ltr'><strong>constantiam</strong></span> <span class='ocrx_word' id='word_1_500' title='bbox 1425 1486 1452 1513; x_wconf 91' lang='lat' dir='ltr'><strong>et</strong></span> <span class='ocrx_word' id='word_1_501' title='bbox 1470 1483 1722 1521; x_wconf 81' lang='lat' dir='ltr'><strong>perseverantiam</strong></span> <span class='ocrx_word' id='word_1_502' title='bbox 1736 1482 1841 1512; x_wconf 86' lang='lat' dir='ltr'><strong>habuit</strong></span> 
     </span>
     <span class='ocr_line' id='line_1_80' title="bbox 1061 1530 1841 1567; baseline -0.004 -6"><span class='ocrx_word' id='word_1_503' title='bbox 1061 1533 1215 1562; x_wconf 82' lang='lat' dir='ltr'><strong>Eleazarus</strong></span> <span class='ocrx_word' id='word_1_504' title='bbox 1230 1533 1258 1560; x_wconf 88' lang='lat' dir='ltr'><strong>in</strong></span> <span class='ocrx_word' id='word_1_505' title='bbox 1277 1532 1446 1567; x_wconf 87' lang='lat' dir='ltr'><strong>tormentis,</strong></span> <span class='ocrx_word' id='word_1_506' title='bbox 1469 1534 1496 1559; x_wconf 93' lang='lat' dir='ltr'><strong>et</strong></span> <span class='ocrx_word' id='word_1_507' title='bbox 1511 1531 1606 1567; x_wconf 81' lang='lat' dir='ltr'><strong>magis</strong></span> <span class='ocrx_word' id='word_1_508' title='bbox 1622 1531 1710 1567; x_wconf 81' lang='lat' dir='ltr'><strong>elegit</strong></span> <span class='ocrx_word' id='word_1_509' title='bbox 1725 1530 1841 1567; x_wconf 85' lang='lat' dir='ltr'><strong>gravis-</strong></span> 
     </span>
     <span class='ocr_line' id='line_1_81' title="bbox 1061 1577 1843 1616; baseline -0.005 -7"><span class='ocrx_word' id='word_1_510' title='bbox 1061 1581 1136 1609; x_wconf 85' lang='lat' dir='ltr'><strong>sima</strong></span> <span class='ocrx_word' id='word_1_511' title='bbox 1151 1583 1245 1609; x_wconf 88' lang='lat' dir='ltr'><strong>morte</strong></span> <span class='ocrx_word' id='word_1_512' title='bbox 1266 1579 1390 1616; x_wconf 84' lang='lat' dir='ltr'><strong>perimi,</strong></span> <span class='ocrx_word' id='word_1_513' title='bbox 1412 1587 1504 1615; x_wconf 85' lang='lat' dir='ltr'><strong>quam</strong></span> <span class='ocrx_word' id='word_1_514' title='bbox 1519 1581 1623 1606; x_wconf 86' lang='lat' dir='ltr'><strong>contra</strong></span> <span class='ocrx_word' id='word_1_515' title='bbox 1636 1577 1719 1614; x_wconf 83' lang='lat' dir='ltr'><strong>leges</strong></span> <span class='ocrx_word' id='word_1_516' title='bbox 1739 1585 1843 1606; x_wconf 82' lang='lat' dir='ltr'><strong>carnes</strong></span> 
     </span>
     <span class='ocr_line' id='line_1_82' title="bbox 1062 1624 1842 1664; baseline -0.005 -8"><span class='ocrx_word' id='word_1_517' title='bbox 1062 1628 1201 1664; x_wconf 86' lang='lat' dir='ltr'><strong>porcinas</strong></span> <span class='ocrx_word' id='word_1_518' title='bbox 1218 1626 1391 1662; x_wconf 87' lang='lat' dir='ltr'><strong>comedere,</strong></span> <span class='ocrx_word' id='word_1_519' title='bbox 1407 1626 1455 1655; x_wconf 86' lang='lat' dir='ltr'><strong>vel</strong></span> <span class='ocrx_word' id='word_1_520' title='bbox 1466 1625 1606 1654; x_wconf 84' lang='lat' dir='ltr'><strong>simulare</strong></span> <span class='ocrx_word' id='word_1_521' title='bbox 1621 1633 1653 1654; x_wconf 92' lang='lat' dir='ltr'><strong>se</strong></span> <span class='ocrx_word' id='word_1_522' title='bbox 1666 1624 1842 1654; x_wconf 80' lang='lat' dir='ltr'><strong>comedisse.</strong></span> 
     </span>
     <span class='ocr_line' id='line_1_83' title="bbox 1064 1676 1258 1709; baseline -0.005 -6"><span class='ocrx_word' id='word_1_523' title='bbox 1064 1676 1083 1703; x_wconf 90' lang='lat' dir='ltr'><strong>il</strong></span> <span class='ocrx_word' id='word_1_524' title='bbox 1098 1676 1187 1703; x_wconf 64' lang='lat' dir='ltr'><strong>Maeli.</strong></span> <span class='ocrx_word' id='word_1_525' title='bbox 1198 1696 1206 1709; x_wconf 89' lang='lat'><strong>,</strong></span> <span class='ocrx_word' id='word_1_526' title='bbox 1220 1683 1258 1702; x_wconf 74' lang='lat' dir='ltr'><strong>w.</strong></span> 
     </span>
    </p>

    <p class='ocr_par' dir='ltr' id='par_1_25' title="bbox 1065 1717 1849 1894">
     <span class='ocr_line' id='line_1_84' title="bbox 1099 1717 1845 1758; baseline -0.007 -8"><span class='ocrx_word' id='word_1_527' title='bbox 1099 1723 1217 1758; x_wconf 84' lang='lat' dir='ltr'><strong>Septem</strong></span> <span class='ocrx_word' id='word_1_528' title='bbox 1232 1721 1274 1748; x_wconf 95' lang='lat' dir='ltr'><strong>illi</strong></span> <span class='ocrx_word' id='word_1_529' title='bbox 1290 1721 1411 1755; x_wconf 80' lang='lat' dir='ltr'><strong>iratres,</strong></span> <span class='ocrx_word' id='word_1_530' title='bbox 1427 1728 1495 1747; x_wconf 85' lang='lat' dir='ltr'><strong>curn</strong></span> <span class='ocrx_word' id='word_1_531' title='bbox 1511 1719 1561 1755; x_wconf 84' lang='lat' dir='ltr'><strong>pia</strong></span> <span class='ocrx_word' id='word_1_532' title='bbox 1574 1721 1666 1747; x_wconf 89' lang='lat' dir='ltr'><strong>matre</strong></span> <span class='ocrx_word' id='word_1_533' title='bbox 1681 1726 1750 1752; x_wconf 87' lang='lat' dir='ltr'><strong>sua,</strong></span> <span class='ocrx_word' id='word_1_534' title='bbox 1767 1717 1845 1746; x_wconf 88' lang='lat' dir='ltr'><strong>bene</strong></span> 
     </span>
     <span class='ocr_line' id='line_1_85' title="bbox 1065 1766 1847 1805; baseline -0.005 -8"><span class='ocrx_word' id='word_1_535' title='bbox 1065 1769 1330 1805; x_wconf 76' lang='lat' dir='ltr'><strong>perseveraverunt</strong></span> <span class='ocrx_word' id='word_1_536' title='bbox 1345 1774 1439 1803; x_wconf 85' lang='lat' dir='ltr'><strong>usque</strong></span> <span class='ocrx_word' id='word_1_537' title='bbox 1455 1766 1484 1794; x_wconf 92' lang='lat' dir='ltr'><strong>in</strong></span> <span class='ocrx_word' id='word_1_538' title='bbox 1501 1766 1602 1800; x_wconf 81' lang='lat' dir='ltr'><strong>finem,</strong></span> <span class='ocrx_word' id='word_1_539' title='bbox 1620 1773 1674 1794; x_wconf 88' lang='lat' dir='ltr'><strong>nee</strong></span> <span class='ocrx_word' id='word_1_540' title='bbox 1686 1766 1847 1802; x_wconf 82' lang='lat' dir='ltr'><strong>potueruut</strong></span> 
     </span>
     <span class='ocr_line' id='line_1_86' title="bbox 1066 1811 1849 1851; baseline -0.004 -8"><span class='ocrx_word' id='word_1_541' title='bbox 1066 1816 1105 1844; x_wconf 87' lang='lat' dir='ltr'><strong>ad</strong></span> <span class='ocrx_word' id='word_1_542' title='bbox 1119 1814 1392 1851; x_wconf 80' lang='lat' dir='ltr'><strong>praevaricationem</strong></span> <span class='ocrx_word' id='word_1_543' title='bbox 1405 1813 1479 1849; x_wconf 83' lang='lat' dir='ltr'><strong>legis</strong></span> <span class='ocrx_word' id='word_1_544' title='bbox 1493 1812 1603 1841; x_wconf 85' lang='lat' dir='ltr'><strong>adduci</strong></span> <span class='ocrx_word' id='word_1_545' title='bbox 1618 1811 1782 1846; x_wconf 87' lang='lat' dir='ltr'><strong>blanditiis,</strong></span> <span class='ocrx_word' id='word_1_546' title='bbox 1797 1813 1849 1840; x_wconf 85' lang='lat' dir='ltr'><strong>aut</strong></span> 
     </span>
     <span class='ocr_line' id='line_1_87' title="bbox 1067 1861 1452 1894; baseline -0.008 -4"><span class='ocrx_word' id='word_1_547' title='bbox 1067 1862 1230 1891; x_wconf 80' lang='lat' dir='ltr'><strong>tormentis.</strong></span> <span class='ocrx_word' id='word_1_548' title='bbox 1247 1863 1267 1890; x_wconf 90' lang='lat' dir='ltr'><strong>li</strong></span> <span class='ocrx_word' id='word_1_549' title='bbox 1284 1861 1386 1894; x_wconf 61' lang='lat' dir='ltr'><strong>Maeli„</strong></span> <span class='ocrx_word' id='word_1_550' title='bbox 1403 1868 1452 1888; x_wconf 76' lang='lat' dir='ltr'><strong>vn.</strong></span> 
     </span>
    </p>

    <p class='ocr_par' dir='ltr' id='par_1_26' title="bbox 1069 1905 1850 2086">
     <span class='ocr_line' id='line_1_88' title="bbox 1104 1905 1850 1943; baseline -0.005 -6"><span class='ocrx_word' id='word_1_551' title='bbox 1104 1909 1317 1937; x_wconf 74' lang='lat' dir='ltr'><strong>l-&#39;irmissimum</strong></span> <span class='ocrx_word' id='word_1_552' title='bbox 1340 1907 1515 1943; x_wconf 78' lang='lat' dir='ltr'><strong>virginitatis</strong></span> <span class='ocrx_word' id='word_1_553' title='bbox 1537 1906 1724 1943; x_wconf 88' lang='lat' dir='ltr'><strong>propositum</strong></span> <span class='ocrx_word' id='word_1_554' title='bbox 1744 1905 1850 1934; x_wconf 86' lang='lat' dir='ltr'><strong>habuit</strong></span> 
     </span>
     <span class='ocr_line' id='line_1_89' title="bbox 1069 1953 1848 1991; baseline -0.004 -6"><span class='ocrx_word' id='word_1_555' title='bbox 1069 1958 1154 1985; x_wconf 80' lang='lat' dir='ltr'><strong>Beata</strong></span> <span class='ocrx_word' id='word_1_556' title='bbox 1169 1956 1269 1991; x_wconf 58' lang='lat' dir='ltr'><strong>Virgo,</strong></span> <span class='ocrx_word' id='word_1_557' title='bbox 1278 1964 1344 1991; x_wconf 79' lang='lat' dir='ltr'><strong>quae</strong></span> <span class='ocrx_word' id='word_1_558' title='bbox 1355 1954 1448 1983; x_wconf 91' lang='lat' dir='ltr'><strong>noluit</strong></span> <span class='ocrx_word' id='word_1_559' title='bbox 1459 1954 1623 1982; x_wconf 77' lang='lat' dir='ltr'><strong>consentire</strong></span> <span class='ocrx_word' id='word_1_560' title='bbox 1637 1954 1666 1981; x_wconf 93' lang='lat' dir='ltr'><strong>in</strong></span> <span class='ocrx_word' id='word_1_561' title='bbox 1677 1953 1848 1990; x_wconf 89' lang='lat' dir='ltr'><strong>conceptio-</strong></span> 
     </span>
     <span class='ocr_line' id='line_1_90' title="bbox 1070 2000 1849 2038; baseline -0.004 -7"><span class='ocrx_word' id='word_1_562' title='bbox 1070 2012 1138 2031; x_wconf 86' lang='lat' dir='ltr'><strong>nem</strong></span> <span class='ocrx_word' id='word_1_563' title='bbox 1147 2004 1180 2038; x_wconf 76' lang='grc' dir='ltr'>(ιι)</span> <span class='ocrx_word' id='word_1_564' title='bbox 1192 2003 1263 2030; x_wconf 79' lang='lat' dir='ltr'><strong>tanti</strong></span> <span class='ocrx_word' id='word_1_565' title='bbox 1275 2002 1443 2036; x_wconf 83' lang='lat' dir='ltr'><strong>tilii‚(lonec</strong></span> <span class='ocrx_word' id='word_1_566' title='bbox 1455 2000 1849 2037; x_wconf 76' lang='lat' dir='ltr'><strong>intellexitquodhociieret,</strong></span> 
     </span>
     <span class='ocr_line' id='line_1_91' title="bbox 1071 2048 1849 2086; baseline -0.004 -7"><span class='ocrx_word' id='word_1_567' title='bbox 1071 2059 1131 2079; x_wconf 90' lang='lat' dir='ltr'><strong>non</strong></span> <span class='ocrx_word' id='word_1_568' title='bbox 1140 2050 1195 2078; x_wconf 77' lang='lat' dir='ltr'><strong>viri</strong></span> <span class='ocrx_word' id='word_1_569' title='bbox 1208 2058 1309 2086; x_wconf 84' lang='lat' dir='ltr'><strong>opere,</strong></span> <span class='ocrx_word' id='word_1_570' title='bbox 1319 2049 1373 2077; x_wconf 84' lang='lat' dir='ltr'><strong>sed</strong></span> <span class='ocrx_word' id='word_1_571' title='bbox 1384 2049 1490 2076; x_wconf 70' lang='lat' dir='ltr'><strong>virtute</strong></span> <span class='ocrx_word' id='word_1_572' title='bbox 1501 2049 1623 2084; x_wconf 86' lang='lat' dir='ltr'><strong>Spiritus</strong></span> <span class='ocrx_word' id='word_1_573' title='bbox 1634 2048 1849 2082; x_wconf 70' lang='lat' dir='ltr'><strong>satieti.Luc.,1.</strong></span> 
     </span>
    </p>

    <p class='ocr_par' dir='ltr' id='par_1_27' title="bbox 1072 2094 1851 2226">
     <span class='ocr_line' id='line_1_92' title="bbox 1108 2094 1851 2131; baseline -0.004 -6"><span class='ocrx_word' id='word_1_574' title='bbox 1108 2097 1191 2125; x_wconf 80' lang='lat' dir='ltr'><strong>Ponit</strong></span> <span class='ocrx_word' id='word_1_575' title='bbox 1207 2097 1347 2124; x_wconf 89' lang='lat' dir='ltr'><strong>Dominus</strong></span> <span class='ocrx_word' id='word_1_576' title='bbox 1363 2095 1552 2131; x_wconf 77' lang='lat' dir='ltr'><strong>exemplum,</strong></span> <span class='ocrx_word' id='word_1_577' title='bbox 1569 2096 1633 2122; x_wconf 86' lang='lat' dir='ltr'><strong>Luc.</strong></span> <span class='ocrx_word' id='word_1_578' title='bbox 1645 2116 1652 2129; x_wconf 91' lang='lat'><em>‚</em></span> <span class='ocrx_word' id='word_1_579' title='bbox 1667 2102 1716 2123; x_wconf 67' lang='grc' dir='ltr'><strong>ΧΠ</strong></span> <span class='ocrx_word' id='word_1_580' title='bbox 1727 2116 1735 2130; x_wconf 90' lang='grc'>,</span> <span class='ocrx_word' id='word_1_581' title='bbox 1749 2095 1798 2129; x_wconf 86' lang='grc'><strong>30,</strong></span> <span class='ocrx_word' id='word_1_582' title='bbox 1814 2094 1851 2123; x_wconf 87' lang='lat' dir='ltr'><strong>de</strong></span> 
     </span>
     <span class='ocr_line' id='line_1_93' title="bbox 1072 2141 1851 2178; baseline -0.004 -6"><span class='ocrx_word' id='word_1_583' title='bbox 1072 2145 1125 2173; x_wconf 87' lang='lat' dir='ltr'><strong>illo</strong></span> <span class='ocrx_word' id='word_1_584' title='bbox 1146 2144 1268 2172; x_wconf 86' lang='lat' dir='ltr'><strong>homine</strong></span> <span class='ocrx_word' id='word_1_585' title='bbox 1284 2143 1322 2171; x_wconf 84' lang='lat' dir='ltr'><strong>ab</strong></span> <span class='ocrx_word' id='word_1_586' title='bbox 1344 2143 1410 2171; x_wconf 86' lang='lat' dir='ltr'><strong>aliis</strong></span> <span class='ocrx_word' id='word_1_587' title='bbox 1431 2142 1586 2170; x_wconf 78' lang='lat' dir='ltr'><strong>illudendo</strong></span> <span class='ocrx_word' id='word_1_588' title='bbox 1597 2164 1604 2177; x_wconf 86' lang='lat'><strong>,</strong></span> <span class='ocrx_word' id='word_1_589' title='bbox 1621 2142 1672 2178; x_wconf 89' lang='lat' dir='ltr'><strong>qui</strong></span> <span class='ocrx_word' id='word_1_590' title='bbox 1687 2141 1776 2177; x_wconf 78' lang='lat' dir='ltr'><strong>coepit</strong></span> <span class='ocrx_word' id='word_1_591' title='bbox 1790 2142 1851 2170; x_wconf 85' lang='lat' dir='ltr'><strong>tur-</strong></span> 
     </span>
     <span class='ocr_line' id='line_1_94' title="bbox 1073 2189 1761 2226; baseline -0.006 -6"><span class='ocrx_word' id='word_1_592' title='bbox 1073 2191 1129 2221; x_wconf 89' lang='lat' dir='ltr'><strong>rim</strong></span> <span class='ocrx_word' id='word_1_593' title='bbox 1144 2191 1301 2226; x_wconf 75' lang='lat' dir='ltr'><strong>aediticare,</strong></span> <span class='ocrx_word' id='word_1_594' title='bbox 1317 2192 1343 2218; x_wconf 85' lang='lat' dir='ltr'><strong>et</strong></span> <span class='ocrx_word' id='word_1_595' title='bbox 1357 2197 1417 2218; x_wconf 92' lang='lat' dir='ltr'><strong>non</strong></span> <span class='ocrx_word' id='word_1_596' title='bbox 1433 2189 1528 2225; x_wconf 85' lang='lat' dir='ltr'><strong>potuit</strong></span> <span class='ocrx_word' id='word_1_597' title='bbox 1544 2196 1761 2216; x_wconf 89' lang='lat' dir='ltr'><strong>consummare.</strong></span> 
     </span>
    </p>

    <p class='ocr_par' dir='ltr' id='par_1_28' title="bbox 1076 2234 1855 2363">
     <span class='ocr_line' id='line_1_95' title="bbox 1111 2234 1852 2269; baseline -0.007 -2"><span class='ocrx_word' id='word_1_598' title='bbox 1111 2240 1209 2267; x_wconf 77' lang='lat' dir='ltr'><strong>Caecus</strong></span> <span class='ocrx_word' id='word_1_599' title='bbox 1231 2238 1281 2266; x_wconf 90' lang='lat' dir='ltr'><strong>ille</strong></span> <span class='ocrx_word' id='word_1_600' title='bbox 1303 2240 1406 2269; x_wconf 64' lang='lat' dir='ltr'><strong>natuS,</strong></span> <span class='ocrx_word' id='word_1_601' title='bbox 1424 2239 1451 2264; x_wconf 87' lang='lat' dir='ltr'><strong>et</strong></span> <span class='ocrx_word' id='word_1_602' title='bbox 1469 2245 1486 2264; x_wconf 86' lang='lat' dir='ltr'><strong>a</strong></span> <span class='ocrx_word' id='word_1_603' title='bbox 1510 2236 1633 2263; x_wconf 89' lang='lat' dir='ltr'><strong>Domino</strong></span> <span class='ocrx_word' id='word_1_604' title='bbox 1659 2234 1852 2269; x_wconf 82' lang='lat' dir='ltr'><strong>illuminatus,</strong></span> 
     </span>
     <span class='ocr_line' id='line_1_96' title="bbox 1076 2280 1855 2321; baseline -0.005 -8"><span class='ocrx_word' id='word_1_605' title='bbox 1076 2288 1243 2314; x_wconf 81' lang='lat' dir='ltr'><strong>constanter</strong></span> <span class='ocrx_word' id='word_1_606' title='bbox 1266 2284 1465 2321; x_wconf 73' lang='lat' dir='ltr'><strong>perseveravit</strong></span> <span class='ocrx_word' id='word_1_607' title='bbox 1485 2285 1588 2311; x_wconf 87' lang='lat' dir='ltr'><strong>contra</strong></span> <span class='ocrx_word' id='word_1_608' title='bbox 1602 2282 1763 2310; x_wconf 80' lang='lat' dir='ltr'><strong>Pharisoeos</strong></span> <span class='ocrx_word' id='word_1_609' title='bbox 1778 2280 1855 2310; x_wconf 86' lang='lat' dir='ltr'><strong>veri-</strong></span> 
     </span>
     <span class='ocr_line' id='line_1_97' title="bbox 1077 2330 1721 2363; baseline -0.008 -2"><span class='ocrx_word' id='word_1_610' title='bbox 1077 2334 1165 2361; x_wconf 83' lang='lat' dir='ltr'><strong>tatem</strong></span> <span class='ocrx_word' id='word_1_611' title='bbox 1181 2332 1324 2360; x_wconf 80' lang='lat' dir='ltr'><strong>confitens</strong></span> <span class='ocrx_word' id='word_1_612' title='bbox 1339 2333 1366 2359; x_wconf 85' lang='lat' dir='ltr'><strong>et</strong></span> <span class='ocrx_word' id='word_1_613' title='bbox 1383 2330 1557 2359; x_wconf 83' lang='lat' dir='ltr'><strong>defendens.</strong></span> <span class='ocrx_word' id='word_1_614' title='bbox 1574 2331 1666 2363; x_wconf 82' lang='lat' dir='ltr'><strong>Joun.‚</strong></span> <span class='ocrx_word' id='word_1_615' title='bbox 1682 2337 1721 2356; x_wconf 82' lang='lat' dir='ltr'><strong>ix.</strong></span> 
     </span>
    </p>

    <p class='ocr_par' dir='ltr' id='par_1_29' title="bbox 1079 2376 1858 2507">
     <span class='ocr_line' id='line_1_98' title="bbox 1113 2376 1857 2414; baseline -0.008 -6"><span class='ocrx_word' id='word_1_616' title='bbox 1113 2380 1220 2408; x_wconf 87' lang='lat' dir='ltr'><strong>Omnes</strong></span> <span class='ocrx_word' id='word_1_617' title='bbox 1235 2378 1373 2414; x_wconf 87' lang='lat' dir='ltr'><strong>discipuli</strong></span> <span class='ocrx_word' id='word_1_618' title='bbox 1396 2377 1511 2405; x_wconf 86' lang='lat' dir='ltr'><strong>Domini</strong></span> <span class='ocrx_word' id='word_1_619' title='bbox 1533 2378 1617 2405; x_wconf 80' lang='lat' dir='ltr'><strong>erant</strong></span> <span class='ocrx_word' id='word_1_620' title='bbox 1636 2376 1857 2412; x_wconf 84' lang='lat' dir='ltr'><strong>perseverantes</strong></span> 
     </span>
     <span class='ocr_line' id='line_1_99' title="bbox 1079 2421 1858 2458; baseline -0.008 -3"><span class='ocrx_word' id='word_1_621' title='bbox 1079 2426 1257 2455; x_wconf 88' lang='lat' dir='ltr'><strong>unanimiter</strong></span> <span class='ocrx_word' id='word_1_622' title='bbox 1278 2425 1308 2453; x_wconf 92' lang='lat' dir='ltr'><strong>in</strong></span> <span class='ocrx_word' id='word_1_623' title='bbox 1337 2425 1493 2458; x_wconf 84' lang='lat' dir='ltr'><strong>oratione,</strong></span> <span class='ocrx_word' id='word_1_624' title='bbox 1519 2432 1587 2451; x_wconf 90' lang='lat' dir='ltr'><strong>cum</strong></span> <span class='ocrx_word' id='word_1_625' title='bbox 1609 2421 1805 2456; x_wconf 85' lang='lat' dir='ltr'><strong>mulieribus,</strong></span> <span class='ocrx_word' id='word_1_626' title='bbox 1830 2423 1858 2449; x_wconf 85' lang='lat' dir='ltr'><strong>et</strong></span> 
     </span>
     <span class='ocr_line' id='line_1_100' title="bbox 1079 2473 1556 2507; baseline -0.01 -4"><span class='ocrx_word' id='word_1_627' title='bbox 1079 2475 1168 2504; x_wconf 80' lang='lat' dir='ltr'><strong>Maria</strong></span> <span class='ocrx_word' id='word_1_628' title='bbox 1183 2475 1275 2502; x_wconf 85' lang='lat' dir='ltr'><strong>matre</strong></span> <span class='ocrx_word' id='word_1_629' title='bbox 1289 2474 1367 2501; x_wconf 73' lang='lat' dir='ltr'><strong>iesu.</strong></span> <span class='ocrx_word' id='word_1_630' title='bbox 1385 2474 1459 2507; x_wconf 65' lang='lat' dir='ltr'><strong>Act„</strong></span> <span class='ocrx_word' id='word_1_631' title='bbox 1475 2479 1494 2503; x_wconf 85' lang='grc' dir='ltr'><strong>ι,</strong></span> <span class='ocrx_word' id='word_1_632' title='bbox 1515 2473 1556 2499; x_wconf 78' lang='grc'><strong>14.</strong></span> 
     </span>
    </p>

    <p class='ocr_par' dir='ltr' id='par_1_30' title="bbox 1081 2516 1859 2604">
     <span class='ocr_line' id='line_1_101' title="bbox 1117 2516 1858 2557; baseline -0.009 -7"><span class='ocrx_word' id='word_1_633' title='bbox 1117 2521 1265 2557; x_wconf 84' lang='lat' dir='ltr'><strong>Principes</strong></span> <span class='ocrx_word' id='word_1_634' title='bbox 1283 2519 1453 2547; x_wconf 72' lang='lat' dir='ltr'><strong>Judaeorum</strong></span> <span class='ocrx_word' id='word_1_635' title='bbox 1473 2518 1606 2546; x_wconf 88' lang='lat' dir='ltr'><strong>videntes</strong></span> <span class='ocrx_word' id='word_1_636' title='bbox 1627 2516 1700 2545; x_wconf 83' lang='lat' dir='ltr'><strong>Petri</strong></span> <span class='ocrx_word' id='word_1_637' title='bbox 1720 2517 1858 2544; x_wconf 82' lang='lat' dir='ltr'><strong>constan-</strong></span> 
     </span>
     <span class='ocr_line' id='line_1_102' title="bbox 1081 2563 1859 2604; baseline -0.01 -6"><span class='ocrx_word' id='word_1_638' title='bbox 1081 2570 1170 2604; x_wconf 87' lang='lat' dir='ltr'><strong>tiam,</strong></span> <span class='ocrx_word' id='word_1_639' title='bbox 1188 2571 1215 2596; x_wconf 85' lang='lat' dir='ltr'><strong>et</strong></span> <span class='ocrx_word' id='word_1_640' title='bbox 1234 2567 1371 2601; x_wconf 74' lang='lat' dir='ltr'><strong>ioannis,</strong></span> <span class='ocrx_word' id='word_1_641' title='bbox 1387 2567 1538 2602; x_wconf 82' lang='lat' dir='ltr'><strong>comperto</strong></span> <span class='ocrx_word' id='word_1_642' title='bbox 1554 2563 1638 2600; x_wconf 89' lang='lat' dir='ltr'><strong>quod</strong></span> <span class='ocrx_word' id='word_1_643' title='bbox 1654 2566 1750 2591; x_wconf 89' lang='lat' dir='ltr'><strong>essent</strong></span> <span class='ocrx_word' id='word_1_644' title='bbox 1763 2563 1859 2591; x_wconf 87' lang='lat' dir='ltr'><strong>homi—</strong></span> 
     </span>
    </p>
   </div>
   <div class='ocr_carea' id='block_1_7' title="bbox 1081 2610 1858 2697">
    <p class='ocr_par' dir='ltr' id='par_1_31' title="bbox 1081 2610 1858 2697">
     <span class='ocr_line' id='line_1_103' title="bbox 1081 2610 1858 2649; baseline -0.01 -4"><span class='ocrx_word' id='word_1_645' title='bbox 1081 2625 1134 2645; x_wconf 86' lang='lat' dir='ltr'><strong>nes</strong></span> <span class='ocrx_word' id='word_1_646' title='bbox 1148 2616 1211 2645; x_wconf 86' lang='lat' dir='ltr'><strong>sine</strong></span> <span class='ocrx_word' id='word_1_647' title='bbox 1226 2614 1346 2649; x_wconf 79' lang='lat' dir='ltr'><strong>litteris,</strong></span> <span class='ocrx_word' id='word_1_648' title='bbox 1361 2616 1389 2642; x_wconf 88' lang='lat' dir='ltr'><strong>et</strong></span> <span class='ocrx_word' id='word_1_649' title='bbox 1403 2613 1517 2647; x_wconf 72' lang='lat' dir='ltr'><strong>idione,</strong></span> <span class='ocrx_word' id='word_1_650' title='bbox 1533 2610 1769 2640; x_wconf 83' lang='lat' dir='ltr'><strong>admirabantur.</strong></span> <span class='ocrx_word' id='word_1_651' title='bbox 1786 2611 1858 2645; x_wconf 57' lang='lat' dir='ltr'><strong>Aen,</strong></span> 
     </span>
     <span class='ocr_line' id='line_1_104' title="bbox 1083 2664 1180 2697; baseline -0.01 -6"><span class='ocrx_word' id='word_1_652' title='bbox 1083 2672 1122 2697; x_wconf 80' lang='lat' dir='ltr'><strong>iv,</strong></span> <span class='ocrx_word' id='word_1_653' title='bbox 1139 2664 1180 2691; x_wconf 88' lang='grc'><strong>13.</strong></span> 
     </span>
    </p>
   </div>
  </div>
 </body>
</html>
