2020 3037
265 308 298 331 V!

265 367 371 398 amica
393 374 479 404 mea,
499 367 640 406 formosa
660 374 750 405 mea,
774 365 918 400 columba
941 372 1031 402 mea,
1044 363 1118 404 ¹iam
1140 362 1252 403 hyems
1276 362 1432 398 transiit,
1449 361 1551 395 imber
1563 363 1666 402 abiit,
1680 368 1711 397 et
1731 366 1873 399 recessit.

265 421 356 455 Tunc
380 421 488 461 angeli
512 421 760 454 admirabuntur
787 423 827 455 de
855 425 912 455 tua
934 422 1040 463 gloria
1054 445 1065 460 ,
1087 420 1228 452 dicentes
1251 431 1260 452 z
1288 421 1364 458 Quoe
1387 424 1435 453 est
1455 421 1524 454 ista
1539 445 1550 460 ‚
1575 430 1648 462 quae
1669 423 1817 456 ascendit
1835 423 1876 458 de

265 479 397 520 deserto,
413 479 670 513 etc.?Videbunt
691 482 768 514 filiae
790 481 882 519 Sion,
904 483 936 513 et
952 479 1142 512 laudabunt.
1162 477 1253 510 Tunc
1273 477 1330 509 illa
1350 479 1480 510 centum
1504 479 1718 520 quadraginta
1738 483 1877 522 quatuor

265 539 368 570 millia
388 539 424 570 in
444 542 615 581 conspectu
638 540 748 572 throni
771 542 802 572 et
826 541 1012 571 sanctorum
1035 535 1192 568 tenebunt
1215 535 1371 574 citharas,
1392 537 1424 567 et
1447 537 1622 568 cantabunt
1643 538 1802 570 canticum
1817 547 1878 571 no-

266 606 363 637 vum,
382 609 397 627 n
414 599 473 630 etc.
491 597 636 630 Insanior
649 599 794 638 tandem,
809 607 909 640 quam
921 596 1028 630 delira
1042 603 1146 634 anus,
1161 593 1220 635 qui
1231 593 1358 634 scripsit
1371 593 1411 626 de
1421 593 1456 626 S.
1472 593 1576 626 Felice
1589 593 1713 627 Valesio
1727 607 1735 627 :
1757 608 1773 626 α
1788 596 1878 628 illus-

266 658 350 689 trem
364 656 416 688 hic
436 666 456 688 a
468 656 561 688 beata
578 657 709 697 Virgine
724 656 823 688 Matre
835 656 978 688 favorem
991 654 1112 695 accepit
1128 664 1136 685 :
1155 651 1387 684 dormientibus
1401 653 1560 694 siquidem
1576 655 1700 686 cunctis
1713 655 1875 695 fratribus,

267 718 298 748 et
316 715 357 747 ad
376 716 552 747 matutinas
569 724 679 756 preces
696 715 730 746 in
745 715 918 756 pervigilio
936 712 1119 746 Nativitatis
1137 711 1282 752 Deiparae
1304 710 1409 742 media
1430 713 1523 743 nocte
1542 713 1736 752 recitandas,
1753 713 1816 746 Deo
1833 714 1879 745 sic

267 773 472 814 disponente,
488 782 553 804 non
575 773 804 813 surgentibus,
827 772 918 804 Felix
934 772 973 804 de
994 779 1085 802 more
1103 769 1245 809 vigilans
1255 792 1266 808 ‚
1282 770 1314 800 et
1327 768 1424 800 horas
1437 770 1656 810 praeveniens,
1671 771 1814 804 <chorum
1828 772 1877 803 in-

267 841 398 874 gressus
411 833 530 873 reperit
543 833 670 864 beatam
683 832 850 872 Virginem
869 832 904 863 in
923 830 1030 862 medio
1048 828 1138 861 chori
1152 827 1266 860 habitu
1279 836 1373 860 cruce
1389 827 1517 860 Ordinis
1538 827 1696 869 insignito
1709 829 1857 862 indutam
1868 854 1877 868 ‚

268 901 305 924 ac
326 891 506 923 coelestibus
528 891 674 922 similiter
697 890 817 922 indutis
840 890 1005 922 sociatam.
1021 887 1144 926 Quibus
1166 886 1348 927 permixtus
1371 885 1479 925 Felix,
1505 887 1700 927 praecinente
1722 887 1877 930 Deipara,

268 950 378 982 laudes
391 950 517 982 divinas
530 950 694 981 concinuit
707 950 730 979 ¹.
747 961 762 979 »

310 1008 468 1040 Caeterum
481 1008 521 1040 de
535 1008 666 1049 praesata
679 1007 785 1040 Dtoeta
797 1007 895 1047 longe
910 1005 1025 1038 melius
1039 1005 1209 1035 senserunt
1221 1002 1366 1034 Editores
1386 1002 1544 1042 Vaticani,
1559 1003 1701 1035 dicentes
1717 1015 1724 1035 :
1744 1015 1760 1034 α
1775 1004 1879 1046 Opus-

269 1066 379 1099 culum
393 1066 455 1098 hoc
469 1067 552 1098 miro
567 1066 701 1097 artificio
715 1065 930 1106 compositum
942 1068 972 1104 ²,
987 1076 1002 1095 ι»
1018 1066 1078 1096 etc.
1094 1063 1175 1095 Hinc
1190 1065 1254 1102 est,
1269 1061 1356 1103 quod
1380 1061 1606 1094 Bonaventura
1627 1063 1799 1103 indignum
1814 1072 1880 1095 non

269 1125 364 1156 fuerit
377 1125 541 1164 habitum,
557 1125 699 1156 maxime
713 1125 789 1165 quia
802 1123 893 1155 nulla
907 1124 940 1155 in
962 1132 1000 1155 eo
1015 1122 1188 1154 offenditur
1209 1121 1376 1161 allegatio,
1393 1130 1467 1161 quae
1487 1121 1521 1152 in
1542 1122 1628 1152 veris
1641 1121 1880 1153 Bonaventurae

270 1182 426 1224 Operibus
440 1192 506 1214 non
519 1183 715 1223 reperiatur,
732 1183 779 1214 uti
801 1185 848 1213 est
867 1182 1038 1213 auctoritas
1057 1181 1140 1212 iuter
1163 1179 1291 1211 Graeeos
1309 1178 1418 1210 Patres
1439 1178 1603 1219 Origenis,
1622 1182 1653 1211 et
1675 1179 1877 1219 Damasceni,

270 1239 353 1270 inter
376 1238 504 1270 Latinos
524 1239 704 1277 Ambrosii,
730 1238 939 1279 Hieronymi,
960 1238 1155 1279 Augustini,
1181 1237 1346 1277 Prosperi,
1369 1237 1536 1277 Gregorii,
1558 1237 1690 1277 Isidori,
1713 1238 1878 1278 Anselmi,

271 1296 441 1336 Bernardi,
458 1297 540 1328 inter
552 1296 718 1328 historicos
732 1296 860 1338 Josephi
871 1322 878 1336 ,
894 1298 977 1329 inter
991 1296 1197 1338 philosophos
1210 1295 1388 1327 Aristotelis
1397 1320 1407 1334 ,
1422 1296 1504 1328 inter
1517 1296 1722 1328 scholasticos
1735 1297 1880 1338 Magistri

271 1356 530 1395 Sententiaru1n;
556 1356 633 1387 item
657 1355 774 1387 Glossae
788 1380 798 1395 ,
823 1365 948 1387 necnon
974 1355 1102 1394 Ovidii,
1124 1354 1245 1393 Tullii,
1271 1354 1400 1386 Senecae
1414 1379 1424 1394 ,
1448 1354 1611 1386 Macrobii.
1635 1354 1750 1387 Fateor
1772 1358 1881 1388 tamen

271 1416 433 1446 auctorem
456 1413 556 1454 hujus
579 1414 707 1453 Diaetae,
732 1414 786 1445 ubi
809 1414 940 1455 exponit
963 1413 1157 1454 Symbolum
1175 1413 1403 1454 Apostolorum
1419 1413 1449 1452 ³,
1471 1414 1505 1445 iu
1528 1414 1692 1446 nonnullis
1714 1414 1843 1446 differre
1863 1423 1883 1446 a

271 1471 514 1511 Bonaventura,
529 1472 612 1504 libro
626 1472 720 1504 tertio
737 1472 979 1506 Sententiarum
996 1475 1017 1503 ⁸.

720 1605 737 1639 ξ
756 1604 788 1632 V.
805 1618 840 1625 -
857 1604 1066 1632 cosrassiomu:
1081 1603 1248 1639 (Pr-odrom.,
1269 1602 1319 1631 col.
1342 1603 1431 1638 092.).

1756 1644 1774 1651 ε

312 1707 378 1739 Hoc
391 1716 471 1747 opus
483 1706 716 1740 Bonaventurae
729 1707 967 1746 abjudicemus,
985 1716 1049 1738 non
1065 1707 1196 1747 quidem
1214 1708 1343 1747 propter
1361 1706 1448 1738 illam
1466 1705 1581 1738 Oudini
1599 1707 1778 1744 rationem,
1798 1707 1884 1748 quod

277 1777 291 1796 u
306 1766 404 1796 moris
417 1774 481 1797 non
497 1766 593 1797 fuerit
607 1765 725 1797 saeculo
746 1766 841 1797 tertio
856 1766 981 1797 decimo
1002 1766 1116 1805 primis
1139 1764 1352 1804 scholasticis,
1368 1765 1465 1796 citare
1479 1764 1531 1796 vel
1554 1764 1694 1805 allegare
1715 1765 1884 1805 scriptores

274 1826 577 1864 contemporaneos,
593 1824 644 1856 vel
659 1824 827 1855 nominare
839 1848 847 1862 ,
863 1826 900 1855 ut
915 1824 1048 1855 eruditis
1062 1826 1176 1856 notum
1191 1826 1238 1855 est
1249 1824 1260 1840 ⁶
1272 1848 1281 1862 ‚
1297 1835 1312 1853 »
1330 1824 1423 1864 quasi
1447 1833 1525 1856 vero
1546 1824 1580 1854 in
1600 1824 1662 1855 hoc
1683 1825 1754 1864 ejus
1773 1826 1885 1855 auctor

273 1891 304 1916 se
317 1883 573 1916 recentissimum
587 1883 775 1923 scriptorem
785 1882 973 1924 prodiderit
988 1882 1010 1921 θ,
1036 1892 1110 1914 cum
1132 1884 1241 1913 tamen
1259 1881 1486 1913 Bonaventura
1506 1882 1539 1912 in
1560 1882 1653 1913 certis
1673 1883 1739 1913 suis
1760 1881 1886 1922 scriptis

273 1942 391 1982 alleget
407 1942 629 1974 Alexandrum
643 1941 792 1973 Alensein
802 1965 811 1980 ‚
829 1941 1024 1973 Gulielmum
1040 1939 1264 1977 Parisiensem,
1281 1938 1465 1980 Philippum
1480 1939 1723 1979 Cancellarium,
1741 1939 1884 1972 Odonem

273 2001 518 2039 Cancellarium,
539 2000 759 2032 innocentium
783 2002 937 2040 quartum
963 1997 1167 2035 Pontificem,
1194 1998 1265 2036 e-Jus
1288 1999 1381 2028 aetate
1407 1998 1565 2036 viventes,
1595 2000 1625 2029 et
1649 1998 1794 2029 Oudinus
1819 1999 1885 2038 ipse

274 2060 435 2100 scripserit
462 2060 500 2091 de
529 2058 770 2090 Commentariis
795 2058 828 2088 in
855 2057 1044 2097 Dionysium
1073 2055 1302 2095 Areopagitam
1329 2055 1460 2095 Ruperti
1489 2055 1718 2087 Lincolniensis
1741 2056 1885 2096 'episcopi

274 2128 325 2150 an.
359 2120 462 2150 1250:
490 2129 504 2147 n
530 2116 593 2148 Hos
618 2116 793 2157 saepissime
815 2114 1068 2146 Commentarios
1091 2114 1152 2144 sub
1180 2114 1310 2145 nomine
1333 2113 1563 2145 Liucoluiensis
1590 2115 1665 2146 citat
1685 2115 1780 2155 paulo
1815 2118 1885 2155 post

274 2177 423 2207 Albertus
449 2176 587 2215 Magnus
601 2179 629 2213 ⁷;
646 2187 661 2204 υ
686 2175 741 2206 sed
767 2175 844 2215 quia
869 2177 986 2214 praeter
1013 2182 1138 2204 morem
1163 2173 1365 2204 adducuntur
1390 2173 1600 2214 Raymundus
1624 2173 1662 2204 de
1686 2173 1882 2212 Pennaforti,

274 2232 457 2264 Vincentius
472 2233 705 2264 Bellovacensis
717 2257 724 2271 ,
742 2235 773 2264 et
787 2233 971 2264 Berusrdus
986 2232 1154 2272 presbyter
1167 2231 1451 2271 compostellanus,
1463 2232 1517 2270 qui
1533 2232 1604 2270 ejus
1619 2232 1711 2262 aetate
1726 2231 1881 2270 claruere,

275 2300 311 2322 ac
331 2291 426 2322 etiam
450 2291 642 2323 Redonensis
666 2292 808 2332 praedicti
834 2291 1014 2331 Raymundi
1042 2291 1227 2330 glossator,
1250 2297 1375 2326 necnon
1399 2289 1537 2320 Summa
1560 2288 1688 2319 Henrici
1712 2288 1882 2321 cardinalis

275 2348 426 2380 Ostiensis
439 2349 499 2380 sub
513 2349 642 2380 nomine
660 2349 801 2389 Copiosoe
812 2359 825 2388 ,·
840 2349 918 2380 item
934 2347 1156 2379 Archidiaconi
1172 2347 1244 2378 libri
1259 2347 1482 2387 Brochardor.‚
1497 2356 1578 2388 quos
1593 2350 1663 2388 post
1675 2347 1879 2387 Henricum⁸,

275 2410 412 2438 exeunte
427 2407 544 2438 saeculo
557 2417 613 2438 xm
623 2430 632 2445 ,
645 2410 677 2439 et
689 2408 818 2439 ineunte
830 2417 904 2447 xiv,
921 2407 1085 2448 scripsisse
1099 2408 1238 2444 constat3
1256 2406 1322 2437 imo
1345 2407 1376 2436 et
1400 2405 1590 2445 Gansredus,
1607 2406 1675 2437 sive
1690 2405 1878 2444 Gaufredus‚

276 2467 332 2496 aut
346 2465 499 2497 Gon-edus
514 2466 552 2498 de
568 2466 691 2505 Trauo,
708 2467 763 2507 qui
780 2469 875 2507 prout
887 2466 1001 2498 docent
1016 2466 1184 2498 novissimi
1198 2465 1341 2496 Editores
1355 2464 1493 2504 Operum
1510 2464 1609 2495 sancti
1625 2463 1877 2503 Bonaventurae‚

277 2531 369 2555 suam
389 2524 556 2556 Summam
580 2524 615 2556 in
636 2524 809 2557 Decretales
831 2526 1050 2558 Romanorum
1066 2525 1257 2557 Pontificum
1273 2523 1475 2555 elucubravit
1494 2522 1614 2554 Nicolai
1636 2521 1675 2554 IV
1686 2523 1781 2563 jussu
1795 2530 1880 2554 anno

311 2660 316 2672 ¹
332 2657 404 2682 Brev.
420 2659 499 2690 Rom„
519 2660 548 2684 20
566 2660 629 2684 Nov.
645 2673 674 2678 —
689 2661 697 2675 ²
713 2661 770 2684 Vid.
789 2661 814 2685 in
833 2662 953 2692 praesenti
973 2664 1057 2691 tomo,
1075 2668 1134 2692 pag.
1158 2662 1213 2685 ⁴247.
1229 2673 1257 2678 —
1275 2659 1286 2676 ³
1302 2660 1386 2690 Dioet„
1401 2659 1438 2683 tit.
1455 2665 1479 2689 v,
1495 2666 1516 2683 c.
1534 2664 1574 2690 ni,
1589 2657 1642 2689 huj.
1658 2657 1730 2688 tomi,
1750 2664 1809 2690 pag.
1825 2659 1879 2682 298.

279 2693 289 2710 δ
303 2693 365 2718 Dist.
381 2699 441 2725 xxv,
456 2697 503 2719 nrt.
519 2698 540 2725 1,
554 2702 581 2726 q.
596 2701 614 2726 1,
630 2695 656 2720 in
671 2695 765 2725 count,
779 2696 853 2727 hujus
868 2697 928 2721 edit.
943 2699 1005 2722 tom.
1024 2697 1065 2727 lv,
1085 2703 1144 2728 pag.
1157 2697 1212 2721 545.
1223 2709 1253 2714 —
1267 2696 1275 2710 ⁵
1289 2696 1362 2720 Tom.
1377 2695 1425 2725 lit,
1440 2695 1488 2718 col.
1509 2696 1562 2719 419.
1584 2707 1614 2712 -
1629 2694 1639 2709 ⁶
1661 2693 1725 2718 ibid.
1739 2707 1765 2711 —-
1784 2693 1880 2723 ⁷1bid.,

279 2728 327 2752 col>
357 2730 401 2753 ¹40
435 2742 464 2747 --
490 2735 496 2743 “
522 2730 592 2754 Vixit
619 2732 647 2755 D.
674 2731 860 2756 Beneventum
885 2734 1019 2763 tempore,
1046 2733 1179 2757 attestante
1207 2730 1345 2755 Ptolomaeo
1375 2729 1498 2759 Lucensi,
1524 2729 1588 2752 His-t.
1620 2729 1697 2758 Eoi-l..
1724 2729 1768 2752 lib.
1798 2729 1880 2757 xxii,

280 2772 302 2788 c.
321 2769 385 2788 xxii,
