2004 3037
650 232 980 268 CONFESS10NALE.
1004 224 1091 264 CAP.
1114 231 1151 264 v.

361 340 540 365 PARTICULA
560 340 626 364 XXI.

136 397 190 431 Qui
206 397 281 425 duas
295 404 404 426 uxores
418 397 518 432 simul,
532 396 581 425 vel
595 394 760 424 successive
772 394 878 423 habuit

101 443 186 480 (dist.
201 452 303 478 xxxiv,
319 451 344 472 c.
363 444 537 478 Christiano;
553 450 632 471 caus.
649 449 720 476 xxx,
737 442 838 477 quaest.
857 448 878 475 1,

103 499 128 518 c.
145 491 297 523 Quomodo,-
314 492 422 525 Extra„
438 489 474 518 de
490 490 612 525 nivort„
626 497 650 517 c.
669 487 841 524 Gaudemus).

363 573 542 599 PARTICULA
562 573 637 597 xxm.

139 632 194 667 Qui
208 631 354 661 contrahit
367 639 436 659 cum
449 632 606 667 corrupta,
622 629 671 658 vel
686 629 778 658 vidua
794 629 879 665 (dist.

104 687 197 714 xxxix,
209 687 234 707 c.
245 679 380 712 Sertattm,
396 680 424 706 et
439 677 505 705 dist.
521 685 622 711 xxxiv,
635 685 660 704 c.
673 676 840 711 Curandum,
855 677 884 703 et

105 735 171 762 cap.
183 727 366 761 Rumpimus,
377 727 405 753 et
421 725 531 759 Extra„
543 723 580 752 de
595 723 733 759 Bigamis,
745 731 770 751 c.
783 731 792 750 ι
803 724 830 750 et
841 722 881 756 u).

105 772 274 802 Secundum
287 772 515 808 Raymundu1u‚
529 779 591 799 non
606 773 703 807 potest
723 770 884 807 Episcopus

105 828 174 848 cum
198 819 319 855 bigamo
342 819 512 855 dispensare
534 819 542 854 (
555 820 662 852 Extra„
685 818 722 846 de
741 817 885 853 Bigamis,

106 866 220 903 Nuper),
231 866 276 894 Ad
286 866 366 894 idem
377 865 446 894 facit
458 867 565 900 Extra„
580 865 616 893 de
628 865 752 900 Bigam.‚
763 872 788 892 c.
801 865 887 899 Super

107 922 151 949 eo,
162 913 289 941 distinct.
305 921 330 947 L,
343 921 367 940 c.
379 913 409 940 Si
423 914 485 947 quis
499 912 622 940 viduam.
635 912 692 940 Sed
702 911 759 939 hoc
768 919 829 939 non
844 913 884 938 te-

107 962 157 989 net
168 960 245 988 illud
259 968 298 994 c.,
312 959 378 987 (list.
392 967 495 993 xxxw,
509 960 610 994 Lector,
625 958 681 986 nisi
696 958 769 986 forte
785 957 887 993 quoad

108 1007 237 1034 minores
248 1005 369 1034 ordines
379 1027 388 1040 ,
402 1006 432 1033 in
451 1005 560 1041 quibus
575 1005 663 1033 credo
676 1005 759 1041 quod
773 1004 888 1040 episco-

107 1061 164 1089 pus
176 1054 273 1089 potest
287 1052 458 1087 dispensare
471 1052 592 1087 propter
602 1051 803 1079 necessitatem
814 1052 886 1086 (arg.

109 1099 176 1127 dist.
193 1107 293 1132 xxxiv,
309 1107 335 1126 c.
351 1099 548 1132 Subdz'ucouus,
564 1100 592 1125 et
606 1097 637 1125 in
650 1097 680 1126 d.
697 1106 722 1125 c.
739 1099 843 1132 Lector,
861 1099 889 1125 et

109 1146 175 1174 dist.
189 1154 215 1181 L,
233 1154 258 1173 c.
272 1145 402 1180 Placuit.)
412 1145 438 1173 si
450 1147 548 1173 tamen
559 1144 682 1172 clericus
696 1144 727 1172 in
737 1144 826 1172 sacris
843 1152 889 1172 or—

109 1193 229 1221 dinibus
244 1193 434 1226 eonstitutuS,
449 1192 501 1228 qui
515 1192 630 1220 nullam
645 1194 712 1219 ante
729 1191 889 1227 susceptio-

109 1248 181 1268 nem
201 1240 342 1268 ordinum
361 1239 466 1268 habuit
482 1247 625 1273 uxorem,
644 1238 830 1266 contraheret
853 1238 890 1266 ,le

109 1286 187 1315 sacto
201 1286 425 1315 matrimonium
436 1307 445 1321 ,
462 1287 490 1313 et
504 1288 607 1321 postea
622 1285 758 1313 transiret
771 1284 812 1313 ad
825 1284 891 1312 reli-

110 1333 248 1368 gionem,
264 1333 294 1360 in
310 1341 370 1369 qua
392 1334 617 1361 conversaretur
630 1332 771 1366 honeste,
792 1333 892 1368 posset

111 1387 180 1407 suus
195 1379 352 1416 episcopus
364 1379 536 1415 dispensare
551 1380 670 1415 (Extra,
683 1387 708 1406 c.
721 1380 774 1412 Qui
788 1379 890 1410 clerici,

111 1427 151 1454 vel
162 1435 205 1454 υο.
221 1428 376 1462 Hucusque
388 1426 547 1462 Raymun.)

365 1510 545 1534 PARTICL'LA
562 1510 652 1534 xxm.

149 1567 204 1601 Qui
219 1567 302 1595 duxit
314 1567 439 1595 viduam
451 1575 468 1595 a
478 1567 576 1603 priino
591 1567 656 1595 viro
671 1567 828 1603 intactam,
844 1568 893 1596 vel

115 1615 166 1651 qui
190 1614 265 1642 duas
290 1622 396 1642 uxores
420 1614 525 1642 habuit
556 1614 654 1650 prima
677 1614 845 1650 incognita,
869 1615 895 1643 si

115 1664 233 1690 mortua
242 1661 337 1696 fuerit,
349 1669 410 1689 non
421 1663 464 1689 est
475 1661 614 1697 bigamus
626 1661 745 1697 (Extra,
757 1662 824 1690 eod.
839 1662 894 1698 tit.,

117 1717 143 1738 c.
159 1709 303 1742 Debitum,
319 1711 347 1737 et
361 1708 428 1736 dist.
445 1716 547 1743 xxxxv,
563 1717 628 1744 cap.
645 1709 773 1745 ultimo).

367 1792 546 1816 PARTICULA
561 1791 650 1816 XXIV.

153 1850 290 1885 Quicum
305 1850 417 1886 virgine
442 1850 603 1885 contraxit,
627 1849 681 1877 sed
700 1851 803 1885 postea
823 1850 896 1878 alte-

118 1905 184 1925 ram
200 1898 234 1933 (α)
251 1897 392 1933 cognovit
406 1897 503 1932 (dist,
519 1904 621 1931 xxxxv,
637 1897 669 1925 St
688 1897 762 1931 ouius
778 1905 896 1931 uxorem,

120 1946 147 1971 et
163 1952 187 1971 c.
203 1943 277 1979 seq.)

373 1979 552 2003 PARTICULA
570 1978 647 2003 XXV.

157 2037 211 2071 Qui
226 2037 303 2064 infra
318 2045 416 2064 sacros
431 2037 551 2064 ordines
569 2037 749 2071 consistens,
769 2037 805 2064 de
821 2037 897 2065 facto

121 2083 266 2112 contraxit
281 2085 384 2118 (Extra.
397 2105 406 2119 ,
423 2083 460 2111 de
475 2083 618 2119 Bigamis,
635 2091 659 2110 c.
675 2083 701 2110 Α
716 2084 792 2111 nobis
806 2084 884 2119 fuit).

371 2169 551 2193 PARTICULA
569 2168 658 2193 XXVI.

158 2226 213 2260 Qui
221 2228 287 2262 post
297 2228 401 2254 votum
412 2226 547 2254 castitatis
555 2226 706 2261 emissum,
718 2226 900 2262 professione

122 2273 250 2309 regulari
274 2275 462 2309 contempta,
483 2273 520 2300 de
542 2272 619 2301 sacto
641 2273 786 2301 contraxit
800 2272 901 2301 matri-

123 2320 258 2349 monium
274 2319 374 2356 (caus.
390 2328 481 2354 xxvii,
497 2321 598 2355 quaest.
616 2328 640 2355 1,
656 2328 681 2346 c.
698 2320 854 2355 Quotquot).
870 2321 901 2348 ln

124 2367 185 2394 istis
200 2367 318 2395 casibus
330 2366 462 2402 quinque
472 2366 623 2402 bigamiae,
638 2369 734 2402 potest
744 2367 901 2402 episcopus

125 2413 295 2449 dispensare
310 2413 341 2440 in
356 2413 522 2441 minoribus
537 2414 651 2440 tantum
667 2415 788 2450 propter
802 2421 902 2441 neces-

126 2459 239 2488 sitatem
250 2461 340 2496 (Arg,
357 2460 423 2488 dist.
435 2467 535 2494 xxxiv,
548 2468 573 2487 c.
589 2461 707 2496 Lector„
719 2463 746 2489 et
756 2468 822 2496 cap.
833 2460 902 2488 Sub-

127 2506 254 2534 diaconus
261 2527 271 2541 ,
287 2508 316 2534 et
329 2506 456 2535 distinct.
472 2514 489 2534 L
500 2527 509 2541 ,
525 2514 550 2533 c.
569 2507 696 2543 Placuit).

375 2589 556 2614 PARTICULA
574 2589 675 2615 XXVII.

165 2645 218 2678 Qui
237 2645 364 2675 claustra
384 2647 559 2682 egrediens,
579 2647 733 2684 physicam
753 2649 801 2677 vel
823 2649 904 2684 leges

162 2699 194 2730 (α)
214 2699 276 2724 Caet.
289 2699 351 2724 edit.
365 2700 485 2726 atterum.

1651 223 1709 262 38⁴1

933 299 1143 335 audit(Extra.,
1158 301 1196 327 Ne
1207 299 1276 327 cler.
1283 298 1330 326 vel
1340 305 1433 330 mon„
1448 305 1472 326 c.
1486 297 1710 333 Superspecula)‚

934 354 1002 375 cum
1016 346 1074 375 hoc
1088 345 1171 375 solus
1185 347 1263 382 Papa
1281 345 1450 381 dispensat,
1466 346 1498 373 ut
1513 344 1621 372 dicitur
1635 343 1710 372 ibid.

1170 428 1352 454 PARTICULA
1371 428 1484 453 xxvm.

972 487 1027 522 Qui
1042 487 1128 515 duxit
1145 487 1243 516 levem
1258 494 1437 522 personam,
1454 488 1557 522 utputa
1577 486 1715 515 ancillam

933 534 1140 570 joculatrieem
1151 555 1161 568 ‚
1176 533 1243 561 lieet
1257 532 1420 568 virginem,
1436 540 1454 560 a
1467 533 1656 568 promotione
1671 541 1716 561 re-

936 581 1057 617 pellitur
1072 580 1170 617 (dist.,
1186 588 1291 615 xxxiv,
1307 587 1333 607 c.
1348 580 1379 607 St
1393 581 1454 615 quis
1465 579 1597 616 viduam).

1180 664 1361 689 PARTICULA
1379 664 1468 689 XXIX.

975 723 1030 758 Qui
1051 723 1082 751 in
1105 722 1208 750 duello
1231 721 1377 758 pugnavit
1391 722 1516 757 (Extra,
1539 721 1607 749 eod.
1623 721 1678 756 tit.,
1693 731 1718 750 c.

940 770 1044 807 Porro),
1055 778 1123 798 cum
1131 770 1188 797 hoc
1199 769 1357 805 episcopus
1370 768 1532 805 dispensat,
1541 768 1564 795 si
1574 776 1664 804 morS,
1673 769 1721 796 vel

942 817 1052 846 decisio
1066 817 1274 845 membrorum
1288 823 1350 843 non
1365 815 1400 843 sit
1418 818 1532 849 secuta,
1548 817 1580 843 ut
1594 815 1625 843 in
1642 815 1721 845 dicto

942 873 968 892 c.
978 866 1072 892 Porro.

1190 899 1369 924 PARTICULA
1389 899 1465 923 XXX.

978 959 1032 993 Qui
1048 958 1214 986 solemnem
1224 958 1283 993 egit
1296 957 1499 994 poenitentiam
1510 957 1586 993 (dist.
1601 964 1628 992 L,
1644 965 1669 985 c.
1680 958 1723 985 Ex

941 1006 1148 1042 poenz'tenttbus3
1168 1005 1233 1032 dist.
1258 1012 1363 1038 xxxvi,
1380 1012 1405 1032 c.
1426 1005 1594 1039 1Ilz'teratos3
1614 1005 1722 1039 Extra„

944 1053 981 1080 de
1004 1052 1149 1087 Bigamis,
1171 1060 1237 1087 cap.
1261 1051 1306 1086 1),
1328 1059 1396 1078 cum
1415 1051 1461 1078 his
1481 1050 1632 1087 dispensat
1651 1051 1724 1086 epis-

942 1105 1038 1135 'copus
1053 1101 1168 1126 tantum
1186 1098 1217 1125 in
1237 1097 1406 1125 minoribus
1429 1100 1551 1133 propter
1565 1097 1723 1126 necessita-

945 1148 1004 1174 tem
1019 1145 1169 1179 Ecclesiae,
1186 1144 1234 1172 vel
1248 1144 1402 1172 utilitatem
1417 1144 1494 1180 (dist.
1512 1153 1527 1172 L
1538 1166 1548 1179 ,
1563 1153 1588 1172 c.
1603 1146 1723 1179 Ptucutt5

945 1194 1055 1228 Extra„
1071 1192 1108 1220 de
1123 1193 1198 1220 sent.
1222 1191 1550 1227 excommunicationis,
1567 1200 1592 1219 c.
1608 1191 1724 1227 Nuper.)

1190 1277 1371 1301 PARTICL‘LA
1389 1276 1478 1300 XXXI.

982 1335 1037 1370 Qui
1051 1335 1203 1371 illegitime
1222 1337 1308 1363 natus
1325 1336 1368 1362 est
1382 1334 1507 1370 (Extra,
1532 1334 1569 1362 de
1584 1334 1627 1362 fil.
1643 1342 1725 1370 pres-

946 1383 1054 1419 byter„
1068 1391 1092 1410 c.
1104 1391 1124 1417 1,
1137 1383 1245 1416 Extra„
1262 1381 1298 1409 de
1312 1381 1411 1416 Elect.,
1423 1389 1448 1408 c.
1463 1382 1604 1415 lunotutt;
1618 1382 1726 1416 Extra„

947 1429 1000 1464 Qui
1009 1429 1050 1457 fil.
1065 1429 1122 1456 sint
1134 1429 1227 1464 legit„
1236 1436 1261 1456 c.
1272 1429 1323 1456 Per
1337 1428 1533 1463 venerabilem),
1542 1428 1566 1455 si
1577 1428 1729 1456 intraverit

946 1476 1125 1511 religionem
1144 1497 1152 1510 ,
1175 1475 1282 1511 poterit
1302 1475 1473 1511 promoveri
1493 1497 1502 1510 ,
1528 1475 1599 1511 quia
1622 1475 1727 1510 religio

947 1523 1023 1552 tollit
1037 1523 1114 1551 hanc
1133 1523 1382 1558 irregularitatem
1407 1522 1446 1550 ad
1468 1530 1572 1550 omnes
1598 1522 1726 1550 ordines.

948 1570 977 1598 Si
991 1570 1166 1598 remanserit
1181 1570 1212 1597 in
1226 1569 1353 1603 saeculo,
1370 1571 1466 1605 potest
1481 1569 1642 1604 episcopus
1657 1577 1725 1596 cun]

949 1625 984 1646 eo
996 1617 1166 1653 dispensare
1175 1616 1214 1644 ad
1224 1624 1327 1644 omnes
1333 1616 1453 1643 ordines
1464 1616 1585 1651 (Extra,
1597 1616 1665 1644 eod.
1673 1616 1728 1650 ut„

950 1663 1118 1699 emmens).
1126 1663 1211 1691 Solus
1219 1665 1316 1691 autem
1324 1665 1402 1698 Papa
1414 1663 1574 1699 dispensat,
1582 1663 1729 1691 uthabeat

949 1720 1053 1739 curam
1067 1711 1235 1738 animarum
1252 1710 1299 1738 vel
1313 1709 1516 1746 praelationem
1530 1710 1640 1738 habeat
1658 1710 1666 1746 (
1679 1712 1731 1737 Ex-

950 1761 1016 1793 tra.,
1031 1758 1140 1786 eodem
1155 1758 1208 1792 tit.,
1225 1766 1250 1785 c.
1266 1759 1357 1786 Nt'mz's
1380 1759 1411 1784 in
1431 1758 1574 1792 provincia
1595 1760 1658 1792 tua,
1678 1757 1731 1785 ubi

951 1806 988 1834 de
1003 1806 1060 1834 hoc
1074 1805 1151 1833 bene
1166 1804 1273 1832 dicitur
1287 1804 1318 1832 in
1332 1804 1497 1840 Apparet).

1184 1888 1366 1913 PARTtCL'LA
1384 1888 1484 1912 XXXII.

988 1947 1042 1981 Qui
1066 1948 1234 1982 contempto
1255 1945 1454 1974 ecclesiastico
1471 1945 1586 1981 judicio
1607 1946 1637 1974 in
1663 1955 1732 1976 casu

952 2002 1014 2023 non
1024 1994 1104 2022 licito
1117 1993 1201 2021 vadit
1214 1993 1252 2020 ad
1262 1993 1434 2020 saecularem
1442 1992 1575 2027 judicem
1587 1993 1676 2029 (caus.
1689 2003 1732 2029 111,

953 2049 983 2076 q.
991 2049 1020 2075 v,
1032 2049 1056 2068 c.
1066 2041 1164 2075 Siquis
1175 2041 1336 2075 Episcopus,
1348 2042 1588 2074 cauS.x1,quiest.
1600 2047 1619 2066 ι.
1629 2048 1654 2067 c.
1665 2040 1733 2068 Con-

954 2090 1043 2115 τίηιια.
1057 2088 1088 2114 in
1102 2087 1188 2114 Auth.
1203 2086 1338 2119 Quomodo
1353 2087 1516 2121 Apostolus,
1530 2086 1546 2120 ἓ
1558 2087 1619 2115 Non
1629 2087 1733 2123 alitor.)

1189 2169 1371 2194 PARTICL'LA
1390 2168 1503 2193 xxxffl.

990 2227 1045 2261 Qui
1059 2227 1211 2256 mutilatus
1225 2229 1268 2254 est
1281 2228 1385 2262 sponte
1400 2226 1462 2254 sine
1478 2234 1583 2262 causa,
1597 2227 1645 2255 vel
1656 2228 1735 2263 justa

955 2283 1044 2303 causa
1054 2296 1063 2310 ,
1079 2274 1127 2302 vel
1142 2282 1268 2309 magno,
1284 2273 1332 2301 vel
1346 2281 1439 2309 parvo
1459 2274 1596 2302 membro
1608 2295 1617 2308 ,
1639 2275 1735 2310 repel-

955 2322 1025 2350 litur
1040 2330 1057 2349 a
1072 2321 1281 2357 promotione,
1299 2322 1326 2348 et
1347 2320 1482 2355 dejicitur
1499 2320 1562 2355 jam
1581 2325 1735 2356 promotus

957 2370 1075 2405 (Extra.,
1086 2368 1123 2396 de
1134 2376 1259 2404 corpore
1275 2367 1385 2401 viciat„
1397 2375 1421 2394 c.
1433 2367 1616 2403 St9uz'ficavit,
1626 2370 1652 2396 et
1667 2368 1733 2395 dist.

956 2424 1006 2451 xv,
1025 2424 1050 2443 c.
1065 2416 1096 2443 St
1111 2417 1171 2451 quis
1185 2415 1302 2442 abscidit
1314 2416 1439 2450 partem,
1456 2416 1483 2443 et
1498 2414 1564 2442 dist.
1581 2422 1671 2442 xxxm
1683 2436 1690 2448 ,
1708 2423 1734 2442 c,
1773 2440 1776 2442 ,

957 2462 1118 2497 Maritum).

1192 2497 1371 2522 PARTICULA
1389 2497 1500 2521 XXXIV.

994 2556 1048 2591 Qui
1061 2557 1138 2592 justa
1150 2563 1250 2590 causa,
1264 2555 1311 2583 vel
1324 2557 1445 2591 propter
1457 2555 1548 2591 leprae
1559 2554 1735 2590 periculum,

959 2605 1112 2640 amputare
1126 2602 1195 2631 facit
1210 2602 1309 2630 virilia
1319 2624 1328 2637 ,
1344 2602 1392 2630 vel
1406 2601 1490 2630 aliud
1503 2609 1632 2637 parvum
1646 2610 1738 2629 mem-

959 2651 1058 2685 brum,
1067 2658 1128 2678 non
1136 2648 1298 2685 repellitur,
1305 2648 1353 2677 vel
1363 2648 1501 2683 rejicitur.
1510 2648 1590 2676 ldem
1598 2648 1737 2683 intelligi-

959 2700 1017 2732 tur,
1026 2697 1050 2725 si
1065 2697 1100 2724 sit
1114 2704 1184 2724 casu
1199 2695 1319 2723 fortuito
1336 2695 1498 2729 mutilatus,
1507 2694 1555 2722 vel
1570 2695 1601 2722 in
1615 2695 1739 2723 infantia
