2004 3037
276 247 509 282 meretricibus,
528 246 710 284 sacratisque
733 245 850 275 aedibus
871 244 1014 274 mulieres
1035 252 1068 274 se

287 296 367 325 ultro
380 294 566 331 ingerebant,
582 295 603 324 lt
618 293 724 329 Macri„
736 300 779 328 vr,
792 294 820 322 4.

323 341 484 372 Occasione
505 340 701 376 Herodiadis‚
721 347 816 377 quam
843 341 947 369 contra
969 339 1069 376 legem

289 390 416 419 duxerat
435 387 584 423 Herodes,
603 389 733 417 loannes
755 386 884 423 Baptista
905 386 1070 415 decollatus

287 436 345 465 fuit
364 435 405 464 ad
426 435 596 464 instantiam
620 433 752 464 saltantis
781 433 925 462 mulieris.
948 433 1068 470 Macen„

289 491 339 512 xiv
352 492 361 519 ;
376 483 480 517 Marc„
493 489 534 511 vi.

326 529 451 567 Spiritus
476 527 626 557 immundi
647 527 716 557 loea
739 527 898 556 immunde.
922 526 1070 564 diligunt;

289 576 372 606 unde
395 576 578 612 rogaverunt
599 574 760 603 Dominum
783 575 883 602 lesum
902 576 934 602 ut
947 573 1071 611 permit-

290 625 364 653 teret
387 631 439 652 eos
460 623 570 651 intrare
593 629 721 659 μοι-σος,
743 629 806 650 non
829 621 862 649 in
885 620 1000 656 boves,
1023 620 1073 649 vel

292 678 387 708 agnos
405 679 473 708 quae
486 672 555 699 sunt
568 668 710 698 animalia
723 667 849 697 munda.
865 668 988 703 Matth„
1003 675 1053 697 vni
1061 677 1071 704 ς

293 719 371 753 Luc„
386 725 448 747 vni.

330 767 407 795 inter
427 764 504 794 alios
525 763 578 801 qui
602 762 701 792 vocati
721 762 844 792 fuerunt
863 761 904 791 ad
931 768 1074 797 magnam

294 820 428 846 coenam,
448 819 505 840 nec
524 811 658 844 iverunt,
679 804 731 838 ssle
752 808 805 846 qui
825 816 952 837 uxorem
972 808 1073 844 duxit,

294 866 357 888 non
371 858 453 895 petiit
466 865 497 886 se
515 858 690 886 excusatum
708 855 830 892 haberi;
845 863 900 892 per
921 855 1006 892 quod
1019 863 1075 892 pa-

295 907 356 935 tere
371 907 468 942 potest
487 912 580 941 quam
594 904 684 939 longe
700 904 768 930 sunt
785 910 804 931 a
824 910 910 931 coena
925 902 974 931 Dei
988 902 1076 931 luxu-

295 953 366 982 riosi
376 951 513 980 homines
527 952 556 979 et
569 951 605 987 (a)
616 949 775 984 immundi,
785 949 810 977 si
825 949 936 978 ducere
950 957 1076 978 uxorem

296 1000 337 1029 ita
353 999 491 1028 homines
512 997 646 1035 implicat
668 999 698 1025 et
717 996 861 1031 involvit,
883 996 967 1033 quod
991 996 1077 1033 quasi

297 1046 371 1076 nihil
385 1045 470 1074 aliud
482 1045 612 1080 cogitare
625 1046 760 1081 possunt.
775 1044 852 1076 Luc„
865 1051 928 1078 xiv,
943 1044 990 1071 20.

333 1093 476 1129 Exemplo
491 1092 545 1120 filii
559 1090 690 1128 prodigi,
706 1090 758 1127 qui
773 1089 927 1126 dissipavit
940 1090 1077 1118 substan-

290 1139 369 1170 'tiam
384 1148 470 1168 suam
484 1138 615 1167 vivendo
630 1137 794 1172 luxuriose,
809 1138 889 1173 patet
902 1136 987 1173 quod
1002 1136 1079 1165 illud

297 1189 452 1226 peccatum
468 1186 661 1223 depauperat.
684 1184 765 1213 Unde
787 1184 910 1217 dicitur,
925 1185 987 1212 Luc.
999 1205 1008 1219 ,
1022 1190 1078 1219 xv,

299 1235 383 1272 quod
399 1235 461 1271 ipse
481 1233 569 1270 coepit
585 1240 682 1268 egere.
706 1234 776 1260 ltem
790 1231 928 1266 vilificat3
944 1239 1016 1259 nam
1035 1238 1079 1259 se-

301 1282 418 1318 quitur,
435 1281 519 1317 quod
539 1280 600 1316 ipse
623 1279 763 1316 pascebat
786 1286 911 1314 porcos,
934 1281 988 1306 etc.
1011 1279 1081 1306 item

301 1337 362 1357 non
378 1327 520 1363 extinguit
534 1326 674 1355 ardorem
691 1325 842 1358 libidinis,
856 1324 909 1352 scd
929 1324 1080 1360 accendit;

303 1375 410 1404 dicitur
429 1375 509 1403 enim
530 1374 572 1402 ibi
589 1383 595 1401 :
617 1383 632 1400 α
651 1372 795 1409 Cupiebat
810 1371 934 1408 implere
949 1374 1082 1399 ventrem

303 1431 391 1451 suum
403 1421 534 1459 siliquis,
549 1428 625 1458 quas
640 1419 724 1456 porci
740 1418 980 1452 manducabant,
995 1428 1010 1445 ι»
1026 1421 1081 1447 etc.

559 1514 702 1549 CAPUT
727 1514 827 1548 XCll.

534 1587 571 1615 De
599 1588 708 1614 incauto
736 1588 855 1621 aspectu.

344 1659 439 1687 Prima
454 1657 561 1685 mulier
573 1656 639 1684 viso
655 1655 727 1691 ligni
744 1654 823 1683 vetiti
836 1654 933 1683 fructu
949 1654 1086 1691 pulchro,

308 1706 372 1734 tulit
387 1706 423 1733 de
439 1705 490 1732 illo
504 1704 642 1740 pulchro,
655 1705 683 1730 et
698 1702 837 1730 comedit.
857 1703 935 1735 Gen„
951 1710 992 1736 111,
1009 1703 1036 1729 6.

344 1751 534 1781 Puleliritudo
549 1751 612 1778 visa
637 1749 797 1777 mulierum
813 1749 866 1776 ruit
881 1749 997 1776 occasio
1012 1748 1088 1776 mul-

309 1803 407 1827 torum
431 1798 596 1831 malorum,
614 1798 696 1830 Gen„
718 1804 743 1824 νι
756 1817 764 1830 ,
784 1797 821 1823 ⁹2:
842 1806 855 1821 (ι
878 1796 1016 1823 valentes
1035 1795 1088 1823 filii

311 1847 360 1875 Dei
375 1846 451 1874 filias
467 1845 625 1873 hominum
641 1843 724 1880 quod
740 1845 835 1871 essent
846 1842 989 1879 pulchrae,
1004 1853 1019 1869 n
1033 1845 1087 1870 etc.

347 1895 387 1921 Ex
411 1900 447 1920 eo
469 1890 553 1928 quod
577 1890 668 1919 cham
686 1888 766 1916 filius
785 1890 845 1917 Noe
862 1888 937 1916 vidit
958 1888 1090 1917 verenda

310 1940 416 1977 patriS,
441 1940 468 1966 et
489 1937 586 1974 ipsum
605 1935 751 1964 nudatum
771 1943 833 1963 esse
852 1934 992 1963 fratribus
1010 1943 1088 1963 nun-

311 1986 408 2020 tiavit,
426 1983 667 2013 maledictionem
683 1982 774 2018 patris
796 1981 927 2010 incurrit.
945 1982 1010 2010 Gen.
1020 2002 1029 2017 ‚
1049 1989 1090 2017 ix,

310 2036 355 2061 25.

349 2079 498 2109 Abraham
512 2077 585 2106 dixit
600 2076 681 2105 Sarai
696 2076 782 2104 uxori
798 2083 857 2103 suae
870 2084 876 2103 ε
895 2084 909 2101 «
919 2075 991 2104 Novi
1007 2076 1090 2112 quod

312 2127 438 2163 pulchra
461 2126 498 2153 sis
523 2124 648 2157 mulier,
664 2125 691 2151 ct
715 2122 798 2159 quod
820 2131 888 2150 cum
913 2123 1041 2151 viderint
1064 2125 1091 2151 te

313 2173 450 2210 AEgyptii,
477 2171 653 2200 interficient
678 2178 744 2205 ine,
766 2171 793 2197 et
809 2172 836 2197 te
855 2169 1087 2198 reservabunt.»

315 2222 397 2254 Gen„
410 2221 528 2254 xn,1t.

349 2267 457 2295 volens
470 2267 571 2294 videre
586 2265 716 2301 regionis
731 2265 871 2293 mulieres
885 2265 973 2300 Dina,
989 2265 1053 2293 visa
1065 2268 1093 2293 et

314 2317 452 2351 corrupta
464 2314 528 2342 suit.
547 2315 623 2347 Gen„
640 2321 738 2341 xxxw.

349 2361 440 2390 sudas
454 2361 529 2388 vidit
542 2361 668 2388 Thamar
683 2360 713 2387 in
728 2359 826 2394 bivio,
843 2361 871 2386 et
889 2367 957 2386 cum
973 2367 1008 2387 ea
1022 2366 1092 2395 pec-

315 2409 400 2437 eavit.
418 2408 524 2442 Genes.,
540 2414 641 2435 xxxin.

351 2455 476 2483 Domina
494 2453 541 2482 cui
556 2453 705 2481 serviebat
719 2453 841 2488 loseph,
858 2452 963 2481 oculos
978 2453 1008 2480 in
1024 2461 1093 2480 eum

315 2503 423 2539 injecit.
441 2502 548 2536 Grues„
564 2503 699 2534 xxxrxff.

352 2548 426 2576 Dixit
444 2548 586 2576 Dominus
607 2546 645 2575 ad
667 2549 801 2582 Moysen,
823 2546 925 2580 Eaeod„
946 2554 1011 2580 xix,
1032 2547 1061 2574 ‘Iti
1084 2556 1090 2573 ;

349 2650 380 2680 (a)
398 2649 459 2674 Coet.
475 2649 535 2672 mizi.
551 2650 586 2671 ut.

901 177 1036 210 BIBLIA
1055 171 1286 211 PAUPERUM.

1125 254 1141 273 ι
1154 246 1323 275 contesimo
1335 243 1498 282 populum,
1509 251 1549 274 ne
1559 244 1636 274 forte
1648 236 1742 274 velint
1750 243 1902 275 truncen-

1123 292 1194 322 dere
1209 292 1351 322 terminos
1363 291 1405 321 ad
1416 291 1586 322 videndum
1599 291 1772 328 Dominum,
1784 302 1809 333 ιλ
1817 293 1873 323 etii.

1159 338 1239 368 vidit
1257 338 1351 368 David
1364 338 1404 368 de
1417 338 1530 368 solario
1549 347 1604 368 suo
1624 338 1784 368 mulierem
1800 339 1903 370 lavan-

1123 387 1184 415 tem
1197 394 1230 415 se
1243 394 1279 415 ex
1293 385 1432 421 adverso,
1443 387 1473 414 et
1482 385 1548 415 tulit
1559 393 1638 421 eam,
1648 387 1678 415 et
1688 387 1795 424 postea
1803 386 1903 416 virum

1124 433 1190 470 eius
1200 433 1306 462 dolose
1319 432 1416 462 occidi
1429 431 1509 462 fecit.
1525 432 1547 463 ll
1561 433 1640 469 Rea„
1654 441 1695 463 xi.

1160 481 1235 509 cum
1244 480 1380 508 intrasset
1389 479 1489 508 iudith
1497 480 1566 508 ante
1578 479 1687 509 faciem
1695 479 1902 517 nolophernis,

1125 526 1225 556 statim
1241 529 1345 564 captus
1364 528 1408 555 est
1425 526 1477 555 ille
1495 526 1527 555 in
1545 526 1641 555 oculis
1658 526 1734 562 suIs,
1747 527 1858 563 Iudith,
1871 535 1904 562 x,

1127 576 1172 603 ¹7.
1184 573 1266 602 Unde
1281 573 1398 609 dicitur,
1412 582 1474 609 xvi,
1487 575 1501 602 1
1518 583 1527 602 :
1543 583 1557 600 ιι
1568 573 1711 603 Sandalia-
1723 573 1788 610 ejus
1799 581 1905 612 rapue-

1126 623 1196 651 runt
1217 621 1322 651 oculos
1344 622 1425 658 ejus,
1443 620 1636 659 pulchritudo
1662 621 1728 658 ejus
1755 621 1905 659 captivam

1126 669 1340 699 fecit-animam
1353 669 1427 705 eius.
1442 679 1457 696 n

1163 716 1312 745 Videbunt
1330 716 1392 744 duo
1416 723 1502 744 senes
1521 717 1685 746 Susannam
1707 716 1842 754 quotidie
1859 716 1906 744 in-

1128 762 1311 799 gredientem
1326 764 1355 792 et
1367 762 1627 798 deambulantem,
1642 765 1671 792 et
1683 765 1858 793 exarserunt
1874 763 1907 792 in

1129 809 1399 847 concupiscentiam
1415 810 1488 845 ejuS.
1505 801 1588 845 emi„
1603 817 1667 844 xm,
1682 811 1710 838 8.

1165 857 1241 892 Quia
1253 856 1316 885 filia
1331 856 1505 885 Herodiadis
1516 857 1628 894 placuit
1641 856 1746 886 Herodi
1760 856 1908 893 saltando,

1130 904 1193 941 ipse
1211 904 1238 932 ei
1259 903 1344 932 stulte
1363 903 1514 940 promisit,
1529 903 1614 940 quod
1629 903 1787 933 crudeliter
1803 903 1909 942 imple-

1131 950 1182 980 vit.
1197 951 1312 986 Matth„
1326 958 1391 986 x1v;
1407 951 1507 986 Marc„
1520 958 1560 979 vi.

1377 1045 1521 1080 CAPUT
1545 1045 1661 1080 XClll.

1324 1119 1361 1148 De
1378 1119 1488 1147 silentio
1506 1121 1531 1147 et
1550 1119 1725 1155 loquacitate.

1171 1189 1352 1225 Praeceptum
1372 1187 1455 1217 dedit
1475 1188 1616 1217 Dominus
1637 1187 1723 1224 Adae,
1738 1196 1801 1217 non
1815 1189 1912 1225 flavis,

1134 1235 1191 1264 nisi
1205 1243 1260 1272 per
1273 1235 1385 1271 Adam,
1401 1239 1433 1264 ut
1448 1235 1556 1264 mulier
1571 1236 1670 1264 minus
1688 1236 1812 1265 haberet
1829 1244 1915 1266 occa-

1136 1283 1253 1311 sionem
1277 1282 1442 1318 loquendi‚
1464 1282 1517 1311 sed
1541 1283 1640 1319 potius
1665 1282 1869 1319 interrogandi
1897 1291 1916 1312 a

1136 1330 1214 1364 viro,
1229 1331 1257 1358 et
1271 1329 1415 1358 discendi.
1433 1330 1512 1363 Gen„
1527 1338 1558 1358 ιι.

1174 1379 1254 1407 lieva
1266 1377 1350 1414 prius
1364 1377 1473 1413 legitur
1488 1385 1557 1405 cum
1571 1379 1720 1413 serpente,
1736 1384 1828 1413 quam
1848 1385 1917 1406 cum

1139 1425 1204 1454 viro
1218 1424 1358 1453 habuisse
1373 1424 1575 1461 colloquium,
1595 1423 1679 1460 quod
1697 1423 1755 1452 sibi
1773 1425 1803 1453 et
1822 1425 1918 1460 poste-

1138 1473 1180 1502 ris
1194 1472 1373 1501 damnosum
1386 1471 1450 1499 fuit.
1467 1471 1546 1504 Gen„
1561 1479 1592 1499 ιι.
1608 1472 1677 1499 item
1691 1473 1763 1499 nota
1777 1470 1830 1506 ibi,
1845 1478 1918 1507 cruo-

1140 1520 1222 1548 niam
1243 1519 1321 1547 male
1340 1519 1456 1555 repetiit
1473 1518 1648 1546 mandatum
1670 1518 1773 1546 datum
1792 1517 1917 1546 homini.

1177 1566 1269 1595 Cham
1282 1566 1362 1594 filius
1378 1567 1437 1594 Noe
1452 1573 1521 1593 curn
1535 1565 1658 1593 vidisset
1670 1564 1803 1593 verenda
1817 1565 1918 1601 patris,

1142 1613 1289 1642 nuntiavit
1303 1613 1442 1640 fratribus
1457 1612 1535 1647 suis,
1551 1614 1580 1640 et
1594 1611 1663 1640 inde
1679 1611 1919 1640 maledictionem

1143 1660 1274 1689 incurrit.
1293 1659 1371 1694 Gen„
1389 1667 1428 1687 lx.

1179 1709 1338 1742 Postquam
1358 1706 1472 1733 locutus
1495 1705 1549 1732 fuit
1570 1704 1710 1732 Dominus
1731 1704 1769 1732 ad
1790 1705 1921 1741 Moysen,

1144 1753 1339 1790 impeditioris
1355 1752 1463 1787 linguae
1483 1754 1510 1779 et
1528 1750 1667 1779 tardioris
1680 1750 1751 1785 suit,
1767 1751 1866 1785 Emori„
1882 1759 1921 1786 ιν,

1147 1802 1189 1828 ¹0.
1211 1801 1251 1827 Ex
1273 1807 1333 1835 quo
1355 1798 1486 1826 innuitur
1505 1797 1589 1834 quod
1603 1797 1770 1833 spirituales
1784 1797 1854 1831 viri,
1870 1799 1921 1834 qui

1145 1854 1222 1882 soepe
1236 1854 1304 1873 cum
1321 1847 1378 1873 Deo
1393 1845 1566 1881 loquuntur,
1582 1843 1659 1872 tardi
1679 1851 1741 1872 esse
1759 1843 1870 1873 debent
1883 1844 1923 1873 ad

1145 1892 1342 1929 loquendum.

1182 1939 1245 1968 Filii
1268 1938 1366 1972 lsrael,
1392 1938 1535 1973 fugientes
1559 1938 1596 1965 (le
1621 1939 1764 1974 AEgypto,
1786 1937 1924 1967 viderunt

1147 1986 1308 2015 exercitum
1329 1985 1506 2018 Pharaonis,
1522 1987 1549 2012 et
1566 1985 1724 2012 timuerunt
1737 1984 1843 2020 valde;
1860 1984 1923 2020 qui-

1147 2034 1204 2062 bus
1223 2033 1264 2061 ait
1283 2034 1396 2069 Moyses
1417 2041 1423 2059 :
1442 2042 1456 2057 (ι
1473 2031 1614 2059 Dominus
1632 2031 1777 2067 pugnabit
1795 2039 1851 2068 pro
1872 2039 1924 2059 vo-

1148 2081 1204 2114 biS,
1221 2082 1249 2108 et
1262 2088 1316 2107 vos
1331 2078 1472 2107 tacebitis.
1487 2089 1500 2104 ι)
1519 2079 1621 2110 Εποά.,
1639 2086 1698 2112 xiv,
1715 2080 1756 2106 ¹4.

1184 2130 1246 2155 Axa
1258 2126 1321 2154 filia
1334 2125 1423 2154 Caleb
1438 2124 1543 2153 sedens
1558 2125 1587 2151 in
1601 2125 1701 2158 asino,
1716 2126 1745 2152 et
1762 2125 1922 2161 suspirans,

1149 2174 1209 2202 sine
1231 2181 1367 2201 sermone
1391 2172 1507 2199 monuit
1529 2173 1643 2207 patrem
1666 2171 1704 2199 ad
1729 2171 1924 2207 quaerendum

1149 2220 1223 2258 quid
1243 2220 1379 2253 haberet,
1401 2221 1429 2246 ct
1446 2221 1513 2254 post
1534 2218 1700 2255 impetravit
1719 2226 1737 2246 a
1759 2220 1842 2254 patre
1862 2217 1924 2245 irri-

1149 2275 1242 2303 guum
1257 2266 1389 2300 inferius,
1405 2268 1433 2293 et
1447 2265 1591 2301 superius.
1606 2266 1674 2297 Jos„
1692 2273 1738 2293 xv.

1185 2315 1308 2341 Samson
1322 2313 1476 2346 secretum,
1489 2311 1570 2348 quad
1585 2312 1759 2347 parentibus
1772 2310 1868 2338 noluit
1883 2310 1925 2337 di-

1150 2368 1227 2393 cere,
1242 2359 1329 2387 uxori
1347 2358 1497 2395 exposuit3
1515 2366 1580 2393 quae
1593 2359 1690 2385 statim
1705 2357 1781 2385 illud
1795 2356 1826 2384 in
1841 2356 1924 2384 dam-

1150 2415 1222 2434 num
1238 2405 1333 2433 mariti
1348 2404 1521 2440 publicavit,
1534 2405 1637 2436 Judtc„
1649 2411 1706 2432 xiv.
1721 2405 1789 2431 nem
1800 2404 1924 2431 samson

1150 2453 1293 2481 indicavit
1307 2452 1420 2486 Dalilae,
1436 2451 1591 2488 quomodo
1606 2452 1705 2487 posset
1719 2450 1850 2477 amittere
1865 2449 1924 2477 for-

1150 2500 1306 2529 titudinem
1321 2507 1406 2527 suam
1416 2520 1424 2532 ,
1438 2502 1465 2527 et
1480 2498 1530 2526 illa
1549 2498 1610 2526 sine
1628 2504 1713 2525 mora
1730 2496 1865 2525 hostibus
1878 2503 1925 2524 re-

1149 2546 1270 2575 velavit.
1283 2546 1385 2579 Μαῖα,
1401 2553 1459 2574 xw.

1187 2596 1270 2621 Anna
1285 2595 1379 2620 mater
1395 2592 1539 2620 Samuelis
1556 2590 1678 2619 veniens
1692 2589 1732 2619 ad
1750 2589 1924 2618 tabernacu-

1150 2640 1213 2668 lum
1229 2639 1359 2673 Domini,
1376 2639 1556 2674 loquebatur
1569 2637 1599 2665 in
1619 2637 1708 2665 corde
1728 2645 1782 2665 suo
1797 2638 1923 2669 tantum,
