2004 3037
642 267 693 302 DE
711 264 886 301 SEPTIMO
910 265 1081 301 ITINERE.
1106 265 1207 300 DlST.
1229 266 1296 300 vn.

164 340 310 373 creantur,
322 340 345 366 ec
357 339 398 366 his
411 339 460 373 qm·
470 339 586 373 pereunt
596 358 606 372 ‚
621 336 673 373 qui
685 337 801 365 bonum
816 336 942 364 odorem

164 385 386 420 abominantur,
402 384 476 412 sicut
489 383 617 413 bufones
630 384 746 412 bonum
759 383 885 412 odorem
899 383 942 411 vi-

164 440 228 461 neae
244 432 385 460 florentis.
402 432 440 459 De
455 430 512 459 hoc
533 431 627 460 odore
641 430 760 468 require
774 438 864 467 supra
875 451 884 465 ‚
899 429 944 458 iti-

166 487 235 508 nere
250 480 332 507 sexto
344 478 363 507 ¹.

202 526 299 554 Vineae
309 525 396 561 igitur
409 524 548 553 florentes
561 525 698 553 dicuntur
708 524 852 553 foecundae
864 531 945 551 men-

167 573 202 602 tis
217 572 371 610 potentiae,
383 574 411 600 et
423 571 598 608 capacitates
613 571 780 606 odoriferae,
798 579 873 608 quas
889 578 945 598 coe-

169 619 248 648 lestis
262 618 395 655 agricola
409 618 579 646 inhabitans
595 620 623 646 et
638 618 777 646 excolens
788 639 797 654 ,
813 617 882 646 facit
897 625 946 645 eas

168 667 292 696 floridas
318 669 346 695 et
368 666 556 695 odoriferas:
579 665 716 700 floridas,
742 673 796 702 per
819 665 946 693 verbum

168 714 297 743 veritatis
306 723 314 749 ;
341 713 506 742 odoriferas
516 735 524 748 ,
548 721 602 749 per
626 713 767 749 scriptum
789 711 946 740 charitatis.

169 761 324 798 Dionysius
337 761 409 789 dicit
417 762 439 795 ²,
453 761 534 797 quod
547 761 635 788 Filius
648 763 676 788 et
685 759 807 796 Spiritus
820 761 947 794 sanctus,

170 809 255 845 quasi
275 808 413 845 quaedam
433 807 645 844 pullulationes
667 815 684 835 a
706 809 788 834 Patre
803 806 949 842 orIginem

170 856 290 889 habent,
307 857 334 883 et
349 854 434 891 quasi
450 854 574 890 quidam
587 853 674 881 ssores
687 856 714 881 et
729 853 951 890 supersubstan-

171 902 252 931 tialia
271 902 400 936 lumina,
425 901 464 929 ab
482 901 547 938 ipso
561 900 674 929 lumine
696 900 745 928 vcl
765 902 845 928 Patre
860 899 950 927 lumi—

171 957 245 977 num
267 949 404 977 existunt.
424 948 504 976 Unde
524 947 660 983 Agricola
681 947 806 975 coelestis
829 947 899 975 dicit
915 948 925 964 ³
942 956 948 975 :

176 997 261 1030 Veni,
277 998 379 1028 auster,
393 997 479 1031 perfla
502 995 609 1023 hortum
623 1003 728 1028 meum,
743 998 775 1022 uc
788 996 875 1029 fluant
890 1003 951 1022 aro-

172 1045 247 1070 mata
258 1043 344 1070 itlius.
358 1042 442 1076 Quod
455 1041 582 1070 verbum
594 1049 748 1078 exponens
760 1041 953 1069 Vercellensis

174 1089 266 1117 dicit:
286 1089 429 1124 «Sponsa
444 1088 490 1116 hie
511 1087 653 1116 invitatur
678 1088 718 1116 ad
740 1088 953 1125 perfectionem

173 1135 361 1164 hierarchicae
377 1135 567 1172 operationis.
583 1137 684 1163 Auster
698 1135 778 1163 enim
792 1137 835 1163 est
848 1137 954 1163 ventus

175 1183 288 1211 calidus
313 1184 342 1210 et
364 1190 473 1218 purus,
498 1183 526 1210 et
548 1190 602 1218 per
624 1190 693 1210 eum
715 1184 812 1218 potest
830 1182 953 1217 intelligi

174 1230 303 1257 Verbum
332 1230 478 1265 quantum
503 1228 543 1256 ad
567 1228 727 1265 puritatem
753 1228 883 1256 veritatis
894 1250 903 1264 ,
928 1230 956 1257 et

176 1276 299 1312 Spiritus
314 1277 431 1303 sanctus
447 1277 592 1312 quantum
613 1275 652 1303 ad
676 1275 807 1303 calorem
829 1275 956 1304 charita-

177 1323 222 1351 tis.
235 1332 249 1349 n
264 1322 335 1350 Dicit
349 1322 437 1358 igilur
451 1322 588 1358 Agricola
599 1322 722 1350 coelestis
734 1331 740 1350 :
759 1324 837 1357 Veni,
853 1325 953 1356 auster,

174 1371 260 1406 persta
275 1370 381 1398 hortum
399 1378 503 1403 meum,
525 1369 558 1397 id
579 1372 637 1404 est,
660 1378 832 1406 supremam
846 1369 958 1397 hierar—

178 1417 275 1445 chiam
285 1437 294 1451 ,
320 1424 412 1453 quam
431 1416 552 1453 speciali
577 1416 640 1444 zelo
665 1418 811 1453 tauquam
837 1417 958 1444 bortum

179 1459 347 1501 voluptatis,
363 1464 535 1492 soecundam
549 1464 691 1500 operibus
706 1464 834 1492 veritatis
845 1466 872 1491 et
883 1463 957 1491 odo—

178 1512 272 1540 riferis
287 1511 444 1548 exemplis,
459 1513 491 1539 ut
505 1511 652 1548 producat
664 1511 768 1539 vinum
789 1511 959 1546 germinans

178 1558 308 1594 virgines
321 1579 328 1593 ,
356 1560 384 1586 et
405 1557 553 1593 virgineas
572 1560 701 1592 mentes,
726 1559 753 1585 ct
772 1559 903 1585 aromata
923 1557 958 1584 il-

179 1605 236 1633 lius
246 1626 255 1640 ‚
271 1607 299 1633 et
312 1604 551 1641 participationes
566 1604 715 1632 luminum
740 1604 960 1632 odoriferorum

181 1652 338 1688 fragrantis
353 1651 459 1679 mentis
476 1651 570 1678 fluant
583 1651 764 1679 hierarchice
784 1651 829 1686 (a),
843 1651 875 1678 id
900 1653 958 1686 est,

181 1698 275 1726 fluant
290 1698 326 1726 de
342 1706 459 1726 summa
473 1698 579 1726 mentis
595 1697 763 1726 hierarchia
775 1698 805 1725 in
818 1697 960 1732 mediam,

181 1748 209 1773 et
224 1745 261 1773 de
276 1745 376 1773 media
398 1745 430 1772 in
444 1745 579 1772 infimam
589 1766 598 1779 ,
615 1747 647 1773 ut
666 1744 707 1772 sic
721 1752 806 1772 mens
826 1753 961 1773 exercea-

182 1793 229 1820 tur
247 1791 287 1820 ad
305 1791 518 1828 perfectionem
543 1791 734 1819 hierarchicae
757 1791 938 1828 operationis
951 1813 960 1827 ‚

183 1839 295 1867 scilicet
308 1841 340 1867 ut
354 1838 467 1867 fortiter
479 1841 508 1867 et
522 1839 700 1867 incessanter
712 1839 886 1867 extendatur
901 1847 963 1867 sur-

184 1894 250 1914 sum
265 1885 304 1914 ad
327 1887 419 1913 Deum
431 1906 440 1920 ,
455 1886 495 1914 ad
513 1886 713 1914 hauriendum
734 1886 869 1914 divinum
890 1886 964 1914 odo-

183 1932 306 1960 riferum
321 1932 435 1967 lumen,
446 1932 530 1968 quod
541 1932 660 1960 vineam
673 1932 802 1960 maxime
812 1933 964 1961 foecundat

185 1981 212 2007 et
226 1978 352 2015 perficit;
370 1980 398 2006 et
414 1978 545 2007 secundo
560 1979 699 2006 haustum
714 1979 816 2006 lumen
832 1979 963 2008 odorife-

184 2034 251 2054 rum
265 2025 389 2053 firmiter
403 2025 434 2053 in
448 2033 478 2053 se
494 2026 656 2061 custodiat,
670 2028 698 2054 et
711 2029 845 2054 exerceat
854 2036 862 2062 ;
879 2027 964 2055 tertio

185 2072 263 2100 illud
286 2072 388 2100 lumen
412 2072 597 2100 odoriferum
623 2072 689 2100 aliis
711 2073 884 2101 hominibus
901 2073 964 2102 sine

187 2118 376 2147 decremento
391 2119 512 2147 luminis
523 2119 579 2154 sui,
591 2119 669 2147 veris
684 2119 836 2154 doctrinis,
853 2122 880 2148 et
892 2121 966 2148 odo-

187 2164 281 2193 riferis
303 2165 448 2201 exemplis
467 2166 680 2201 communicet,
704 2168 735 2194 ut
757 2166 855 2194 dicere
874 2167 968 2203 possit

187 2211 263 2240 illud
282 2212 496 2240 aeclesiastici*
517 2221 524 2241 :
546 2213 602 2248 Ego
625 2215 695 2241 sicut
717 2215 782 2241 vitis
802 2215 968 2249 fructificavi

189 2259 295 2286 odorem
310 2261 468 2287 suavitatis.

224 2307 295 2334 Tota
309 2306 398 2341 igitur
412 2306 534 2334 Trinitas
548 2307 601 2335 has
614 2307 717 2335 vineas
734 2308 878 2336 inhabitat
892 2318 898 2336 :
915 2310 967 2336 Pa—

190 2354 233 2381 ter
247 2353 278 2381 in
293 2354 438 2381 memoria
449 2375 458 2389 ‚
475 2355 628 2390 operarios
644 2355 683 2383 ad
700 2355 903 2383 laborandum
918 2364 968 2383 ex-

191 2399 282 2428 citans
304 2400 393 2428 sacris
417 2400 675 2437 inspirationibus;
700 2402 788 2430 Filius
812 2402 842 2429 in
864 2402 969 2430 intelli-

193 2446 291 2481 gentia
301 2467 310 2482 ,
336 2447 489 2483 operarios
515 2447 555 2475 ad
580 2448 742 2483 prudenter
768 2449 970 2477 laborandum

193 2492 279 2520 claris
302 2493 478 2522 veritatibus
497 2493 687 2531 illuminans;
706 2496 828 2532 Spiritus
853 2499 970 2524 sanctus

193 2540 224 2568 in
238 2539 405 2575 voluntate,
425 2541 578 2577 operarios
593 2542 633 2569 ad
646 2542 849 2571 laborandum
868 2552 969 2571 exem-

193 2585 315 2623 plariter
324 2586 444 2616 fervidis
455 2588 661 2617 affectionibus
673 2589 872 2618 inflammans.
890 2590 971 2618 Unde

228 2663 233 2675 ¹
250 2661 352 2687 Scilicet
366 2662 424 2686 dist.
440 2669 477 2693 v1‚
493 2670 564 2694 sup„
578 2671 636 2696 pag.
651 2665 737 2688 3170.—
748 2665 756 2679 ²
768 2665 854 2696 Dion.,
870 2665 898 2689 (Ie
914 2665 972 2689 Div.

195 2697 279 2729 Nom„
296 2705 319 2723 c.
337 2704 366 2722 11.
378 2712 409 2716 —
423 2699 433 2715 ³
448 2699 531 2730 Cant„
548 2705 583 2730 ιν,
604 2703 642 2725 16.
661 2713 691 2718 —
709 2702 717 2716 ⁴
735 2701 827 2730 Eccli.,
842 2707 914 2726 mv.
934 2702 973 2725 23.

195 2746 226 2752 —-
238 2735 246 2749 ⁵
259 2734 340 2766 Orig.‚
355 2734 381 2758 in
397 2734 483 2764 Cant„
497 2742 518 2760 c.
536 2741 571 2759 VI.
582 2750 611 2754 —
624 2736 633 2752 ὅ
645 2737 727 2767 Ιοαη.,
742 2743 795 2767 xlv,
810 2739 832 2761 G.
849 2750 879 2754 —
891 2737 898 2751 ⁷
916 2738 973 2767 1511„

317 2788 392 2810 TOM.
416 2787 486 2810 vm.

998 335 1138 371 Origenes
1152 334 1224 363 dicit
1234 335 1275 364 sie
1285 336 1294 353 ³
1309 344 1316 363 ε
1330 345 1345 361 ι
1354 334 1514 364 Deliciosus
1527 334 1649 363 intuitus
1662 341 1777 363 memo-

998 384 1048 412 riae
1062 392 1116 420 per
1130 385 1244 412 Patrem
1260 383 1440 418 confortatae,
1456 381 1655 418 intelligentiae
1668 389 1722 418 per
1736 380 1778 409 Fi-

999 430 1074 458 lium
1099 430 1272 459 illuminatae
1291 451 1300 466 ‚
1327 432 1355 458 et
1376 429 1536 458 voluntatis
1560 437 1614 466 per
1638 428 1778 466 Spiritum

1000 478 1134 506 sanetum
1158 477 1302 514 expeditae
1326 477 1365 505 ad
1391 476 1601 513 operandum:
1624 475 1696 512 quia
1719 476 1778 503 Deo

1001 524 1142 553 existente
1156 524 1187 552 in
1196 525 1290 552 vineis
1304 524 1451 560 Engaddi,
1463 525 1544 551 tanto
1560 530 1611 551 ero
1625 521 1779 556 remot10r‚

1002 574 1115 609 quanto
1134 572 1277 601 sterilitati
1296 571 1505 609 propInquior.
1522 580 1536 597 n
1554 571 1587 599 Et
1601 569 1715 598 ibidem
1735 569 1781 597 di-

1003 619 1056 648 cit:
1072 629 1084 646 α
1092 620 1114 648 Ο
1122 619 1219 648 amica
1227 627 1312 654 mea,
1324 617 1531 647 converterein
1542 617 1677 654 requiem
1688 619 1780 650 tuam,

1003 666 1035 694 id
1049 667 1106 701 est,
1120 666 1152 694 in
1167 668 1258 694 Deum
1272 667 1369 700 tuum,
1381 668 1413 694 ut
1427 665 1457 693 in
1472 668 1499 693 te
1513 667 1658 701 tanquam
1671 663 1700 692 in
1715 671 1782 700 spe-

1005 714 1073 742 culo
1090 713 1252 749 imaginem
1267 721 1352 741 suam
1367 712 1564 749 expressivam
1578 711 1782 747 repraesentet,

1005 761 1036 789 in
1049 762 1076 789 te
1091 760 1281 789 ineffabiliter
1296 760 1465 795 delectetur,
1480 757 1700 787 etfamiliariter
1715 765 1784 785 con-

1007 808 1181 845 gratuletur,
1196 810 1223 836 te
1240 808 1362 836 innovet
1383 806 1556 835 decorando
1568 827 1577 840 ‚
1592 807 1620 833 te
1641 806 1721 833 amet
1741 804 1785 832 ln-

1006 855 1189 890 habitando,
1208 857 1235 883 te
1252 863 1269 882 a
1284 862 1355 882 casu
1374 854 1475 882 futuro
1493 853 1651 890 praeservet
1674 859 1785 888 praeca-

1006 902 1122 938 vendo,
1146 904 1173 931 et
1195 903 1222 930 te
1246 901 1373 929 laetifieet
1397 900 1434 929 de
1460 899 1654 929 conversione
1678 898 1786 935 gratias

1008 949 1136 985 agendo.
1151 959 1165 975 »
1183 950 1246 977 Haee
1259 948 1319 976 ille.

1043 995 1165 1032 Spiritus
1188 995 1277 1031 igitur
1298 996 1396 1023 noster
1419 994 1459 1022 ad
1479 994 1662 1022 veniendum
1683 993 1747 1029 jam
1769 999 1787 1020 a

1009 1043 1134 1071 Domino
1151 1050 1288 1070 amorose
1303 1042 1461 1076 invitatus,
1484 1043 1511 1069 et
1531 1049 1566 1069 ex
1581 1041 1638 1069 hoc
1660 1040 1700 1068 ad
1722 1047 1786 1067 am-

1009 1089 1177 1118 bulandum
1192 1089 1333 1126 praedieta
1344 1089 1450 1116 itinera
1463 1088 1631 1116 aeternitatis
1646 1087 1787 1123 vigorosa

1010 1137 1175 1170 animatus,
1197 1138 1224 1164 et
1237 1144 1374 1164 amorose
1390 1137 1417 1163 et
1432 1136 1558 1171 gratiose
1579 1143 1597 1163 a
1618 1135 1700 1162 Patre
1715 1136 1790 1162 trac-

1009 1186 1071 1219 tus,
1089 1185 1289 1220 competenter
1302 1183 1375 1219 petit
1389 1183 1530 1210 dilectum
1545 1181 1720 1210 invitantem
1733 1180 1788 1208 ho-

1010 1239 1077 1259 rum
1092 1230 1231 1258 itinerum
1245 1237 1307 1257 esse
1324 1229 1438 1257 socium
1450 1251 1458 1264 ‚
1475 1229 1598 1263 ducem,
1613 1228 1767 1256 ductorem
1779 1248 1789 1262 ,

1012 1281 1040 1307 et
1054 1280 1292 1307 conservatorem
1301 1299 1310 1313 ,
1324 1278 1396 1314 quia
1410 1278 1472 1314 ipse
1485 1279 1527 1305 est
1537 1278 1547 1294 ⁶
1559 1279 1616 1308 via,
1627 1277 1729 1304 veritas
1740 1297 1748 1310 ,
1765 1279 1790 1302 et

1011 1328 1080 1354 vita.
1098 1328 1161 1362 lpse
1176 1328 1219 1354 est
1231 1327 1279 1353 via
1293 1333 1347 1362 per
1362 1333 1454 1361 quam
1468 1325 1561 1360 imus,
1577 1324 1614 1352 de
1629 1332 1689 1360 qua
1704 1323 1792 1351 isaias

1013 1373 1084 1401 dicit
1097 1373 1108 1391 ⁷
1125 1382 1131 1401 ε
1147 1375 1210 1401 Hoec
1226 1376 1264 1400 est
1278 1375 1342 1407 via,
1359 1373 1493 1400 ambulate
1508 1374 1537 1398 in
1553 1380 1592 1399 ea.
1610 1373 1643 1399 Et
1656 1370 1792 1406 Augusti-

1013 1428 1069 1448 nus
1083 1428 1163 1456 super
1185 1421 1314 1447 Joamzem
1336 1419 1407 1447 dicit
1428 1419 1468 1446 sic
1483 1419 1493 1436 Β
1509 1428 1516 1446 :
1535 1428 1549 1444 «
1562 1418 1693 1446 Verbum
1713 1426 1792 1445 assu-

1013 1467 1124 1495 mendo
1143 1466 1298 1494 hominem
1318 1466 1428 1494 factum
1451 1467 1494 1493 est
1513 1465 1570 1493 via.
1594 1464 1721 1493 Ambula
1739 1472 1794 1500 per

1013 1513 1183 1548 hominem,
1200 1515 1227 1541 et
1241 1512 1395 1549 pervenies
1411 1512 1450 1540 ad
1464 1514 1566 1540 Deum.
1581 1522 1594 1539 n
1610 1513 1673 1548 Ipse
1689 1513 1731 1539 est
1745 1519 1795 1539 ve-

1014 1561 1084 1589 ritas
1103 1569 1157 1596 per
1176 1568 1268 1597 quam
1287 1559 1516 1596 perveniemus,
1537 1559 1607 1595 quia
1626 1558 1733 1586 veritas
1753 1560 1795 1585 est

1014 1607 1082 1635 finis
1096 1607 1298 1643 aenigmatum.
1310 1606 1392 1634 Unde
1407 1608 1534 1634 Joannes
1545 1605 1617 1633 ait⁹:
1638 1606 1794 1633 Videbimus

1016 1663 1074 1682 eum
1087 1656 1169 1682 sicuti
1184 1656 1221 1681 est
1232 1654 1262 1681 ¹⁰.
1278 1655 1370 1688 Neque
1384 1655 1490 1681 Patrem
1505 1655 1566 1688 quis
1581 1653 1666 1684 novit,
1679 1653 1736 1679 nisi
1749 1652 1796 1678 Fi-

1017 1702 1088 1734 ltus,
1104 1704 1128 1729 et
1144 1703 1188 1729 cui
1201 1702 1317 1728 voluerit
1332 1701 1421 1728 Filius
1435 1701 1563 1728 revelare.
1578 1701 1642 1735 lpse
1663 1699 1704 1727 est
1717 1699 1794 1732 vita,

1016 1743 1047 1772 in
1058 1752 1118 1780 qua
1128 1743 1371 1780 permanebimus
1383 1742 1415 1770 in
1426 1744 1580 1770 aeternum.
1592 1741 1674 1769 Unde
1688 1740 1796 1769 dicitur

1016 1790 1048 1818 in
1062 1790 1229 1819 Proverbiis
1242 1791 1278 1818 ¹¹:
1292 1790 1345 1823 Qui
1359 1797 1400 1817 me
1410 1790 1552 1821 invenerit,
1566 1789 1684 1817 inveniet
1699 1789 1796 1822 vitam,

1018 1837 1129 1866 scilicet
1141 1839 1291 1865 aeternam.

1054 1884 1124 1913 Dicit
1146 1884 1234 1919 igitur
1252 1883 1371 1920 spiritus
1394 1891 1499 1911 amans
1522 1882 1706 1911 confidenter
1722 1880 1798 1908 illud

1018 1931 1146 1959 verbum
1169 1931 1357 1959 canticorum
1381 1931 1400 1946 ¹²
1422 1939 1429 1958 :
1453 1931 1541 1963 Veni,
1563 1930 1658 1956 dilecte
1679 1930 1734 1960 mi,
1759 1927 1799 1955 ad

1019 1978 1202 2006 sitibundam
1224 1979 1402 2005 aeternorum
1422 1976 1630 2009 intentionem,
1654 1976 1799 2011 quantum

1020 2025 1059 2053 ad
1079 2024 1133 2052 iter
1147 2024 1297 2060 primum,
1313 2023 1422 2051 scilicet
1444 2024 1529 2051 rectae
1550 2020 1739 2056 intentionis3
1755 2020 1800 2048 in-

1021 2071 1192 2107 grediamur
1213 2070 1244 2098 in
1265 2078 1370 2105 agrum
1389 2078 1442 2106 per
1462 2070 1602 2097 devotam
1622 2070 1801 2096 aeternorum

1021 2118 1255 2152 meditationem,
1265 2119 1410 2153 quantum
1422 2117 1460 2144 ad
1469 2117 1522 2144 iter
1530 2116 1709 2150 secundum3
1720 2122 1801 2143 com-

1021 2172 1173 2193 moremur
1188 2164 1219 2192 in
1233 2164 1364 2192 vallibus
1385 2172 1439 2200 per
1453 2163 1611 2200 limpidam
1625 2164 1803 2191 aeternorum

1023 2211 1321 2248 contemplationem,
1348 2213 1493 2247 quantum
1520 2210 1560 2239 ad
1586 2210 1640 2238 iter
1666 2209 1802 2241 tertium,-

1022 2267 1109 2287 mane
1123 2266 1280 2294 surgamus
1295 2258 1336 2286 ad
1349 2257 1530 2286 veniendum
1541 2265 1595 2294 per
1608 2256 1803 2285 inebriantem

1023 2308 1201 2335 aeternorum
1217 2305 1418 2339 dilectionem,
1435 2306 1580 2341 quantum
1594 2304 1634 2332 ad
1648 2304 1702 2332 iter
1716 2311 1805 2339 quar-

1023 2355 1106 2389 tum3
1122 2352 1278 2381 videamus
1301 2352 1325 2380 si
1350 2352 1437 2380 vinea
1457 2351 1559 2379 floruit
1580 2359 1633 2387 per
1654 2350 1805 2387 pullulan-

1024 2402 1085 2429 tem
1098 2401 1276 2428 aeternorum
1290 2398 1502 2427 revelationem
1512 2420 1521 2433 ,
1536 2400 1680 2434 quantum
1694 2397 1734 2424 ad
1752 2396 1806 2424 iter

1026 2447 1164 2483 quintum
1178 2456 1186 2482 3
1219 2447 1243 2474 si
1275 2445 1364 2474 flores
1397 2445 1524 2473 fructum
1554 2444 1721 2480 parturiunt
1753 2451 1807 2478 per

1027 2493 1290 2530 experimentalem
1316 2495 1495 2520 aeternorum
1525 2490 1783 2527 praegustationem
1797 2511 1806 2525 ,

1029 2543 1176 2578 quantum
1188 2540 1228 2568 ad
1242 2540 1296 2568 iter
1311 2541 1445 2575 sextum3
1462 2538 1485 2566 si
1500 2539 1534 2574 (b)
1551 2538 1716 2566 floruerunt
1727 2536 1808 2565 mala

1030 2623 1091 2647 xxx,
1108 2618 1146 2641 21.
1163 2629 1193 2633 -
1207 2617 1214 2630 Β
1230 2617 1306 2646 Aug„
1322 2615 1350 2639 de
1364 2614 1428 2639 verb.
1445 2615 1526 2645 Dona,
1543 2621 1619 2638 serm.
1637 2620 1677 2643 ω’,
1691 2614 1722 2637 al.
1739 2619 1809 2647 cxm,

1031 2660 1056 2678 n.
1073 2655 1096 2677 4.
1110 2666 1140 2670 —
1155 2653 1164 2667 ⁹
1181 2653 1189 2676 l
1204 2653 1285 2682 loon„
1302 2657 1341 2681 111,
1357 2653 1379 2674 2.
1391 2665 1421 2668 —
1438 2651 1455 2667 ¹⁰
1471 2651 1536 2679 Luc„
1553 2656 1578 2680 x,
1594 2652 1633 2674 22.
1645 2663 1675 2668 —
1694 2651 1710 2666 ¹¹
1725 2650 1809 2678 Proin,

1030 2695 1086 2719 v111,
1102 2690 1141 2712 35.
1157 2701 1187 2706 -—
1205 2689 1222 2704 ¹²
1234 2688 1380 2718 Cant.‚v11,
1399 2690 1434 2711 11.

1064 2737 1093 2767 (a)
1108 2736 1168 2761 Coee.
1180 2735 1240 2760 edit.
1252 2734 1499 2765 hierarchica—(b)
1513 2734 1636 2759 eceman
1652 2734 1717 2757 deest
1734 2733 1763 2757 si.

1635 2782 1669 2810 31
