2004 3037
886 253 1017 287 CAPUT
1038 254 1079 286 11.

169 333 238 356 rum
250 326 340 355 etiam
353 333 443 362 super
457 333 581 354 omnes:
597 334 612 352 α
625 325 690 354 Non
704 325 748 353 est
756 324 885 360 potestas
897 322 953 350 nisi

170 381 189 400 a
205 374 276 409 Deo,
293 383 306 401 »
324 374 412 407 Rom„
428 380 490 402 xm.
512 372 595 401 Unde
615 371 653 400 de
671 372 748 408 Cyro
765 369 955 407 prophetavit

169 420 269 455 1sa1as,
280 422 308 449 et
318 422 407 448 vocat
419 427 488 448 eum
500 420 642 448 Dominus
656 418 842 447 «Christum»
854 424 953 453 suum,

171 466 210 495 de
230 474 291 503 quo
310 468 410 495 tamen
430 466 502 495 dicit
529 475 536 495 :
564 476 579 493 «
592 465 758 494 Assimilavi
780 467 824 498 te,
847 466 875 492 et
893 472 954 492 non

172 515 337 551 cognovisti
352 524 415 550 me,
429 525 445 544 »
462 517 517 544 etc.
533 517 602 551 Isa.‚
617 523 684 543 xcv.

207 563 345 600 Praecepit
357 563 499 591 Dominus
514 564 606 596 Jonae,
616 563 648 590 ut
661 561 837 598 praedicaret
849 570 856 590 ε
873 571 886 587 «
897 561 954 589 Ad-

171 610 229 638 huc
239 609 439 646 quadraginta
449 609 522 645 dies,
534 611 562 637 et
571 599 673 637 Ninive
689 609 890 643 subvertetur;
901 618 913 634 n
927 610 956 636 et

171 659 271 685 tamen
293 656 404 685 sciebat
427 657 567 684 Dominus
585 656 725 684 Ninivitas
751 655 955 692 poenitentiam

173 707 299 740 acturos,
314 706 343 733 et
355 712 418 733 non
432 705 517 734 aliter
531 704 711 742 puniendos,
726 705 811 739 Jeme,
825 711 867 732 111.

208 751 343 780 Permisit
364 751 522 787 Dominus,
547 754 580 780 ut
601 750 763 780 Antiochus
785 751 956 787 profanaret

172 797 249 827 illud
262 798 434 827 venerabile
448 798 595 836 templum
606 820 614 834 ,
630 799 659 827 et
678 797 870 826 succenderet
884 797 955 826 civi-

172 847 264 874 tatem
278 848 410 874 sanctam
421 867 430 882 ,
446 848 474 874 ct
489 845 598 874 faceret
611 845 654 874 ibi
673 845 846 873 innumeras
861 844 956 873 caedes

172 892 329 921 hominum
343 893 556 928 innocentium,
573 894 627 920 etc.
645 894 654 921 1
669 893 774 927 Mach.,
789 900 810 920 1.

209 941 351 976 Tempore
365 939 501 968 Antiochi
515 939 677 977 Epiphanis
685 960 695 975 ,
709 939 762 976 qui
774 939 956 968 Hierusalem

174 986 332 1022 destruxit,
346 987 493 1024 templum
509 986 695 1023 profanavit,
715 986 825 1014 multos
839 986 955 1014 Judaeos

173 1034 256 1063 torsit
269 1034 430 1062 crudeliter
442 1036 470 1063 et
483 1034 602 1069 occidit,
616 1035 733 1070 poterat
747 1033 843 1062 videri
856 1033 956 1062 multis

173 1080 258 1118 quod
280 1081 415 1110 confusio
438 1089 548 1117 magna
574 1082 636 1109 erat
662 1082 692 1109 et
714 1080 902 1109 deordinatio
925 1080 956 1109 in

171 1128 317 1164 regimine
335 1128 477 1157 universi.
499 1129 707 1156 Verumtamen
729 1136 767 1156 ex
787 1127 846 1156 illis
868 1127 956 1156 malis

173 1174 272 1203 elicuit
286 1176 361 1203 Deus
373 1175 524 1203 malorum
537 1175 736 1211 punitionem,
752 1174 956 1211 quorumdam

171 1229 244 1250 vero
258 1222 475 1258 correptionem
485 1231 494 1258 ;
505 1221 668 1250 multorum
679 1222 768 1250 etiam
781 1223 851 1250 tunc
865 1222 955 1250 inter-

172 1268 318 1297 fectorum
331 1268 453 1297 virtutes
463 1270 491 1297 et
505 1269 609 1298 merita
624 1269 743 1297 fuerunt
754 1268 957 1305 multipliciter

174 1317 372 1351 augmentata.
388 1317 410 1344 11
420 1316 553 1349 Machala„
566 1324 607 1350 νι,
624 1317 675 1344 12:
688 1325 700 1341 α
712 1316 841 1345 Obsecro
857 1317 956 1344 autem

174 1370 225 1390 eos
240 1362 291 1398 qui
304 1363 383 1391 hunc
397 1363 524 1398 librum,
536 1373 548 1390 n
567 1365 621 1392 etc.

208 1409 297 1438 sudas
311 1409 510 1445 Machabaeus,
523 1410 680 1446 Jonathas,
695 1413 724 1438 et
738 1410 840 1439 Simon
852 1410 956 1438 fratres

174 1456 237 1492 ejus
251 1457 371 1485 fuerunt
383 1457 440 1485 viri
457 1457 561 1494 quoad
579 1458 672 1485 Deum
686 1459 714 1485 et
728 1457 865 1486 homines
882 1457 956 1486 fide-

173 1502 277 1532 lissimi
297 1506 326 1532 et
343 1504 553 1539 strenuissimi,
576 1506 604 1533 et
626 1506 727 1532 tamen
748 1505 818 1532 satis
833 1505 957 1533 misera-

173 1549 272 1578 biliter
286 1550 407 1579 mortui.
423 1552 496 1579 Nam
509 1551 600 1579 Judas
620 1551 652 1578 in
671 1551 752 1579 bello
768 1553 871 1580 contra
887 1553 958 1580 Bac-

174 1597 293 1625 chidem
316 1600 344 1626 et
362 1598 530 1626 Alchimum
552 1597 677 1634 cecidit,
701 1599 723 1627 11
746 1599 869 1627 Machab.
883 1620 890 1633 ,
914 1607 956 1627 1x.

174 1644 332 1672 Jonatham
359 1653 432 1673 vero
460 1653 530 1673 cum
559 1644 679 1673 duobus
714 1645 783 1674 filiis
817 1646 958 1682 Tryphon

175 1691 299 1726 occidit,
321 1693 332 1720 1
353 1692 501 1727 Machab„
522 1699 591 1728 xn13
616 1693 768 1720 Simonem
789 1693 907 1727 autem,
931 1694 959 1720 et

174 1738 251 1766 duos
261 1738 339 1766 filios
351 1739 425 1774 ejus,
441 1738 616 1767 Ptolomaeus
629 1739 709 1767 filius
723 1740 821 1769 Abobi
831 1739 959 1769 inebria-

174 1786 220 1813 tos
234 1785 397 1822 proditorie
410 1786 578 1822 jugulavit,
593 1787 616 1815 11
629 1787 752 1815 Machab.
761 1807 771 1822 ,
786 1795 835 1816 xv.

206 1832 311 1860 Mirum
320 1832 409 1861 fuisse
424 1832 542 1860 videtur
557 1833 640 1869 quod
650 1833 805 1862 Eleazarus
817 1834 863 1862 vir
876 1835 958 1862 aetate

175 1880 332 1914 provectus
342 1899 353 1913 ,
368 1880 396 1906 et
411 1879 455 1906 illi
479 1880 592 1915 septem
611 1880 714 1908 fratres
722 1901 731 1916 ,
747 1882 810 1908 tam
824 1881 959 1910 crudelia

175 1926 376 1954 sustinuerunt
396 1934 452 1962 pro
468 1926 570 1954 divina
584 1926 649 1962 lege
664 1930 820 1963 tormenta,
842 1936 897 1956 nec
918 1930 959 1957 ta-

123 2003 127 2007 ,
176 1981 246 2001 men
267 1973 308 2001 ibi
332 1975 408 2001 Deus
426 1973 559 2010 aliquam
580 1974 743 2004 vindictam
764 1975 796 2004 in
817 1978 959 2012 tyrannos

177 2020 316 2057 ostendit,
331 2022 354 2049 ΙΙ
366 2021 502 2056 ΜαοῙιαὸ.,
518 2029 549 2049 vr
563 2022 591 2049 et
600 2029 652 2049 vn.

211 2068 310 2096 Voluit
330 2068 472 2096 Dominus
494 2076 570 2105 puer
595 2068 723 2097 existens
744 2069 776 2097 in
799 2071 960 2106 AEgyptum

177 2115 285 2144 deferri
304 2123 322 2144 a
343 2115 418 2144 facie
444 2115 582 2151 Herodis,
607 2117 636 2144 et
661 2115 796 2152 permisit
823 2116 891 2145 loco
914 2117 960 2145 sui

176 2163 348 2191 Innocentes
365 2162 477 2198 occidi,
495 2163 597 2191 Matth.
607 2183 617 2198 ,
638 2171 669 2192 11.
684 2163 741 2192 Sed
761 2163 792 2191 in
812 2163 871 2191 hoc
889 2163 961 2200 ipsis

176 2209 339 2237 infantibus
350 2209 458 2238 melius
468 2210 601 2246 providit
609 2220 617 2246 3
633 2218 791 2247 nunquam
806 2211 887 2239 enim
896 2213 961 2239 tan-

176 2258 240 2286 tum
253 2257 370 2286 honum
387 2258 598 2287 Innocentibus
613 2257 813 2294 pervenisset,
831 2258 855 2285 si
870 2259 961 2286 Hero-

177 2303 230 2333 des
250 2312 301 2333 eos
320 2305 469 2334 honorare
490 2307 639 2341 curasset,
657 2307 803 2342 quantum
825 2304 962 2341 provenit

178 2351 219 2379 eis
247 2360 285 2381 ex
303 2360 338 2380 eo
368 2352 452 2388 quod
483 2361 534 2381 eos
563 2352 659 2381 occidi
689 2351 860 2387 mandavit,
888 2353 962 2381 Mac-

179 2399 258 2432 thaei,
274 2407 306 2428 11.

213 2446 320 2474 Audita
331 2446 392 2474 fide
405 2447 602 2482 centurionis,
612 2448 735 2476 miratus
751 2450 793 2476 est
809 2447 961 2483 Dominus,

179 2494 207 2520 et
233 2494 425 2529 sequentibus
453 2502 483 2521 se
505 2493 578 2522 dixit
601 2504 608 2522 z
641 2504 655 2521 «
683 2494 762 2523 Multi
781 2495 900 2522 venient
924 2494 962 2522 ab

180 2539 337 2574 Oriente‚et
343 2541 508 2576 Occidente,
516 2542 794 2570 etrecumbentcum
802 2542 962 2577 Abraham,

179 2586 268 2621 Isaac,
279 2588 537 2623 etJacobinregno
545 2589 690 2616 coelorum
699 2598 705 2617 :
713 2589 871 2617 filiiautem
880 2590 963 2625 regui

180 2632 332 2667 ejicientur
341 2634 371 2662 in
383 2636 519 2663 tenebras
534 2636 703 2665 exteriores.
718 2647 731 2662 n
748 2638 861 2670 Mami„
877 2645 917 2665 ix.

216 2679 343 2713 Quidam
360 2682 458 2710 scriba
477 2683 586 2711 obtulit
599 2691 631 2711 se
648 2684 687 2711 ad
702 2684 890 2720 sequendum
906 2685 964 2715 Do-

180 2727 310 2763 minum,
326 2730 353 2758 et
368 2737 430 2759 non
443 2730 498 2760 fuit
511 2731 660 2760 admissus
669 2740 678 2767 3
694 2732 787 2761 alium
803 2741 875 2762 vcro
889 2732 964 2762 invi-

1732 255 1791 284 693

1008 321 1080 350 tevit
1093 321 1134 350 ad
1150 321 1350 358 sequendum,
1366 321 1418 358 qui
1431 329 1494 350 non
1510 320 1694 350 voluntarius
1707 320 1793 349 vide-

1008 369 1106 397 batur.
1119 367 1200 397 Unde
1215 368 1290 397 dixit
1304 377 1311 396 :
1326 377 1340 395 (ι
1354 368 1469 396 Dimitte
1481 376 1529 396 me
1542 367 1666 404 sepelire
1677 370 1793 405 patrem

1009 424 1119 444 meum.
1133 425 1147 444 >³
1163 416 1239 451 Luc„
1255 423 1294 451 ix,
1307 417 1336 444 e:
1351 415 1464 450 Mami„
1479 423 1541 443 vm.

1045 463 1122 492 Fecit
1136 462 1278 492 Dominus
1294 461 1434 491 virtutem
1451 461 1484 490 in
1497 461 1652 491 Corozaim
1666 464 1695 491 et
1709 461 1793 491 Beth-

1009 510 1109 545 saida,
1128 510 1179 539 ubi
1193 518 1302 548 parum
1321 509 1447 546 profuit3
1463 511 1491 538 et
1509 517 1571 537 non
1589 508 1658 538 fecit
1672 509 1702 538 in
1710 511 1791 546 ‘syro

1010 558 1038 585 et
1057 557 1182 592 Sidone,
1206 557 1260 586 ubi
1281 556 1306 585 si
1324 556 1455 592 fecisset,
1473 556 1603 585 multum
1616 555 1791 593 profuisset,

1011 604 1124 639 Mami„
1140 612 1180 633 xi.

1045 651 1178 680 Permisit
1193 652 1267 679 Deus
1281 653 1427 680 Joannem
1441 651 1610 687 Baptistam,
1621 649 1792 686 exemplum

1009 698 1099 727 totius
1114 698 1289 733 sanctitatis,
1305 697 1344 727 ab
1365 698 1479 727 Herode
1497 697 1641 727 vilissimo
1656 697 1792 735 adultero

1010 745 1165 781 decollari,
1180 746 1295 780 Matth„
1310 754 1349 781 x1,
1361 747 1390 774 et
1400 747 1497 778 Marc„
1510 753 1550 773 vx.
1566 745 1723 781 Stuporem
1737 752 1791 773 au-

1009 795 1069 823 tem
1085 795 1188 829 auget,
1209 793 1280 830 quia
1297 793 1355 822 hoc
1369 792 1480 821 factum
1495 792 1550 821 fuit
1568 792 1607 820 ad
1621 791 1793 820 instantiam

1010 841 1185 876 meretricis;
1200 849 1255 869 nec
1270 840 1373 877 aliqua
1387 839 1519 868 vindicta
1532 839 1640 875 legitur
1654 839 1686 867 in
1701 841 1793 867 Evan-

1011 887 1090 923 gelio
1102 888 1270 924 subsecuta,
1286 895 1384 924 neque
1403 887 1435 915 in
1448 886 1631 921 Herodiade,
1646 894 1746 923 neque
1761 885 1793 914 in

1009 934 1123 971 puella,
1140 943 1239 972 neque
1255 935 1286 963 in
1300 935 1365 972 ipso
1381 934 1495 963 Herode
1510 933 1666 962 tetrarcha.

1048 983 1080 1011 ln
1109 982 1262 1011 dominica
1287 982 1426 1019 passione
1453 989 1508 1018 per
1535 980 1792 1009 sceleratissimam

1009 1029 1168 1058 hominum
1189 1029 1394 1066 iniquitatem,
1412 1030 1487 1057 Deus
1511 1028 1589 1056 circa
1611 1027 1793 1063 redemptio·

1010 1084 1080 1105 nem
1098 1076 1222 1105 humani
1243 1077 1359 1112 generis
1378 1084 1465 1104 suam
1480 1074 1726 1111 benignissimam
1739 1082 1794 1102 vo·

1010 1123 1154 1152 luntatem
1170 1124 1308 1152 ostendit.
1329 1124 1412 1152 Unde
1427 1123 1502 1151 dixit
1516 1125 1636 1157 PetruS,
1651 1122 1727 1154 Act„
1743 1129 1792 1149 111:

1013 1181 1027 1197 α
1041 1173 1115 1199 Deus
1127 1171 1178 1207 qui
1188 1170 1398 1207 przenuntiavit
1408 1179 1460 1207 per
1471 1178 1504 1198 os
1517 1169 1653 1197 omnium
1667 1167 1795 1205 prophe-

1012 1221 1110 1247 tarum
1124 1219 1185 1254 pati
1199 1218 1344 1246 Christum
1360 1226 1457 1251 suum,
1474 1216 1609 1253 implevit
1622 1216 1674 1251 sic,
1689 1226 1703 1242 »
1720 1217 1774 1244 etc.

1049 1267 1148 1294 Petrus
1163 1265 1370 1302 apostolorum
1383 1264 1537 1301 princeps,
1554 1264 1583 1292 et
1594 1264 1683 1299 caput
1696 1262 1793 1291 Eccle-

1012 1312 1078 1348 siae,
1093 1312 1267 1348 Dominum,
1290 1313 1355 1350 ipso
1377 1312 1581 1349 permittente,
1603 1313 1645 1339 ter
1662 1310 1794 1346 negavit.

1011 1360 1148 1394 Thomas,
1162 1359 1215 1396 qui
1230 1362 1291 1388 tam
1305 1359 1490 1388 confidenter
1505 1359 1620 1387 dixerat
1634 1367 1641 1387 ε
1661 1367 1675 1385 α
1688 1360 1796 1386 Eamus

1013 1410 1040 1436 et
1052 1416 1117 1443 nos,
1135 1408 1162 1435 et
1177 1407 1342 1435 moriamur
1357 1415 1425 1434 cum
1441 1414 1487 1441 eo,
1505 1416 1519 1433 »
1536 1407 1629 1440 Joan„
1644 1413 1687 1441 xx,
1704 1405 1741 1434 de
1751 1413 1796 1434 re-

1012 1454 1193 1483 surrectione
1215 1454 1367 1482 dominica
1387 1453 1544 1482 dubitavit.
1567 1454 1608 1481 Ex
1627 1452 1737 1489 quibus
1754 1461 1796 1482 se-

1013 1505 1114 1531 cutum
1142 1502 1178 1539 (a)
1204 1504 1247 1530 est
1258 1524 1265 1536 ,
1293 1501 1377 1538 quod
1398 1502 1499 1530 Petrus
1523 1499 1578 1527 suit
1604 1499 1704 1527 mitior
1726 1507 1796 1536 erga

1012 1552 1201 1587 peccatores,
1223 1551 1252 1578 et
1269 1549 1388 1577 fuerunt
1406 1549 1436 1576 in
1456 1547 1517 1576 fide.
1535 1547 1655 1575 solidati
1676 1547 1795 1583 fideles,

1012 1597 1061 1625 vel
1080 1597 1111 1625 in
1126 1597 1186 1626 fide
1209 1595 1378 1632 aliqualiter
1398 1594 1598 1632 cespicientes.
1616 1596 1688 1623 ltem
1704 1594 1796 1622 habe-

1013 1646 1060 1673 tur
1074 1652 1111 1673 ex
1124 1645 1194 1679 hoc,
1209 1643 1293 1680 quod
1310 1642 1412 1671 nullus
1428 1642 1518 1670 debet
1532 1642 1569 1670 de
1587 1650 1641 1670 sua
1657 1641 1796 1670 firmitate

1013 1699 1204 1728 praesumere,
1215 1692 1243 1719 et
1255 1689 1339 1727 quod
1350 1689 1411 1718 sive
1425 1689 1534 1726 aliquis
1545 1689 1683 1718 ceciderit
1693 1697 1710 1717 a
1724 1688 1796 1724 fide,

1013 1738 1075 1767 sive
1100 1737 1280 1766 dubitaverit
1301 1737 1333 1765 in
1352 1737 1430 1773 fide,
1447 1745 1509 1766 non
1529 1737 1618 1765 debet
1637 1736 1675 1765 de
1695 1736 1798 1765 divina

1013 1785 1217 1814 misericordia
1241 1787 1269 1813 et
1292 1784 1330 1813 de
1358 1784 1553 1821 consequenti
1578 1784 1666 1813 venia
1695 1784 1797 1820 despe-

1014 1841 1091 1861 rare.

1050 1882 1120 1910 Item
1135 1888 1172 1908 ex
1186 1879 1244 1908 hoc
1259 1879 1344 1916 quod
1358 1879 1449 1908 Judas
1467 1879 1620 1916 apostolus
1637 1880 1665 1907 et
1678 1878 1797 1914 dispen-

1015 1930 1093 1956 sator
1112 1927 1229 1956 Domini
1243 1927 1272 1955 in
1289 1935 1412 1955 enorme
1433 1929 1589 1964 peccatum
1608 1926 1727 1961 cecidit,
1743 1933 1798 1954 nec

1015 1974 1141 2004 surrexit
1151 1996 1159 2007 ,
1185 1974 1414 2011 reprehenditur
1441 1974 1537 2002 omnis
1561 1974 1799 2010 praesumptuosa

1016 2024 1175 2058 securitas,
1191 2023 1275 2059 quod
1288 2022 1387 2050 nullus
1401 2030 1458 2058 pro
1473 2024 1549 2050 statu
1568 2030 1659 2058 quem
1673 2021 1799 2056 habeat,

1016 2070 1064 2099 vel
1078 2078 1133 2106 pro
1148 2071 1215 2099 actu
1229 2077 1321 2106 quem
1332 2069 1430 2103 faciat,
1443 2069 1533 2097 debet
1543 2068 1600 2097 alte
1615 2076 1731 2105 sapere,
1746 2067 1800 2097 sed

1016 2117 1132 2146 timere.

1053 2163 1179 2198 Quando
1193 2163 1326 2200 Apostoli
1343 2163 1435 2192 duces
1449 2163 1548 2191 fidelis
1561 2163 1668 2200 populi
1681 2162 1801 2192 fuerunt

1017 2211 1049 2239 in
1063 2218 1195 2246 carcere,
1212 2212 1321 2239 etcum
1337 2210 1490 2246 diligentia
1503 2210 1655 2245 custoditi,
1672 2211 1735 2238 Act.
1743 2231 1752 2246 ,
1767 2218 1800 2246 v,

1017 2261 1132 2296 poterat
1154 2257 1250 2287 videri
1273 2258 1426 2294 aliquibus
1451 2258 1594 2293 infirmis,
1619 2258 1704 2295 quod
1726 2260 1801 2287 Deus

1017 2307 1152 2342 tempore
1173 2305 1300 2334 novellae
1322 2305 1394 2333 fidei
1415 2313 1478 2333 non
1497 2305 1627 2334 debebat
1643 2305 1715 2334 talia
1737 2314 1802 2342 per·

1018 2352 1131 2381 misisse
1146 2361 1154 2381 ι
1167 2352 1222 2380 sed
1241 2360 1277 2380 ex
1290 2352 1348 2381 hoc
1367 2352 1434 2389 ipso
1455 2352 1560 2381 fideles
1579 2352 1698 2381 fuerunt
1712 2353 1801 2381 mira-

1018 2398 1116 2428 biliter
1135 2399 1298 2434 consolati,
1319 2400 1347 2427 et
1372 2398 1536 2427 adversarii
1555 2398 1627 2426 fidei
1649 2398 1800 2436 confutati.

1018 2445 1118 2475 Simile
1134 2446 1242 2475 accidit
1257 2446 1294 2474 de
1309 2445 1374 2474 solo
1389 2447 1491 2481 Petro,
1510 2446 1586 2480 Act„
1598 2453 1641 2473 xxi
1651 2465 1660 2480 ‚
1677 2445 1800 2481 quando

1018 2493 1073 2522 fuit
1087 2493 1125 2522 ab
1141 2493 1255 2522 Herode
1272 2495 1374 2529 captus
1389 2494 1417 2521 et
1435 2495 1615 2528 carceratus,
1637 2494 1666 2521 et
1679 2500 1733 2529 per
1746 2494 1802 2521 An—

1020 2540 1120 2577 gelum
1134 2540 1313 2569 miraculose
1328 2540 1464 2569 eductus.

1055 2589 1160 2624 Magna
1174 2587 1229 2616 fuit
1246 2587 1386 2623 iniquitas
1405 2586 1587 2623 Stephanum
1604 2585 1757 2622 lapidare,·
1774 2588 1802 2615 et

1019 2637 1120 2665 tamen
1141 2635 1212 2664 inde
1236 2634 1330 2664 multa
1354 2634 1436 2664 bona
1462 2642 1599 2671 supernae
1623 2633 1800 2670 providitate

1055 2738 1086 2768 (α)
1103 2736 1166 2762 Coet.
1180 2735 1240 2760 edit.
1257 2737 1369 2761 secutus.
