2004 3037
729 256 780 290 DE
800 256 1000 290 PECCATIS.
1025 257 1114 291 CAP.
1138 259 1161 291 1.

671 420 939 464 TITULUS

1691 262 1751 292 249

986 421 1219 466 PRIMUS

807 530 857 559 DE
884 530 1080 561 PECCATIS

888 643 999 651 ...-

297 749 474 784 CAPUT
512 749 741 783 PRIMUM.

339 823 375 851 De
392 822 500 850 Peccato
513 824 543 850 in
556 824 699 850 communi.

13 899 118 921 nisfinmo
168 891 264 919 Primo
289 891 378 927 igitur
400 893 471 919 nota
494 892 531 919 de
554 893 693 928 peccato,
712 891 761 920 vel
786 892 858 920 vitio
881 893 912 920 in

12 931 104 958 peccati.
118 930 295 966 eommuni.
317 940 351 966 Et
369 940 411 966 est
433 938 601 973 sciendum,
618 939 702 974 quod
718 948 732 965 «
756 940 912 975 peccatum

132 986 174 1022 est
188 984 316 1019 dietum,
331 985 380 1013 vel
394 985 522 1020 factum,
539 985 587 1013 vel
602 986 792 1021 concupitum
809 988 911 1014 contra

130 1031 229 1067 legem
245 1031 308 1066 Dei,
325 1042 338 1057 »
355 1034 387 1059 ut
400 1031 471 1060 dicit
485 1032 662 1068 Augustinus
677 1032 696 1060 ¹.
713 1034 745 1060 Et
760 1034 802 1060 est
817 1033 911 1060 scien-

131 1077 213 1112 dum,
225 1078 309 1114 quod
320 1080 362 1106 est
373 1078 529 1107 vitandum
544 1079 709 1114 specialiter
721 1081 749 1107 et
761 1079 911 1115 praecipue

129 1127 250 1161 propter
263 1125 319 1153 tria
333 1135 340 1153 :
358 1126 466 1162 primo,
477 1126 549 1162 quia
564 1128 606 1154 est
621 1126 803 1161 deformitas,
819 1134 911 1163 quam

130 1173 205 1200 Deus
233 1172 412 1209 detestatur3
437 1175 466 1201 2⁰
489 1174 647 1210 iniquitas,
675 1182 768 1210 quam
793 1174 911 1202 daemon

132 1219 316 1255 amplexatur
328 1230 335 1255 3
347 1222 375 1248 et
389 1222 419 1248 3η
432 1220 597 1256 infirmitas,
609 1229 668 1258 qua
680 1221 811 1249 mundus
826 1221 910 1249 dissi-

130 1268 226 1302 patur.
243 1267 356 1302 Primo,
371 1270 526 1304 peecatum
541 1270 583 1296 est
597 1269 804 1296 detestandum
814 1290 822 1303 ,
839 1268 911 1305 quia

132 1316 174 1341 est
189 1313 378 1349 deformitas,
394 1323 486 1351 quam
508 1316 582 1343 Deus
601 1324 717 1343 summe
740 1315 908 1344 detestatur.

130 1360 211 1388 Unde
232 1362 321 1396 nota,
345 1362 429 1398 quod
451 1362 525 1390 nihil
548 1365 647 1398 posset
670 1362 811 1398 cogitari,
836 1362 910 1398 quin

132 1409 205 1435 Deus
219 1407 319 1436 fecerit
339 1411 460 1444 propter
475 1409 579 1437 odium
594 1409 707 1445 peccati
725 1419 731 1437 z
751 1409 813 1445 ipse
829 1409 908 1437 enim

130 1456 251 1490 propter
265 1457 421 1490 peccatum
439 1456 532 1483 semel
551 1456 610 1484 fere
633 1456 786 1492 dissipavit
808 1456 910 1484 omnia

131 1508 222 1537 opera
245 1510 308 1536 sua,
333 1502 442 1530 scilicet
465 1504 560 1530 totum
583 1503 732 1530 mundum
754 1511 808 1538 per
833 1503 909 1530 dilu-

129 1548 227 1583 vium,
249 1551 282 1576 ut
301 1551 382 1584 patet
401 1550 431 1577 in
455 1550 557 1578 Genesi.
583 1550 637 1578 Alii
658 1552 757 1578 autem
778 1558 861 1585 reges
883 1552 911 1578 et

128 1597 263 1631 potentes
283 1595 314 1623 in
333 1596 540 1632 praejudicium
562 1596 752 1625 inimicorum
773 1596 908 1633 depopu-

129 1641 228 1670 lantur
255 1644 346 1670 terras
372 1651 496 1678 eorum,
527 1645 602 1671 Deus
631 1646 730 1671 autem
757 1643 910 1679 dissipavit

128 1690 236 1716 terram
264 1689 437 1725 propriam,
467 1690 539 1726 quia
566 1692 723 1726 peecatum
750 1690 910 1718 intraverat

128 1737 236 1764 terram
250 1743 345 1764 suam.
370 1737 440 1764 Item
461 1745 523 1764 non
539 1736 637 1765 solum
651 1737 741 1765 habet
754 1739 909 1773 peccatum

128 1782 219 1817 odio,
241 1783 293 1810 sed
319 1785 346 1810 et
368 1783 517 1819 quidquid
540 1786 695 1820 peccatum
720 1784 822 1819 tangit.
853 1784 909 1812 Alii

128 1830 227 1857 autem
236 1829 384 1864 homines,
399 1833 520 1866 propter
535 1830 639 1858 vinum
653 1833 832 1867 corruptum,
847 1839 908 1859 non

127 1876 287 1911 projiciunt
297 1877 328 1904 in
337 1877 412 1904 mari
425 1885 495 1905 vasa
506 1885 607 1913 aurea,
620 1877 669 1905 vel
683 1880 821 1913 argentea
829 1889 837 1913 3
855 1879 908 1906 sed

128 1925 245 1950 servant
259 1931 346 1958 vasa,
364 1925 392 1950 et
404 1923 508 1951 vinum
523 1924 680 1952 effundunt
698 1934 704 1952 :
721 1926 794 1953 Deus
809 1927 908 1953 autem

128 1976 190 1996 non
204 1969 302 1996 solum
324 1972 495 2005 peceatum,
511 1970 564 1998 sed
584 1971 672 1998 etiam
690 1979 761 2000 vasa
780 1973 906 2008 peccati,

131 2015 161 2043 id
176 2017 237 2048 est,
253 2017 400 2043 creaturas
420 2016 595 2051 rationales,
612 2017 722 2045 seilicet
739 2018 854 2046 animas
868 2019 908 2047 ad

130 2071 215 2090 suam
226 2063 387 2098 imaginem
399 2063 498 2097 factas,
511 2066 538 2092 et
552 2072 605 2092 suo
618 2065 747 2100 pretioso
763 2066 906 2100 sanguine

129 2109 307 2145 redemptas,
324 2110 354 2137 in
369 2110 473 2137 odium
487 2111 599 2146 peccati
615 2111 734 2146 projicit
748 2112 779 2138 iu
794 2120 906 2140 oceano

131 2155 274 2191 infernali,
291 2157 373 2192 quia,
390 2159 421 2184 ut
437 2157 542 2184 dieitur
557 2159 577 2192 ²,
594 2158 654 2185 odio
670 2160 708 2185 est
723 2159 776 2185 Deo
792 2160 905 2193 z‘mpz'uS,

128 2206 153 2230 et
169 2205 296 2238 impietas
316 2204 380 2237 ejus.
399 2205 472 2231 Deus
494 2204 613 2239 insuper
628 2204 658 2231 in
673 2206 786 2232 tantum
800 2213 907 2241 pecca*-

128 2251 191 2277 tum
213 2250 291 2284 odit,
311 2250 394 2286 quod
413 2253 533 2286 propter
555 2254 676 2286 peccata
695 2251 800 2279 mundi
822 2251 907 2280 inno-

129 2298 242 2324 centem
263 2296 451 2332 Unigenitum
469 2297 621 2326 interfecit.
644 2298 725 2326 Unde
745 2298 851 2326 dicitur
872 2300 882 2316 ³
899 2309 905 2327 :

129 2344 240 2377 Propter
255 2345 338 2371 scelus
347 2345 444 2379 populi
457 2346 509 2371 met
518 2347 638 2379 percussi
652 2353 720 2373 eum.
736 2347 768 2373 Et
782 2346 908 2381 ipsemet

129 2389 178 2416 Dei
200 2389 301 2424 Filius,
318 2392 350 2417 ut
372 2392 527 2426 peecatum
548 2391 741 2427 interficeret,
757 2393 805 2420 vel
828 2393 906 2420 occi-

129 2434 220 2470 deret,
233 2436 350 2463 tradidit
364 2439 393 2464 z'n
407 2440 515 2464 mortem
526 2440 645 2465 animam
660 2447 744 2471 suam,
757 2442 788 2467 ut
801 2439 907 2467 dieitur

129 2481 261 2509 similiter
274 2483 388 2511 ibidem
402 2485 421 2511 ⁶.
439 2484 541 2512 Nullus
559 2487 658 2513 autem
672 2486 819 2514 invenitur
829 2508 838 2521 ,
855 2488 906 2523 qui

130 2530 190 2555 tam
205 2529 285 2556 odiat
299 2529 462 2566 inimicum,
479 2531 562 2567 quod
577 2532 607 2559 in
623 2533 684 2568 ejus
700 2533 804 2561 odium
819 2534 907 2562 vellet

130 2575 292 2603 interficere
324 2577 509 2612 unigenitum
541 2580 714 2615 proprium,
742 2581 791 2608 vel
819 2582 906 2609 etiam

130 2621 329 2658 semetipsum.
341 2624 411 2651 Item
426 2626 500 2653 Deus
513 2628 684 2661 persecutus
697 2630 739 2655 est
752 2631 906 2663 peecatum

164 2685 168 2698 ¹
185 2686 259 2717 Aug.,
279 2687 342 2709 cont.
360 2686 446 2711 Fuust.
466 2687 510 2711 lib.
531 2689 612 2719 xxm,
628 2698 650 2713 c.
666 2696 748 2714 xxvn.
764 2704 794 2708 —
811 2691 822 2707 ¹
835 2692 904 2722 Sap..

131 2725 184 2752 τιν,
195 2721 217 2745 9.
234 2733 264 2739 -
279 2721 288 2739 ³
302 2721 364 2752 lsa„
378 2727 434 2752 mn,
449 2723 472 2749 8.
485 2736 515 2742 —
527 2724 534 2738 ⁴
548 2724 622 2754 ibid„
640 2726 676 2751 12.
693 2739 719 2744 —
736 2726 744 2741 ⁵
755 2726 844 2758 Mz'clz„
859 2733 904 2759 vu,

969 750 1008 779 ab
1031 750 1115 779 initio
1137 751 1318 786 intantum,
1340 751 1424 788 quod
1444 751 1570 788 projecit
1589 752 1688 788 ipsum
1713 753 1750 781 de

968 797 1053 833 coelo,
1079 800 1108 825 et
1129 798 1232 826 videns
1256 798 1340 834 quod
1363 801 1546 827 remanserat
1564 799 1596 826 in
1616 799 1750 835 mundo,

967 844 1030 880 ipse
1045 845 1076 872 in
1095 845 1217 880 propria
1232 853 1362 881 persona
1376 845 1529 874 deseendit
1543 846 1574 873 in
1591 846 1750 881 mundum,

967 893 999 918 ut
1013 891 1050 918 de
1065 891 1130 927 ipso
1143 891 1258 927 fugaret
1272 894 1439 928 peccatum,
1451 894 1479 920 et
1492 892 1614 920 tandem
1629 893 1660 920 in
1672 893 1750 928 judi-

968 938 1014 966 cio
1029 938 1173 974 projiciet,
1191 941 1216 967 et
1231 939 1362 967 includet
1377 939 1475 975 ipsum
1490 939 1521 967 in
1535 939 1663 975 inferno,
1679 940 1750 977 quia

968 985 1075 1013 dieitur
1089 986 1099 1002 5
1124 995 1130 1013 ε
1155 986 1287 1020 Projz‘eiet
1308 987 1338 1013 in
1359 987 1527 1021 profundum
1550 989 1635 1015 maris
1660 989 1750 1015 omnia

965 1034 1077 1067 peccata
1093 1035 1196 1060 nostra.

1003 1079 1138 1108 Secundo
1149 1081 1304 1115 peecatum
1314 1081 1357 1108 est
1366 1079 1517 1116 iniquitas,
1528 1088 1620 1117 quam
1631 1081 1750 1109 daemou

967 1126 1162 1162 amplexatur.
1183 1128 1216 1154 Et
1238 1128 1310 1154 nota
1329 1127 1412 1163 quod
1435 1127 1544 1163 triplex
1559 1130 1600 1156 est
1618 1127 1748 1164 signum,

967 1173 1050 1209 quod
1064 1175 1219 1210 peccatum
1231 1174 1328 1210 placet
1341 1174 1473 1202 diabolo.
1488 1174 1619 1202 Primum
1630 1175 1750 1210 signum

967 1223 1018 1255 est,
1035 1220 1106 1256 quia.
1121 1220 1151 1248 in
1163 1220 1246 1248 nullo
1260 1221 1320 1248 alio
1336 1221 1510 1255 delectatur,
1525 1221 1596 1257 quia
1609 1221 1673 1258 ipse
1687 1230 1750 1250 non

965 1266 1030 1294 vult
1051 1266 1133 1295 aliud
1147 1267 1262 1295 honum
1281 1268 1331 1303 (α),
1348 1276 1409 1295 non
1429 1267 1533 1304 quaerit
1547 1276 1672 1303 aurum,
1687 1277 1749 1297 non

966 1315 1045 1342 amat
1059 1315 1226 1349 argentum,
1243 1314 1313 1350 quia
1328 1314 1359 1342 in
1372 1322 1501 1351 persona
1513 1315 1576 1350 ejus
1591 1315 1697 1343 dicitur
1713 1316 1723 1333 ὅ
1740 1325 1747 1344 2

965 1364 1006 1390 Da
1021 1364 1090 1390 mihi
1105 1365 1222 1396 animas,
1237 1366 1332 1391 coetera
1347 1365 1409 1391 tolle
1424 1364 1485 1391 tibi.
1502 1364 1580 1392 Sicut
1594 1364 1672 1391 enim
1689 1365 1749 1393 avis

965 1417 1058 1445 rapax
1073 1412 1153 1437 amat
1175 1418 1226 1437 cor
1240 1410 1358 1446 praedae,
1384 1410 1425 1438 sic
1444 1411 1507 1446 ipse
1528 1419 1580 1438 cor
1593 1411 1723 1439 hominis
1740 1421 1747 1440 ε

965 1459 997 1484 ut
1011 1458 1090 1492 patet
1105 1457 1141 1484 de
1157 1456 1208 1484 illo
1224 1457 1276 1492 qui
1291 1457 1486 1492 interrogavit
1500 1457 1657 1486 diabolum
1675 1459 1749 1494 quid

964 1503 1031 1538 plus
1047 1503 1182 1538 amabam
1200 1505 1227 1531 et
1249 1504 1388 1531 diabolus
1403 1504 1570 1540 respondit,
1588 1505 1671 1540 quod
1693 1506 1748 1533 tria

964 1550 1132 1586 praecipue,
1148 1550 1258 1578 scilicet
1272 1551 1376 1578 lunam
1390 1551 1533 1586 primam,
1555 1553 1651 1579 rotam
1665 1551 1747 1587 solis,

965 1598 993 1624 et
1001 1597 1110 1626 ferrum
1118 1597 1209 1625 molle
1221 1606 1228 1625 :
1241 1597 1299 1625 hoc
1309 1600 1352 1624 est
1367 1605 1418 1625 cor
1427 1597 1447 1632 ⁷,
1462 1598 1546 1633 quod
1558 1599 1748 1634 componitur

965 1651 999 1671 ex
1017 1643 1108 1671 tribus
1122 1643 1240 1678 littcriS,
1257 1652 1323 1680 quae
1340 1644 1452 1672 habent
1467 1644 1531 1672 illas
1552 1646 1610 1672 tres
1625 1645 1745 1680 figuras.

965 1691 1133 1719 Secundum
1147 1691 1266 1727 signum
1285 1692 1368 1728 quod
1386 1692 1527 1719 Diabolus
1547 1693 1626 1720 amat
1643 1700 1748 1728 pecca-

965 1740 1043 1772 tum,
1060 1740 1118 1772 est,
1138 1738 1208 1774 quia
1230 1739 1260 1766 in
1281 1739 1472 1774 procurando
1494 1741 1650 1775 peccatum
1671 1747 1748 1767 nun-

965 1793 1056 1820 quam
1079 1785 1226 1820 fatigatur.
1256 1786 1369 1813 Etenim
1398 1794 1449 1813 sex
1475 1786 1570 1813 millia
1599 1793 1748 1814 annorum

964 1833 1045 1865 sunt,
1062 1834 1090 1859 et
1104 1832 1249 1868 amplius,
1265 1833 1350 1868 quod
1364 1833 1439 1860 nihil
1453 1832 1536 1861 aliud
1550 1833 1633 1867 fecit,
1656 1841 1747 1869 quam

962 1886 1123 1914 procurare
1138 1882 1269 1915 peecata.
1288 1879 1378 1914 Unde,
1400 1880 1524 1915 quando
1546 1880 1687 1907 Dominus
1702 1880 1747 1907 in-

962 1926 1122 1961 terrogavit
1146 1934 1214 1953 eum
1230 1927 1240 1941 ⁷⁴
1260 1936 1266 1953 :
1287 1927 1361 1953 Unde
1380 1926 1644 1962 veniSPrespondit
1664 1936 1670 1954 ς
1688 1928 1747 1954 Cir-

963 1973 1036 1999 cuim·
1054 1976 1169 2005 terram,
1190 1975 1215 2000 et
1229 1973 1416 2008 perambulavi
1438 1981 1507 2005 eum,
1531 1974 1583 2000 etc.
1600 1975 1664 2001 Non
1680 1973 1747 2000 licet

964 2018 1043 2045 enim
1058 2019 1114 2046 sibi
1133 2027 1238 2054 capere
1260 2019 1361 2046 cibum
1382 2027 1437 2046 nec
1461 2027 1615 2052 somnum,
1631 2021 1746 2047 tantum

965 2067 1006 2091 cst
1035 2067 1194 2100 occupatus
1223 2066 1254 2092 in
1280 2066 1400 2100 negotio
1429 2067 1619 2101 peccatorum
1630 2087 1638 2100 ,
1660 2066 1746 2101 juxta

963 2111 1038 2138 illud
1059 2112 1069 2128 ‘³
1091 2120 1097 2138 2
1119 2112 1173 2144 Qut
1186 2120 1226 2139 me
1251 2112 1409 2145 comedunt,
1432 2120 1485 2139 non
1505 2112 1653 2139 dormiunt.
1680 2114 1747 2148 Tergss

962 2157 1036 2184 tium
1060 2157 1178 2192 signum
1203 2158 1286 2193 quod
1308 2158 1448 2186 diabolus
1470 2160 1550 2186 amat
1573 2160 1745 2194 peccatum,

963 2206 1022 2239 est,
1039 2205 1109 2240 quia
1127 2213 1284 2241 nunquam
1303 2205 1400 2241 potuit
1422 2213 1476 2233 nec
1497 2206 1604 2242 poterit
1622 2208 1744 2242 peccato

963 2252 1096 2279 saturari.
1119 2254 1183 2280 Jam
1202 2252 1281 2280 enim
1299 2261 1360 2280 non
1380 2254 1504 2288 possunt
1523 2253 1673 2280 numerari
1694 2253 1745 2281 illa

964 2298 1077 2326 infinita
1098 2299 1192 2327 millia
1209 2299 1365 2327 hominum
1379 2301 1585 2335 peccatorum,
1601 2307 1677 2335 quos
1693 2299 1745 2327 ab·

963 2346 1076 2375 sorbuit
1091 2348 1119 2373 et
1140 2346 1312 2382 devoravit3
1329 2348 1357 2375 et
1371 2348 1471 2374 tamen
1484 2349 1526 2375 est
1540 2347 1638 2375 adhuc
1653 2347 1744 2375 fame-

962 2393 1050 2427 licus,
1067 2395 1094 2421 et
1107 2395 1178 2421 sicut
1191 2395 1227 2421 leo
1244 2396 1342 2421 circuit
1357 2402 1475 2429 quaerens
1487 2402 1563 2429 quem
1579 2394 1694 2428 devoret,
1712 2396 1744 2421 ut

962 2439 1087 2467 habetur
1101 2440 1132 2467 in
1145 2441 1241 2476 prima
1256 2441 1330 2468 Petri
1342 2441 1371 2468 ¹⁰.
1388 2441 1490 2468 Adhuc
1507 2441 1595 2468 etiam
1610 2443 1651 2468 est
1667 2441 1743 2467 insa-
1764 2453 1768 2455 ἡ

963 2486 1070 2513 tiabilis
1084 2489 1216 2522 peccato,
1231 2495 1291 2514 uon
1302 2487 1399 2515 solum
1411 2487 1576 2521 ameliam,
1590 2487 1642 2514 sed
1654 2487 1743 2514 etiam

963 2533 1140 2561 sitibundus.
1153 2533 1233 2561 Unde
1243 2534 1349 2562 dicitur
1359 2535 1395 2561 1¹:
1411 2535 1569 2562 Absorbebz't
1582 2535 1704 2568 fluvium,
1717 2536 1742 2561 et

963 2588 1015 2607 non
1038 2581 1203 2613 mirabitur,
1229 2584 1253 2608 et
1278 2582 1355 2608 habet
1380 2582 1526 2616 fiduciam,
1548 2580 1620 2615 quod
1643 2581 1741 2614 influat

965 2647 1001 2671 19.
1012 2647 1061 2664 -ss
1075 2647 1146 2676 Gen„
1161 2653 1214 2678 mv,
1230 2649 1269 2671 21.
1283 2661 1313 2666 —
1326 2649 1333 2663 ⁷
1349 2648 1449 2673 Scilicet
1464 2655 1486 2679 c,
1504 2654 1519 2671 ο
1536 2649 1560 2672 et
1573 2653 1598 2671 n.
1615 2660 1645 2664 —-
1660 2647 1670 2663 ³
1682 2647 1740 2674 Job,

964 2688 981 2713 1,
997 2684 1020 2706 7.
1031 2696 1061 2701 -
1075 2684 1083 2698 ³
1098 2682 1151 2712 lob,
1165 2689 1228 2713 xxx,
1241 2683 1313 2708 17.—
1326 2685 1430 2715 ¹⁰Petr.‚
1441 2686 1533 2716 v,8.-
1545 2683 1629 2715 ¹¹Job,
1643 2689 1686 2714 η,
1701 2684 1739 2707 18.

995 2727 1029 2759 (a)
1046 2727 1107 2753 Caet.
1123 2727 1183 2753 edit.
1197 2727 1327 2754 balneum.
