2004 3037
256 248 317 279 642
871 241 1009 275 BiBLIA
1029 237 1261 274 PAUPERUM.

258 315 391 343 mortem
411 313 546 341 nostram
572 310 643 339 facit
663 310 793 339 similem
811 310 993 348 Redemptor
1014 311 1044 339 et
1096 311 1279 340 trumentum
1296 309 1395 347 fieret,
1412 318 1475 348 quo
1495 311 1668 341 nausii-etur
1686 311 1728 341 ad
1741 311 1842 341 vitum.
1857 322 1873 340 ι

256 361 391 390 Salvator
409 360 512 388 noster
535 358 678 387 Dominus
699 358 784 386 Jesus
803 357 952 392 Christus,
974 356 1038 394 qui,
1095 357 1191 391 Quam
1205 357 1296 386 nobis
1309 357 1455 387 concedat
1473 358 1538 395 ipse
1553 365 1642 387 verus
1655 361 1759 388 auctor
1773 359 1876 388 salutis

255 406 422 436 secundum
448 405 662 441 Augustinum,
683 405 717 434 lV
743 405 783 433 De
811 405 966 438 Trinitate,
985 412 1040 441 per
1094 406 1221 440 aeternae,
1236 404 1288 442 qui
1303 406 1347 433 est
1359 404 1419 440 via,
1434 405 1553 440 veritas,
1567 407 1597 434 et
1608 405 1684 440 vita,
1698 405 1751 442 qui
1765 405 1833 434 vitm
1847 406 1876 434 et

255 462 348 483 unam
368 452 534 490 simplicem
555 454 683 481 mortem
697 460 799 486 suam,
818 455 952 480 nostram
971 451 1038 480 des·
1095 452 1200 480 mortis
1210 451 1300 480 habet
1314 451 1484 488 imperium.
1498 452 1553 486 Qui
1574 460 1644 481 cum
1663 453 1747 481 Patre
1765 455 1793 481 et
1813 452 1876 489 Spi-

254 501 346 530 truxit
362 500 498 537 duplam.
509 499 564 535 Qui
582 500 630 535 (ut
644 499 684 528 ait
697 499 780 528 idem
794 499 991 535 Augustinus,
1003 499 1037 527 de
1094 499 1153 528 ritu
1167 501 1269 528 sancto
1285 499 1360 528 vIvit
1373 501 1402 527 et
1415 502 1521 535 regnat
1533 500 1623 534 Βειιε,
1637 507 1692 536 per
1707 500 1810 528 omnia
1823 507 1875 528 εω-

253 549 372 578 civitate
386 548 456 585 Dei)
475 558 489 574 α
503 550 614 577 tantam
627 547 698 576 fidei
713 547 838 576 contulit
853 548 990 584 gratiam,
1005 548 1039 575 ut
1095 547 1163 576 cula
1177 547 1367 576 saeculorum.

254 603 352 631 mors,
367 603 459 632 quam
477 597 544 624 vitae
559 597 674 624 constat
687 603 750 624 esse
766 595 963 629 contrariam,
978 594 1039 623 ins·
1129 596 1233 623 Amen.

962 846 1170 884 MONITUM

917 934 980 971 (Ex
1005 933 1074 962 edit.
1100 934 1208 967 Vane.)

298 1024 573 1067 Animadvertas,
590 1024 718 1068 Lector,
744 1024 930 1071 praecedens
953 1024 1160 1070 Opnscuium
1184 1035 1203 1058 a
1217 1023 1312 1058 Sixto
1327 1023 1486 1064 Senensi,
1509 1023 1568 1056 lib.
1596 1022 1641 1056 lv
1665 1032 1734 1055 suae
1752 1021 1875 1054 Biblio-

255 1082 354 1117 thecoe
366 1109 375 1126 ,
393 1083 528 1117 Nicolao
543 1084 662 1129 Annpo
678 1084 829 1125 inscribi,
846 1083 906 1129 qni
921 1095 961 1117 ex
975 1083 1099 1117 Ordine
1113 1082 1375 1116 Praedicatorum
1396 1081 1581 1127 patriarcha
1598 1081 1661 1114 fnit
1682 1079 1874 1124 Hierosoly-

254 1141 417 1183 mitanus,
434 1146 466 1175 et
479 1142 541 1175 sub
557 1143 770 1186 Sigismundo
784 1143 905 1176 claruit
919 1142 957 1175 ad
975 1154 1055 1176 ann.
1074 1141 1209 1175 Domini
1227 1141 1326 1175 1430.
1343 1140 1380 1174 ld
1395 1140 1484 1186 quod
1501 1140 1636 1173 snrmsse
1652 1138 1767 1172 Sixtus
1782 1138 1870 1179 fecit,

253 1199 343 1244 quod
358 1200 394 1234 in
409 1201 646 1235 recentioribus
661 1201 862 1247 quibusdam
877 1201 1079 1235 editionibus
1094 1200 1172 1234 huic
1193 1199 1321 1234 auctori
1338 1199 1554 1233 tribueretur.

862 1781 963 1805 FiNiS
993 1781 1084 1804 ΤΠΜΙ
1115 1780 1266 1805 (ΙΟΤΛΥΙ.
