2004 3037
209 179 270 210 480

249 246 320 274 Veni
335 252 409 282 ergo
424 247 433 264 ¹
455 244 564 274 acl-me
585 245 619 274 de
635 246 754 280 Libano.
777 246 885 283 Sponsa
905 255 988 284 mea,

209 293 282 326 veni,
297 291 476 321 coronaberis.
493 292 554 321 noc
569 292 696 322 verbum
709 301 862 330 exponens
875 295 990 324 Vercel-

209 338 298 368 lensis
312 338 398 374 dicit,
413 338 497 376 quod
511 347 616 369 omnes
630 342 688 370 tres
701 340 876 371 hierarchiae
890 344 987 380 Spon-

208 393 258 422 soe,
274 385 404 414 candore
418 385 494 416 lucis
511 388 627 417 aeternae
644 388 770 424 perfusae
782 409 790 422 ‚
811 391 879 418 sunt
902 389 988 426 quasi

207 433 324 462 montes
338 432 461 470 elevati,
484 436 514 463 et
534 434 604 463 ideo
625 435 657 463 in
677 435 822 464 Libanum
838 444 990 465 conversae

207 481 287 516 sunt,
301 480 355 517 qui
366 480 574 518 interpretatur
587 482 760 512 candidatio.
775 484 872 518 Quare
888 485 932 513 ter
946 483 988 512 di-

209 526 284 555 citur
298 535 305 555 :
323 528 403 556 Veni.

243 574 341 603 Primo
360 574 450 610 igitur
470 575 579 605 dicitur
594 585 602 605 ε
620 577 707 612 Veni,
730 577 837 614 Sponsa
854 586 933 614 mea,
949 578 988 608 de

208 620 313 650 infima
325 621 491 651 hierarchia
504 623 573 659 tua,
590 631 658 660 quoe
670 623 792 660 perfusa
810 627 854 653 est
875 625 988 654 lumine

208 667 353 697 virtutum
365 668 569 706 politicarum,
591 678 645 707 per
668 679 743 708 quas
764 671 905 701 charitate
924 673 989 708 jam

207 713 366 751 formatas,
381 716 513 752 operaris
533 716 669 746 ordinate
691 718 770 747 circa
784 719 887 747 omnia
907 720 986 748 exte-

207 761 309 797 riora,
323 763 460 800 exemplo
479 765 510 792 et
527 763 663 794 doctrina
676 765 751 794 alios
768 765 808 795 ad
827 774 876 795 me
894 766 986 795 redu-

209 809 315 838 condo.

244 857 399 886 Secundo:
415 858 485 886 Veni
498 857 536 887 de
551 858 652 888 media
666 860 718 888 tua
731 859 909 896 hierarchia,
921 868 988 897 quae

208 903 328 940 perfusa
354 906 397 933 est
423 904 536 933 lumine
563 905 706 934 virtutum
722 927 732 942 ‚
757 914 824 943 quoe
850 907 989 936 dicuntur

208 951 404 987 purgatoriae,
417 959 472 988 per
495 960 570 989 quas
593 953 727 990 operaris
750 953 886 982 ordinate
911 954 988 983 circa

209 997 311 1026 omnia
329 1000 379 1026 tua
406 998 561 1036 interiora,
581 1000 700 1029 habitus
719 1000 862 1029 virtutum
887 1003 915 1030 et
933 1001 988 1030 do-

208 1051 317 1072 norum
331 1045 514 1075 deiformiter
528 1047 712 1084 exercendo,
735 1050 764 1077 et
777 1048 965 1085 proficiendo
975 1071 985 1085 ‚

208 1093 241 1119 ut
255 1091 366 1120 dictum
382 1094 434 1121 est.

243 1139 339 1168 Tertio
351 1148 358 1167 :
378 1140 446 1168 Vem'
460 1140 498 1169 de
512 1149 653 1178 suprema
665 1143 716 1171 tua
730 1142 907 1178 hierarchia,
919 1151 987 1180 quae

208 1185 327 1221 perfusa
336 1188 379 1214 est
389 1185 501 1216 lumine
514 1188 656 1217 vlrtutum
667 1210 675 1225 ,
687 1198 753 1226 quse
765 1189 905 1219 dicuntur
919 1199 987 1227 pur-

210 1232 269 1267 gati
284 1233 387 1268 animi,
401 1242 454 1270 per
469 1243 544 1270 quas
557 1236 689 1271 operaris
700 1236 836 1265 ordinate
849 1237 927 1266 circa
941 1246 988 1266 su-

210 1279 340 1315 periora,
351 1282 442 1309 Deum
457 1282 608 1310 sinceriter
617 1283 860 1320 contemplando,
873 1286 900 1312 et
910 1284 989 1312 forti-

210 1326 255 1354 ter
269 1327 400 1356 amando
411 1349 421 1362 ‚
437 1330 465 1357 et
479 1337 596 1357 sursum
611 1329 763 1358 tendendo
779 1333 812 1359 ut
825 1331 985 1360 coroneris.

246 1373 301 1402 Pro
317 1374 457 1410 operibus
471 1376 551 1404 enim
565 1376 673 1405 infimoe
684 1377 866 1412 hierarchite,
877 1386 986 1406 corona-

211 1420 281 1448 beris
289 1428 401 1450 corona
411 1422 565 1458 gaudiosa.
576 1424 656 1452 Unde
666 1424 787 1460 Sapiens
799 1425 894 1452 dicit²z
908 1425 988 1453 Circa

211 1469 237 1494 te
255 1475 352 1495 corona
368 1470 490 1502 fratrum
501 1469 538 1506 (a)
554 1473 635 1505 quasi
649 1472 786 1506 plantatio
802 1472 942 1500 cedrorum
956 1474 986 1500 in

209 1516 297 1542 monte
309 1515 410 1542 Libano
422 1537 430 1550 ,
451 1516 522 1552 quia
539 1517 575 1545 de
592 1517 731 1545 omnibus
746 1526 800 1554 per
815 1518 985 1555 exemplum

211 1563 239 1588 et
253 1560 420 1590 doctrinam
434 1564 514 1591 tuam
530 1565 679 1592 conversis
696 1565 851 1600 gaudebis.

245 1608 397 1643 Secundo,
427 1618 481 1646 pro
506 1611 648 1647 operibus
668 1612 773 1640 mediae
796 1612 966 1641 hierarchiae
976 1634 985 1648 ‚

210 1657 376 1684 coronaberis
386 1665 497 1685 corona
509 1659 653 1694 speciosa.
670 1660 749 1688 Unde
762 1660 792 1687 in
808 1661 985 1697 Apocalypsi

211 1701 337 1730 dicitur³
354 1712 361 1731 ε
381 1705 414 1732 In
427 1707 517 1740 capite
532 1706 589 1740 ejus
611 1714 707 1733 corona
732 1707 872 1734 dezodccz'm
893 1709 985 1735 stella-

209 1757 279 1777 rum.
296 1751 349 1778 Per
361 1750 581 1780 duodenarium
594 1753 725 1788 signatur
735 1753 910 1782 universitas
921 1762 985 1790 per-

210 1795 344 1824 fectionis
358 1797 502 1833 alicujus,
518 1801 548 1827 ut
567 1801 647 1836 patet
668 1808 722 1836 per
745 1801 940 1836 Augustinum
954 1801 985 1829 in

204 1842 283 1871 libro
298 1844 330 1871 de
345 1845 464 1872 Civitatc
479 1846 529 1873 Dei
543 1846 565 1873 ⁴.

235 1891 331 1919 Tertio
341 1913 351 1927 ‚
375 1900 431 1928 pro
454 1893 595 1928 operibus
619 1901 766 1930 supremae
789 1894 961 1923 hierarchiae
972 1916 981 1930 ,

200 1938 366 1966 coronaberis
381 1946 492 1967 corona
506 1939 638 1974 gloriosa
657 1940 884 1969 interminabilis
898 1944 982 1970 zeter-

200 1984 307 2012 nitatis.
325 1985 406 2014 Unde
421 1985 452 2014 in
466 1987 618 2014 Proverbiis
631 1987 642 2005 ⁵
660 1996 666 2014 :
685 1987 789 2016 Corona
805 1988 941 2016 tribuetur
957 1991 982 2016 ei

201 2033 231 2059 in
245 2034 416 2067 generatione
431 2036 456 2061 ct
471 2035 686 2069 qenerationem,
701 2034 733 2062 id
749 2036 812 2070 est,
829 2035 985 2071 sempiter-

201 2086 283 2107 num.
297 2081 414 2108 Corona
424 2088 479 2108 ncc
489 2080 579 2109 habet
589 2081 771 2117 principium
782 2090 879 2118 neque
892 2083 983 2111 tinem

201 2125 231 2154 in
252 2126 346 2162 figura
356 2148 365 2161 ,
389 2130 416 2155 et
437 2127 583 2163 significat
606 2128 813 2164 aeternitatem,
836 2138 903 2166 quse
929 2138 983 2158 nec

201 2172 260 2200 tine
274 2181 328 2201 nec
343 2174 489 2210 principio
506 2175 666 2203 clauditur.

241 2221 309 2248 Veni
323 2221 422 2255 igitur,
437 2222 539 2256 Sponsa
556 2231 624 2255 mea,
637 2221 708 2258 quia
723 2222 795 2250 mihi
812 2224 839 2251 et
854 2223 906 2251 tibi
921 2231 982 2252 om-

203 2267 252 2295 nia
267 2268 438 2295 communia
452 2270 528 2295 sunt.
545 2268 626 2296 Unde
643 2269 807 2296 Rernardus
819 2291 828 2304 ‚
844 2278 980 2299 sermone

204 2314 330 2350 septimo
337 2322 426 2350 super
438 2314 560 2348 Cantica,
572 2314 641 2342 dicit
651 2315 661 2331 θ
671 2324 697 2342 2«
706 2317 769 2343 Non
784 2318 851 2344 sunt
862 2317 982 2345 inventa

203 2368 287 2397 oeque
301 2361 400 2388 dulcia
411 2361 516 2396 verba,
524 2361 634 2397 quibus
642 2361 729 2389 Verbi
741 2362 907 2399 animaeque
916 2364 982 2391 dul-

205 2415 252 2435 ces
271 2408 310 2436 ad
325 2408 453 2436 invicem
478 2407 645 2444 exprimunt
666 2409 703 2444 (ὁ)
723 2408 858 2444 affectus,
880 2419 981 2446 quem-

205 2455 371 2483 admodum
384 2454 503 2490 Sponsus
512 2475 522 2489 ‚
545 2457 573 2483 et
587 2455 709 2490 Sponsa,
733 2455 843 2491 quibus
867 2457 978 2492 quippe

205 2502 307 2530 omnia
320 2502 492 2531 communia
510 2503 597 2537 sunt,
619 2502 693 2530 nihil
712 2503 884 2539 proprium,
907 2504 948 2532 nli
964 2513 981 2533 a

205 2556 235 2577 se
257 2548 386 2577 divisum
404 2549 593 2578 habentibus.
610 2550 672 2577 Una
687 2550 839 2586 utriusque
854 2550 979 2579 haeredi—

239 2614 242 2625 ¹
260 2612 343 2639 Carzl„
363 2618 397 2644 iv,
411 2613 434 2637 8.
451 2626 482 2631 --
496 2612 505 2626 ²
519 2612 608 2643 Eccli„
624 2618 648 2643 L,
666 2613 705 2636 13.
722 2625 753 2630 —
766 2612 777 2629 θ
795 2613 879 2644 Αροε.,
893 2619 941 2645 xii,
960 2617 979 2639 t.

206 2660 234 2664 —
249 2647 259 2663 δ
275 2648 348 2678 Aug„
364 2648 393 2672 de
409 2648 487 2673 Civit-
513 2648 571 2675 Dei.
594 2647 638 2672 lib.
660 2648 712 2678 XX,
732 2655 756 2673 c.
778 2654 801 2672 v.
822 2661 852 2668 —
870 2649 878 2663 ⁵
898 2650 981 2680 Prota,

618 179 670 212 DE
689 178 851 213 SEPTEM
869 178 1098 213 ITINERIBUS
1118 179 1408 214 AETERNI'I'ATIS.

1043 248 1088 278 tas
1095 269 1105 285 ‚
1121 256 1184 278 una
1197 248 1320 285 domus,
1343 256 1406 278 una
1418 256 1540 284 mensa,
1553 246 1632 279 umis
1643 251 1744 288 torus,
1756 259 1820 282 una

1043 303 1112 324 cero
1122 317 1132 332 ,
1148 297 1177 324 et
1189 295 1355 325 secundum
1365 296 1542 333 Apostolum
1549 297 1572 333 ⁷,
1587 298 1664 328 Deus
1676 299 1706 328 et
1718 298 1820 329 anima

1043 350 1116 371 unus
1126 344 1200 379 spiri
1203 346 1258 372 tus.

1079 390 1184 419 Ultimo
1199 390 1342 419 Dominus
1361 390 1516 428 subJ'ungit
1533 391 1623 428 hujus
1636 393 1744 422 sanctae
1756 392 1821 422 imi-

1043 436 1162 465 tationis
1182 437 1270 466 dulce
1290 437 1479 473 allectivum,
1495 438 1620 467 dicens:
1641 441 1727 474 Veni,
1750 439 1822 476 qnia

1042 485 1128 512 vineae
1139 486 1262 519 florentes
1287 485 1394 513 odorem
1412 485 1563 522 dederunt,
1580 486 1633 523 qui
1647 486 1726 515 odor
1737 485 1822 516 istius

1043 529 1155 559 itineris
1169 531 1304 560 medium
1325 531 1394 560 iacit
1408 532 1612 568 odoriferum,
1637 535 1666 562 et
1687 532 1771 569 fugat
1793 535 1821 563 et

1044 577 1165 614 expellit
1181 580 1338 607 venenata.
1354 578 1432 613 Quid
1452 581 1551 608 autem
1569 587 1624 617 per
1642 579 1746 608 vineas
1764 579 1820 608 sso-

1043 626 1155 660 rentes,
1177 626 1207 653 et
1230 625 1357 654 odorem
1381 628 1570 662 spargentes,
1596 627 1821 657 convenientius

1043 671 1229 708 intelligitur,
1245 680 1337 708 quam
1351 671 1486 701 fecundae
1498 674 1604 702 mentis
1621 674 1777 710 potentiae,
1791 676 1821 703 et

1044 718 1220 755 capacitates
1234 718 1392 748 odoriferae
1405 718 1486 748 illius
1499 720 1611 757 sapidae
1625 721 1717 758 partis
1726 742 1736 757 ,
1752 730 1820 758 quae

1044 767 1087 794 est
1100 773 1172 793 vera
1185 764 1271 801 vitis,
1286 773 1375 802 quam
1399 767 1483 794 Pater
1501 766 1627 796 coelestis
1645 768 1778 804 agricola
1789 768 1821 796 in

1044 811 1193 840 mentibus
1207 811 1345 840 humanis
1359 814 1503 849 tanquam
1515 809 1549 841 in
1560 813 1648 842 horto
1663 815 1821 844 vinearum

1043 858 1133 887 sacris
1149 859 1394 895 inspirationibus
1411 859 1543 896 plantat,
1563 861 1754 890 sacramentis
1767 869 1816 891 ve-

1044 907 1139 941 getat,
1155 905 1283 934 ethonis
1296 906 1437 943 operibus
1451 908 1593 943 maturat,
1607 909 1698 944 prout
1711 908 1820 944 grada-

1042 952 1095 980 tim
1111 953 1206 989 ipsam
1219 953 1340 982 vineam
1354 953 1476 989 excolit,
1493 956 1525 982 ut
1544 954 1722 983 fructificet?
1739 955 1821 984 Unde

1044 1001 1142 1036 Hugo,
1158 1000 1236 1028 libro
1250 1000 1381 1028 secundo
1402 1001 1435 1028 de
1454 1002 1526 1029 Arca
1545 1002 1616 1037 Noe,
1633 1002 1721 1031 dicit:
1738 1003 1822 1031 «Hoc

1043 1049 1086 1076 est
1099 1055 1167 1076 vere
1180 1047 1293 1083 lignum
1309 1048 1390 1082 vitae,
1411 1049 1540 1076 Verbum
1554 1049 1661 1084 Patris,
1677 1049 1823 1086 sapientia

1043 1094 1102 1129 Dei,
1119 1102 1184 1131 quoe
1194 1094 1224 1122 in
1237 1094 1378 1123 cordibus
1389 1097 1559 1124 sanctorum
1571 1097 1714 1132 tanquam
1729 1096 1759 1124 in
1770 1098 1821 1125 Pa—

1042 1141 1142 1169 radiso
1157 1141 1343 1170 invisibiliter
1356 1142 1454 1178 primo
1468 1151 1523 1178 per
1536 1143 1674 1172 timorem
1688 1143 1818 1172 semina-

1044 1190 1101 1223 tur,
1111 1191 1178 1225 post
1188 1196 1241 1225 per
1251 1188 1376 1224 gratiam
1386 1189 1509 1224 rigatur,
1520 1197 1574 1226 per
1584 1189 1722 1218 dolorem
1733 1190 1821 1219 mori—

1043 1236 1101 1270 tur,
1117 1243 1170 1272 per
1184 1235 1276 1263 fidem
1291 1236 1451 1271 radicatur,
1468 1243 1522 1272 per
1546 1236 1737 1265 devotionem
1755 1244 1821 1273 ger-

1045 1283 1154 1319 minat,
1169 1291 1223 1320 per
1246 1284 1497 1321 compunctionen
1516 1285 1619 1319 oritur,
1633 1293 1688 1321 per
1703 1284 1820 1314 deside-

1043 1330 1121 1359 rium
1153 1332 1273 1366 crescit,
1299 1339 1352 1368 per
1373 1332 1546 1360 charitatem
1568 1332 1740 1366 roboratur,
1767 1339 1822 1368 per

1043 1386 1126 1415 spem
1141 1379 1235 1413 viret,
1257 1387 1311 1415 per
1337 1379 1633 1415 circumspectionem
1655 1378 1774 1407 frondet
1793 1381 1822 1407 et

1045 1425 1177 1453 extendit
1191 1433 1300 1460 ramOS,
1317 1434 1370 1462 per
1385 1425 1571 1462 disciplinam
1586 1426 1682 1461 floret,
1697 1434 1750 1462 per
1760 1426 1819 1454 vir-

1043 1473 1135 1500 tutem
1147 1472 1317 1507 fructificat,
1329 1481 1382 1509 pcr
1392 1473 1563 1509 patientiam
1574 1472 1752 1507 maturescit,
1766 1480 1820 1509 per

1042 1521 1168 1547 mortem
1184 1516 1325 1555 carpitur,
1339 1527 1392 1555 per
1407 1519 1687 1556 contemplationem
1702 1519 1789 1548 cibat.
1803 1529 1816 1544 ι»

1042 1567 1105 1595 Haec
1122 1567 1180 1594 illc.
1197 1569 1270 1595 Cum
1282 1567 1380 1602 igilur,
1394 1569 1427 1595 ut
1441 1567 1512 1595 dicit
1527 1567 1698 1604 Dionysius,
1711 1567 1817 1604 quarto

1041 1615 1237 1642 Ecclesiasticae
1251 1615 1419 1642 Hierarchioe
1429 1635 1438 1649 ,
1453 1616 1534 1642 Jesus
1549 1615 1601 1650 qui
1621 1617 1663 1642 cst
1677 1622 1748 1643 vcra
1772 1622 1819 1643 sa-

1042 1661 1152 1697 pientia
1162 1662 1266 1696 Patris,
1278 1662 1312 1688 sit
1326 1662 1446 1689 fontana
1459 1662 1581 1697 copiosa
1596 1661 1817 1697 susceptionum

1042 1708 1211 1736 divinarum
1225 1709 1419 1740 suavitatum,
1436 1710 1463 1735 et
1477 1707 1614 1735 refundat
1628 1707 1665 1735 de
1689 1707 1816 1743 plenitu-

1040 1754 1109 1781 dine
1122 1762 1175 1782 sua
1190 1754 1387 1782 divinissimas
1401 1754 1590 1788 fragrantiaS,
1613 1754 1674 1782 sive
1690 1754 1816 1788 odores,

1040 1800 1080 1828 ad
1101 1801 1260 1829 deiformes
1279 1800 1506 1835 intelligentiam,
1530 1800 1561 1828 in
1575 1800 1685 1836 quibus
1704 1802 1817 1829 mentes

1040 1847 1168 1875 suaviter
1184 1846 1334 1875 delectatas
1344 1869 1353 1882 ,
1369 1849 1397 1875 ct
1411 1847 1518 1874 sanctis
1537 1848 1565 1875 et
1580 1846 1737 1875 odoriferis
1750 1855 1815 1875 sus-

1039 1894 1225 1930 ceptionibus
1239 1893 1423 1930 adimpletis,
1440 1895 1561 1921 utuntur
1575 1893 1753 1930 intelligibili
1764 1894 1816 1922 ali-

1039 1943 1139 1969 mento
1149 1962 1157 1975 ‚
1172 1942 1343 1977 penetrante
1359 1940 1398 1968 ad
1415 1940 1534 1968 intimos
1548 1949 1618 1968 suos
1631 1940 1817 1969 intellectua-

1039 1990 1081 2018 lcs
1096 1991 1176 2018 sinus
1191 1989 1357 2018 secundum
1372 1997 1457 2018 suam
1472 1989 1603 2018 divinam
1618 1989 1818 2026 participatio—

1039 2045 1108 2065 nem
1131 2037 1208 2065 bene
1235 2036 1380 2065 olentium
1405 2036 1647 2065 distributionum
1657 2057 1667 2072 ‚
1691 2036 1817 2073 planum

1039 2085 1081 2111 est
1092 2104 1100 2118 ,
1116 2084 1199 2119 quod
1214 2083 1259 2118 hi,
1277 2091 1352 2119 quos
1367 2083 1472 2119 sapida
1490 2083 1635 2119 sapientia
1649 2082 1794 2112 inhabitat
1807 2104 1816 2118 ‚

1039 2130 1129 2158 sacris
1144 2129 1382 2166 susceptionibus
1397 2130 1482 2165 quasi
1494 2130 1588 2158 vineae
1604 2130 1742 2158 florentes
1753 2152 1762 2163 ,
1777 2129 1817 2158 fe-

1042 2176 1210 2205 cundantur
1223 2176 1374 2205 habitibus
1388 2176 1545 2211 virtutum,
1563 2179 1591 2204 et
1605 2176 1748 2205 fructibus
1763 2176 1816 2205 bo-

1039 2232 1148 2252 norum
1172 2231 1298 2259 operum
1320 2222 1523 2259 perficiuntur,
1544 2225 1572 2251 et
1593 2224 1634 2252 sic
1649 2226 1691 2252 tot
1713 2231 1817 2252 suaves

1041 2271 1149 2299 odores
1164 2270 1229 2299 aliis
1245 2270 1334 2304 dant,
1351 2271 1424 2305 quot
1445 2270 1582 2306 exempla
1598 2270 1816 2299 odoriferorum

1039 2325 1163 2353 operum
1189 2318 1360 2352 evaporant.
1385 2316 1466 2344 Unde
1493 2317 1601 2345 Paulus
1623 2317 1693 2345 dicit
1706 2317 1716 2334 ⁸
1731 2325 1738 2345 :
1761 2318 1816 2345 Deo

1038 2367 1128 2392 autem
1143 2365 1266 2399 pretias,
1282 2365 1330 2399 qui
1344 2363 1450 2391 odorem
1466 2365 1573 2391 notitt‘ae
1588 2372 1643 2392 suae
1656 2365 1816 2398 manifestat

1035 2420 1085 2447 per
1100 2419 1147 2439 nos
1162 2413 1192 2439 in
1207 2412 1278 2438 omni
1292 2411 1356 2438 Ioco.
1372 2411 1461 2438 nonus
1474 2413 1562 2438 autem
1577 2411 1642 2438 odor
1657 2411 1760 2439 Christi
1770 2419 1815 2439 su-

1038 2467 1106 2491 mus,
1118 2460 1146 2485 in
1158 2458 1242 2493 iz's(c),
1258 2459 1307 2492 qui
1321 2458 1393 2485 salvi
1405 2459 1486 2491 fiunt,
1497 2457 1549 2492 quj
1563 2457 1645 2486 bono
1659 2457 1753 2486 odore
1767 2465 1813 2486 re·

1038 2543 1122 2567 xxvxi,
1138 2537 1176 2561 24.
1191 2549 1222 2554 —
1239 2536 1248 2550 ⁶
1264 2537 1350 2566 nem„
1367 2537 1391 2559 in
1412 2535 1496 2564 Cant„
1510 2541 1588 2559 serm.
1607 2541 1653 2567 vn,
1667 2543 1721 2561 non
1737 2537 1813 2569 longe

1037 2580 1051 2597 u
1067 2573 1148 2603 princ.
1164 2585 1194 2591 -—
1207 2573 1214 2586 ⁷
1229 2572 1236 2595 l
1253 2572 1321 2600 Cor„
1339 2577 1376 2601 VI,
1396 2572 1431 2596 Π.
1443 2583 1475 2589 -
1486 2571 1496 2586 ⁸
1512 2572 1530 2595 ll
1548 2571 1618 2596 Cor..
1634 2573 1715 2602 15¹4,
1735 2574 1772 2597 ¹5.

1070 2616 1101 2645 (α)
1115 2615 1176 2639 Coet.
1192 2614 1252 2638 edit.
1275 2615 1412 2644 fructuum.
1427 2626 1458 2631 —-
1475 2613 1508 2644 (b)
1530 2613 1604 2637 Forte
1620 2614 1717 2645 leqend.
1733 2614 1813 2645 expri-

1038 2652 1149 2675 mantur.
1165 2663 1194 2668 -
1210 2650 1238 2680 (c)
1254 2650 1317 2674 Caet.
1333 2650 1394 2674 edit.
1409 2649 1456 2674 his.
