2004 3037
633 143 680 176 DE
702 143 863 177 ULTlMiS
886 141 1151 176 TEMPORIBUS.
1176 142 1262 175 CAP.
1286 142 1436 176 Xix-XX.

227 212 311 248 regni
325 212 387 247 Dei,
402 211 513 249 quihus
528 211 688 249 implendis
700 213 729 240 et
742 211 869 240 sciendis
883 218 1007 248 operam

228 258 384 288 dederunt.
405 260 530 294 Quartus
545 261 588 287 est
601 258 837 296 approbationis,
854 266 915 295 quo
927 257 1007 294 Judi-

228 305 338 334 cabant
354 314 457 335 omncs
475 305 566 334 sancti
579 327 587 341 ,
603 307 631 334 et
649 305 738 334 etiam
760 305 868 341 angeli.
884 305 1007 340 Quintus

227 353 336 382 modus
364 353 519 389 judicandi
555 353 597 381 est
625 351 746 389 culpam
773 353 1005 388 judicandorum

227 399 415 429 manifestare
431 409 438 428 :
455 399 497 428 sie
511 399 600 428 etiam
614 399 684 428 mali
696 399 884 435 judicabunt.

263 448 294 476 In
320 446 485 482 judicando
514 445 641 475 Christus
669 446 792 475 habebit
821 446 897 475 duos
925 447 1007 475 actus

228 493 381 531 oppositos
398 502 404 522 :
420 501 514 522 unum
528 493 659 530 passive,
677 495 705 521 et
719 493 812 522 alium
827 493 931 522 active.
947 493 1006 522 Pri-

226 550 293 571 mus
307 549 378 571 vero
394 543 436 570 est
449 541 640 576 infirmitatis,
657 543 685 569 et
704 541 779 570 alius
798 541 959 578 potestatis
976 542 1007 569 ln

226 589 324 626 primo
354 588 433 616 enim
456 588 586 617 adventu
617 588 746 617 Christus
767 588 846 616 venit
870 588 909 616 ad
929 587 1007 623 judi-

227 636 305 665 cium
323 636 439 673 passive
451 645 459 672 ;
482 636 512 664 in
534 636 665 664 secundo
687 636 785 664 veniet
804 636 842 664 ad
859 635 1006 671 judicium

227 683 329 712 active.
355 685 385 712 ln
409 684 507 720 primo
532 683 612 711 venit
640 683 669 711 in
694 683 790 711 forma
818 683 952 718 infirma;
976 682 1005 710 in

227 730 358 759 secundo
383 730 538 767 apparebit
557 730 587 758 in
608 729 705 758 forma
724 730 863 766 gloriosa.
879 730 951 758 ilinc
966 731 1008 758 est

228 777 311 814 quod
325 777 472 806 Christum
486 777 516 805 in
529 777 644 813 judicio
659 777 805 805 videbunt
815 777 885 812 justi
901 779 961 805 tam
975 777 1005 805 in

227 826 332 853 natura
352 824 527 859 divinitatis,
547 832 638 860 quam
657 823 847 852 humanitatis
858 833 866 859 ;
883 832 901 852 a
919 823 1006 851 malis

227 872 326 899 autem
341 871 426 900 nullo
441 871 534 899 modo
546 871 640 899 videri
655 871 761 907 poterit
776 870 805 898 in
821 871 916 898 forma
933 870 1007 898 divi-

226 918 347 946 nItatis:
369 920 396 946 et
416 918 474 946 hoc
492 917 604 954 duplici
625 918 748 946 ratione.
770 917 867 945 Primo
887 919 1007 954 propter

227 963 374 993 defectum
399 964 600 1001 dispositionis
625 965 655 992 in
682 964 748 1001 ipso
771 964 911 999 vidente,
936 964 1008 1000 quia

226 1013 331 1040 natura
347 1011 409 1040 sine
425 1012 519 1047 gratia
533 1019 595 1039 non
610 1011 718 1039 sufficit
731 1012 770 1039 ad
785 1012 833 1039 Dei
849 1011 1004 1040 visionem.

226 1058 373 1094 Secundo,
384 1061 506 1096 propter
521 1059 698 1087 demeritum
711 1059 924 1095 delectationis,
941 1068 1007 1096 quae

226 1107 269 1134 est
288 1105 318 1133 in
343 1106 456 1134 visione
478 1105 639 1134 divinitatis
656 1115 662 1133 τ
680 1106 752 1142 quia
775 1106 877 1134 videre
899 1108 1005 1141 Deum,

225 1153 391 1181 secundum
412 1154 556 1181 Joannem
572 1155 579 1171 ¹
595 1174 603 1188 ,
632 1155 692 1180 vira
716 1156 817 1181 telerna
839 1155 882 1182 est
903 1162 910 1182 ι
940 1161 1007 1189 quae

225 1207 287 1228 non
301 1201 397 1236 potest
414 1200 628 1228 communicari
644 1200 790 1236 reprobis.

262 1248 301 1274 Ex
318 1247 464 1283 praedictis
486 1248 585 1283 patet,
601 1247 684 1283 quod
704 1247 832 1275 Christus
851 1248 1008 1284 apparebit

226 1293 356 1321 blandus
367 1293 469 1329 justis,
485 1296 513 1322 et
533 1294 671 1322 terribilis
690 1294 822 1329 injustis,
848 1295 922 1323 sieut
937 1295 1007 1323 dicit

227 1341 392 1376 Gregorius.
423 1341 509 1374 Quod
537 1341 697 1376 figuratum
731 1343 774 1369 est
806 1341 836 1369 in
866 1342 1007 1370 columna

227 1387 315 1414 nubis
330 1387 360 1415 in
375 1387 440 1421 die,
457 1389 484 1415 et
506 1388 583 1423 ignis
607 1387 637 1415 in
659 1390 756 1416 nocte.
772 1388 921 1416 Videbunt
936 1389 1007 1416 mali

227 1433 440 1462 humanitatem
454 1435 568 1470 Christi,
585 1437 616 1462 ut
631 1435 766 1470 timeant3
784 1437 811 1462 et
826 1444 886 1463 non
903 1435 1009 1463 divini-

228 1481 334 1514 tatem,
362 1489 399 1509 ne
432 1481 592 1517 gaudeant.
622 1482 693 1509 Boni
723 1483 823 1510 autem
850 1484 1007 1519 utramque

228 1528 331 1556 Christi
358 1529 496 1556 naturam
527 1528 680 1556 videbunt.
717 1528 857 1564 Stigmata
887 1537 1007 1566 quoque

228 1574 356 1603 Christus
375 1575 569 1609 monstrabit,
593 1576 620 1602 et
634 1575 760 1610 insignia
776 1576 922 1612 passionis
937 1584 1007 1610 suae,

228 1622 336 1650 scilieet
362 1630 489 1657 erucem,
517 1622 629 1656 elavos¹
660 1624 713 1650 ete.
742 1622 860 1651 Sedebit
886 1631 1007 1659 quoque

228 1669 356 1697 Christus
367 1677 457 1706 supra
471 1669 501 1696 in
517 1669 702 1697 eminentiori
718 1669 784 1697 loco
801 1677 867 1697 eum
884 1670 1005 1705 sanctis3

227 1716 299 1744 mali
314 1724 403 1751 vero,
425 1716 527 1744 subtus
547 1716 577 1743 in
601 1718 698 1750 terra,
715 1725 806 1752 quam
830 1717 1005 1745 dilexerunt.

228 1764 261 1791 Et
284 1763 388 1791 merito
418 1765 486 1791 tunc
514 1763 641 1791 Christus
667 1763 814 1798 judicium
841 1763 1006 1798 exercebit,

228 1812 291 1837 tum
306 1810 376 1846 quia
391 1818 459 1838 vere
474 1810 526 1838 scit
541 1810 645 1838 merita
666 1810 852 1846 singulorum
868 1812 877 1827 2
889 1832 898 1845 ,
914 1813 942 1838 in
957 1819 1007 1846 qao

229 1859 291 1884 sunt
306 1865 392 1884 omncs
412 1858 532 1884 thesauri
547 1858 665 1884 scientiae
679 1860 705 1884 et
724 1859 868 1892 sapienetm
883 1859 932 1885 Dei
947 1858 1007 1884 ubs-

231 1903 350 1937 co⁷zdili‚·
367 1905 428 1930 tum
450 1903 521 1939 quia
539 1911 600 1931 non
620 1906 662 1932 est
682 1912 750 1931 reus
770 1904 807 1931 de
825 1904 926 1940 aliquo
942 1904 1007 1932 illo-

230 1957 307 1983 rum,
324 1949 360 1977 de
374 1950 637 1986 quibusjudicabit
651 1960 656 1978 :
673 1952 732 1979 Non
748 1951 826 1978 enim
843 1952 852 1968 ³
865 1953 930 1985 fecit
944 1959 1007 1986 pec-

231 1998 336 2028 catum,
354 2005 400 2023 nec
414 1998 538 2024 inventus
559 2000 597 2024 est
614 1997 690 2024 dolus
707 1999 736 2025 in
752 2006 795 2025 ore
811 1999 866 2032 ejics
881 2008 888 2024 :
905 2000 932 2026 et
946 1998 1008 2025 haec

232 2042 292 2071 duo
306 2043 453 2079 praecipue
470 2043 573 2071 decent
584 2043 725 2078 judicem.

448 2140 472 2173 C
485 2140 514 2174 A
528 2140 554 2173 P
570 2140 596 2174 U
609 2141 635 2173 T
673 2140 704 2173 X
719 2141 731 2173 l
747 2140 789 2174 X.

514 2213 549 2239 De
566 2211 729 2240 „iudicandis

266 2282 390 2311 Ordines
418 2284 547 2318 quatuor
575 2284 660 2310 erunt
682 2281 713 2310 in
733 2281 856 2317 judicio.
883 2281 1010 2315 Quidam

231 2330 310 2358 enim
321 2329 536 2365 judicabuntur
550 2330 577 2357 et
589 2329 822 2363 damnabuntur,
836 2330 868 2356 ut
881 2336 1010 2364 quorum

230 2377 336 2405 merita
363 2376 548 2405 damnabilia
581 2376 728 2413 permixta
760 2377 827 2404 sunt
859 2375 1010 2411 aliquibus

230 2424 318 2453 bonis
329 2446 337 2460 ,
353 2425 427 2453 sicut
441 2425 577 2460 illorum,
592 2425 644 2461 qui
657 2425 827 2453 habuerunt
840 2424 932 2452 fidem
947 2423 1010 2452 sine

232 2471 382 2508 operibus.
398 2472 525 2506 Quidam
537 2471 751 2507 judicabuntur
765 2473 793 2500 et
803 2471 1012 2506 salvabuntur,

265 2546 364 2578 ‘Joan.,
378 2553 448 2577 xvii,
464 2549 487 2572 3.
505 2560 531 2566 -
552 2547 563 2564 ¹
578 2547 681 2578 Coloss„
697 2554 729 2575 ιι,
745 2549 768 2571 3.
784 2560 814 2566 —
832 2548 842 2564 ³
859 2548 865 2571 t
883 2547 962 2576 Peon,
980 2552 1010 2576 ιι,

233 2582 314 2606 22-
333 2582 341 2598 ⁴
355 2583 458 2613 Mutila„
482 2588 537 2614 iux,
559 2584 598 2608 28.
621 2596 652 2603 ·-
673 2585 683 2600 δ
700 2584 779 2608 Μαιυι
794 2603 801 2615 ,
826 2589 888 2614 xxv,
913 2584 952 2607 34.
979 2594 1010 2600 -

234 2617 242 2631 ⁶
256 2616 310 2642 ibid
324 2638 331 2650 ‚
347 2619 386 2643 41.

1785 145 1844 175 237

1064 212 1096 238 ut
1111 217 1240 246 quorum
1252 211 1356 239 merita
1365 211 1447 239 bona
1455 209 1603 247 permixta
1614 211 1682 238 sunt
1694 209 1845 246 aliquibus

1063 256 1231 285 venialibus
1247 258 1343 286 malis.
1363 258 1491 292 Quidam
1514 265 1575 286 non
1589 257 1803 294 judicabuntur
1817 258 1846 285 et

1065 303 1298 340 damnabuntur,
1314 307 1347 333 ut
1362 313 1492 341 quorum
1506 305 1587 333 mala
1602 304 1706 333 merita
1721 304 1844 332 omnino

1063 350 1252 388 impermixta
1267 353 1335 380 sunt
1348 351 1446 386 bonis,
1462 351 1553 388 utqui
1567 352 1725 380 caruerunt
1738 350 1845 378 funda-

1063 399 1164 426 mento
1182 398 1261 426 fidei.
1285 397 1412 432 Quidam
1435 406 1505 426 vero
1533 406 1594 426 non
1617 398 1842 434 judicabuntur,

1063 444 1116 472 sed
1128 444 1307 480 judicabunt
1324 446 1352 473 et
1367 444 1575 479 salvabuntur,
1590 447 1622 473 ut
1638 453 1767 481 quorum
1783 452 1843 473 me-

1063 491 1118 520 rita
1132 491 1214 520 bona
1229 491 1417 528 impermixta
1435 493 1502 519 sunt
1523 491 1623 527 malis,
1641 493 1715 520 sicut
1729 491 1843 528 persec-

1063 540 1161 567 torum
1184 547 1351 575 pauperum
1372 538 1493 573 Christi,
1517 538 1554 566 de
1579 539 1688 575 quibus
1716 539 1747 567 in
1775 541 1843 567 Mat·

1063 585 1138 614 thoeo
1154 586 1164 603 ⁴
1181 595 1187 613 :
1208 587 1259 614 Vos
1273 587 1322 621 qui
1337 587 1490 621 reliquistis
1508 587 1614 619 omnia,
1632 588 1656 614 et
1676 588 1761 613 secuti
1779 587 1844 614 estis

1063 640 1121 667 me,
1138 634 1190 660 etc.

1101 680 1139 708 De
1154 679 1300 716 praedietis
1321 681 1448 716 quatuor
1469 679 1626 708 ordinibus
1647 681 1736 714 nota,
1760 679 1843 716 quod

1063 735 1167 755 omnes
1185 726 1322 754 homines
1343 726 1559 762 judicabuntur
1580 726 1695 762 judicio
1719 727 1844 755 retribu-

1063 773 1167 808 tionis,
1184 773 1236 801 sed
1250 781 1311 801 non
1324 773 1437 808 judicio
1461 773 1691 809 disceptationis.
1708 773 1845 801 infideles

1063 820 1158 855 enim,
1189 820 1260 856 quia
1287 828 1349 848 non
1377 820 1494 848 suerunt
1523 820 1601 848 cives
1624 820 1748 848 civitatis
1776 820 1822 848 liei
1835 843 1844 853 ,

1062 869 1206 903 tanquam
1229 867 1343 902 hostes,
1369 867 1432 895 sine
1451 867 1513 895 ulla
1535 867 1710 895 meritorum
1735 867 1846 895 discus-

1063 915 1145 942 sione
1159 916 1186 942 et
1201 914 1351 942 audientia
1367 914 1534 951 punientur.
1548 913 1661 942 Fideles
1671 922 1742 942 vero
1762 914 1845 949 mali,

1063 963 1207 997 tanquam
1223 960 1316 996 civeS‚
1333 969 1402 989 cum
1424 961 1599 988 meritorum
1620 960 1802 988 discussione
1818 962 1846 988 et

1063 1007 1214 1036 audientia
1246 1008 1415 1044 punientur.
1444 1008 1515 1036 Justi
1544 1015 1616 1035 vero
1644 1015 1705 1035 non
1730 1007 1845 1043 judica·

1063 1055 1174 1082 buntur
1190 1056 1221 1082 ut
1239 1062 1344 1083 eorum
1360 1054 1464 1082 merita
1485 1054 1522 1082 de
1538 1063 1617 1082 novo
1641 1054 1844 1090 discutiantur,

1063 1110 1102 1130 an
1120 1102 1203 1130 bona
1218 1101 1265 1129 vel
1285 1101 1367 1130 mala
1386 1101 1461 1136 sint3
1482 1101 1535 1129 scd
1555 1104 1586 1129 ut
1608 1101 1759 1129 bonorum
1774 1109 1845 1138 prae-

1063 1148 1223 1176 eminentia
1245 1148 1390 1185 omnibus·
1404 1148 1622 1183 manifestetur,
1644 1149 1672 1176 et
1690 1150 1722 1175 ut
1743 1150 1845 1176 contra

1063 1196 1159 1224 malos
1173 1197 1315 1232 appareat
1327 1195 1406 1230 justa
1421 1195 1562 1223 sententia
1579 1195 1790 1223 damnationis.

1099 1244 1167 1270 Duae
1186 1242 1334 1270 sententiae
1357 1242 1487 1269 ferentur
1510 1242 1539 1269 in
1557 1241 1671 1277 judicio
1691 1251 1697 1269 :
1714 1249 1774 1269 una
1789 1249 1844 1277 pro

1062 1290 1164 1324 honis,
1181 1289 1240 1317 alia
1259 1291 1360 1317 contra
1383 1289 1489 1317 malos
1511 1288 1658 1316 Sententia
1677 1296 1731 1324 pro
1756 1288 1844 1316 bonis

1064 1337 1194 1364 eontinet
1214 1339 1327 1372 septem
1349 1335 1507 1364 clausulas.
1532 1335 1629 1363 Prima
1649 1337 1690 1363 est
1708 1335 1844 1362 amabilis

1064 1383 1190 1418 vocatio,
1205 1383 1246 1410 ibi
1260 1384 1269 1399 ⁵
1287 1392 1292 1410 :
1311 1384 1414 1411 Venite.
1430 1382 1576 1416 Secunda,
1589 1382 1691 1410 divina
1702 1382 1844 1410 benedic-

1063 1431 1115 1465 tio,
1129 1431 1190 1458 ibi:
1205 1430 1353 1458 Benedicti.
1370 1430 1476 1464 Tertia,
1491 1431 1615 1465 paterna
1630 1429 1760 1462 dilectio,
1778 1429 1819 1457 ibi
1836 1439 1842 1457 2

1064 1479 1155 1505 Patris
1186 1479 1247 1504 mei.
1277 1478 1385 1510 Quarta
1413 1479 1455 1504 est
1485 1476 1731 1504 remunerationis
1760 1476 1844 1504 retri-

1063 1524 1147 1552 butio
1159 1545 1167 1558 ,
1183 1523 1224 1552 ibi
1247 1533 1252 1551 :
1270 1525 1405 1559 Percipiee
1425 1522 1474 1559 (a).
1490 1523 1596 1556 Quinta
1612 1525 1653 1550 est
1667 1523 1751 1558 regni
1772 1523 1844 1550 assi-

1063 1571 1180 1606 gnatio,
1197 1570 1239 1598 ibi
1257 1579 1263 1598 :
1280 1571 1410 1605 Regnum.
1434 1571 1519 1597 Sexta
1543 1572 1585 1597 est
1609 1570 1710 1605 gloriae
1730 1578 1845 1606 praepa-

1063 1618 1156 1652 ratio,
1173 1618 1214 1645 ibi
1230 1626 1236 1645 :
1253 1617 1329 1651 Quod
1343 1617 1418 1644 vobis
1436 1620 1566 1652 paratum
1588 1620 1638 1644 est.
1661 1617 1789 1653 Septima
1804 1619 1846 1645 est

1063 1667 1171 1693 oeterna
1186 1663 1417 1700 praedestinatio,
1433 1663 1473 1691 ibi
1491 1672 1497 1690 :
1514 1664 1555 1690 Ab
1571 1665 1675 1698 orz'ffl'ne
1689 1664 1794 1691 mundi.

1100 1713 1168 1740 ilem
1190 1711 1333 1739 sententia
1354 1712 1456 1738 eontra
1477 1710 1572 1738 malos
1594 1711 1722 1738 continet
1736 1711 1767 1738 in
1782 1711 1845 1747 ipsa

1064 1766 1114 1786 sex
1128 1758 1284 1786 clausulas.
1303 1757 1410 1792 Primo,
1427 1765 1444 1785 a
1460 1759 1517 1785 Deo
1533 1757 1762 1794 separationem,
1778 1766 1846 1785 cum

1064 1806 1170 1833 dieitur
1185 1806 1194 1822 ⁶
1213 1815 1219 1833 ι
1246 1807 1295 1833 lte.
1322 1805 1477 1839 Secundo,
1501 1805 1759 1838 maledictionem,
1784 1804 1844 1832 ibi:

1063 1853 1215 1880 Malediclz:
1243 1851 1353 1885 Tertio,
1383 1851 1662 1885 incarcerationem,
1692 1860 1745 1887 per
1769 1851 1846 1878 lianc

1063 1899 1316 1936 praepositionem,
1334 1900 1381 1933 In,
1400 1898 1593 1933 designatam.
1612 1899 1737 1932 Quarto,
1751 1906 1846 1934 poense

1063 1946 1273 1979 acerbitatem,
1298 1945 1340 1972 ibi
1363 1954 1369 1972 τ
1399 1947 1502 1979 Ignem.
1530 1945 1646 1979 Quinto,
1662 1945 1846 1972 liberationis

1065 1995 1314 2031 desperationem,
1337 1994 1402 2021 ibi:
1429 1996 1577 2022 AEiernwa.
1605 1995 1709 2027 Sexto,
1734 1994 1846 2021 doemo-

1065 2050 1138 2070 num
1153 2042 1387 2075 associationem,
1406 2041 1444 2069 ibi
1462 2050 1467 2068 :
1483 2041 1536 2074 Qui
1547 2044 1660 2075 paratus
1675 2043 1713 2068 est
1726 2041 1843 2080 diabplo,

1064 2091 1089 2116 et
1104 2089 1207 2123 auqelis
1223 2089 1287 2123 ejus.

1334 2173 1476 2207 CAPUT
1501 2173 1576 2207 XX.

1278 2251 1315 2279 De
1333 2252 1506 2279 innovatione
1525 2251 1630 2278 mundi.

1101 2326 1266 2355 Terminalo
1280 2326 1406 2361 judicio,
1418 2326 1516 2353 statim
1529 2326 1583 2353 erit
1597 2326 1750 2353 innovatio
1763 2332 1846 2354 mun-

1065 2373 1111 2409 di,
1137 2381 1203 2410 quae
1225 2381 1286 2401 non
1313 2373 1512 2409 complebitur
1543 2373 1677 2409 quandiu
1709 2374 1846 2409 peccator

1065 2423 1108 2449 est
1130 2421 1160 2448 in
1182 2420 1314 2455 mundo,
1329 2420 1360 2448 id
1378 2422 1435 2452 est,
1454 2428 1610 2456 quousque
1627 2419 1801 2447 detrudatur
1815 2419 1845 2448 in

1064 2467 1224 2496 infernum.
1250 2468 1327 2495 Sicut
1347 2468 1426 2495 enim
1450 2467 1499 2495 ille
1519 2468 1668 2495 maximus
1690 2466 1767 2501 ignis
1786 2467 1845 2494 eie·

1064 2518 1163 2544 menta
1185 2515 1340 2552 purgabit,
1361 2523 1430 2543 cum
1450 2514 1560 2543 babeat
1577 2515 1714 2542 virtutem
1738 2512 1844 2549 expul-

1099 2618 1130 2649 (ιι)
1146 2615 1221 2647 Vuig.
1236 2615 1367 2646 possidele.
