2004 3037
879 201 967 235 CAP.
989 201 1116 235 XII-XII
1122 204 1145 236 1.

198 273 284 311 getur
306 272 369 301 tota
390 271 422 301 in
441 271 652 309 solitudinem,
666 281 680 300 n
699 271 759 300 hoc
781 271 841 308 est,
863 278 919 308 pro
941 278 978 299 eo

200 320 283 358 quod
306 319 399 349 iratus
413 321 455 348 est
469 321 573 349 contra
587 327 654 349 eam
678 317 836 354 Dominus,
856 320 980 356 propter

198 368 322 405 peccata
337 367 402 403 ejus
415 367 566 404 punietur.

239 424 254 442 α
267 414 453 444 Machabaeus
464 413 566 449 Judas,
583 413 763 450 congregata
776 411 979 447 multitudine,

199 462 395 492 intolerabilis
410 461 547 498 gentibus
561 461 754 490 efficiebatur.
768 462 813 489 lra
828 460 908 488 enim
924 461 980 488 Do-

202 509 274 539 mini
288 510 320 538 in
334 509 722 538 misericordiamconversa
743 508 795 536 est.
812 517 825 534 »
843 508 864 536 ll
879 507 979 539 Mach„

202 565 265 586 vm.

236 605 267 632 ln
281 602 427 640 parabola
440 601 477 631 de
491 609 578 630 servo
594 609 737 639 nequam,
750 600 802 638 qui
817 599 914 629 noluit
927 600 981 628 mi-

200 650 289 679 sereri
304 657 449 678 conservo
464 657 535 683 suo,
551 649 669 683 dieitur,
684 649 798 682 March„
814 655 886 676 xviii
901 656 908 675 :
925 657 938 674 ιι
949 648 982 675 Ε1

199 697 289 726 iratus
306 696 446 725 Dominus
463 695 583 724 tradidit
596 703 665 724 eum
680 695 860 730 tortoribus,
875 704 888 721 »
907 696 962 722 etc.

235 744 469 773 Observantibus
488 743 595 771 Judoeis
615 741 792 776 Dominum,
806 742 830 770 si
849 741 982 770 sabbatis

200 793 325 826 curaret,
349 790 609 827 «circumspiciens
629 798 704 818 eos»
729 789 863 819 Salvator
891 798 904 815 u
915 796 983 817 cum

200 838 253 872 ira,
270 837 457 866 contristatus
472 840 514 866 est
535 845 624 874 super
645 837 805 866 caecitatem
821 835 919 864 cordis
935 843 985 863 eo-

201 894 299 914 rum.»
317 887 416 921 Marc„
432 893 474 913 111.

238 933 346 961 Contra
362 931 431 960 illos
445 933 560 966 autem,
583 931 635 968 qui
651 939 682 959 se
707 930 924 959 excusaverunt
945 937 984 958 ne

201 979 277 1008 irent
291 979 327 1006 ad
340 986 456 1007 coenam
467 1000 476 1013 ,
491 978 610 1012 dicitur,
626 980 706 1012 Luc„
720 986 769 1006 xiv
783 986 790 1005 :
807 987 821 1004 α
832 980 911 1005 Τι1110
927 976 985 1005 ira-

201 1028 248 1054 tus
261 1025 472 1064 paterfamilias
484 1025 559 1053 dixit
569 1033 654 1053 servo
668 1034 721 1053 suo
737 1034 743 1053 z
758 1025 808 1053 Exi
820 1024 887 1059 cito,
898 1035 911 1050 »
929 1025 983 1052 etc.

241 1083 254 1100 «
270 1073 324 1108 Qui
339 1072 432 1100 credit
446 1072 478 1100 in
492 1072 599 1100 Filium
615 1072 675 1105 Dei,
690 1072 781 1100 habet
795 1072 887 1100 vitam
902 1073 986 1099 aeter-

201 1128 286 1156 nam3
302 1119 355 1156 qui
370 1120 469 1148 autem
482 1119 652 1147 incredulus
667 1121 709 1146 est
723 1119 808 1153 Filio,
821 1127 884 1147 non
897 1118 981 1147 vide-

201 1168 245 1197 bit
270 1167 381 1203 vitam,
408 1167 462 1195 sed
485 1166 531 1196 ira
556 1166 605 1195 Dei
628 1169 729 1195 manet
752 1175 842 1203 super
867 1174 949 1195 eum.
969 1176 982 1192 n

201 1216 292 1248 Joan„
309 1223 352 1244 111.

237 1262 360 1291 Multum
375 1261 508 1290 timenda
530 1263 573 1290 est
587 1261 648 1297 ira,
672 1269 739 1298 quse
760 1260 931 1289 ostendetur
954 1259 986 1288 in

203 1312 251 1341 die
263 1311 368 1348 judicii
380 1332 387 1346 ,
410 1311 447 1339 de
462 1319 540 1348 qua,
554 1311 654 1346 Apoc„
669 1319 697 1339 v1
713 1319 719 1338 z
741 1319 754 1337 «
767 1311 862 1347 Reges
881 1311 985 1345 terrae,

203 1360 232 1388 et
246 1358 408 1395 principes,
430 1359 498 1393 eto„
518 1358 617 1385 dicent
635 1357 803 1393 montibus,
821 1360 849 1386 et
870 1356 961 1394 petris
977 1365 984 1385 ε

204 1405 304 1435 CadIte
320 1413 410 1442 super
422 1413 478 1433 nos
492 1426 499 1440 ,
517 1406 544 1432 et
560 1404 734 1432 abscondite
749 1412 804 1433 nos
819 1412 837 1432 a
851 1403 925 1432 faeie
939 1411 985 1432 se-

204 1452 299 1481 dentis
312 1452 344 1481 iu
357 1451 483 1487 throno,
500 1453 527 1480 ct
543 1452 580 1480 ab
596 1452 641 1480 ira
654 1451 737 1487 Agni.
754 1461 768 1477 n

471 1548 614 1582 CAPUT
638 1548 712 1582 XII.

231 1622 307 1656 Quod
326 1623 394 1649 Deus
409 1621 474 1657 plus
493 1620 611 1648 attendit
630 1620 666 1647 ad
684 1621 854 1656 operantem,
875 1627 958 1654 quam

526 1666 562 1693 ad
582 1673 659 1701 opus.

243 1748 256 1762 «
271 1737 353 1765 Caim
367 1734 475 1764 obtulit
491 1735 527 1763 de
543 1734 689 1762 fructibus
700 1741 825 1762 munera
839 1732 964 1761 Domino
976 1754 985 1769 ,

204 1784 277 1813 Abel
290 1791 412 1821 quoque
427 1782 534 1811 obtulit
549 1783 586 1810 cle
607 1782 748 1817 gregibus
763 1781 839 1816 suis;
855 1790 869 1807 »
887 1780 986 1817 sequi·

206 1835 274 1860 tur:
294 1830 458 1867 «Respexit
485 1830 627 1858 Dominus
649 1829 689 1857 ad
703 1829 793 1863 Abel,
811 1829 839 1856 et
859 1828 899 1856 ad
922 1837 987 1856 mu-

205 1887 277 1906 nera
299 1878 379 1913 ejus;
397 1878 436 1905 ad
459 1877 539 1905 Caim
555 1884 644 1911 vero,
667 1878 695 1904 et
715 1875 754 1904 ad
777 1883 902 1903 munera
923 1875 987 1911 ejus

206 1933 267 1954 non
278 1924 417 1960 respexit.
432 1934 446 1950 1)
470 1924 547 1955 Gen„
562 1932 593 1951 x.

244 1971 389 2000 Promisso
405 1971 468 1998 filio
485 1970 522 1998 de
542 1971 612 1998 Sara
634 1969 799 2002 nascituro,
813 1969 876 1996 risit
893 1969 985 1996 Abra-

207 2019 276 2047 ham
286 2040 295 2054 ,
311 2020 390 2052 Gen„
403 2025 474 2045 xvii.
493 2017 563 2044 Risit
578 2017 666 2044 etiam
683 2017 770 2050 Sara,
787 2016 890 2049 Genes„
901 2024 984 2043 xvui.

210 2066 292 2094 ltisus
314 2068 413 2093 autem
427 2065 503 2092 Sarae
517 2064 573 2092 fuit
592 2072 608 2092 a
630 2063 756 2092 Domino
777 2063 986 2099 reprehensuS,

209 2115 236 2142 et
250 2121 311 2141 non
326 2113 402 2141 risus
415 2112 550 2140 Abrahae.

244 2163 317 2189 Cum
331 2159 462 2187 facerent
476 2158 625 2186 mirabilia
640 2158 778 2194 quaedam
794 2164 896 2185 coram
913 2157 987 2186 Pha-

207 2215 299 2236 raone
322 2210 435 2243 Moyses
454 2208 483 2234 et
505 2208 618 2239 Aaron,
633 2205 740 2241 legitur
756 2203 839 2240 quod
854 2204 987 2231 fecerunt

207 2255 342 2282 similiter
365 2253 493 2281 malefici
512 2252 717 2289 AEgyptiorum
735 2250 986 2280 incantationibus

208 2302 284 2336 suis,
300 2301 399 2332 Emod„
414 2308 487 2328 xv11.

241 2348 322 2376 Talia
347 2347 499 2375 thuribula
518 2346 689 2375 habuerunt
712 2349 802 2380 Coro,
834 2347 861 2374 et
883 2345 927 2373 illi
949 2345 985 2374 de

208 2396 300 2432 globo
330 2404 385 2423 suo
403 2417 412 2430 ‚
440 2395 514 2423 sicut
542 2398 657 2430 Aaron,
679 2398 707 2423 et
733 2395 806 2422 forte
837 2395 873 2422 de
901 2402 985 2430 aeque

208 2444 290 2471 bono
312 2443 360 2471 vel
383 2442 499 2470 meliori
523 2442 658 2477 metallo;
684 2443 889 2470 verumtamen
912 2442 986 2469 Deus

209 2499 270 2518 non
286 2490 438 2526 &qualiter
461 2489 623 2525 acceptavit
642 2489 845 2517 incensionem
870 2497 983 2516 eorum.

208 2538 302 2569 Nam„
317 2545 378 2564 xvr.

246 2583 397 2611 Elevantes
412 2582 515 2610 oculos
536 2582 719 2610 Bethsamitae
733 2583 871 2611 viderunt
885 2590 986 2611 arcam

211 2628 345 2663 Domini,
362 2631 390 2657 et
407 2628 515 2664 gravisi
530 2631 614 2663 sunt,
630 2630 658 2657 et
673 2629 845 2657 obtulerunt
860 2629 985 2658 Domino

210 2675 416 2703 holocaustum
428 2684 436 2711 ;
453 2675 589 2712 quamvis
604 2678 702 2704 autem
717 2676 832 2707 bonum
854 2683 929 2711 opus
943 2676 986 2704 sa-

1754 206 1813 237 503

1035 279 1101 301 cere
1121 273 1309 311 viderentur,
1324 274 1470 312 percussit
1492 281 1545 302 eos
1568 272 1710 301 Dominus
1730 271 1814 308 gravi

1035 320 1142 357 plaga,
1161 330 1196 350 eo
1212 322 1296 359 quod
1310 322 1450 351 viderunt
1471 328 1589 356 arcam,
1605 328 1698 357 quam
1711 319 1816 348 videre

1035 376 1097 397 nou
1112 368 1272 398 debebant.
1289 371 1298 398 Ι
1319 371 1395 405 Rea„
1409 377 1451 398 w.

1071 417 1140 445 Saul
1156 417 1278 453 quando
1293 416 1347 445 suit
1369 416 1446 445 inter
1460 415 1638 452 prophetas,
1654 414 1818 452 expoliavit

1035 472 1081 499 se,
1097 466 1126 493 et
1138 465 1316 501 prophetare
1331 464 1434 501 coepit;
1450 464 1504 492 sed
1519 471 1626 500 parum
1642 463 1668 492 ei
1692 462 1814 500 profuit.

1035 512 1046 539 I
1062 513 1138 546 Req„
1150 520 1212 540 xrx.

1072 559 1129 588 Oza
1144 559 1305 587 extendens
1316 567 1451 593 manum,
1461 558 1552 586 tenuit
1566 565 1667 586 aream
1676 564 1714 585 ne
1729 556 1816 585 cade-

1036 607 1080 635 ret
1095 607 1132 634 de
1148 606 1282 642 plaustro
1291 615 1299 641 3
1312 606 1363 642 qui
1377 606 1474 634 statim
1487 613 1643 642 percussus
1658 613 1676 633 a
1691 604 1817 633 Domino

1036 655 1171 681 mortuus
1186 655 1237 681 est.
1254 654 1275 682 ll
1287 655 1364 688 Rea„
1377 661 1416 681 vi.

1069 700 1146 729 Licet
1175 700 1281 728 offerre
1308 700 1464 728 incensum
1491 699 1617 728 Domino
1641 698 1677 727 sit
1700 699 1818 727 bonum

1039 755 1132 784 opus,
1146 756 1209 776 non
1223 749 1324 776 tamen
1339 746 1480 784 competit
1496 746 1580 775 omni
1593 745 1719 774 homini.
1736 745 1818 773 Unde

1039 794 1138 829 Ozias,
1149 803 1200 822 rex
1215 795 1308 830 Juda,
1319 801 1477 831 percussus
1493 795 1536 822 est
1548 793 1634 829 lepra
1645 801 1664 821 a
1679 791 1819 827 Domino,

1039 850 1075 870 eo
1088 842 1172 878 quod
1186 842 1249 878 ipse
1263 841 1359 870 voluit
1373 841 1527 870 incensum
1541 847 1632 877 super
1646 839 1739 868 altare
1754 838 1820 875 thy-

1039 888 1188 917 miamatiS
1203 889 1337 924 adolere,
1352 890 1374 917 ll
1389 889 1528 924 paralip„
1541 895 1622 916 xxvi.

1074 936 1226 973 Reprobat
1237 935 1378 965 Dominus
1387 944 1440 972 per
1449 935 1555 964 isaiam
1566 933 1734 963 oblationes
1745 941 1821 969 quas

1040 982 1097 1011 sibi
1112 983 1213 1011 offerri
1226 983 1364 1019 instituit,
1381 985 1408 1010 01
1421 983 1479 1011 1100
1493 982 1616 1018 propter
1630 980 1820 1010 offerentium

1040 1030 1199 1066 pravitates
1215 1040 1222 1059 ε
1239 1040 1252 1057 «
1266 1031 1330 1064 Quo
1345 1030 1418 1058 mihi
1444 1029 1666 1057 multitudinem
1689 1027 1822 1055 victima-

1040 1085 1107 1105 rum
1130 1079 1311 1113 vestrarum,
1328 1077 1399 1106 dicit
1425 1076 1588 1105 Dominus?
1611 1075 1718 1112 plenus
1743 1082 1821 1102 sum.

1041 1124 1219 1153 llolocausta
1242 1124 1384 1160 arietum,
1403 1135 1416 1150 »
1436 1125 1489 1152 etc.
1511 1125 1605 1152 Causa
1621 1130 1693 1151 vero
1718 1121 1823 1150 subdi-

1041 1173 1088 1199 tur
1113 1180 1120 1199 :
1148 1182 1162 1198 ι(
1186 1173 1288 1200 Manus
1313 1171 1394 1200 enim
1420 1172 1526 1199 vestrae
1551 1170 1697 1205 sanguiue
1725 1169 1823 1205 plenae

1041 1220 1117 1247 sunt.
1133 1229 1146 1245 »
1163 1220 1232 1253 Isa.,
1248 1227 1267 1246 1.

1075 1265 1203 1294 Praetulit
1231 1266 1373 1293 Dominus
1400 1263 1585 1293 oblationem
1611 1262 1710 1292 viduae
1723 1283 1733 1298 ,
1756 1270 1824 1298 quae

1040 1313 1140 1350 posuit
1154 1313 1215 1342 duo
1235 1321 1294 1342 zera
1313 1313 1344 1340 in
1367 1311 1634 1348 gazophylacium,
1648 1309 1824 1339 muneribus

1042 1360 1169 1388 divitum
1181 1381 1189 1395 ‚
1204 1361 1283 1395 Luc„
1293 1367 1354 1388 xxr.

1078 1407 1207 1435 Herodes
1230 1407 1370 1443 cupiebat
1393 1406 1495 1434 videre
1519 1406 1633 1440 Jesnm,
1650 1405 1678 1432 et
1699 1403 1764 1432 viso
1787 1411 1823 1431 eo

1042 1454 1160 1490 gavisus
1179 1456 1222 1482 est
1240 1454 1329 1482 valde
1340 1463 1348 1489 ς
1365 1453 1418 1482 5οᾶ
1440 1453 1558 1481 nullum
1572 1451 1702 1480 fructum
1721 1457 1824 1478 couse-

1043 1503 1126 1529 cutus
1142 1503 1184 1529 est
1197 1501 1283 1536 inde,
1299 1501 1371 1538 quia
1385 1500 1557 1534 curiositas,
1572 1499 1622 1527 vel
1636 1498 1749 1526 vanitas
1764 1499 1825 1526 erat

1043 1548 1074 1576 111
1089 1556 1195 1582 causa,
1209 1556 1272 1576 non
1291 1547 1403 1584 pietas,
1418 1547 1467 1575 vel
1488 1546 1624 1575 charitas¹
1649 1546 1724 1581 Luc„
1739 1551 1822 1572 xxm.

1303 1641 1446 1675 CAPUT
1470 1640 1561 1674 XIII.

1063 1715 1140 1748 Quod
1156 1716 1224 1742 Deus
1240 1713 1373 1742 interdum
1388 1715 1476 1741 tentat
1490 1713 1617 1744 homines,
1634 1712 1690 1739 sive
1703 1711 1810 1747 probat.

1082 1794 1096 1810 «
1109 1783 1240 1812 Tentavit
1260 1784 1336 1811 Deus
1356 1781 1524 1817 Abraham,
1540 1783 1569 1810 et
1583 1780 1658 1810 dixit
1672 1780 1712 1810 ad
1727 1788 1796 1809 eum
1814 1790 1821 1808 z

1042 1831 1123 1860 Tolle
1138 1831 1234 1858 filium
1250 1833 1349 1864 tuum,
1363 1839 1378 1856 »
1396 1831 1463 1864 etc„
1481 1829 1557 1862 Gen„
1570 1836 1642 1856 xxn.

1082 1888 1096 1904 «
1111 1878 1185 1906 Dixit
1200 1877 1340 1905 Dominus
1356 1877 1395 1905 ad
1409 1877 1530 1913 Moysen
1547 1884 1553 1903 :
1570 1877 1642 1903 Ecce
1654 1882 1709 1910 ego
1720 1874 1824 1911 pluam

1043 1925 1130 1953 vobis
1144 1932 1237 1961 panes
1261 1924 1298 1951 de
1315 1924 1390 1951 coelo
1407 1933 1415 1950 .-
1432 1923 1602 1958 egrediatur
1625 1922 1777 1958 populus„
1798 1923 1826 1949 et

1043 1972 1165 2007 colligat
1190 1979 1256 2007 quae
1279 1971 1429 1998 sufficiunt
1451 1978 1504 2005 per
1526 1969 1660 2004 singulos
1684 1968 1768 2003 dies,
1793 1970 1825 1996 ut

1043 2020 1152 2046 tentem
1179 2026 1230 2045 eos
1252 2019 1353 2044 utrum
1377 2016 1531 2044 ambulent
1546 2015 1582 2052 (a)
1598 2015 1630 2043 111
1650 2015 1716 2050 lege
1732 2022 1800 2043 mea
1813 2035 1822 2050 ‚

1043 2067 1093 2093 aut
1108 2065 1145 2101 (b)
1161 2073 1233 2093 non.
1250 2075 1263 2091 »
1280 2064 1381 2098 Emod„
1396 2072 1456 2091 xvi.
1506 2066 1517 2076 ⁴

1079 2113 1229 2148 Loquente
1245 2111 1370 2139 Domino
1387 2118 1456 2138 cum
1470 2111 1586 2146 Moyse,
1604 2117 1618 2135 «
1633 2110 1755 2137 cunctus
1770 2116 1824 2144 po-

1042 2160 1129 2196 pulus
1149 2159 1290 2187 audiebat
1306 2158 1339 2194 (a)
1355 2166 1458 2192 voceS,
1475 2158 1503 2184 et
1526 2156 1683 2192 lampades
1695 2177 1703 2191 ,
1723 2158 1752 2183 et
1773 2163 1822 2183 so-

1042 2207 1137 2234 nitum
1152 2206 1285 2233 buccinae
1299 2206 1492 2241 montemque
1506 2204 1671 2232 fumantem
1683 2224 1692 2238 ,
1709 2205 1736 2230 et
1752 2210 1822 2238 per-

1042 2253 1133 2282 territi
1158 2261 1192 2280 ac
1219 2260 1331 2287 pavore
1362 2251 1515 2286 concussi,
1541 2251 1679 2278 dixerunt
1705 2249 1797 2286 Moysi
1815 2259 1823 2276 :

1041 2302 1173 2336 Loquere
1198 2301 1230 2327 tu
1251 2299 1355 2334 nobis,
1380 2301 1435 2326 etc.
1457 2300 1488 2326 Et
1512 2298 1552 2326 ait
1575 2299 1688 2334 Moyses
1706 2296 1822 2325 :Nolite

1042 2348 1166 2382 timere;
1188 2349 1219 2374 ut
1240 2346 1320 2375 euim
1340 2346 1483 2382 probaret
1506 2353 1575 2381 vos,
1591 2345 1672 2373 venit
1687 2346 1779 2378 Deus,
1795 2345 1824 2372 et

1042 2397 1075 2423 ut
1093 2396 1187 2422 terror
1207 2393 1286 2421 illius
1302 2395 1376 2421 esset
1390 2393 1421 2421 in
1436 2392 1521 2421 vobis
1532 2413 1541 2426 ‚
1557 2394 1584 2420 et
1601 2399 1663 2420 non
1683 2398 1822 2427 peecare-

1042 2442 1087 2470 tis.
1105 2453 1118 2468 n
1134 2442 1234 2475 Emori„
1249 2449 1298 2468 xx.
1765 2440 1768 2442 ’

1078 2491 1142 2517 Νο11
1171 2488 1280 2516 delevit
1306 2489 1381 2516 Deus
1406 2488 1507 2523 gentes
1535 2486 1652 2522 penitus
1681 2484 1718 2512 de
1746 2486 1824 2512 terra

1042 2535 1248 2573 promissionis
1262 2556 1271 2570 ‚
1296 2537 1328 2563 ut
1356 2534 1387 2562 iu
1414 2534 1471 2561 illis
1499 2532 1681 2568 experiretur
1709 2530 1797 2559 Israel
1813 2551 1822 2565 ,

1042 2586 1142 2612 utrum
1158 2582 1341 2610 custodirent
1360 2582 1423 2617 ejus
1435 2580 1594 2614 mandata,
1610 2579 1714 2613 Judtc„
1735 2587 1767 2607 11.

1075 2646 1201 2676 (11)Yulg.
1222 2652 1276 2668 eum
1298 2646 1384 2668 utrum
1407 2643 1527 2668 ambulet.
1543 2655 1573 2660 -
1595 2642 1626 2673 (h)
1649 2643 1713 2667 item
1735 2649 1776 2665 mz.
1792 2655 1823 2660 —

1046 2682 1074 2712 (c)
1093 2683 1155 2706 Item
1171 2680 1279 2705 videbat.
