2004 3037
477 177 527 211 DE
548 174 902 209 SACRAMENTORUM
923 174 1109 208 VIRTUTE.
1133 176 1220 210 CAl‘.
1246 178 1339 212 xvii.

106 246 254 285 accipiunt
270 253 334 276 rem
352 245 528 275 sacramenti
539 265 548 281 ‚
570 243 603 273 id
622 244 666 273 est
687 242 813 280 gratiam
823 262 834 278 ,
855 243 884 271 et

105 301 168 326 non
189 293 288 331 ipsum
311 294 528 322 sacramentum
550 289 682 328 corporis
706 289 818 318 Christi.
843 289 882 318 De

105 341 163 373 hoc
177 341 270 370 modo
285 340 421 369 sumendi
436 339 508 368 dicit
520 336 718 375 Augustinus¹
734 346 765 365 :«
779 336 882 373 Crede,

106 390 134 418 et
147 387 353 422 manducasti,
369 397 383 414 u
398 386 430 415 id
443 387 485 414 est
499 384 619 421 corpori
639 383 743 413 Christi
757 384 882 421 mystico

105 435 311 472 incorporatus
330 441 370 462 es.
395 432 522 468 Quidam
542 431 794 460 sacramentaliter
818 433 883 460 tan-

105 484 189 518 tum,
217 483 249 510 ut
271 479 522 510 communicantes
544 478 575 506 in
598 477 716 506 mortali
739 479 882 514 peccato,

107 529 178 567 quia
195 529 263 557 lieet
284 529 358 556 Deus
371 525 408 554 sit
421 525 532 562 ubique
551 532 606 561 per
625 525 799 560 essentiam,
820 532 883 553 non

105 577 205 606 tamen
218 583 271 612 per
285 573 418 610 gratiam.
445 571 571 606 Quidam
590 571 780 608 spiritualiter
794 573 821 600 ct
836 579 882 600 sa-

106 620 329 654 cramentaliter,
350 621 382 648 ut
402 619 453 656 qul
471 619 619 655 accipiunt
634 626 717 653 rem,
739 619 767 646 ct
786 626 883 647 sacra-

106 669 239 699 mentum
250 688 259 703 ,
273 668 305 695 ut
319 665 571 695 communicantes
586 665 616 693 in
631 664 734 701 gratia.
755 665 882 700 Quidam

105 717 210 745 neutro
224 714 316 742 modo
328 735 336 748 ,
358 715 390 742 ut
411 713 462 749 qui
477 720 531 741 nec
545 720 608 740 rem
619 733 628 747 ,
642 720 698 740 nec
712 719 883 740 sacramen-

105 763 168 791 tum
182 761 339 797 accipiunt,
355 761 387 788 ut
400 759 538 794 haeretici,
554 759 607 796 qui
622 758 696 786 nihil
711 758 881 787 conficiunt.

104 808 192 837 Primi
214 815 275 836 non
298 807 512 835 manducantes
535 805 735 842 mandueant3
760 805 882 834 secundi

104 854 317 884 manducantes
329 861 390 882 non
403 853 598 888 manducant3
615 852 689 880 tertii
702 852 882 881 manducau-

105 903 148 930 tes
168 901 369 935 manducant;
395 900 492 937 quarti
513 907 574 928 non
593 899 805 928 manducantes
821 907 882 928 non

106 947 298 977 manducant.

141 995 224 1025 Circa
246 995 488 1024 communionem
513 994 703 1024 committitur
727 995 882 1031 peccatum

106 1042 199 1072 tribus
209 1041 308 1070 modis
322 1051 329 1070 z
345 1042 457 1078 primo,
471 1049 539 1069 cum
551 1042 618 1078 quis
630 1043 736 1070 statuto
749 1043 881 1078 tempore

105 1088 348 1118 communionem
371 1088 489 1116 dimittit
499 1089 509 1104 ‘³
523 1097 530 1116 z
560 1090 625 1117 Nisi
652 1089 882 1116 manducaveritis

104 1143 210 1164 carnem
230 1136 284 1170 filii
304 1135 440 1170 hominis,
453 1137 528 1171 etc.;
552 1135 703 1171 secundo,
726 1143 795 1163 cum
815 1135 882 1172 quis

103 1191 158 1212 suo
171 1185 303 1219 tempore
319 1183 543 1212 communicans
555 1183 631 1211 male
644 1183 776 1219 accedit3
792 1185 882 1220 Apos-

103 1229 182 1259 tolus
192 1230 202 1247 ³
217 1239 223 1258 :
241 1230 293 1262 Qui
307 1232 390 1258 sumit
407 1231 518 1266 indigne
528 1252 536 1262 ,
549 1231 686 1265 judicium
700 1232 754 1258 sibi
767 1231 880 1258 mandu-

104 1279 147 1305 cat
162 1278 187 1305 et
201 1277 288 1307 bibit:
308 1276 412 1312 tertio,
435 1285 504 1304 cum
526 1277 592 1313 quis
612 1279 679 1313 post
698 1278 882 1306 communio·

103 1330 174 1352 nem
188 1331 205 1352 a
218 1323 346 1360 peccatis
368 1331 397 1351 se
412 1331 474 1352 non
489 1323 632 1352 custodit:
656 1326 684 1352 et
703 1324 755 1352 iste
774 1324 882 1361 triplex

104 1371 217 1400 malum
231 1371 354 1400 incurrit
367 1381 373 1400 :
390 1372 487 1408 primo
499 1393 507 1406 ,
524 1373 594 1408 quia
608 1372 752 1401 Christum
764 1394 773 1407 ‚
790 1380 880 1409 quem

104 1418 251 1455 suscepit,
270 1418 468 1454 ignominiose
483 1427 500 1447 a
515 1427 545 1447 se
567 1419 706 1455 expellit:
732 1427 802 1447 nam
823 1422 881 1448 tur-

105 1465 172 1502 pius
185 1465 308 1501 ejicitur,
329 1473 420 1501 quam
434 1473 496 1493 non
511 1465 673 1493 admittitur
691 1466 816 1501 hospes;
839 1475 881 1494 sc-

107 1511 223 1547 cundo,
246 1511 316 1548 quia
330 1512 395 1540 talis
411 1512 637 1547 quodammodo
657 1512 881 1542 similitudinem

106 1559 188 1588 Judae
200 1559 289 1594 gerit,
304 1558 355 1594 qui
367 1561 526 1594 postquam
539 1567 607 1586 cum
619 1559 730 1587 Christo
744 1560 881 1594 coenavit,

106 1605 205 1643 ipsum
219 1605 348 1634 tradidit.
365 1606 409 1633 Sic
423 1607 451 1633 et
463 1605 593 1634 Absalon
607 1606 728 1634 fratrem
741 1615 828 1635 suum
843 1607 881 1636 ad

108 1652 279 1681 convivium
298 1653 434 1687 vocavit,
459 1654 487 1680 et
507 1654 610 1688 postea
629 1653 745 1681 oceidit.
766 1654 860 1681 Tertio
873 1675 881 1688 ,

107 1699 178 1736 quia
188 1699 325 1727 ordinem
335 1699 494 1727 honestatis
504 1699 659 1736 pervertit:
669 1701 793 1728 venturo
802 1700 882 1729 enim

105 1746 301 1775 reverentiam
316 1746 452 1782 exhibet,
468 1749 496 1774 et
509 1746 644 1783 praesenti
658 1747 782 1775 nullam.
800 1747 881 1776 Unde

106 1793 209 1821 similis
224 1794 267 1820 est
279 1793 348 1828 illis,
364 1793 414 1829 qui
427 1801 494 1821 cum
506 1793 596 1821 ramis
610 1793 771 1828 olivarum,
785 1796 812 1822 ct
823 1794 883 1822 ola-

106 1846 190 1868 more
202 1839 305 1868 festivo
317 1839 513 1868 obviaverunt
522 1840 644 1876 Christo,
657 1842 685 1869 et
694 1840 792 1877 ipsum
801 1842 881 1877 post-

107 1885 231 1914 modum
246 1886 461 1914 crucifixerunt.

143 1932 270 1965 Qualiter
294 1934 392 1960 autem
413 1933 452 1960 ad
471 1933 713 1961 communionem
737 1933 880 1962 acceden-

109 1977 181 2006 dum
196 1978 230 2005 sit
243 1998 251 2012 ,
267 1979 378 2006 discere
392 1987 550 2014 possumus
562 1980 593 2007 in
608 1988 660 2007 esu
675 1980 743 2015 agni
758 1981 881 2016 paseha-

108 2025 152 2054 lis.
171 2025 371 2053 Comedehant
386 2026 464 2053 enim
479 2026 569 2054 Judaei
585 2027 721 2054 accinctis
737 2028 858 2054 renibus
871 2048 880 2061 ,

109 2073 242 2101 calceatis
257 2072 403 2108 pedibus,
424 2073 548 2100 baculos
568 2073 709 2101 habentes
733 2074 763 2100 in
784 2075 880 2102 mani-

107 2121 181 2154 hus,
198 2127 266 2147 cum
279 2119 399 2147 lactucis
415 2119 595 2154 agrestibus,
612 2121 639 2146 et
663 2119 790 2154 panibus
817 2128 881 2156 azy-

107 2167 163 2195 mis
172 2187 180 2201 ,
191 2168 218 2194 et
231 2165 408 2193 festinanter.
426 2168 478 2193 Per
492 2166 621 2201 primum
634 2165 814 2200 significatur
827 2175 881 2202 pu-

107 2214 176 2242 ritas
196 2212 332 2240 castitatis
345 2213 355 2230 ’ψ
372 2221 378 2240 :
397 2212 459 2240 Sint
475 2213 560 2239 ῖιινηὸι·
573 2214 655 2239 vestri
671 2215 811 2247 praecz'nclc
822 2233 830 2247 ,
857 2216 881 2240 ct

109 2261 238 2293 lucernoe,
259 2261 328 2294 etc.;
344 2267 397 2295 per
412 2259 590 2293 secundum,
607 2259 728 2287 affectus
744 2259 882 2287 devotio-

108 2307 153 2334 nis
163 2307 189 2334 5:
207 2306 291 2339 Quam
302 2307 415 2341 pulchra
429 2314 455 2333 cs
468 2308 496 2333 in
511 2307 711 2341 calceamentis,
728 2308 789 2340 filia
802 2308 882 2341 prin-

109 2355 197 2389 cipum
208 2355 217 2380 J
234 2355 285 2381 Per
298 2353 427 2387 tertium,
441 2353 585 2380 memoria
600 2353 755 2381 dominicae
770 2354 882 2389 passio-

110 2399 174 2428 nis⁵
189 2409 196 2427 ;
211 2401 243 2427 In
259 2400 350 2427 baculo
364 2407 419 2426 meo
436 2401 552 2426 transivi
566 2400 709 2427 Jordancm
724 2402 815 2428 istum.
830 2402 882 2427 Pcr

111 2448 266 2481 quartum,
283 2445 449 2473 amaritudo
465 2445 647 2473 contritionis
661 2447 671 2463 Ἴ
688 2456 694 2474 ;
713 2447 819 2474 cibabis
835 2455 880 2474 nos

110 2499 178 2527 pane
202 2494 390 2527 lacrymarum.
416 2494 469 2520 Per
493 2492 629 2528 quintum
640 2514 648 2527 ,
676 2494 880 2530 promptitudo

145 2566 241 2596 ¹Aug„
257 2566 283 2590 in
297 2567 378 2596 Joan.‚
397 2568 470 2591 tract.
493 2572 552 2596 XXV,
569 2574 594 2591 n.
616 2568 654 2591 12.
669 2581 699 2585 -
717 2569 728 2584 ²
745 2568 827 2598 leam,
847 2574 881 2598 vi,

113 2602 150 2624 54.
163 2614 193 2619 -
209 2601 219 2617 ³
234 2602 241 2624 l
258 2601 325 2631 Cor„
342 2608 378 2632 XI,
401 2603 437 2626 29.
451 2615 481 2620 -
494 2602 503 2618 Β
518 2603 585 2630 Luc„
602 2608 648 2632 ΧΠ,
667 2604 705 2627 35.
723 2617 753 2621 -
771 2605 781 2620 ⁵
797 2604 880 2632 Cant.y

114 2639 195 2668 x·1¹,t.
216 2650 245 2654 —
265 2638 273 2650 ¹³
295 2638 366 2666 (10⁸17
388 2643 474 2668 xxxii,
494 2640 527 2661 io.
545 2651 574 2655 -—
590 2638 597 2651 ⁷
613 2638 681 2662 Psal.
702 2645 748 2663 Lxx
765 2645 792 2670 x,
811 2642 832 2663 6.
855 2653 879 2656 κ-

1657 182 1716 212 213

937 241 1026 272 bonae
1039 242 1200 273 voluntatis
1221 246 1248 274 et
1263 247 1445 283 operationis
1457 248 1468 265 ⁸
1486 257 1493 276 ι
1512 246 1617 276 Vidisti
1630 247 1717 276 homi-

939 298 999 318 nem
1010 290 1122 318 velocem
1133 291 1163 319 in
1172 293 1298 327 operibus
1309 296 1383 328 suis,
1397 302 1485 322 coram
1497 294 1605 330 reqibus
1619 294 1715 323 stabit.

975 336 1063 372 Item,
1083 338 1188 374 quales
1209 339 1338 368 debeant
1357 349 1420 369 esse
1444 341 1718 377 communicantes,

939 384 1103 412 ostenditur
1128 385 1159 413 in
1185 386 1317 415 vestibus
1339 388 1585 417 sacerdotalibus.
1610 388 1718 426 Requi-

937 432 1042 459 runtur
1057 431 1135 460 enim
1150 432 1204 461 ista
1220 442 1226 460 τ
1240 433 1388 469 judicium
1403 434 1606 471 discretionis,
1629 443 1717 464 mun-

939 477 1011 506 ditia
1024 478 1180 515 castitatis,
1197 480 1386 509 mortificatio
1412 482 1526 516 carnis,
1553 482 1719 511 constantia

938 523 1136 559 fortitudinis,
1152 527 1372 562 perseverantia
1387 528 1636 564 longanimitatis,
1650 537 1718 565 per-

938 570 1024 599 fectio
1049 572 1205 601 charitatis.
1227 573 1357 602 Primum
1379 576 1499 603 notatur
1523 575 1554 603 in
1572 575 1718 612 superhu-

938 618 1057 653 1ncrali3
1068 619 1244 654 secundum,
1258 620 1288 648 in
1299 620 1384 655 alba5
1397 621 1515 650 tertium
1528 621 1558 649 in
1569 621 1716 659 cinctura3

938 666 1077 701 quartum
1088 687 1096 701 ,
1114 665 1144 693 in
1160 666 1268 695 fanone
1280 689 1288 702 ‚
1305 667 1367 696 sive
1383 668 1538 704 manipulo
1550 688 1560 702 ‚
1579 668 1630 704 qui
1651 676 1719 704 por-

937 713 1014 740 tatur
1035 712 1066 740 in
1096 712 1218 742 brachio
1240 713 1315 742 sicut
1337 714 1476 752 clypeus3
1503 714 1661 751 quintum,
1687 715 1718 744 in

937 758 1013 787 stola
1019 768 1026 794 3
1044 761 1175 795 sextum,
1191 759 1222 787 in
1237 760 1348 789 casula.

973 807 1085 842 Corpus
1100 806 1203 835 Christi
1219 807 1345 835 sumitur
1368 807 1500 836 velatum
1515 807 1718 837 accidentibus

938 853 1094 889 multiplici
1122 854 1245 881 ratione.
1278 854 1375 882 Primo
1388 875 1395 888 ‚
1421 856 1543 891 propter
1576 855 1718 884 meritum

938 901 1082 935 quantum
1105 900 1144 927 ad
1163 900 1278 935 bonos,
1302 900 1393 937 quia,
1417 901 1582 930 secundum
1610 903 1718 938 Grego-

937 946 1015 974 rium
1023 946 1044 981 ⁹,
1059 946 1159 974 «fides
1174 955 1235 975 non
1249 947 1339 976 habet
1351 948 1490 976 meritum
1500 969 1509 983 ,
1525 948 1572 976 cui
1585 949 1718 978 humana

937 993 1012 1022 ratio
1027 995 1144 1029 praestat
1159 994 1406 1030 experimentum.
1422 1005 1434 1021 »
1453 995 1588 1023 Secundo
1598 1017 1607 1030 ‚
1627 1003 1719 1032 prop-

938 1042 981 1067 ter
1014 1039 1220 1075 indignitatem
1236 1062 1244 1076 ,
1268 1041 1371 1077 quoad
1393 1041 1489 1070 malos
1509 1051 1515 1069 :
1546 1042 1718 1078 exemplum

938 1086 974 1114 de
989 1087 1171 1115 Bethsamitis
1182 1109 1191 1122 ,
1208 1088 1259 1123 qui
1275 1089 1406 1124 percussi
1423 1090 1491 1116 sunt
1503 1110 1511 1124 ,
1533 1089 1604 1125 quia
1618 1097 1718 1118 arcam

938 1134 1054 1161 Domini
1073 1134 1220 1162 viderunt.
1248 1135 1358 1169 Tertio,
1382 1137 1504 1172 propter
1527 1135 1716 1164 imbecillita-

936 1183 996 1209 tem
1007 1203 1016 1215 ,
1032 1183 1178 1217 quantum
1191 1181 1231 1208 ad
1246 1189 1350 1209 omnes
1366 1190 1372 1209 τ
1389 1190 1450 1210 non
1466 1182 1546 1210 enim
1560 1190 1714 1219 possemus

937 1227 1038 1255 videre
1064 1227 1225 1255 claritatem
1249 1228 1382 1264 corporis
1409 1228 1512 1256 Christi
1545 1229 1711 1264 glorificati.

937 1274 1112 1310 Exemplum
1125 1274 1160 1301 de
1176 1276 1273 1310 Moyse
1285 1296 1293 1309 ,
1310 1274 1343 1302 in
1364 1275 1448 1310 cujus
1462 1274 1569 1303 faciem
1584 1284 1646 1304 non
1659 1285 1714 1312 po-

937 1322 1032 1348 terant
1045 1320 1197 1348 intendere
1212 1321 1266 1348 filii
1280 1321 1367 1349 lsrael
1381 1321 1504 1357 quando
1519 1322 1711 1358 resplenduit.

938 1369 1046 1402 Quarto
1057 1389 1064 1402 ,
1080 1370 1201 1404 propter
1215 1368 1371 1395 vitandum
1385 1368 1541 1396 horrorem
1556 1369 1714 1398 crudelita-

937 1415 992 1450 tis,
1009 1416 1060 1451 qui
1075 1415 1173 1448 fieret,
1203 1415 1227 1442 si
1250 1414 1353 1443 Christi
1375 1423 1496 1443 carnem
1517 1415 1654 1445 dentibus
1673 1417 1716 1446 at-

937 1464 1141 1489 trectaremus.

973 1511 1041 1536 Tres
1056 1510 1124 1535 sunt
1139 1516 1233 1536 causce
1249 1516 1341 1544 quare
1361 1508 1444 1537 laicis
1458 1516 1521 1538 non
1536 1509 1621 1538 datur
1636 1509 1716 1539 istud

938 1557 1155 1584 sacramentum
1174 1556 1229 1583 sul)
1251 1555 1362 1592 duplici
1382 1556 1479 1592 specie
1501 1565 1507 1584 ε
1535 1557 1632 1592 prima
1653 1559 1715 1592 cst,

939 1603 1009 1638 quia
1023 1603 1144 1638 possent
1165 1602 1284 1630 credere
1294 1622 1302 1636 ‚
1319 1602 1402 1638 quod
1417 1604 1494 1630 totus
1509 1603 1637 1631 Christus
1653 1611 1716 1632 non

938 1651 1012 1677 esset
1027 1649 1081 1676 sub
1097 1650 1224 1685 utraque
1240 1649 1352 1685 speeic,·
1370 1649 1515 1685 secunda,
1531 1652 1653 1685 propter
1666 1658 1716 1686 pe-

937 1695 1065 1724 rieulum
1075 1716 1084 1730 ,
1102 1695 1172 1731 quia
1187 1695 1224 1723 de
1238 1695 1318 1723 sacili
1332 1697 1432 1731 posset
1447 1696 1560 1724 effundi
1575 1696 1694 1731 sanguis
1705 1707 1714 1732 ;

937 1742 1037 1776 tertia,
1058 1745 1089 1770 ut
1104 1742 1210 1770 veritis
1232 1743 1412 1778 respondeat
1439 1743 1570 1778 umbrae,
1594 1743 1664 1779 quia
1683 1743 1714 1771 in

937 1789 1002 1826 lege
1013 1797 1074 1818 non
1085 1789 1231 1818 bibebant
1244 1789 1332 1818 etiam
1343 1790 1500 1819 offerentes
1510 1790 1547 1819 de
1560 1789 1713 1819 libamine.

1187 1884 1328 1919 CAPUT
1355 1884 1462 1919 XVII.

1090 1958 1127 1983 De
1147 1956 1312 1984 abstinentia
1328 1965 1345 1984 ιι
1367 1956 1563 1984 Communione.

975 2026 1125 2055 Abstinent
1155 2026 1278 2062 quidam
1307 2035 1325 2054 a
1353 2026 1563 2055 communione
1593 2027 1715 2062 propter

938 2073 1057 2109 culpam
1070 2073 1240 2108 propriam,
1255 2075 1282 2100 et
1297 2073 1390 2109 aliqui
1405 2073 1467 2100 sine
1479 2072 1567 2108 culpa
1582 2072 1713 2106 mortali,

938 2119 989 2146 sed
1004 2121 1125 2154 propter
1140 2120 1315 2147 sacramenti
1335 2119 1549 2153 reverentiam,
1567 2118 1641 2146 sicut
1660 2118 1713 2154 qui

938 2166 1064 2193 sentiunt
1086 2174 1115 2192 se
1136 2167 1234 2193 minus
1252 2166 1381 2193 mundos
1397 2173 1484 2194 carne
1496 2185 1506 2200 ,
1528 2165 1576 2193 vel
1596 2166 1713 2201 mente,

938 2213 986 2240 vel
1000 2212 1088 2240 etiam
1103 2212 1259 2241 indevotos
1274 2222 1280 2240 z
1295 2215 1322 2242 et
1333 2213 1378 2241 isti
1393 2213 1470 2241 bene
1484 2212 1608 2248 faciunt,
1625 2212 1715 2240 dum-

938 2259 1029 2287 modo
1052 2260 1165 2295 possint
1179 2260 1256 2295 juste
1279 2262 1307 2288 et
1330 2260 1393 2288 sine
1418 2259 1546 2288 aliorum
1569 2259 1712 2288 scandalo

937 2306 1139 2342 supersedere.
1163 2307 1215 2335 Ubi
1237 2307 1316 2336 enim
1341 2315 1403 2336 non
1426 2307 1514 2334 instat
1536 2306 1714 2342 necessitas,

939 2353 1155 2381 consulendum
1180 2355 1222 2382 est
1242 2354 1350 2382 talibus
1364 2376 1371 2388 ,
1394 2355 1427 2382 ut
1446 2354 1483 2381 de
1502 2353 1713 2381 communione

938 2402 1104 2436 expectent,
1121 2408 1276 2436 quousque
1291 2401 1401 2437 parati,
1418 2402 1445 2428 et
1461 2400 1576 2433 devoti,
1601 2407 1635 2427 ac
1657 2399 1713 2427 cir-

940 2447 1100 2482 cumspecti
1114 2447 1227 2483 possint
1242 2448 1391 2476 accedere.
1406 2447 1491 2476 Nulla
1505 2449 1603 2474 tamen
1615 2454 1713 2474 neces-

939 2493 1007 2522 sitas
1027 2493 1116 2521 debet
1136 2494 1331 2530 compellere,
1355 2496 1387 2522 ut
1408 2493 1517 2530 aliquis
1537 2493 1568 2520 in
1590 2494 1712 2529 peccato

940 2540 1057 2568 mortali
1072 2540 1197 2568 existens
1212 2541 1337 2569 scienter
1352 2540 1560 2568 communicet.

940 2604 948 2616 Β
963 2603 1047 2633 Ρνου.,
1068 2608 1134 2632 xxn,
1151 2605 1188 2628 29.
1202 2617 1233 2622 —-
1246 2605 1256 2621 ⁹
1271 2605 1357 2636 Greg„
1378 2604 1404 2628 z'n
1423 2603 1529 2634 Evanq„
1549 2603 1619 2627 hom.
1643 2607 1714 2633 xxvi,

940 2638 1024 2664 statim
1038 2646 1052 2662 a
1067 2639 1147 2670 princ.
