2004 3037
49 1257 142 1283 compa-

41 1287 137 1309 rationes

31 1319 130 1346 justitia.

359 104 411 136 DE
432 102 671 137 VlRTUTIBUS
693 99 952 134 THEOLOGICIS
973 99 1024 132 ΕΤ
1046 100 1349 135 CARDl'NALlBUS.
1373 103 1461 136 CAP.
1485 103 1566 136 vul.

158 177 302 209 prospera
324 171 448 200 vincunt
461 193 468 206 ‚
493 173 521 200 et
542 171 628 208 quod
650 170 718 208 plus
737 170 795 204 est,
811 175 938 204 regnum

158 217 303 247 coelorum
322 218 468 246 violenter
487 218 617 255 rapiunt.
640 219 712 246 Nam
728 217 737 234 ²
757 217 871 244 violenti
891 223 937 243 ra-

157 266 238 301 piunt
261 266 350 299 illud,
375 267 407 294 ut
426 265 533 293 dicitur
555 264 586 292 in
607 264 748 292 Matthaeo.
766 264 813 291 Est
827 262 937 290 nihilo-

157 311 256 340 minus
270 311 413 341 fortitudo
428 312 530 341 similis
548 312 638 348 petroe
651 309 844 345 infrangibili,
862 317 937 345 qua-

157 358 193 386 lis
222 360 265 386 est
290 359 422 387 adamas.
451 360 523 387 Nam
556 357 631 385 sicut
663 356 716 392 qui
746 355 937 384 adamantem

157 405 299 442 percutit,
314 406 377 442 ipse
398 405 493 440 magis
515 403 693 441 percutitur3
710 402 751 430 sic
766 402 818 439 qui
836 402 936 430 virum

157 451 263 481 fortem
277 453 434 486 molestat,
458 451 553 486 magis
576 450 706 485 laeditur,
729 457 822 486 quam
843 449 933 477 laedit.

157 501 190 527 Et
216 499 291 527 sicut
315 499 438 527 adamas
459 505 521 526 non
546 497 691 533 frangitur
714 495 876 529 violentia,
896 496 936 524 ita

157 545 203 574 vir
217 545 300 574 fortis
323 545 408 573 nulla
429 544 574 579 frangitur
596 543 791 580 impatientia.
813 544 847 570 Et
861 543 937 570 sicut

159 592 283 620 adamas
304 591 447 620 scinditur
466 591 610 627 sanguine
631 590 722 624 hirci,
738 590 779 617 sic
793 589 839 617 vir
853 589 936 617 fortis

158 638 300 667 memoria
315 638 461 675 passionis
476 637 588 666 Christi.
611 638 731 673 Propter
745 636 799 664 ista
815 636 852 664 de
870 636 935 664 viro

157 685 222 714 forti
248 685 355 714 dicitur
368 686 379 702 2
396 694 402 713 :
420 687 453 713 Ut
468 685 640 713 adamantem
654 686 680 711 et
700 687 730 711 ut
750 684 852 711 silicem
872 683 936 711 dedi

155 733 254 766 faciem
269 735 352 760 tuam.

377 818 402 851 C
413 819 441 851 A
452 817 478 850 P
491 816 520 850 U
530 817 556 849 T
593 816 624 850 V
636 816 649 849 I
662 817 673 849 l
687 816 712 849 Ι.

457 895 495 921 De
513 894 633 922 Justz'tia.

192 968 305 996 iustitia
320 969 362 995 est
375 968 467 995 virtus
481 975 536 995 sua
557 966 718 1002 unicuique
739 966 887 1000 tribuens,
904 968 937 994 ut

157 1014 228 1042 (11011
249 1014 426 1050 Augustinus
442 1015 472 1049 ⁵,
489 1015 521 1041 de
543 1015 636 1041 Libero
662 1013 793 1040 Arbitrio.
822 1013 936 1040 lustitia

157 1063 200 1089 est
221 1062 366 1089 rectitudo
381 1061 541 1089 voluntatis
561 1063 684 1097 propter
705 1069 734 1088 se
757 1062 888 1094 servata,
905 1061 937 1086 ut

156 1109 196 1136 ait
218 1109 372 1136 Anselmus
382 1109 402 1136 ⁶.
421 1110 458 1136 Ι)0
470 1108 581 1144 justitia
596 1110 666 1135 nota
681 1107 848 1143 specialiter
861 1107 934 1141 tria,

155 1155 265 1183 scilicet
280 1155 341 1192 typi
355 1155 488 1190 figuralis
508 1155 685 1190 elegantiam
695 1176 704 1189 ,
720 1156 822 1190 partus
836 1154 935 1181 filialis

156 1203 386 1237 abundantiam,
405 1204 432 1230 et
447 1205 529 1230 actus
545 1201 679 1229 virtualis
695 1201 869 1229 efficaciam.

191 1250 288 1278 Primo
303 1258 374 1285 ergo
386 1250 497 1285 justitia
509 1251 614 1285 typum
626 1249 716 1276 habet
727 1249 934 1284 multiplicem,

156 1299 183 1325 et
196 1297 325 1332 figuram
343 1296 432 1324 valde
453 1296 629 1331 elegantem.
645 1297 839 1332 Comparatur
854 1296 934 1323 enim

154 1344 247 1372 tribus
262 1343 427 1380 specialiter
443 1353 448 1370 :
462 1343 535 1371 sicut
546 1345 624 1371 reeta
640 1343 758 1375 semita,
770 1343 844 1370 sicut
855 1345 934 1371 recta

153 1390 273 1426 regula,
289 1393 316 1418 01
330 1391 405 1418 sicut
419 1393 498 1418 recta
516 1390 605 1417 linea.
632 1392 678 1417 Est
701 1393 801 1417 autem
822 1389 934 1423 justitia

154 1438 228 1465 510111
248 1440 327 1465 recta
349 1438 453 1465 semita
471 1446 476 1465 :
499 1445 570 1464 nam
589 1437 663 1464 sicut
680 1436 732 1464 illa
757 1439 799 1464 est
822 1436 932 1464 brevis-

154 1485 229 1512 sima
253 1484 288 1520 (a)
309 1484 445 1518 viarum,
468 1484 508 1511 510
534 1492 587 1520 per
606 1484 687 1510 viam
710 1483 828 1518 Ι11151111εο
850 1483 933 1510 0111115

153 1531 324 1567 pervenitur
352 1531 391 1559 ad
425 1531 564 1558 bravium
599 1530 813 1565 sempiternum
833 1551 841 1564 ,
871 1529 932 1558 1100

155 1579 251 1606 omnis
276 1578 335 1606 alia
358 1578 407 1606 via
431 1580 473 1605 est
494 1577 615 1605 devium
643 1586 649 1604 :
674 1585 743 1604 nam
769 1577 876 1604 dicitur
901 1577 932 1604 in

155 1625 272 1652 Psalmo
287 1625 318 1652 ⁵:
344 1626 444 1652 Errare
472 1625 539 1658 fecit
567 1632 609 1651 eos
630 1625 660 1650 in
681 1625 771 1658 invio,
787 1626 813 1651 et
834 1632 886 1651 non
902 1625 933 1650 in

153 1673 210 1700 via.
235 1671 316 1699 Unde
337 1671 444 1699 dicitur
466 1671 509 1699 ibi
538 1671 575 1699 de
600 1671 707 1706 justis⁶
721 1680 728 1698 t
742 1671 864 1698 Deduaeit
891 1679 932 1698 eos

154 1720 183 1747 in
201 1721 284 1754 viam,
300 1722 331 1746 ut
345 1720 416 1746 irent
436 1721 466 1746 in
483 1720 622 1746 civitatem
633 1719 821 1746 habitationis.
838 1720 875 1746 De
890 1718 933 1745 in-

150 1766 235 1801 justis
260 1775 332 1794 vero
360 1766 467 1794 dicitur
491 1766 586 1794 alibi⁷
622 1774 628 1793 :
659 1767 693 1793 In
716 1768 830 1793 circuitu
849 1767 932 1801 z‘mpz‘z‘

153 1815 301 1841 ambutant.
318 1815 364 1841 Est
376 1814 463 1842 etiam
483 1813 595 1849 justitia
617 1813 691 1840 sicut
709 1815 788 1840 recta
808 1812 929 1848 regula:

153 1868 223 1887 nam
257 1860 331 1887 sicut
359 1863 437 1888 recta
465 1860 569 1895 regula
598 1861 640 1887 051
672 1860 817 1887 fidissima
850 1867 932 1887 men-

154 1915 304 1941 surarum,
318 1907 358 1934 sic
378 1907 489 1942 justitia
508 1909 551 1934 est
574 1907 687 1942 optima
706 1914 930 1940 mensurarum,

154 1954 182 1980 et
211 1953 370 1981 certissima
393 1961 531 1981 mensura
554 1953 594 1981 ad
614 1953 650 1988 (ὁ)
666 1953 781 1980 bonum
805 1961 930 1989 operari<

155 1999 237 2027 dum.
265 2001 328 2027 erc
361 2002 403 2027 est
432 2000 511 2027 enim
539 2000 643 2035 regula
670 1999 870 2035 divina‚quae
886 2000 930 2027 di-

153 2046 222 2081 rigit
246 2054 338 2082 opera
360 2049 461 2074 nostra
480 2055 485 2072 :
511 2046 591 2073 unde
616 2046 722 2073 dicitur
736 2045 745 2061 Β
768 2056 776 2073 .-
802 2048 931 2073 Dominus

154 2093 249 2128 dilz'yit
267 2093 297 2128 (c)
315 2093 412 2128 justos.
437 2095 469 2121 Et
490 2093 611 2129 Sapiens
627 2093 667 2120 ait
680 2094 690 2109 ⁹
708 2102 714 2120 :
732 2093 785 2125 Qut
807 2094 931 2127 sequitur

149 2141 310 2175 justitiam,
332 2141 461 2174 diliyitur
480 2149 497 2167 a
519 2142 640 2167 Donn'no.
665 2141 712 2167 Est
735 2139 930 2167 nihilominus

151 2187 261 2222 justitia
274 2187 348 2214 sicut
367 2189 446 2214 recta
465 2187 544 2214 linea
557 2196 562 2214 :
577 2187 651 2214 sicut
667 2186 747 2214 enim
762 2188 840 2214 recta
852 2186 931 2214 linea

153 2236 196 2261 est
208 2234 408 2270 pulcherrima
422 2234 578 2267 linearum,
591 2236 622 2261 ut
637 2233 706 2261 dicit
717 2233 928 2268 Philosophus3

153 2280 194 2307 sic
215 2281 332 2316 justitiae
354 2281 498 2308 rectitudo
524 2281 591 2308 facit
614 2280 767 2307 hominem
789 2280 819 2306 in
834 2280 929 2307 inten-

153 2327 232 2355 tione
248 2330 275 2354 et
293 2327 517 2355 conversatione
538 2327 773 2363 pulcherrimum
795 2328 822 2354 et
842 2326 930 2354 deco-

153 2382 230 2402 rum.
255 2376 326 2402 Nam
350 2374 424 2402 sicut
451 2377 560 2402 statura
585 2374 710 2402 humani
736 2374 867 2410 corporis
890 2376 931 2402 est

186 2462 192 2474 ¹
214 2461 317 2492 Matth„
332 2468 374 2489 xi,
391 2463 429 2486 12.
446 2475 472 2479 -
490 2462 498 2475 ²
516 2461 615 2490 Ezeclzq
633 2467 672 2491 111,
688 2463 710 2485 3.
731 2474 761 2479 -
781 2461 790 2477 ³
808 2462 882 2492 Aug„
902 2467 931 2484 ae

155 2495 208 2520 Lib.
232 2497 304 2528 Arb.‚
328 2498 373 2522 lib.
399 2498 422 2526 1,
447 2505 468 2522 c.
494 2503 543 2522 1111.
566 2511 592 2515 -
617 2497 625 2511 ¹
650 2497 773 2527 Anselm„
795 2497 824 2520 cle
852 2498 929 2522 Verit-

156 2532 265 2563 Dialog„
286 2540 309 2557 c.
329 2539 385 2558 11111.
406 2547 435 2552 -
454 2534 464 2550 ¹⁵
484 2533 550 2557 Psat.
572 2539 627 2561 ενι,
648 2535 686 2557 40.
699 2547 729 2551 -
749 2534 758 2549 Β
776 2532 847 2561 111111,
865 2534 886 2557 7.
900 2547 931 2551 -

177 2568 244 2592 Psal.
261 2574 297 2600 xl,
311 2570 334 2594 9.
345 2582 377 2587 -—
391 2569 401 2586 ⁸
415 2569 483 2594 Psal.
500 2575 576 2599 cxtv,
590 2570 613 2593 8.
628 2582 658 2587 —
672 2570 681 2584 ⁹
698 2572 781 2600 Proin,
803 2575 846 2598 xv,
862 2571 883 2594 9.
901 2582 930 2587 -

1712 106 1771 136 303

992 167 1144 204 pulchrior
1158 168 1234 197 inter
1255 177 1374 206 omnes,
1389 171 1462 208 quia
1485 173 1529 199 est
1549 172 1629 199 recta
1651 171 1691 200 ad
1712 179 1772 200 001-

992 214 1070 249 111111;
1087 214 1128 243 510
1143 217 1254 244 statura
1273 217 1371 246 cordis
1393 220 1436 246 est
1459 218 1681 255 pulcherrima,
1701 226 1772 246 cum

991 269 1046 298 per
1061 262 1205 297 justitiam
1225 265 1267 291 cst
1284 266 1364 292 recta
1383 265 1422 292 ad
1438 266 1538 293 Deum.
1561 265 1641 293 Unde
1656 272 1772 302 sponsoe

992 308 1099 336 dicitur
1116 309 1133 325 ¹⁰
1147 318 1153 336 :
1170 309 1285 337 Statura
1308 313 1355 338 tua
1369 313 1526 339 assimilata
1544 315 1584 340 est
1600 313 1710 348 palmae.
1733 313 1772 339 De

990 354 1047 383 hac
1057 355 1235 384 rectitudine
1251 356 1360 385 dicitur
1372 359 1390 375 ¹¹
1404 367 1410 385 :
1424 359 1593 387 solummodo
1607 360 1654 387 hoc
1668 360 1771 394 inveni,

991 403 1064 437 quod
1082 403 1149 431 Deus
1161 404 1225 436 fecit
1239 404 1370 432 hominem
1385 408 1495 432 rectum.

1026 450 1096 478 Item
1106 450 1217 485 justitIa
1232 451 1359 479 multum
1374 452 1495 488 proprie
1509 452 1602 480 tribus
1616 453 1680 481 aliis
1692 461 1772 481 com-

990 498 1124 532 paratur.
1141 498 1228 531 Nota,
1243 498 1327 534 quod
1350 498 1458 534 triplex
1479 501 1521 526 est
1536 498 1668 534 justitia:
1685 507 1773 535 gene-

989 542 1076 577 ralis,
1091 551 1158 579 quaa
1179 543 1278 579 dirigit
1301 545 1455 573 hominem
1477 545 1507 573 in
1532 545 1614 573 omni
1638 546 1741 582 hono,
1754 555 1773 575 a

990 597 1052 625 qua
1063 590 1170 618 dicitur
1184 590 1276 619 homo
1292 591 1384 619 factus
1399 592 1498 621 bonus
1508 602 1516 627 ;
1526 592 1693 628 judicialiS,
1705 602 1772 630 quaa

991 636 1128 672 corrigit,
1140 637 1188 664 vel
1203 641 1318 666 0001001
1330 638 1369 666 ab
1386 639 1468 667 omni
1481 639 1561 667 malo
1570 661 1579 675 ,
1596 643 1624 668 et
1636 640 1692 668 ista
1704 649 1771 668 cor-

990 683 1059 718 rigit
1073 683 1180 712 delicta
1192 685 1315 720 propria
1329 685 1378 713 vcl
1396 686 1494 714 aliena
1504 696 1512 722 ;
1530 687 1706 723 cardinalis,
1723 688 1772 716 vel

990 731 1127 766 moralis,
1144 739 1210 767 quae
1233 732 1330 761 reddit
1355 734 1517 770 unicnique
1541 735 1697 771 proprium
1715 736 1772 764 ho-

990 785 1072 806 num.
1089 780 1137 806 Est
1150 778 1250 815 itaque
1271 779 1385 815 justitia
1408 780 1481 809 sicut
1507 789 1626 816 gemma
1649 783 1679 810 in
1694 785 1771 811 serto

991 833 1099 860 aureo,
1113 825 1188 853 sicut
1202 826 1285 853 stella
1299 826 1329 854 in
1350 827 1422 863 polo
1438 829 1547 857 arctico
1557 850 1567 864 ,
1585 832 1612 857 et
1626 830 1701 858 sicut
1715 831 1772 859 dea

990 872 1021 899 in
1035 874 1137 900 nostro
1157 873 1367 902 microcosmo.
1389 876 1436 902 Est
1456 875 1545 910 igitur
1563 876 1675 911 justitia
1698 876 1772 905 sicut

990 926 1108 954 gemma
1120 920 1151 947 in
1166 923 1244 949 serto
1259 929 1350 950 aureo
1368 931 1374 949 :
1391 930 1462 950 nam
1477 923 1551 951 sicut
1571 932 1690 958 gemma
1703 925 1772 952 serti

991 966 1071 993 aurei
1089 968 1131 994 est
1146 970 1373 1004 ornamentum,
1387 969 1459 1006 quia
1475 972 1569 998 totum
1591 973 1702 999 sertum
1726 979 1771 999 or-

990 1015 1055 1047 nat,
1071 1015 1099 1042 et
1122 1014 1191 1042 facit
1214 1016 1394 1051 pretiosum,·
1415 1017 1456 1045 sic
1480 1018 1568 1046 etiam
1590 1021 1700 1046 sertum
1715 1027 1769 1047 an-

990 1068 1076 1088 reum
1104 1061 1211 1089 dieitur
1234 1063 1348 1098 gratia,
1368 1072 1403 1091 eo
1428 1065 1512 1100 qnod
1536 1065 1567 1092 in
1592 1065 1642 1093 illa
1667 1068 1695 1094 et
1717 1075 1770 1102 per

989 1107 1074 1136 illam
1108 1113 1287 1138 coronantur
1316 1119 1408 1147 opera
1443 1113 1544 1140 nostra
1571 1112 1662 1140 bona.
1696 1115 1770 1141 Nam

991 1155 1080 1182 etiam
1095 1164 1187 1192 opera
1202 1157 1298 1192 bona,
1315 1166 1381 1193 quae
1402 1157 1507 1186 fierent
1522 1161 1605 1186 extra
1626 1160 1750 1194 gratiam
1760 1181 1769 1194 ,

990 1209 1146 1238 nunquam
1163 1211 1306 1231 coronam
1322 1207 1514 1233 mererentur.
1536 1207 1566 1232 ln
1585 1206 1640 1234 hac
1658 1215 1769 1235 corona

990 1256 1080 1277 aurea
1094 1271 1101 1284 ,
1123 1250 1171 1277 vel
1192 1253 1269 1278 serto
1290 1259 1399 1287 aureo,
1416 1252 1531 1280 insertae
1553 1256 1620 1281 sunt
1642 1257 1771 1290 quatuor

990 1303 1115 1330 gemmae
1138 1297 1226 1324 valde
1252 1298 1401 1333 pretiosae,
1427 1299 1474 1326 vel
1499 1301 1627 1335 quatuor
1649 1301 1770 1329 virtutes

989 1343 1168 1379 principales
1183 1366 1189 1377 ‚
1215 1345 1325 1372 50111001
1348 1346 1508 1381 prudentia
1524 1368 1532 1381 ,
1558 1349 1768 1383 temperantia,

989 1388 1146 1424 fortitudo,
1159 1393 1186 1418 01
1197 1391 1319 1426 justitia.
1336 1394 1456 1421 Gemma
1471 1394 1634 1429 prudentiae
1649 1395 1770 1430 ponitur

988 1435 1019 1462 in
1035 1437 1174 1464 anteriori
1191 1440 1273 1473 parte
1290 1447 1422 1473 coronae,
1436 1440 1507 1475 quia
1523 1441 1560 1467 ad
1577 1441 1767 1476 prudentiam

988 1483 1115 1518 pertinet
1130 1492 1190 1511 non
1215 1485 1312 1512 solum
1335 1486 1491 1521 praesentia
1515 1487 1691 1523 disponere,
1708 1490 1768 1516 imo

990 1533 1017 1558 et
1031 1531 1130 1559 futura
1151 1532 1326 1567 praevidere.
1353 1535 1475 1561 Gemma
1498 1536 1699 1570 temperantiae
1723 1537 1768 1564 lo-

990 1579 1072 1605 catur
1088 1586 1105 1605 a
1119 1578 1243 1612 dextris,
1266 1579 1338 1615 quia
1361 1581 1554 1616 temperantia
1579 1581 1648 1610 facit
1668 1583 1768 1611 110101-

989 1631 1059 1651 nem
1080 1625 1194 1659 justum
1208 1628 1236 1653 et
1250 1625 1386 1654 sobrium
1399 1627 1431 1654 in
1453 1627 1574 1655 dextera
1588 1630 1766 1665 prosperita-

988 1671 1033 1698 tis.
1064 1672 1186 1699 Gemma
1214 1671 1394 1700 fortitudinis
1422 1674 1560 1702 inseritur
1579 1683 1597 1703 a
1621 1675 1743 1704 sinistris
1758 1698 1767 1711 ,

989 1718 1059 1753 quia
1072 1718 1214 1747 fortitudo
1237 1719 1306 1747 facit
1329 1721 1483 1749 hominem
1508 1722 1665 1750 robustum
1687 1723 1719 1751 in
1733 1724 1769 1751 si-

988 1765 1080 1792 nistra
1096 1765 1290 1794 adversitatis
1311 1768 1432 1795 Gemma
1446 1776 1518 1796 vero
1537 1769 1655 1804 justitiae
1674 1770 1769 1798 incas-

988 1814 1079 1840 tratur
1100 1813 1131 1840 in
1159 1813 1316 1848 posteriori
1341 1816 1439 1850 parte,
1460 1815 1534 1843 sicut
1557 1816 1714 1853 episcopus
1738 1817 1768 1845 10

988 1859 1047 1887 fine
1059 1861 1275 1896 processionis,
1293 1862 1367 1889 sicut
1388 1871 1440 1890 rex
1462 1864 1493 1891 in
1511 1863 1570 1892 fine
1587 1865 1676 1900 aciei,
1693 1866 1767 1893 sicut

988 1909 1079 1934 nauta
1092 1907 1142 1935 vel
1158 1908 1340 1943 gubernator
1355 1909 1386 1936 in
1397 1910 1492 1938 cauda
1507 1911 1602 1945 navis,
1613 1912 1687 1939 sicut
1702 1921 1767 1940 sen-

988 1955 1077 1982 tentia
1085 1956 1163 1990 justa
1178 1955 1325 1991 profertur
1340 1957 1369 1983 in
1384 1957 1442 1984 fine
1456 1965 1567 1991 causae,
1579 1958 1653 1986 510111
1668 1959 1766 1994 etiam,

987 2004 1054 2037 post
1070 2002 1208 2036 ,lahorem
1228 2003 1409 2037 certaminis,
1427 2004 1513 2031 datur
1531 2005 1635 2032 victori
1656 2014 1768 2034 corona

987 2048 1184 2083 triumphalis,
1211 2049 1291 2076 Unde
1316 2050 1354 2077 ab
1378 2050 1445 2084 ista,
1463 2053 1606 2086 tanquam
1622 2060 1640 2079 a
1662 2053 1768 2088 princi-

987 2095 1047 2130 pali
1061 2103 1194 2129 gemma,
1212 2095 1421 2124 denominatur
1446 2105 1570 2126 corona.
1593 2098 1664 2126 Dicit
1687 2099 1767 2127 enim

988 2141 1144 2177 Apostolus
1167 2141 1184 2156 '²
1201 2152 1207 2169 :
1225 2144 1353 2177 Reposz‘ta
1377 2146 1416 2170 est
1438 2145 1506 2170 mihi
1527 2153 1623 2172 corona
1637 2146 1765 2180 justitioe.

987 2188 1105 2215 Aurifex
1122 2188 1152 2215 in
1167 2189 1250 2223 cujus
1265 2189 1420 2217 aurificina
1433 2190 1595 2219 fabricatur
1609 2192 1671 2220 haec
1692 2201 1766 2229 prze-

987 2235 1062 2263 tiosa
1085 2243 1212 2269 corona,
1236 2238 1278 2263 est
1299 2236 1444 2272 sapientia
1472 2238 1601 2266 increata
1616 2260 1624 2272 ,
1645 2239 1682 2266 (10
1707 2248 1767 2275 qua

988 2282 1093 2310 dicitur
1106 2284 1125 2300 ¹³
1138 2292 1144 2310 :
1159 2283 1335 2310 Sobrt'etatem
1350 2284 1558 2318 erpi-ademtam
1576 2286 1659 2320 docet,
1674 2289 1698 2313 et
1709 2287 1767 2321 jus-

988 2331 1093 2363 titiam,
1109 2332 1134 2356 et
1148 2331 1290 2361 virtutem,
1308 2329 1341 2357 id
1357 2332 1416 2364 est,
1433 2330 1655 2366 fortitudinem,
1671 2334 1766 2368 quibus

987 2377 1058 2403 m'hz'l
1067 2377 1166 2404 utilius
1176 2378 1254 2404 estin
1263 2378 1323 2404 vita
1331 2377 1491 2405 hominibus.
1502 2379 1563 2406 Istae
1574 2382 1701 2414 quatuor
1710 2380 1767 2407 vir-

989 2451 1006 2465 ¹⁰
1022 2450 1106 2479 Cant,
1123 2457 1169 2481 vn,
1184 2452 1250 2474 ’1.-
1269 2450 1284 2466 ¹¹
1300 2450 1394 2481 Eccle.,
1410 2457 1455 2482 111,
1471 2453 1509 2476 30.
1524 2465 1554 2470 -
1568 2453 1589 2469 ¹2
1605 2453 1623 2477 ll
1644 2453 1714 2483 Tim„
1731 2446 1766 2484 tv,

988 2487 1009 2511 8.
1022 2500 1053 2505 -
1070 2488 1088 2501 ¹³
1102 2486 1173 2517 Sap„
1187 2492 1244 2517 vni,
1261 2487 1284 2510 7.

1020 2535 1052 2563 (a)
1080 2534 1140 2558 Coet.
1166 2533 1226 2556 edit.
1249 2532 1399 2557 rectissima.
1425 2546 1450 2550 —
1478 2533 1510 2563 (b)
1536 2534 1596 2558 [lem
1615 2534 1721 2559 donum.
1735 2548 1766 2553 —

989 2571 1017 2602 (c)
1032 2571 1128 2595 Forsan
1144 2569 1284 2600 legendum
1298 2568 1405 2600 dirigit.
1420 2575 1451 2593 ex
1465 2569 1533 2594 Psal.
1550 2576 1598 2601 vn,
1614 2572 1651 2595 10.
