2004 3037
205 164 268 196 604

206 229 390 267 pauperibus
399 227 527 265 nuptiis,
540 226 594 256 ubi
603 226 707 256 vinum
716 226 834 263 defecit,
848 227 941 261 Jocn„
952 232 983 253 ιι.

204 278 271 306 Non
290 278 390 305 autem
410 274 590 303 interfuisset
611 273 776 311 splendidis
795 275 823 303 et
842 271 986 302 divitibus

205 322 335 360 nuptiis,
349 322 380 350 in
395 321 505 359 quibus
516 321 592 350 fiunt
605 320 776 359 frequenter
787 327 925 350 enormes
936 326 985 348 ex-

205 378 316 400 cessus.

244 427 257 443 a
267 419 340 447 Cum
354 416 560 452 cognovisset,
576 416 648 453 quia
660 415 778 444 venturi
791 416 875 444 erant
887 415 920 442 ut
938 421 986 442 ra-

204 466 308 501 perent
321 471 390 492 eum
401 485 410 499 ,
433 465 462 492 et
479 463 610 492 facerent
630 471 700 492 eum
717 471 840 499 regem,
860 461 936 497 fugit
954 460 986 490 in

203 513 348 540 montem.
363 521 377 538 n
394 511 480 545 Joan,
495 518 543 544 vr,
558 512 585 538 5.

242 558 419 586 Didrachma
440 565 492 586 seu
513 557 659 586 tributum
671 577 681 592 ,
701 556 788 594 quasi
809 563 912 585 servus
935 557 987 585 aut

204 604 334 641 alienus,
349 604 484 633 exsolvit.
501 605 614 639 Manli„
630 611 709 638 xvu,
723 605 770 632 26.

239 653 304 681 Non
323 651 455 680 habebat
468 651 522 680 ubi
539 653 630 688 caput
650 650 824 685 reclinaret,
847 651 925 685 Luc„
941 657 986 684 ix,

205 700 249 728 58.
266 700 299 728 Et
315 699 459 727 circuiens
472 698 602 727 civitates
617 700 645 726 et
659 697 790 732 castella,
803 697 895 734 pedes
911 696 986 732 ibat,

204 747 245 775 ita
260 746 344 783 quod
363 745 550 782 quandoque
570 745 708 781 fatigatus
729 753 766 774 ex
781 745 883 773 itinere
900 743 986 772 sede-

204 793 257 822 hat
270 801 360 830 super
374 793 505 827 fontem,
524 794 553 821 et
567 800 585 821 a
599 792 725 820 muliere
739 791 924 820 Samaritana
939 790 986 818 bi-

205 840 276 869 bere
291 840 481 877 postulabat,
491 841 584 875 Joun„
596 847 634 868 iv.
645 838 772 874 Quando
783 846 854 866 vero
866 839 987 866 vectura

204 888 246 916 uti
269 887 382 922 voluit,
407 895 469 915 non
490 895 620 923 equum,
641 886 694 915 sed
717 885 844 914 asellum
863 884 984 920 habuit,

205 935 319 967 Ittatch.¹
331 942 397 969 xxr3
413 935 512 968 Marc„
528 941 573 968 113
594 934 670 968 Luc„
687 941 755 968 x1x3
771 934 864 967 Joan„
879 940 930 961 ιιι.

240 981 424 1010 Transiturus
439 989 475 1010 ex
490 981 547 1009 hoc
566 980 683 1008 mundo
696 980 736 1008 ad
752 982 882 1014 Patrem,
898 978 987 1007 relin-

206 1037 297 1066 quere
312 1028 407 1057 voluit
421 1027 550 1064 speciale
564 1027 737 1056 humilitatis
753 1026 925 1063 exemplum
935 1047 944 1061 ‚
959 1027 987 1054 et

205 1076 297 1113 pedes
321 1075 538 1112 discipulorum
555 1074 640 1108 lavit,
663 1076 692 1102 et
714 1074 804 1103 linteo
824 1081 886 1110 quo
907 1081 982 1110 proe-

206 1123 317 1151 cinctus
332 1125 413 1158 erat,
429 1121 557 1150 extersit.
572 1123 662 1156 Joan„
680 1130 745 1150 xm.

241 1169 388 1206 Praecipue
403 1170 500 1198 autem
514 1169 545 1197 in
560 1169 697 1206 passione
714 1168 802 1196 nimis
819 1178 832 1194 α
845 1167 983 1196 humilia.-

206 1217 248 1245 vit
261 1217 462 1253 semetipsum,
477 1216 570 1244 factus
583 1216 728 1244 obediens
744 1224 837 1252 usque
852 1215 890 1243 ad
906 1223 986 1243 mor-

206 1265 284 1298 tcm,
300 1275 313 1290 n
331 1271 393 1292 non
410 1271 632 1299 quamcumque
644 1283 653 1297 ,
670 1263 723 1291 sed
740 1273 753 1288 α
768 1263 872 1296 crucis,
888 1273 901 1288 ι)
920 1270 986 1299 quae

207 1312 270 1340 erat
293 1319 385 1347 genus
408 1310 511 1338 mortis
534 1309 737 1346 turpissimum
753 1318 760 1337 t
776 1309 806 1338 in
819 1309 986 1346 Evangeliis

208 1358 369 1393 omnibus;
387 1358 469 1391 Phil„
486 1365 516 1392 n,
533 1358 560 1384 8.

243 1406 281 1433 De
296 1412 357 1441 quo
373 1404 469 1432 notari
485 1405 598 1440 potest,
614 1403 697 1440 quod
712 1403 849 1432 homines
864 1403 986 1440 superbi

207 1453 234 1481 et
248 1452 353 1480 mundi
368 1454 515 1479 amatores
530 1451 608 1479 eirca
625 1452 737 1487 septem
758 1451 870 1478 versari
891 1451 988 1480 solent

207 1501 234 1527 et
249 1501 401 1535 appetere,
423 1498 471 1526 vel
486 1498 516 1526 in
531 1498 646 1534 adeptis
662 1497 828 1534 specialiter
843 1498 985 1533 gloriari,

208 1547 318 1584 quibus
333 1548 446 1575 constat
462 1546 491 1573 in
509 1554 594 1574 cruce
618 1546 777 1573 nominum
793 1546 921 1573 caruisse
933 1567 941 1580 ‚
959 1548 987 1573 et

206 1594 353 1623 contraria
376 1593 525 1621 habuisse.
555 1594 617 1620 {hec
641 1595 741 1620 autem
767 1592 825 1620 tlici
861 1595 986 1629 possunt

205 1643 322 1670 terrena
337 1641 504 1675 affluentia,
522 1640 675 1668 mundana
690 1640 844 1676 sapientia,
861 1640 987 1668 carnalis

206 1689 319 1722 laetitia,
334 1687 488 1724 popularis
504 1687 601 1721 lama,
618 1687 704 1715 turba
720 1687 920 1721 famulorum,
938 1687 986 1715 de-

203 1736 291 1771 jectio
311 1735 499 1763 inimicorum
517 1755 522 1766 ,
546 1737 573 1762 et
592 1734 788 1761 numerositas
809 1735 984 1762 amicorum.

206 1783 333 1810 Christus
349 1784 447 1810 autem
462 1783 543 1809 lesus
567 1781 707 1809 Dominus
731 1784 830 1809 noster
851 1782 880 1809 in
901 1789 986 1809 eruce

206 1829 259 1857 suit
272 1828 491 1864 pauperrimus,
506 1830 533 1855 et
547 1828 725 1855 vestimentis
741 1828 881 1861 nudatus,
894 1830 984 1863 Joun„

206 1884 267 1909 xtx,
280 1877 325 1903 ⁵23.
342 1875 406 1902 Fuit
420 1875 523 1903 stultus
534 1877 561 1902 et
576 1875 718 1911 insipiens
731 1878 899 1911 reputatus:
917 1883 986 1902 nam

209 1923 360 1950 «verbum
372 1922 465 1950 crucis
477 1921 614 1957 gentibus
625 1921 744 1949 stultitia
756 1924 813 1956 est,
825 1924 858 1950 »Ι
877 1923 948 1955 Corn,
963 1930 986 1955 ι,

208 1972 251 1999 18.
269 1972 339 1999 Item
356 1970 525 1998 diffamatus
540 1969 605 2003 luit,
621 1971 649 1996 et
664 1969 802 1997 seductor
817 1969 921 2005 populi
933 1977 983 2005 ap-

207 2017 357 2054 pellatus:
378 2018 491 2051 illaleh„
522 2024 618 2049 xxvn,
653 2018 707 2050 (351,
732 2016 871 2044 dixerunt
893 2016 929 2044 de
951 2024 986 2044 eo

207 2064 355 2100 principes
370 2063 574 2091 sacerdotum:
592 2074 604 2088 ιι
613 2063 767 2091 Itecordati
778 2072 890 2098 sumus,
903 2063 986 2099 quod

208 2111 347 2138 seductor
360 2110 409 2138 ille
426 2110 512 2145 dixit,
526 2121 539 2135 ι)
556 2112 610 2138 etc.
629 2113 658 2139 In
675 2118 760 2137 cruce
776 2110 897 2146 insuper
913 2118 987 2146 quo—

209 2157 373 2185 dammodo
389 2157 442 2184 tuit
456 2158 563 2191 victuS,
582 2157 652 2193 qnia
668 2158 798 2191 occisus,
815 2159 906 2192 Jotm„
919 2166 965 2185 xix
979 2179 987 2191 ‚

209 2205 260 2232 30:
275 2214 288 2229 «
301 2204 440 2231 Inclinato
457 2204 550 2239 capite
564 2204 693 2232 reddidit
705 2204 741 2240 (a)
753 2204 898 2240 spiritum.
914 2215 927 2229 n
945 2204 986 2232 Ibi

210 2251 297 2279 etiam
313 2251 442 2278 amicum
457 2258 518 2278 non
534 2250 655 2285 habuit,
672 2252 740 2285 Is‹1.‚
758 2260 817 2285 tiu,
836 2254 850 2278 3
867 2260 873 2278 :
894 2262 906 2276 α
918 2253 987 2279 Tor-

210 2297 293 2326 cular
304 2297 417 2326 calcavi
432 2297 530 2332 solim,
547 2299 574 2325 ct
592 2298 627 2325 de
646 2299 783 2333 gentibus
798 2307 859 2326 non
876 2299 929 2326 suit
943 2299 988 2326 vir

210 2353 336 2372 mecum.
350 2355 364 2370 »
389 2345 461 2372 Psal.
487 2352 623 2378 Lxxxvn,
641 2348 671 2372 ¹9
690 2354 696 2372 :
716 2355 729 2370 (ι
746 2346 893 2379 ΕΙοτιμῑιςῑί
909 2355 926 2373 a
941 2354 987 2373 me

210 2392 356 2427 amicum,
373 2394 400 2420 et
414 2392 594 2428 proximum.
609 2403 621 2418 n
642 2394 711 2420 Item
727 2393 845 2420 famulis
860 2396 888 2421 et
901 2393 988 2420 servi-

211 2440 324 2467 toribus
340 2439 369 2466 in
385 2447 470 2466 eruce
486 2439 590 2472 caruit,
606 2441 719 2474 illailla,
735 2449 813 2474 xxvi,
829 2443 862 2468 ῖίδ
881 2450 887 2468 ;
905 2452 917 2466 «
929 2440 988 2468 Dis-

212 2486 300 2521 cipuli
317 2494 431 2520 omneS,
447 2486 549 2513 relicto
561 2495 606 2521 eo,
617 2486 763 2522 fugerunt.
775 2498 788 2512 n
802 2489 988 2521 Ps.ixxxv11‚

212 2534 244 2559 ii:
260 2542 275 2558 (t
285 2534 387 2560 Factus
397 2541 463 2560 sum
475 2533 549 2561 sicut
560 2533 652 2562 homo
663 2534 725 2561 sine
738 2534 897 2571 adjutorio,
907 2545 919 2560 ι»
933 2538 987 2562 etc.

245 2631 280 2662 (a)
297 2632 372 2662 Vulg.
388 2631 506 2658 tradidit.

824 155 959 192 BIBLIA
978 152 1211 188 PAUPERIJM.

1077 222 1146 252 Post
1158 220 1340 251 miraculum
1361 220 1400 250 de
1425 220 1537 251 claudo
1557 229 1614 260 per
1634 222 1754 257 Petrum
1771 231 1822 254 aa·

1042 270 1112 298 nato
1122 289 1133 304 ,
1147 267 1300 297 humiliter
1312 267 1431 296 locutus
1450 270 1495 298 est
1506 269 1624 306 Petrus,
1635 277 1699 299 non
1712 269 1823 303 adscri-

1041 316 1118 345 bens
1131 316 1242 346 tactum
1259 315 1316 345 sibi
1327 337 1336 351 ,
1351 315 1406 345 sed
1419 316 1532 346 divinoe
1545 317 1647 347 virtuti
1657 338 1667 354 ‚
1687 319 1718 347 et
1731 317 1820 349 invo-

1043 363 1152 392 cationi
1166 363 1296 392 nominis
1307 362 1420 392 Christi.
1434 364 1509 397 Aac„
1523 372 1567 400 ιιι,
1585 366 1630 400 12,
1645 367 1689 394 ¹6.

1079 412 1154 439 Dum
1167 410 1315 439 introisset
1325 412 1489 439 Caesaream
1498 411 1610 446 Petrus,
1621 411 1731 440 obvius
1742 411 1824 442 venit

1043 457 1070 486 ei
1084 457 1254 493 Cornelius,
1270 459 1298 485 et
1310 457 1472 494 procidens
1488 457 1529 486 ad
1542 457 1636 495 pedes
1652 459 1734 494 ejus,
1749 459 1824 490 ado·

1041 504 1119 534 ravit
1133 512 1218 540 eum3
1234 505 1335 533 Petrus
1353 512 1425 533 vero
1447 504 1576 533 elevavit
1594 513 1680 540 eum,
1694 505 1822 535 dicens:

1045 561 1060 578 α
1073 553 1164 588 Surge
1174 573 1183 587 ,
1198 554 1226 581 et:
1240 560 1296 587 ego
1311 552 1375 588 ipse
1389 552 1482 580 homo
1496 560 1575 580 sum.
1588 562 1603 579 ¹>
1617 553 1693 588 Act„
1706 560 1736 588 x,
1750 554 1796 582 26.

1079 599 1238 628 Audientes
1251 599 1360 628 Paulus
1373 601 1402 628 et
1417 599 1577 634 Barnabas,
1591 599 1675 636 quod
1685 599 1824 630 homines

1044 646 1082 675 de
1097 645 1213 674 civitate
1225 646 1333 683 Lystris
1347 646 1489 674 dicebant
1500 654 1563 675 esse
1579 646 1667 681 deos,
1682 649 1711 676 et
1724 647 1766 676 eis
1779 655 1825 677 sa-

1043 693 1175 722 crificare
1187 686 1344 728 volebant,
1361 693 1515 721 conscissis
1529 693 1651 728 tunicis,
1665 693 1825 723 exilierunt

1041 740 1075 768 in
1097 740 1218 774 turbas,
1239 740 1401 768 clamantes
1423 742 1452 768 et
1475 740 1607 769 dicentes
1628 741 1692 770 eis:
1717 741 1822 778 «Viri,

1043 787 1118 824 quid
1132 786 1225 815 tacitis
1235 788 1249 815 ‘l
1269 789 1298 815 et
1312 787 1454 815 mortales
1467 795 1590 822 sumus,
1605 787 1718 816 similes
1736 787 1824 817 vobis

1042 833 1190 868 homines,
1200 844 1213 860 ι»
1232 835 1286 862 etc.
1301 834 1433 862 Tandem
1446 834 1496 863 vix
1510 834 1692 863 sedaverunt
1705 834 1819 868 turbas,

1042 889 1081 910 ne
1096 882 1137 910 eis
1152 881 1352 910 immolarent.
1370 882 1444 917 Act„
1458 889 1518 910 xiv.

1079 929 1185 958 Paulus
1195 929 1353 966 Apostolus
1367 930 1507 958 manibus
1521 929 1715 967 operabatur,
1725 932 1758 960 ut
1770 930 1823 960 ha-

1041 976 1125 1006 beret
1140 977 1306 1005 necessaria
1332 977 1389 1006 sibi
1405 980 1433 1006 et
1457 977 1565 1014 sociis;
1591 980 1714 1015 propter
1737 978 1823 1015 quod

1043 1025 1131 1053 etiam
1147 1025 1320 1053 morabatur
1337 1032 1406 1052 cum
1428 1025 1533 1062 Aquila
1553 1027 1582 1054 et
1600 1025 1750 1061 Priscilla,
1771 1026 1823 1063 qui

1043 1074 1135 1100 erant.
1148 1072 1218 1100 artis
1238 1071 1479 1108 scenofactoriae,
1505 1072 1580 1100 sicut
1599 1076 1627 1101 et
1649 1072 1730 1110 ipse,
1751 1074 1823 1108 Act„

1043 1126 1124 1146 xviii.
1148 1121 1236 1152 Item,
1263 1120 1339 1154 Act„
1360 1127 1417 1154 xx,
1436 1121 1487 1155 ³4,
1505 1119 1577 1148 dicit
1595 1120 1657 1157 ipse
1673 1129 1680 1148 :
1699 1131 1713 1146 (ι
1727 1119 1773 1149 Λᾶ
1787 1127 1824 1149 ea

1044 1174 1110 1202 qum
1124 1174 1199 1202 opus
1214 1168 1314 1198 erant,
1332 1168 1360 1194 et
1374 1166 1409 1194 iis
1425 1166 1476 1202 qui
1489 1174 1608 1195 mecum
1623 1169 1710 1202 sunt,
1725 1166 1825 1196 minis-

1043 1215 1195 1242 traverunt
1210 1221 1316 1241 manus
1331 1213 1402 1241 istae.
1415 1223 1428 1239 n

1080 1260 1232 1288 Humiliter
1247 1260 1283 1288 de
1299 1268 1329 1288 se
1345 1260 1492 1289 sentiebat
1506 1260 1631 1294 Paulus,
1652 1261 1705 1298 qui
1720 1261 1750 1290 in
1764 1261 1823 1290 fra-

1043 1310 1120 1336 trum
1128 1307 1313 1336 orationibus
1323 1307 1533 1342 confidebat,ll
1542 1308 1616 1341 Cor„
1630 1317 1649 1343 ι,
1660 1310 1704 1336 10;
1716 1309 1788 1345 «Adj
1794 1317 1823 1337 u-

1045 1355 1182 1383 vantibus
1197 1355 1284 1383 vobis
1299 1355 1329 1383 in
1341 1355 1527 1383 orationibus
1541 1363 1595 1392 pro
1607 1356 1705 1384 nobis.
1721 1366 1735 1383 ιι
1754 1358 1823 1385 Item

1043 1401 1193 1430 orationes
1208 1402 1336 1430 aliorum
1358 1402 1500 1431 sollicitus
1523 1403 1715 1439 postulabat,
1735 1404 1823 1439 Rom„

1044 1457 1094 1483 xv,
1109 1450 1144 1477 30
1161 1458 1167 1476 :
1187 1461 1199 1473 «
1215 1449 1360 1483 Obsecro,
1375 1449 1497 1485 fratres,
1513 1458 1566 1486 per
1582 1451 1739 1478 Dominum
1755 1458 1823 1479 nos-

1043 1498 1120 1523 trum
1136 1497 1234 1524 lesum
1249 1496 1397 1524 Christum
1409 1517 1417 1531 ,
1435 1499 1462 1523 et
1476 1504 1529 1532 per
1544 1496 1717 1524 charitatem
1731 1497 1821 1534 Spiri-

1044 1544 1087 1570 tus
1103 1543 1193 1570 sancti
1205 1563 1213 1577 ‚
1230 1545 1260 1570 ut
1275 1543 1425 1578 adjuvetis
1438 1551 1486 1571 me
1503 1543 1533 1571 in
1548 1543 1745 1572 orationibus.
1760 1554 1774 1570 u
1793 1545 1825 1573 Et

1045 1590 1170 1624 Col.,1v,
1195 1592 1231 1625 33
1249 1592 1277 1618 et
1293 1591 1299 1617 I
1318 1591 1407 1622 Thes„
1423 1598 1470 1623 ιιι,
1487 1592 1513 1618 6.
1538 1590 1641 1619 Verbis
1661 1591 1749 1619 etiam
1764 1591 1824 1619 suis

1043 1636 1240 1664 humilitatem
1267 1645 1368 1664 veram
1393 1637 1514 1664 interius
1530 1637 1696 1672 indicabat,
1719 1639 1727 1665 I
1750 1638 1823 1672 Cor„

1043 1691 1091 1718 xv,
1114 1686 1148 1711 9:
1170 1694 1182 1709 κ
1197 1685 1256 1719 Ego
1274 1692 1340 1711 sum
1367 1684 1504 1712 minimus
1518 1684 1750 1720 Apostolorum,
1770 1684 1822 1720 qui

1043 1738 1103 1758 non
1117 1739 1183 1758 sum
1199 1731 1306 1765 dignus
1316 1731 1417 1758 vocari
1432 1730 1588 1766 Apostolus
1598 1751 1606 1765 ‚
1619 1740 1632 1756 ν
1645 1732 1699 1758 etc.
1717 1732 1725 1758 l
1740 1732 1822 1766 Tim„

1043 1786 1068 1811 ι,
1089 1779 1137 1804 Ιῖὶε
1157 1788 1169 1802 n
1185 1777 1313 1804 Christus
1333 1779 1414 1805 Jesus
1435 1778 1515 1805 venit
1535 1777 1566 1804 in
1580 1777 1659 1805 hunc
1674 1777 1822 1806 mundum

1043 1826 1213 1860 peccatores
1231 1823 1329 1852 salvos
1350 1824 1465 1859 tacere,
1491 1831 1622 1860 quorum
1636 1823 1750 1860 primus
1765 1832 1822 1860 ego

1043 1879 1120 1898 sum.
1142 1881 1155 1896 n

1081 1919 1149 1945 Item
1165 1917 1203 1945 ad
1228 1917 1426 1945 humilitatem
1441 1917 1516 1946 alios
1537 1917 1680 1946 sollicitus
1701 1917 1823 1946 induce-

1044 1964 1111 1998 bat,
1128 1966 1214 1998 Rom„
1236 1972 1294 1998 xn,
1312 1966 1343 1992 16
1362 1974 1368 1992 ;
1389 1975 1402 1990 (ι
1419 1966 1481 1992 Non
1503 1965 1562 1993 alta
1587 1965 1733 2001 sapientes
1747 1985 1755 1999 ,
1770 1965 1823 1993 sed

1043 2011 1206 2039 humilibus
1221 2011 1446 2040 consentientes.
1464 2023 1477 2038 u
1495 2013 1578 2047 Phil„
1595 2021 1633 2046 ιι,
1656 2014 1670 2040 3
1688 2021 1695 2038 :
1715 2014 1772 2040 «Et
1792 2012 1822 2040 in

1043 2058 1205 2086 humilitate
1216 2058 1385 2094 superiores
1397 2059 1454 2086 sibi
1467 2059 1597 2087 invicem
1609 2059 1794 2088 arbitrantes.
1806 2069 1820 2086 ι»

1252 2152 1413 2187 CAPUT
1445 2153 1615 2188 XCVIII.

1338 2228 1376 2254 De
1393 2226 1528 2262 superbia.

1080 2299 1148 2332 Eva,
1165 2298 1287 2333 propter
1301 2297 1465 2333 appetitum
1480 2297 1671 2332 exceltentiae,
1687 2304 1754 2324 cum
1770 2304 1822 2324 au-

1044 2344 1165 2371 divisset
1178 2352 1195 2371 a
1205 2346 1339 2380 serpente
1354 2353 1362 2371 .·
1379 2354 1392 2369 (ι
1406 2344 1488 2372 Eritis
1498 2344 1576 2372 sicut
1590 2344 1650 2379 dii,
1661 2354 1674 2370 ι)
1691 2343 1727 2372 de
1738 2343 1820 2379 ligno

1043 2391 1133 2419 vetito
1149 2391 1287 2419 comedit.
1307 2391 1382 2422 Gen.¹
1401 2399 1442 2419 ιιι.

1080 2441 1183 2466 Datum
1199 2441 1241 2466 est
1256 2438 1428 2466 hominibus
1444 2446 1461 2466 a
1477 2439 1534 2466 Deo
1549 2437 1718 2466 dominium
1732 2444 1821 2472 super

1044 2487 1156 2522 pisces,
1172 2488 1200 2513 et
1217 2493 1303 2520 aveS,
1319 2487 1348 2512 et
1366 2485 1476 2513 bestias
1496 2488 1593 2520 terrae,
1616 2485 1690 2515 Gen..
1712 2492 1736 2518 1,
1757 2485 1792 2511 28
1811 2493 1818 2511 :

1049 2544 1061 2559 «
1077 2533 1274 2561 nominamini
1298 2533 1430 2569 piscibus
1456 2533 1566 2568 maris,
1593 2533 1620 2560 ct
1648 2531 1820 2559 volatilibus

1046 2581 1111 2609 coeli
1124 2602 1131 2615 ‚
1146 2591 1159 2606 n
1183 2582 1238 2608 etc.
1256 2582 1346 2614 Item,
1363 2580 1442 2612 Gen...
1457 2587 1502 2615 tx,
1517 2580 1535 2607 2
1551 2587 1558 2606 :
1577 2580 1706 2607 «Terror
1726 2579 1820 2606 vester

1047 2630 1073 2656 et
1088 2630 1198 2656 tremor
1213 2627 1248 2654 sit
1263 2634 1351 2663 super
1365 2629 1470 2655 cuncta
1483 2626 1624 2655 animalia
1643 2628 1724 2654 terra,-
1735 2646 1744 2660 ,
1764 2627 1820 2654 etc.
