2004 3037
227 244 287 274 510

225 308 364 346 lacrymis
387 306 536 336 osculatus
554 306 597 334 est
620 311 701 340 eum,
721 303 750 332 et
767 301 898 339 ploravit
919 309 1010 338 super

225 356 338 384 collum
351 355 441 391 ejus.»
459 354 536 389 Tob„
550 360 602 381 vn.

261 403 387 431 Veniens
400 401 530 431 Gabelns
545 400 586 429 ad
600 399 729 428 domum
752 395 905 432 Raguelis,
921 396 950 423 et
961 394 1009 423 vi-

226 450 299 479 dens
312 449 436 478 Tobiam
449 447 601 485 juniorem
614 444 853 475 discumbentem
860 464 869 479 ,
888 452 903 470 a
915 441 1007 478 flevit,

227 499 256 525 et
269 496 424 525 benedixit
439 497 541 524 Deum.
556 505 570 522 a
591 494 668 529 Tob„
680 501 720 521 ix.

262 546 413 579 Exurgens
423 551 516 572 caecus
529 541 637 571 Tobias
649 539 778 569 occurrit
784 537 848 566 filio
859 535 1007 572 redeunti,

227 593 256 620 et
269 600 282 618 α
291 591 455 627 suscipiens
463 590 612 619 osculatus
623 589 667 617 est
674 595 742 616 eum
753 594 822 614 cum
836 591 931 614 uxore
943 591 1006 619 sua,

228 639 256 667 et
270 640 423 676 coepernnt
435 638 506 666 flere
519 645 580 674 prae
596 635 718 672 gaudio.
731 644 744 662 ιι
763 633 840 668 Τοὺ.,
854 639 896 660 xt.

263 687 337 715 Cum
351 685 536 722 exposuisset
555 683 663 713 Achior
678 681 797 715 omnia,
813 687 879 716 qnae
893 678 1009 706 dixerat

228 732 409 770 holopherni
421 753 429 768 ‚
444 731 542 760 omnis
557 729 690 768 populus
705 725 883 756 «communi
898 725 1009 754 lamen-

228 780 337 809 tatione
358 782 386 808 et
408 779 480 807 fletu
494 777 651 806 unanimes
665 783 770 813 preces
788 773 914 802 Domino
933 771 1007 800 effu-

228 827 347 863 derunt,
359 836 373 853 n
398 826 512 861 Judith,
529 833 569 854 vi.
588 834 601 850 α
614 825 718 852 Factus
732 823 774 850 est
786 820 872 848 fletus
894 820 923 846 et
941 817 1008 846 ulu-

227 874 303 902 latus
326 881 453 910 magnus
474 872 505 900 in
520 870 663 904 ecclesia,
679 870 707 897 et
720 875 775 904 per
796 866 905 895 multas
918 865 1009 893 horas

228 929 289 950 una
313 929 387 949 voce
415 919 619 948 clamaverunt
642 916 682 945 ad
707 917 798 943 Deum
808 934 818 949 ‚
843 913 973 942 dicentes
998 920 1006 940 ε

230 968 420 997 Peccavimus
435 975 503 995 cum
517 965 653 1002 patribus
669 962 788 996 nostris,
799 971 814 989 ι
829 963 882 989 etc.
899 959 1008 994 Judith,

228 1023 278 1044 vn.
295 1016 384 1050 item,
408 1022 461 1042 xm
477 1022 484 1041 :
503 1023 516 1039 α
531 1012 611 1040 Stetit
625 1010 725 1039 ludith
741 1010 808 1037 ante
827 1007 936 1036 lectum
951 1007 1008 1034 llo-

228 1061 396 1099 lophernis,
423 1068 512 1090 orans
533 1067 601 1087 cum
621 1057 762 1094 lacrymis
775 1077 784 1092 ,
798 1066 812 1083 »
838 1056 870 1083 ut
889 1057 963 1083 Deus
975 1053 1007 1082 id

229 1108 312 1145 quod
327 1108 524 1144 cogitaverat,
540 1106 682 1142 perlicere
697 1104 880 1140 dignaretur.

267 1166 281 1182 a
296 1157 368 1184 Cum
387 1154 518 1183 audisset
536 1152 736 1181 Mardocboeus
748 1162 763 1178 >³
785 1150 920 1187 iniquam
941 1156 1008 1177 sen—

229 1204 350 1232 tentiam
365 1204 468 1230 contra
480 1200 596 1229 Judaeos
611 1199 761 1236 prolatam
773 1219 781 1233 ,
803 1196 910 1225 «scidit
923 1196 1009 1224 vesti-

229 1252 329 1279 menta
342 1258 410 1282 sua,
429 1251 456 1277 et
469 1248 590 1276 indutus
605 1248 647 1275 est
660 1253 746 1273 sacco
769 1251 911 1281 spargens
932 1243 1009 1270 cine-

228 1305 291 1326 rem
307 1296 413 1333 capiti,
427 1307 441 1323 ν)
459 1298 568 1324 etcum
583 1293 693 1329 ejulatu
708 1292 841 1320 clamans
856 1289 948 1319 animi
963 1289 1008 1317 sui

228 1343 457 1373 amaritudinem
472 1341 658 1371 ostendebat.
672 1341 722 1368 «ln
736 1338 876 1367 omnibus
887 1344 1009 1374 quoque

228 1391 389 1429 provinciis
400 1412 408 1425 ,
431 1390 471 1418 ad
487 1397 561 1426 quas
578 1387 698 1416 crudele
718 1387 796 1422 regis
811 1386 924 1422 dogma
941 1392 1009 1421 per-

228 1441 366 1473 venerat,
392 1437 528 1475 planctus
551 1436 655 1471 ingens
680 1436 742 1463 erat
765 1433 848 1470 apud
870 1432 987 1461 Judoeos
999 1451 1010 1466 ,

226 1485 388 1522 jejunium,
405 1484 552 1519 ululatus,
569 1484 597 1511 et
610 1483 705 1510 tletus.
722 1491 735 1508 »
753 1481 860 1513 Esther,
880 1487 919 1508 iv.

265 1535 424 1569 Postquam
438 1534 532 1560 Aman
546 1530 621 1559 vidit
636 1528 856 1557 Mardochoeum
871 1529 931 1554 tam
946 1533 1008 1554 ma-

230 1580 337 1617 gnilice
352 1580 549 1613 honoratum,
569 1588 583 1604 «
597 1575 745 1605 festinavit
767 1575 808 1603 ire
833 1575 863 1602 in
884 1573 1010 1601 domum

229 1636 315 1655 suam
329 1627 435 1663 lugens
445 1648 452 1661 ‚
467 1628 495 1654 et
509 1627 613 1662 operto
629 1624 734 1660 capite.
751 1633 764 1650 >a
782 1623 890 1654 Esther,
905 1629 945 1648 vt.

265 1676 387 1704 Sanctus
400 1675 455 1703 lob
472 1674 562 1702 ssebat
577 1681 631 1709 pro
646 1671 772 1700 miseriis
786 1669 925 1706 propriis,
939 1667 990 1696 Job
1000 1689 1010 1701 ,

230 1733 286 1754 xxx
313 1734 318 1752 :
342 1735 355 1750 «
369 1726 457 1752 Versa
479 1725 521 1751 est
544 1723 574 1750 in
599 1721 712 1749 luctum
737 1719 848 1747 cithara
872 1725 939 1745 mea
950 1738 958 1751 ‚
983 1719 1011 1744 et

231 1780 377 1808 organum
402 1779 502 1798 meum
534 1770 564 1797 in
588 1776 693 1796 vocem
715 1767 860 1794 flentium.
880 1776 894 1789 »ι
921 1764 1010 1798 Cujus

230 1821 315 1848 fletus
329 1818 516 1847 vehementia
530 1818 652 1853 apparet
667 1823 719 1851 per
734 1815 806 1847 hoc,
827 1812 910 1849 quod
928 1812 1010 1839 dixe-

230 1867 286 1902 rit,
301 1875 351 1895 xv¹
368 1875 374 1895 :
395 1875 408 1892 α
423 1865 522 1894 Facies
539 1871 606 1891 mea
622 1861 759 1890 intumuit
772 1869 790 1889 a
804 1860 890 1894 fletu,
906 1860 934 1887 et
948 1858 1010 1894 pal-

230 1915 330 1952 pebrae
358 1922 432 1942 meae
458 1911 672 1948 caligaverunt.
696 1919 709 1935 n
737 1910 809 1937 ltem
837 1907 928 1935 ssebat
954 1913 1009 1942 pro

230 1962 354 1990 miseriis
369 1960 490 1995 alienis,
505 1959 568 1993 Job,
585 1966 644 1986 xxx
662 1966 668 1985 :
688 1965 702 1982 «
716 1955 838 1984 Flebam
853 1953 1010 1990 quondam

229 2017 318 2046 super
338 2016 373 2037 eo
396 2007 448 2044 qui
472 2006 597 2035 afflictus
620 2006 697 2038 erat,
719 2004 749 2031 et
772 2000 1010 2038 compatiebatur

229 2057 329 2085 anima
349 2063 416 2084 mea
438 2053 580 2092 pauperi,
602 2054 629 2080 et
650 2053 717 2088 post
738 2056 867 2079 mcerens
891 2047 1011 2076 incede-

229 2103 317 2139 bam,
332 2113 347 2130 »
363 2105 418 2131 etc.

265 2152 325 2179 Rex
340 2153 368 2178 et
382 2148 528 2186 propheta
549 2145 642 2175 David
664 2143 796 2173 habebat
812 2142 849 2170 de
868 2140 1010 2177 lacrymis

230 2198 290 2226 suis
304 2198 473 2231 lavacrum,
490 2195 562 2223 Psal.
576 2202 605 2222 vl
624 2202 630 2221 :
651 2202 665 2219 α
679 2190 799 2220 Lavabo
814 2197 867 2226 per
878 2188 1010 2224 singulas

230 2246 331 2273 noctes
346 2244 455 2272 lectum
474 2249 592 2276 meum,
607 2250 621 2267 n
637 2242 691 2268 etc.
707 2241 779 2267 ltem
802 2237 917 2270 cibum,
933 2235 1007 2263 Psal.

230 2299 277 2320 ιιι
293 2299 300 2319 2
320 2301 333 2318 α
350 2291 479 2319 Fuerunt
501 2288 574 2317 mihi
596 2287 737 2322 lacrymae
753 2293 827 2313 meae
845 2291 939 2320 panes
961 2282 1010 2310 die

231 2349 265 2368 ac
291 2342 376 2369 nocte
391 2359 400 2374 ,
420 2348 434 2364 ι)
467 2339 520 2365 etc.
547 2337 619 2364 ltem
642 2335 747 2370 potum
758 2354 766 2368 ,
799 2332 871 2359 Psal.
897 2337 983 2359 mxxix
1001 2337 1009 2357 :

233 2396 247 2413 α
258 2388 362 2415 Potum
378 2384 464 2414 dabis
478 2383 566 2412 nobis
579 2383 610 2410 in
625 2380 764 2417 lacrymis
778 2379 809 2407 in
825 2385 977 2406 mensura.
994 2386 1008 2402 ιο

230 2434 311 2462 ldem
321 2453 329 2467 ‚
349 2440 376 2461 cr
392 2441 399 2460 :
418 2441 433 2459 «
457 2433 561 2459 Potum
588 2436 689 2457 meum
714 2434 784 2455 cum
809 2425 879 2454 ssetu
905 2424 1010 2452 misce-

231 2482 312 2510 bam.
327 2490 341 2507 n
358 2481 464 2508 Versus
483 2487 491 2506 ε

239 2552 302 2577 lluic
318 2551 352 2583 (a)
366 2550 496 2582 lacrymae,
507 2547 648 2576 lavacrum,
659 2544 740 2576 panis,
751 2545 877 2575 potusque
890 2541 1002 2565 suerunt.

231 2623 369 2652 Plorabat
383 2622 472 2650 etiam
487 2618 595 2653 David,
611 2617 704 2645 vitam
727 2622 813 2643 suam
828 2611 988 2642 recolendo
999 2632 1009 2646 ,

232 2672 305 2700 Psal.
318 2678 349 2698 ιν
367 2679 373 2697 :
396 2679 410 2695 a
425 2670 513 2702 Deus,
532 2667 624 2695 vitam
638 2672 736 2693 meam
750 2659 923 2691 annuntiavi
937 2659 988 2688 tibi
1001 2668 1008 2687 :

264 2718 299 2750 (a)
313 2718 375 2742 Coet.
391 2716 449 2740 edit.
469 2714 558 2746 lluJ'us.

839 233 977 266 BIBLIA
997 228 1229 266 PAUPERUM.

1064 301 1189 338 posuisti
1217 300 1367 338 lacrymas
1393 308 1477 330 meas
1500 301 1533 331 in
1555 299 1721 339 conspeetu
1747 301 1814 334 tuo.
1825 313 1841 332 ι

1064 348 1146 383 ltem,
1158 347 1282 376 coelestis
1295 348 1400 384 patriae
1410 348 1610 384 recordando,
1627 349 1701 377 Psal.
1714 355 1841 380 cxxxvi:

1066 405 1081 421 a
1095 395 1189 432 Super
1202 395 1327 424 fiumina
1340 395 1519 432 Babylonis,
1531 395 1593 424 illic
1607 395 1740 424 sedimus
1751 399 1780 425 et
1793 396 1844 426 sse-

1062 441 1176 478 vimus,
1192 451 1205 468 n
1224 444 1279 470 etc.
1295 442 1445 471 Interdum
1460 442 1594 479 orando,
1614 443 1688 471 Psal.
1709 451 1841 473 xxxvm:

1066 498 1081 515 a
1095 489 1208 518 Exaudi
1225 511 1233 525 ,
1258 490 1334 518 Deus
1347 509 1357 524 ‚
1380 490 1546 519 orationem
1566 498 1667 519 meam
1689 492 1718 519 et
1738 490 1844 527 depre-

1063 537 1211 565 cationem
1243 545 1343 565 meam
1356 547 1365 573 3
1392 537 1515 566 auribus
1541 538 1661 575 percipe
1694 537 1844 575 lacrymas

1062 591 1156 612 meas.
1172 594 1185 610 ιι
1200 583 1282 612 idem
1293 605 1302 620 ,
1317 592 1344 612 vi
1361 593 1368 612 z
1385 595 1398 611 α
1408 584 1566 613 Exaudivit
1580 585 1721 614 Dominus
1735 593 1842 614 vocem

1062 630 1148 659 fletus
1161 631 1236 666 mei,
1248 641 1262 657 »
1283 633 1337 659 etc.
1354 631 1452 666 Idem,
1467 632 1560 660 Deum
1583 631 1751 667 adorando,
1767 631 1840 661 Psol.

1062 685 1126 706 xciv
1143 687 1150 706 :
1169 687 1184 704 ι
1200 677 1298 706 Venite
1321 678 1501 711 adoremus,
1518 679 1546 707 et
1559 679 1752 715 procidamus
1773 680 1840 707 ante

1062 725 1173 753 Deum:
1186 724 1338 761 ploremus
1346 732 1447 753 coram
1459 726 1594 761 Domino,
1607 725 1659 762 qui
1669 725 1736 754 fecit
1746 733 1811 754 nos.
1823 734 1839 752 i»

1098 771 1208 799 Videas
1229 771 1316 800 lsaias
1335 771 1568 800 destructionem
1580 771 1686 809 populi
1700 771 1746 800 sui
1761 772 1842 800 dice-

1062 817 1114 846 bat
1129 827 1136 846 :
1156 827 1170 844 α
1183 818 1320 846 Recedite
1335 826 1354 846 a
1372 826 1439 853 me,
1455 826 1555 847 amare
1569 815 1653 847 'flebo
1669 829 1676 846 :
1691 819 1785 847 nolite
1797 818 1842 847 in-

1063 865 1203 894 cumbere
1218 867 1251 894 ut
1266 865 1461 894 consolemini
1476 873 1536 894 me.
1551 875 1565 892 a
1581 867 1652 901 Iso„
1666 873 1738 895 xxn.

1100 915 1175 943 Dixit
1189 915 1349 943 Hieremias
1365 924 1372 942 :
1392 924 1406 940 α
1420 914 1540 950 Audite,
1557 916 1585 943 et
1605 914 1728 943 auribus
1749 914 1844 951 perci-

1061 962 1137 998 pite,
1153 962 1245 990 nolite
1269 962 1396 997 elevari,
1421 964 1475 990 etc.
1491 961 1577 996 Quod
1597 961 1620 990 si
1635 962 1693 990 hoc
1714 969 1775 990 non
1793 969 1844 990 au-

1063 1008 1193 1043 dieritis,
1208 1009 1239 1037 in
1262 1008 1439 1037 abscondito
1462 1008 1594 1045 plorabit
1615 1008 1715 1037 anima
1734 1017 1811 1037 mea.
1827 1019 1842 1036 ι)

1062 1057 1193 1089 Hierem„
1209 1064 1271 1084 xm.
1287 1055 1406 1092 Copiosi
1421 1058 1520 1083 autem
1535 1054 1621 1083 fletus
1633 1055 1663 1083 in
1679 1055 1744 1091 ipso
1759 1055 1844 1090 signa

1063 1105 1147 1131 erant
1160 1102 1259 1131 multae
1274 1103 1428 1138 lacrymae,
1440 1103 1572 1135 Hierem„
1587 1110 1618 1130 tx
1630 1111 1637 1130 z
1651 1111 1666 1128 «
1678 1102 1748 1136 Quis
1761 1101 1845 1130 dabit

1063 1150 1150 1186 capiti
1166 1158 1233 1178 meo
1256 1157 1367 1184 aquam
1378 1170 1387 1184 ‚
1403 1151 1431 1177 et
1446 1148 1541 1177 oculis
1561 1148 1674 1177 fontem
1695 1149 1844 1185 laeryma-

1063 1197 1154 1225 rum?
1168 1207 1181 1223 »
1201 1200 1255 1225 etc.
1272 1198 1349 1225 Fons
1369 1204 1448 1231 raro,
1465 1195 1512 1224 vel
1531 1203 1687 1232 nunquam
1707 1195 1842 1224 siccatur.

1064 1245 1136 1273 ltem
1158 1243 1244 1272 inulti
1268 1243 1419 1279 gemitus,
1442 1243 1599 1277 Thren.,1:
1620 1253 1633 1269 α
1652 1242 1764 1271 ldcireo
1787 1249 1844 1278 ego

1065 1291 1199 1327 plorans,
1210 1293 1237 1319 et
1252 1290 1356 1319 oculus
1365 1298 1451 1318 meus
1465 1289 1616 1318 deducens
1627 1297 1750 1326 aquam,
1761 1299 1775 1316 ιι
1788 1291 1842 1317 etc.

1064 1338 1224 1375 Sequitur:
1249 1348 1263 1364 α
1286 1337 1365 1367 Multi
1387 1337 1467 1365 enim
1490 1336 1618 1372 gemitus
1640 1336 1719 1371 mei,
1741 1337 1770 1364 et
1793 1343 1846 1364 cor

1064 1393 1166 1414 meum
1198 1392 1336 1413 moerenS.
1370 1394 1384 1411 ι)
1417 1384 1487 1412 ltem
1520 1383 1644 1411 clamosi
1677 1381 1823 1419 singultus
1835 1403 1843 1418 ‚

1068 1433 1175 1464 Thren..
1193 1439 1225 1460 ιιι
1242 1440 1248 1460 :
1263 1442 1276 1458 α
1294 1431 1458 1459 Divisiones
1472 1438 1621 1467 aquarum
1637 1429 1762 1458 deduxit
1776 1437 1846 1458 ocu-

1065 1479 1112 1507 lus
1125 1487 1226 1513 meus,
1242 1488 1256 1505 n
1275 1481 1330 1507 etc.
1347 1477 1484 1514 Sequitur
1498 1486 1505 1506 ε
1522 1488 1535 1504 «
1550 1478 1589 1505 Ne
1604 1480 1720 1505 avertas
1742 1484 1845 1505 aurem

1066 1529 1148 1555 tuam
1161 1534 1180 1554 a
1191 1525 1322 1561 singultu
1335 1534 1402 1554 meo
1416 1527 1444 1554 et
1458 1525 1649 1554 clamoribus.
1665 1534 1679 1552 n
1693 1526 1764 1554 Item
1777 1532 1845 1553 ocu-

1066 1573 1165 1602 lorum
1191 1573 1323 1601 detectus
1335 1593 1344 1607 ,
1363 1574 1473 1608 Tltren„
1494 1580 1514 1601 ιι
1531 1581 1538 1600 ;
1555 1581 1570 1599 <1
1593 1572 1764 1600 Detecerunt
1783 1579 1844 1608 proe

1066 1620 1207 1657 lacrymis
1229 1620 1309 1648 oculi
1334 1620 1410 1654 mei,
1432 1619 1609 1648 conturbata
1637 1621 1705 1647 sunt
1731 1618 1846 1647 viscera

1067 1676 1152 1702 mea,
1169 1677 1182 1694 n
1201 1670 1255 1695 etc.

1104 1724 1117 1740 «
1132 1716 1192 1750 Ego
1209 1713 1309 1742 Daniel
1324 1712 1466 1748 lugebam
1480 1713 1570 1740 trium
1584 1711 1845 1740 hebdomadarum

1068 1761 1190 1796 dicbus;
1207 1768 1316 1796 panem
1338 1759 1568 1787 desiderabilem
1589 1766 1650 1787 non
1669 1758 1802 1793 comedi,
1817 1760 1846 1786 et

1067 1815 1137 1836 caro
1148 1810 1176 1835 et
1186 1807 1289 1835 vinum
1299 1814 1360 1835 non
1371 1806 1546 1834 introierunt
1555 1805 1586 1833 in
1596 1813 1630 1834 os
1640 1813 1752 1842 meum,
1763 1815 1778 1833 u
1789 1807 1842 1834 etc.

1067 1855 1153 1888 Dan„
1167 1861 1195 1882 x.

1103 1900 1226 1929 Flebant
1246 1899 1334 1928 amici
1357 1900 1514 1934 Susannoe‚
1531 1906 1600 1927 cum
1618 1897 1753 1928 viderent
1765 1906 1847 1935 pres-

1067 1948 1189 1984 byteros
1208 1947 1351 1975 adversus
1365 1954 1432 1974 eam
1448 1945 1648 1974 testimonium
1661 1944 1846 1981 prolaturos,

1067 1997 1095 2024 et
1110 1995 1174 2031 ipsa
1188 1994 1277 2023 etiam
1294 2003 1309 2020 (ι
1327 1993 1402 2021 flens
1420 1992 1551 2029 suspexit
1573 1991 1613 2020 ad
1636 1991 1746 2020 caelnm
1760 2001 1768 2021 z
1785 1994 1848 2020 erat

1067 2042 1148 2070 enim
1163 2049 1214 2070 cor
1227 2041 1307 2077 ejus,
1322 2050 1336 2067 n
1355 2042 1410 2068 etc.
1427 2041 1509 2072 Dan..
1527 2047 1589 2068 xm.

1102 2089 1262 2118 Antiochus
1273 2087 1340 2116 fecit
1349 2086 1380 2115 in
1390 2085 1570 2114 Hierusalem
1580 2086 1693 2115 coedem
1704 2092 1846 2121 magnam

1067 2136 1223 2165 hominum
1235 2156 1243 2171 ‚
1261 2145 1275 2162 ιι
1295 2135 1430 2163 etractus
1454 2136 1496 2161 est
1518 2133 1655 2169 planctus
1674 2141 1801 2169 magnus
1815 2133 1845 2160 in

1067 2184 1164 2213 lsrael.
1181 2183 1283 2212 Omnis
1297 2181 1420 2210 maritus
1439 2180 1599 2216 assumpsit
1618 2180 1783 2208 lamentum
1794 2201 1803 2215 ‚
1818 2182 1847 2207 et

1068 2240 1135 2268 quse
1166 2230 1310 2259 sedebant
1338 2228 1368 2256 in
1398 2229 1464 2255 toro
1497 2226 1624 2255 maritali
1651 2225 1803 2262 lugebant.
1828 2235 1842 2252 n

1067 2279 1076 2307 1
1092 2278 1230 2312 Machab„
1247 2285 1266 2304 ι.

1103 2325 1218 2353 Planxit
1233 2323 1330 2352 omnis
1352 2321 1441 2351 lsrael
1459 2331 1473 2347 α
1490 2320 1613 2357 planctu
1632 2327 1743 2356 magno
1757 2329 1772 2347 ι)
1789 2327 1844 2355 pro

1067 2374 1161 2400 morte
1177 2370 1339 2401 mathathiae
1352 2391 1360 2404 ,
1375 2371 1385 2397 1
1402 2369 1538 2403 Machab„
1554 2376 1584 2395 ιι.

1107 2430 1120 2445 «
1132 2419 1309 2447 Fleverunt»
1329 2424 1433 2444 omnes
1451 2415 1488 2443 de
1504 2414 1592 2444 lsrael
1606 2413 1713 2442 ludam
1727 2413 1843 2441 Macha-

1068 2466 1166 2494 baeum
1182 2464 1251 2492 ssetu
1262 2471 1384 2499 magno,
1396 2462 1575 2497 etlugebant
1584 2460 1639 2497 ipsi
1651 2460 1713 2488 dies
1722 2459 1843 2495 multos,

1068 2513 1199 2541 dicentes
1224 2520 1231 2539 :
1250 2521 1264 2536 ιι
1278 2510 1436 2544 Quomodo
1458 2508 1562 2537 cecidit
1581 2509 1696 2544 potenS,
1716 2506 1768 2543 qui
1790 2506 1844 2534 sal-

1067 2568 1139 2588 vum
1154 2557 1281 2587 iaciebat
1294 2556 1382 2585 lsrael
1392 2558 1405 2584 ‘f
1420 2566 1434 2583 i>
1450 2556 1459 2583 l
1475 2554 1610 2586 Machab„
1626 2561 1665 2581 ix.

1103 2604 1261 2635 intersectis
1276 2613 1294 2632 a
1307 2603 1464 2640 Tryphone
1487 2600 1611 2630 lonatha
1625 2602 1654 2628 et
1675 2600 1795 2628 duobus
1809 2599 1844 2628 li-

1068 2653 1147 2682 beris
1158 2653 1220 2688 ejus
1235 2659 1303 2679 cnm
1315 2650 1396 2678 mille
1411 2649 1496 2684 viris,
1513 2655 1589 2684 quos
1603 2647 1763 2675 retinuerat
1775 2646 1843 2680 sibi,

1071 2711 1085 2726 ι(
1100 2699 1174 2728 luxit
1187 2698 1274 2726 lsrael
1288 2697 1370 2725 luctu
1383 2702 1510 2731 magno,
1520 2703 1535 2721 n
1548 2696 1557 2722 l
1568 2694 1670 2729 Maeli„
1685 2701 1726 2721 ιιι
1741 2695 1770 2721 et
1781 2700 1841 2720 xm.
