2004 3037
175 262 234 292 152
499 253 756 289 COMPENDIUM
776 252 1035 286 THEOLOGICAE
1055 250 1278 284 VEfflTATis.
1301 250 1378 282 LIB.
1402 249 1454 282 lV.

175 327 288 362 Prima,
302 327 335 354 ut
347 333 402 362 per
413 324 552 353 eamdem
565 323 740 360 sapientiam
750 344 760 358 ,
779 330 848 359 quae
861 329 951 351 mun-

177 374 250 402 dum
272 371 464 407 condiderat,
480 371 564 400 fieret
577 369 735 407 reparatio.
757 369 906 403 Secunda,
919 370 954 396 ut

177 421 228 458 qui
241 419 320 448 filius
334 419 422 447 estin
435 419 603 454 divinitate,
616 419 691 446 esset
707 417 786 445 filius
796 417 827 444 in
845 417 953 445 huma-

175 467 276 495 nitate.
297 466 408 500 Tertia,
422 473 461 494 ne
477 465 559 493 idem
580 466 655 493 esset
668 465 752 500 pater
769 465 798 491 et
816 463 913 498 filins,
929 463 954 491 si

177 515 260 543 Pater
273 512 311 541 de
325 512 448 540 homine
465 513 644 540 nasceretur.
659 511 782 545 Quarta,
797 510 869 547 quia
883 517 955 538 con-

178 559 330 597 gruentius
341 559 512 587 mittebatur
526 558 578 595 qui
593 559 635 586 est
650 557 689 586 ab
705 557 764 585 alio
773 578 782 592 ‚
795 565 889 594 quam
902 556 955 593 qui

179 609 222 636 est
246 615 264 635 a
286 606 379 634 nullo.
406 605 522 640 Quinta,
549 606 671 641 propter
699 603 955 632 confirmationem

177 652 355 682 haereditatis
372 651 461 680 nobis
479 651 648 688 promissae,
666 658 704 678 ne
722 650 833 678 scilicet
854 658 957 686 posse-

178 708 245 728 mus
268 699 365 727 dicere
378 698 454 726 Patri
471 707 477 726 :
498 707 511 724 «
525 698 659 731 Domine,
682 699 714 725 tu
727 697 821 725 habes
834 697 957 730 Filium,

180 746 227 774 cui
249 745 389 781 competit
410 744 566 773 haereditas
590 752 682 780 quam
705 743 820 772 homini
848 743 959 779 promi-

180 792 281 820 sisti.»
307 792 403 826 Sexta,
417 793 450 820 ut
471 791 561 819 Patris
586 799 656 826 erga
678 798 734 818 nos
756 789 959 818 ostenderetur

182 838 307 867 charitas
323 839 331 855 ¹
347 848 353 866 :
369 839 413 866 Sz'c
429 840 497 866 Deus
518 838 617 865 dilexit
639 837 784 871 mundum,
805 839 836 864 ut
857 837 960 864 Filium

181 893 260 913 suum
282 887 451 920 unigenitum
476 885 564 912 daret.
590 883 733 920 Septima,
762 885 794 911 ut
821 881 960 910 ostenda-

182 934 248 968 tur,
272 932 356 967 quod
376 933 450 959 Deus
473 932 555 959 Pater
579 930 653 958 nihil
684 930 775 958 habet
797 928 881 965 quod
900 935 962 955 non

183 978 219 1006 sit
232 978 320 1006 nobis
338 980 459 1014 paratus
483 977 571 1011 dare,
586 985 655 1005 cum
674 976 780 1004 Filium
794 983 882 1003 suum
896 974 961 1001 uni-

183 1024 316 1059 genitum
341 1023 463 1052 dederit.
489 1024 613 1057 Octava,
637 1025 669 1050 ut
696 1023 769 1050 sicut
797 1021 846 1049 Dei
875 1020 963 1048 Filius

184 1070 278 1099 factus
304 1072 347 1098 est
373 1071 478 1102 homo,
500 1070 541 1097 sic
570 1069 662 1097 homo
690 1068 774 1096 fieret
798 1068 877 1096 filius
903 1067 962 1095 Dei.

186 1116 343 1153 Apostolus
375 1116 413 1144 ad
441 1115 556 1144 Galatas
582 1116 592 1132 ²
624 1125 632 1143 :
661 1117 741 1143 Misit
769 1116 837 1142 Deus
865 1115 965 1142 Filium

186 1171 278 1197 suum,
295 1165 325 1190 ut
340 1163 511 1199 adoptionem
528 1165 647 1197 filiorum
664 1164 849 1197 reciperemus.
871 1163 964 1195 Nona,

187 1211 219 1237 ut
247 1211 322 1237 esset
346 1209 462 1237 occasio
491 1209 610 1242 salutis,
639 1209 691 1245 qui
715 1209 822 1236 dicitur
849 1207 965 1235 occasio

188 1256 294 1289 ruinae,
319 1255 391 1291 quia
410 1256 502 1283 homo
521 1255 690 1291 appetendo
713 1254 865 1282 scientiam
891 1253 966 1281 divi-

189 1310 279 1336 nam,
295 1310 360 1337 quae
376 1301 447 1329 Filio
466 1301 690 1337 appropriatur,
707 1301 821 1329 cecidit.
840 1300 967 1333 Decima,

191 1349 262 1384 quia
289 1348 389 1383 imago
418 1348 521 1376 debuit
552 1356 605 1384 per
634 1348 795 1383 imaginem
823 1347 967 1383 reparari.

191 1395 369 1429 Undecima,
386 1395 456 1431 quia
471 1395 544 1422 sicut
559 1394 684 1422 verbum
699 1394 805 1422 mentis
819 1393 968 1421 mediante

193 1441 333 1477 grossiori
348 1443 453 1469 natura
474 1441 630 1475 emittitur,
646 1441 756 1468 scilicet
779 1448 832 1476 per
846 1448 969 1474 vocem,

194 1488 234 1516 sic
246 1488 374 1516 Verbum
385 1490 524 1516 aeternum
537 1495 590 1524 per
601 1487 834 1523 assumptionem
846 1488 969 1514 naturae.

196 1534 383 1566 Duodecima.
401 1535 472 1570 quia
487 1534 603 1562 medius
624 1534 698 1561 inter
712 1541 854 1570 personas
870 1533 973 1560 debuit

196 1589 258 1609 esse
280 1581 426 1609 mediator
447 1581 496 1608 Dei
515 1583 542 1609 et
562 1581 727 1609 hominum.
757 1580 972 1613 Decimatertia,

197 1628 265 1663 quia
290 1628 432 1663 sapientia
456 1628 544 1655 Patris
569 1635 707 1663 reparare
731 1626 834 1654 debuit
859 1626 972 1662 appeti-

198 1676 292 1702 torem
307 1674 456 1709 sapientioe
469 1675 478 1690 ³
496 1683 502 1701 z
520 1675 606 1701 Eritis
626 1676 695 1701 sicut
714 1674 766 1707 dii,
782 1675 902 1704 scientes,
919 1675 973 1700 etc.

198 1720 442 1754 Quartadecima,
472 1721 543 1756 quia
562 1720 764 1748 decentissime
787 1720 976 1754 conjungitur

199 1768 349 1795 humilitas
364 1776 431 1795 cum
447 1768 590 1803 sapientia
605 1769 613 1784 ⁶
629 1776 635 1794 z
657 1768 706 1794 rbi
718 1768 860 1794 humilitas
871 1789 879 1798 ‚
896 1767 936 1793 ibi
951 1769 976 1792 vt.

201 1816 364 1849 sapientia:
389 1814 469 1841 unde
499 1814 604 1841 Filium
631 1814 679 1841 Dei
705 1813 851 1849 praecipue
880 1813 978 1840 decuit

203 1861 376 1888 incarnatio.
393 1860 616 1893 Quintadecima
627 1881 635 1893 ,
649 1860 719 1896 quia
741 1860 814 1887 ideae
836 1867 897 1887 non
913 1862 979 1886 sunt

204 1907 259 1935 nisi
274 1907 417 1943 sapientia
434 1907 492 1941 Dei,
509 1915 575 1942 quae
590 1907 661 1934 Filio
677 1907 725 1934 Dei
746 1906 955 1942 appropriatur
972 1915 978 1932 ;

204 1953 284 1981 unde
300 1962 366 1981 cum
382 1953 505 1989 singulae
525 1953 597 1981 ideae
612 1953 799 1988 singulorum
813 1953 980 1980 idcatorum

205 2000 262 2028 sint
277 2008 380 2034 causae,
395 2002 463 2027 tunc
475 2000 596 2028 demum
608 2000 709 2027 omnia
718 2000 847 2035 perfecta
862 2002 890 2027 et
903 2007 981 2026 eom-

206 2046 286 2083 pleta
303 2049 400 2080 erunt,
423 2054 490 2074 cum
511 2054 564 2082 per
582 2046 723 2074 unionem
742 2046 780 2073 ad
795 2054 883 2073 suum
901 2046 981 2081 prin-

207 2093 318 2128 cipium
338 2092 487 2120 redierint.
512 2092 733 2125 sextadecima,
756 2092 827 2128 quia
853 2092 876 2119 si
901 2093 984 2119 Pater

207 2141 308 2168 fuisset
330 2141 508 2174 incarnatus,
532 2142 601 2168 tunc
627 2140 710 2168 nulla
733 2147 860 2175 persona
885 2139 985 2167 fuisset

208 2187 270 2214 siue
298 2187 454 2222 principio.
479 2187 740 2222 Decimamptima,
766 2186 836 2221 quia
859 2186 984 2221 oportuit

209 2233 390 2260 incarnatam
401 2241 558 2268 personam
569 2234 710 2267 tanquam
724 2232 907 2259 sacerdotem
917 2241 985 2268 sup-

210 2279 319 2314 plicare
341 2278 414 2305 Patri
433 2287 487 2314 pro
507 2280 612 2305 natura
630 2280 779 2313 assumpta
796 2288 801 2305 :
820 2278 871 2305 sed
891 2278 986 2313 magis

211 2325 310 2352 decuit
339 2325 442 2352 Filium
459 2324 626 2360 supplicare
652 2324 741 2358 Patri,
765 2332 856 2359 quam
880 2333 895 2351 e
917 2333 986 2352 con-

211 2379 307 2399 verso.
334 2371 571 2403 Decimaoctava,
587 2370 658 2405 quia
678 2370 700 2397 si
726 2371 847 2406 Spiritus
871 2373 986 2398 sanctus

211 2418 311 2445 fuisset
325 2417 507 2451 incarnatuS,
529 2420 596 2444 tunc
616 2416 675 2443 duo
700 2419 795 2444 essent
814 2417 885 2444 Filii.
907 2417 986 2444 Deci<

212 2472 352 2495 manona,
381 2464 450 2499 quia
478 2463 594 2490 nullum
621 2463 715 2497 magis
738 2463 821 2490 decet
846 2463 986 2491 reducere

213 2510 365 2538 hominem
380 2510 419 2537 ad
434 2509 566 2536 divinam
582 2509 797 2544 cognitionem,
814 2518 904 2544 quam
920 2511 987 2536 Ver-

213 2557 297 2589 bum,
318 2564 378 2592 quo
399 2558 480 2583 Pater
495 2564 524 2582 se
549 2555 688 2589 declarat,
705 2554 787 2590 quod
812 2558 854 2582 est
875 2555 987 2582 unibile

214 2604 314 2636 carni,
337 2603 410 2630 sicut
427 2605 454 2630 et
476 2602 601 2629 verbum
626 2601 701 2628 voci.
726 2601 888 2635 Vigesima,
918 2602 988 2637 quia

249 2666 252 2677 ¹
267 2665 346 2693 lmen„
364 2664 452 2692 1¹¹·1ss·
467 2676 497 2680 —-
512 2664 519 2677 ²
536 2662 695 2693 Gal.‚1v,4‚
711 2664 733 2686 5.
750 2676 779 2679 -
795 2661 805 2677 ³
821 2662 892 2689 Gen„
909 2668 948 2692 ιιι,
964 2664 986 2686 5.

216 2712 241 2716 ——
256 2700 402 2729 ⁸1·1·0t·,x=‚
418 2700 440 2721 2.
455 2711 479 2714 —
497 2698 506 2714 ⁵
520 2698 576 2727 Tit„
593 2704 631 2724 ιιι,
647 2700 670 2721 5.
689 2710 718 2715 —-
731 2701 739 2711 0
755 2696 823 2720 Psal.
840 2703 929 2724 Lxxni,
951 2700 986 2722 12.

1003 319 1123 349 nullum
1134 319 1231 355 magis
1242 318 1328 346 decet
1339 317 1482 346 reducere
1495 317 1649 346 hominem
1657 317 1698 346 ad
1708 317 1782 347 filia-

1004 367 1117 396 tionem
1130 365 1314 402 adoptivam,
1329 372 1421 401 quam
1434 364 1531 392 filium
1543 364 1720 393 naturalem.

1274 458 1418 492 CAPUT
1440 458 1515 493 VII.

1214 532 1252 558 De
1269 531 1346 558 modo
1365 531 1576 558 lucar-nationis.

1045 603 1076 628 ln
1090 601 1241 628 communi
1253 599 1438 636 reparatione
1450 600 1585 627 omnium
1595 599 1704 627 decens
1714 599 1788 633 erat,

1011 649 1043 675 ut
1055 647 1139 675 fieret
1155 654 1315 675 concursus
1326 647 1416 674 trium
1431 646 1468 674 de
1489 645 1597 682 triplici
1611 644 1788 678 hierarchia,

1011 694 1121 722 scilicet
1139 693 1256 727 divina,
1275 693 1428 729 angelica,
1448 694 1477 721 et
1493 693 1626 720 humana
1642 700 1648 719 :
1665 691 1745 719 unde
1758 690 1790 719 in

1012 740 1152 777 mysterio
1179 739 1390 768 incarnationis
1418 739 1472 767 fuit
1499 747 1660 767 concursus
1687 737 1790 774 Angeli

1012 786 1189 820 nuntiantis,
1210 785 1337 822 Virginis
1357 785 1568 821 concipientis,
1590 787 1618 813 et
1638 785 1726 813 Verbi
1741 784 1791 813 Dei

1014 840 1134 861 carnem
1155 832 1340 860 assumentis
1360 833 1434 860 Cum
1451 832 1540 860 Filius
1555 831 1604 859 Dei
1625 831 1747 859 mittitur
1762 830 1792 858 in

1016 878 1177 912 mundum,
1202 885 1263 906 non
1291 878 1323 906 fit
1351 878 1408 906 loci
1434 878 1576 912 mutatio,
1601 877 1655 905 sed
1681 879 1793 905 naturae

1015 925 1153 953 humanae
1168 925 1349 961 assumptio,
1370 924 1441 961 quia
1457 924 1549 960 ipsius
1563 923 1657 959 mitti,
1673 925 1716 951 est
1731 931 1793 951 esse

1017 971 1067 999 ubi
1083 971 1165 1008 prius
1179 971 1248 1006 fuit,
1265 970 1318 999 sed
1340 970 1423 999 aliter
1444 971 1486 998 ibi
1508 978 1570 998 esse
1581 992 1589 1005 ,
1606 978 1698 1006 quam
1712 969 1794 1006 prius

1018 1018 1071 1046 tuit
1087 1027 1093 1045 :
1110 1020 1137 1046 et
1157 1017 1220 1045 haec
1235 1017 1363 1046 alteritas
1378 1025 1439 1045 non
1458 1020 1500 1045 est
1515 1026 1550 1045 cx
1565 1019 1648 1053 parte
1664 1017 1727 1052 ejus
1742 1016 1794 1052 qui

1019 1067 1077 1099 est,
1094 1072 1162 1092 cum
1182 1063 1218 1092 sit
1236 1064 1444 1098 immutabilis;
1459 1064 1511 1091 sed
1530 1072 1564 1091 ex
1583 1065 1666 1100 parte
1688 1064 1751 1098 ejus
1765 1063 1796 1090 in

1019 1119 1080 1147 quo
1096 1113 1158 1144 est,
1173 1110 1244 1147 quia
1262 1110 1361 1138 unitur
1375 1112 1482 1138 nostrae
1501 1110 1582 1138 carni
1603 1120 1610 1137 ε
1632 1110 1712 1138 unde
1731 1118 1797 1137 mu-

1020 1159 1090 1186 tatio
1114 1165 1175 1185 non
1198 1157 1252 1185 fuit
1275 1165 1309 1185 ex
1331 1159 1415 1193 parte
1435 1157 1509 1191 Filii,
1523 1157 1577 1185 sed
1592 1164 1626 1185 ex
1645 1158 1728 1193 parte
1753 1163 1798 1183 as-

1021 1205 1141 1241 sumpti.
1169 1207 1312 1233 Prreterea
1341 1204 1371 1232 in
1398 1203 1560 1231 mutatione
1587 1203 1645 1231 loci
1673 1203 1799 1238 exigitur

1023 1260 1083 1279 non
1099 1259 1160 1279 esse
1183 1251 1249 1287 quis
1267 1251 1319 1278 ubi
1341 1251 1423 1286 prius
1444 1252 1523 1284 erat;
1546 1249 1599 1277 sed
1618 1257 1672 1277 nec
1687 1249 1744 1277 hoc
1758 1251 1801 1277 est

1023 1299 1053 1326 in
1069 1298 1130 1326 Filii
1146 1298 1284 1325 missione
1296 1319 1304 1332 ‚
1321 1298 1393 1334 quia
1408 1300 1475 1334 post
1496 1297 1729 1325 incarnationem
1747 1297 1800 1325 tuit

1024 1346 1055 1373 in
1071 1347 1152 1373 Patre
1166 1345 1239 1372 sicut
1255 1352 1381 1380 semper.

1061 1393 1199 1420 Cnmsrus
1209 1391 1367 1427 assumpsit
1376 1393 1514 1428 naturam
1522 1392 1652 1418 nostram
1667 1391 1800 1426 quinque

1026 1438 1138 1472 modis,
1161 1438 1271 1465 scilicet
1296 1441 1319 1465 t.
1340 1437 1587 1472 misericorditer;
1604 1436 1800 1473 Apostolus⁶z

1027 1485 1176 1513 Secundum
1197 1492 1273 1511 suam
1300 1483 1515 1511 misericordiam
1539 1484 1626 1511 salvos
1651 1491 1698 1511 nos
1726 1485 1802 1517 fecit.

1027 1532 1054 1558 9..
1072 1531 1190 1563 Utiliter,
1205 1530 1315 1558 scilieet
1329 1538 1384 1566 pro
1399 1529 1491 1557 salute
1506 1532 1605 1557 nostra
1619 1530 1629 1546 ⁶
1645 1539 1651 1556 :
1671 1529 1804 1564 Operatus

1028 1579 1202 1613 esc-salutem
1223 1578 1253 1603 in
1274 1577 1360 1604 medio
1384 1579 1470 1603 terroe.
1496 1578 1522 1603 3.
1548 1576 1708 1612 Sapienter,
1735 1575 1805 1611 quia

1030 1623 1187 1659 assumpsit
1205 1623 1318 1650 bonum
1340 1624 1467 1657 naturae,
1483 1621 1675 1658 reprobando
1692 1621 1805 1649 malum

1031 1670 1124 1705 culpae
1137 1671 1146 1686 ἵ
1165 1679 1170 1696 ;
1188 1671 1320 1703 Butyrum
1339 1672 1363 1696 et
1375 1670 1426 1695 mel
1441 1669 1572 1702 comedet,
1586 1671 1616 1695 ut
1631 1669 1701 1696 sciat
1715 1676 1806 1702 repro-

1033 1717 1094 1743 bare
1116 1717 1214 1742 malum
1236 1718 1261 1742 et
1285 1716 1383 1749 elmere
1402 1715 1506 1742 bonum.
1533 1717 1558 1742 4.
1579 1714 1721 1748 Fortiter,
1736 1714 1807 1750 quia

1033 1762 1073 1789 sic
1093 1761 1250 1797 assumpsit
1268 1764 1403 1788 naturam
1430 1761 1607 1795 humanam,
1628 1760 1710 1796 quod
1732 1768 1808 1788 nun-

1034 1816 1125 1844 quam
1140 1807 1277 1843 deposuit
1296 1815 1362 1835 eam
1378 1816 1384 1834 :
1408 1807 1479 1842 quia
1498 1808 1564 1842 post
1588 1808 1713 1834 mortem
1728 1806 1810 1834 unita

1034 1855 1088 1882 suit
1107 1854 1244 1881 divinitas
1263 1853 1343 1881 carni
1365 1854 1395 1880 in
1411 1852 1586 1889 sepulchro,
1607 1855 1635 1880 et
1654 1853 1759 1880 animae
1779 1852 1809 1879 in

1035 1901 1161 1928 interno.
1183 1902 1208 1927 5.
1234 1900 1419 1934 ilirabiliter,
1440 1899 1511 1935 quia
1526 1899 1683 1934 conjuncta
1698 1901 1766 1926 sunt
1780 1898 1810 1926 in

1035 1947 1235 1975 incarnatione
1255 1954 1406 1973 summum
1426 1947 1454 1973 et
1476 1945 1583 1979 imum,
1602 1946 1659 1973 hoc
1679 1947 1722 1973 est
1738 1947 1812 1972 Deus

1037 1996 1065 2021 et
1080 1994 1177 2021 limus

1077 2041 1190 2068 Verbum
1200 2042 1210 2055 ⁸
1225 2048 1286 2067 caro
1301 2043 1403 2073 factum
1416 2042 1454 2067 est
1468 2039 1599 2075 quinque
1615 2039 1722 2073 modis,
1737 2039 1814 2066 scili-

1038 2089 1084 2116 cet
1105 2090 1128 2114 ¹.
1144 2086 1306 2114 secundum
1324 2093 1459 2120 carnem,
1474 2086 1545 2122 quia
1559 2086 1724 2113 secundum
1738 2086 1814 2113 veri-

1040 2136 1129 2162 tatem
1144 2133 1240 2160 carnis
1256 2134 1266 2149 ⁹
1282 2142 1288 2160 :
1310 2134 1374 2160 Vere
1390 2134 1530 2166 languores
1546 2135 1649 2159 nostros
1664 2134 1721 2166 ipse
1736 2132 1812 2159 tulit.

1040 2184 1066 2208 2.
1097 2182 1199 2208 Praeter
1227 2187 1363 2212 carnem,
1392 2178 1462 2213 quia
1481 2181 1585 2213 praeter
1611 2178 1815 2213 operationem

1042 2227 1190 2255 carnalem
1206 2225 1225 2241 ¹⁰
1241 2235 1248 2251 :
1267 2226 1343 2257 Quod
1358 2226 1386 2251 ιῖιι
1408 2232 1439 2251 ea
1461 2227 1554 2251 natum
1576 2227 1613 2251 cst
1626 2246 1632 2255 ,
1658 2224 1691 2251 (le
1708 2224 1816 2259 Spiritu

1041 2277 1131 2301 sancto
1148 2275 1194 2299 νεῖ.
1211 2273 1238 2299 3.
1252 2272 1345 2306 Supra
1360 2279 1490 2305 carnem,
1503 2271 1574 2307 quia
1588 2270 1699 2298 meritis
1710 2271 1815 2298 nostris

1042 2327 1102 2347 non
1117 2317 1318 2353 exigentibus5
1338 2317 1494 2352 Apostolus
1508 2317 1525 2334 ¹¹
1546 2326 1551 2344 :
1572 2319 1630 2344 Non
1647 2325 1679 2343 ar
1694 2318 1816 2351 operibus

1036 2367 1169 2400 Justitz‘oe,
1192 2372 1250 2398 quae
1268 2364 1381 2396 fecimus
1402 2371 1458 2390 nos.
1483 2366 1507 2390 i.
1535 2365 1653 2399 Propter
1677 2370 1814 2395 carnem,

1043 2412 1114 2447 quia
1133 2410 1170 2438 ad
1190 2409 1365 2437 salvandam
1388 2417 1524 2443 carnem,
1544 2412 1571 2436 et
1592 2409 1649 2436 hoc
1674 2411 1817 2444 quantum

1043 2458 1082 2485 ad
1104 2456 1206 2484 fideles
1221 2456 1391 2489 efficaciter,
1412 2455 1479 2483 licet
1499 2457 1642 2491 quantum
1661 2455 1700 2482 ad
1714 2462 1818 2482 omnes

1043 2503 1220 2532 sufficienter
1236 2504 1277 2528 ¹²:
1298 2502 1409 2529 i'ocatzz's
1433 2509 1524 2529 nomen
1548 2501 1605 2535 ejus
1627 2502 1731 2532 Jesum,
1761 2503 1818 2536 ipse

1044 2553 1114 2578 enim
1147 2549 1251 2575 salvum
1281 2550 1361 2580 litu-iet
1388 2549 1515 2582 populum
1539 2555 1625 2573 situm.
1657 2549 1682 2574 5.
1712 2549 1818 2574 Contra

1045 2603 1182 2628 earnem,
1199 2594 1268 2629 quia
1288 2595 1325 2621 ad
1351 2595 1494 2629 majorem
1509 2593 1730 2621 damnationem
1752 2594 1816 2620 inti-

1045 2673 1074 2677 —
1088 2659 1094 2671 ⁷
1106 2659 1166 2686 Iso„
1183 2662 1228 2684 vii,
1249 2658 1283 2679 153.
1297 2670 1326 2673 —
1339 2657 1440 2685 BJoan..
1457 2657 1523 2685 1.t-'i.
1539 2658 1587 2672 —-¹'
1604 2657 1731 2685 lm..1.111,
1747 2657 1769 2678 i.
1785 2669 1815 2673 —

1047 2696 1065 2711 ²⁰
1076 2693 1177 2720 Malth..
1194 2697 1211 2721 1,
1224 2694 1262 2715 20.
1274 2705 1304 2709 —
1317 2693 1334 2708 ¹¹
1352 2692 1409 2720 Tit„
1424 2697 1460 2721 iu,
1474 2693 1497 2715 5.
1507 2704 1536 2708 -
1550 2693 1568 2707 ¹³
1584 2692 1684 2720 Malta„
1701 2697 1718 2720 1,
1729 2693 1766 2715 21.
