2004 3037
443 217 493 250 ΠΕ
514 215 749 249 GRATJARUM
770 213 1134 248 SANCTIFICATlONE.
1158 216 1246 249 CAP.
1269 217 1443 250 XLI-XLV.

393 331 536 366 CAPUT
562 331 648 365 XLI.

369 404 406 432 De
434 405 538 432 Timore
561 403 681 431 initiali.

174 474 272 502 Timor
285 473 403 502 initialis
416 473 484 502 ideo
499 473 540 501 sic
555 473 649 502 dictus
664 475 715 508 est,
731 472 801 509 quia
816 473 859 500 est
873 471 915 499 in-

138 519 308 556 cipientium
329 519 426 556 primo
451 520 612 562 poenitere3
637 519 716 547 unde
740 519 770 547 in
792 519 866 547 isaia
885 518 913 546 ¹:

138 566 258 600 Domine,
271 574 288 593 a
301 567 396 593 timore
410 568 454 593 tao
468 567 644 600 concepimus,
661 567 715 593 etc.
728 574 734 592 ε
752 564 804 601 qui
818 564 915 592 adhuc

137 613 204 640 sunt
224 612 255 640 in
278 611 414 648 angustia
434 619 490 648 pro
510 614 632 648 peccato
656 612 739 648 quod
759 611 915 639 commise-

139 660 207 686 runt
214 667 224 693 ‚-
240 658 293 686 sed
306 658 368 686 haec
391 659 526 694 angustia
546 659 624 687 foras
642 659 774 693 mittitur,
792 658 915 694 quando

139 705 317 734 conscientia
342 707 492 734 serenatur
515 705 555 733 ad
575 705 712 741 plenum,
735 705 805 742 quia
821 705 831 721 ²
855 713 916 740 per-

138 752 209 785 fecta
230 753 348 780 charitas
367 754 443 787 foras
462 754 548 780 mittit
573 754 694 780 timorem
711 752 869 787 initialem,
886 751 916 779 in

139 800 283 835 quantum
304 799 394 827 habet
418 801 555 827 naturam
582 799 696 827 timoris
717 799 847 834 servilis,
875 806 917 826 sc-

140 845 273 872 cundum
293 845 351 873 hoc
370 846 495 880 scilicet,
521 846 605 882 quod
624 845 715 873 habet
738 845 858 873 oculum
875 845 914 872 ad

139 899 270 928 poenam.
284 892 383 919 Timor
401 893 481 920 enim
501 892 620 920 initialis
639 892 727 919 habet
750 891 826 919 duos
846 899 916 919 ocu-

140 938 204 967 los:
221 947 314 966 unum
334 939 374 967 ad
397 939 540 974 gloriam,
564 939 615 975 qui
632 940 674 967 est
693 938 718 966 ei
741 938 915 973 essentialis3

140 986 264 1014 alterum
279 986 318 1013 ad
333 993 467 1021 poenam,
482 985 534 1021 qui
549 987 591 1013 est
604 985 630 1013 ei
648 985 848 1020 accidentalis,
865 985 917 1013 sed

139 1032 238 1060 timori
265 1032 365 1060 servili
390 1034 432 1059 est
460 1032 631 1060 essentialis.
660 1033 801 1060 Praeterea
830 1032 917 1059 timor

139 1078 259 1107 initialis
277 1079 404 1107 abstinet
422 1086 439 1106 a
457 1080 578 1115 peccato
598 1079 708 1106 veniali
727 1078 885 1106 retrahenti
900 1087 918 1106 a

140 1125 237 1161 gloria
250 1126 372 1161 propter
391 1133 512 1162 poenam
530 1125 694 1162 purgatorii
710 1134 717 1153 ε
740 1125 771 1153 in
787 1134 847 1162 quo
862 1134 916 1162 po-

139 1173 193 1200 test
215 1172 374 1200 convenire
398 1180 467 1200 cum
488 1171 633 1207 perfecto,
655 1173 706 1208 qui
726 1173 815 1200 etiam
837 1172 919 1200 timet

139 1226 260 1254 poenam
271 1219 447 1255 purgatorii,
460 1219 491 1246 in
506 1222 649 1255 quantum
663 1221 705 1246 est
720 1219 842 1247 dilativa
856 1219 918 1254 glo-

140 1265 205 1300 riae,
231 1266 292 1293 sive
317 1266 483 1302 separativa
513 1266 553 1293 ad
579 1267 703 1302 tempus.
731 1266 843 1302 Duplex
876 1268 919 1294 est

141 1319 243 1347 amor,
271 1312 380 1340 scilicet
406 1313 523 1347 filialis,
558 1321 618 1348 quo
647 1314 738 1340 Deum
768 1312 918 1348 diligimus

140 1360 262 1395 propter
281 1367 312 1387 se
333 1362 462 1394 tantum;
487 1363 515 1388 et
535 1360 749 1392 mercenarius,
775 1368 835 1396 quo
857 1368 919 1387 non

142 1405 294 1441 diligimus
309 1407 520 1443 principaliter,
538 1407 591 1434 sed
608 1406 799 1441 secundario,
816 1407 918 1435 habito

140 1454 274 1488 respectu
287 1453 325 1480 ad
343 1454 519 1481 mercedem.
538 1453 609 1480 Huic
625 1453 735 1489 duplici
752 1453 845 1481 amori
860 1462 918 1481 res-

141 1498 253 1533 pondet
269 1498 380 1535 duplex
403 1499 501 1534 timor,
522 1500 631 1527 scilicet
651 1499 782 1534 initialis,
798 1502 825 1527 et
845 1500 918 1527 filia-

141 1544 187 1572 lis.
202 1546 275 1573 Nam
293 1545 392 1573 filialis
411 1546 499 1574 timor
518 1546 679 1582 respondet
700 1546 795 1574 amori
818 1546 916 1582 filiali3

141 1591 259 1620 initialis
273 1599 344 1620 vero
358 1592 520 1628 respondet
534 1593 629 1620 amori
643 1593 836 1621 mercenario.

354 1686 379 1718 C
391 1686 420 1718 A
431 1686 457 1718 P
468 1685 497 1718 U
508 1686 533 1719 T
572 1687 603 1719 X
616 1686 664 1719 LI
678 1687 688 1719 Ι
695 1712 701 1719 .

399 1759 435 1784 De
452 1759 557 1785 Timore
569 1758 662 1792 filiali.

179 1825 275 1853 Timor
289 1825 388 1853 filialis
402 1826 522 1862 proprie
545 1827 626 1854 timet
647 1826 798 1855 offendere
816 1829 917 1863 Deum,

144 1871 214 1907 quia
235 1871 271 1907 (α)
286 1871 399 1899 etiamsi
416 1875 536 1909 propter
548 1876 701 1909 peccatum
722 1882 783 1901 non
800 1883 918 1910 separa-

144 1919 222 1944 retur
239 1917 272 1953 (Ιι)
289 1926 306 1945 a
322 1920 391 1950 Deo,
407 1921 505 1946 tamen
520 1927 538 1946 a
552 1922 672 1955 peccato
685 1920 852 1953 abstineret,
864 1930 918 1949 nec

146 1963 236 1990 Deum
250 1964 411 1992 offenderet
427 1973 434 1992 :
451 1968 478 1993 et
492 1966 522 1992 in
537 1966 593 1993 hoc
607 1966 694 1994 timor
708 1967 807 1995 filialis
822 1968 920 1995 diflert

145 2009 183 2036 ab
195 2009 309 2043 initiali,
324 2011 395 2046 quia
407 2011 526 2039 initialis
540 2013 659 2048 proprie
675 2016 717 2041 est
731 2014 819 2042 timor
835 2023 919 2051 sepa-

144 2055 276 2090 rationiS,
286 2057 356 2092 quia
368 2059 489 2092 propter
496 2060 705 2086 conscientiam
713 2061 824 2095 peccati
839 2062 919 2090 timet

145 2111 163 2131 a
188 2105 246 2131 Deo
274 2105 424 2140 separari;
449 2105 536 2133 timor
561 2108 660 2133 autem
685 2107 782 2134 filialis
806 2110 919 2136 tantum

144 2150 226 2178 timet
240 2150 391 2178 offendere
405 2152 507 2179 Deum.
523 2151 586 2180 Alia
602 2155 643 2180 est
657 2153 833 2187 differentia,
848 2155 919 2190 quia

144 2195 232 2224 timor
259 2197 378 2225 initialis
401 2199 444 2225 est
467 2198 718 2234 imperfectorum,
743 2200 795 2228 sed
820 2200 919 2227 filialis

143 2242 351 2278 perfectorum.
366 2244 460 2272 Tertia
473 2247 514 2272 est
528 2245 703 2281 differentia,
721 2247 791 2282 quia
807 2255 874 2274 cum
889 2247 918 2274 in

144 2289 249 2318 timore
261 2298 356 2326 poenae
370 2290 427 2318 sint
447 2291 519 2326 duo,
537 2292 645 2320 scilicet
658 2293 790 2328 punctio,
806 2295 834 2321 et
847 2302 917 2321 cau-

144 2336 202 2363 tela
213 2346 221 2364 .·
232 2336 297 2372 ipsa
306 2337 426 2373 punctio
440 2338 565 2373 pertinet
578 2339 617 2366 ad
630 2340 765 2367 timorem
777 2340 918 2368 initialem

145 2382 222 2418 (talis
232 2383 309 2411 enim
320 2384 440 2420 punctio
452 2387 494 2411 est
506 2393 542 2412 ex
553 2386 730 2414 conscientia
743 2387 864 2421 peccati,
882 2387 918 2415 de

145 2436 206 2464 quo
220 2430 311 2457 nescit
325 2438 363 2457 an
378 2431 414 2458 sit
434 2431 615 2467 dimissum);
633 2433 747 2460 cautela
764 2441 835 2460 vero
851 2442 917 2469 per-

146 2474 215 2502 tinet
229 2476 268 2503 ad
282 2476 419 2505 timorem
432 2477 564 2505 filialem.
582 2479 660 2506 Sicut
681 2480 760 2507 enim
774 2480 919 2515 perfectus

146 2524 229 2549 cavet
249 2525 403 2558 peceatum
415 2544 424 2557 ,
439 2525 523 2560 quod
548 2527 638 2553 Deum
653 2526 794 2561 offendit,
814 2526 854 2554 ita
866 2535 920 2562 per

148 2574 331 2605 consequens
346 2572 430 2598 cavet
443 2579 581 2607 poenam,
596 2572 649 2600 sed
663 2574 762 2615 tamen
775 2581 829 2609 per
843 2574 918 2601 acci-

182 2629 258 2659 ¹Isa.,
274 2636 347 2662 xxvx,
365 2633 403 2663 18,
418 2633 558 2658 secundum
574 2634 646 2659 Lxx.
659 2647 690 2652 —
709 2617 813 2666 Clean„
830 2643 863 2665 iv,
880 2638 918 2661 18.

148 2678 178 2683 -
192 2665 279 2689 ³Psal.
298 2672 372 2698 xvul,
387 2669 425 2692 20.
443 2669 494 2686 —4
512 2669 518 2692 1
535 2669 612 2699 Pctr„
632 2676 671 2701 111,
687 2672 709 2695 2.

287 2719 360 2742 ToM.
382 2721 450 2743 vm.

1687 221 1746 251 193

969 281 1051 311 dens.
1071 282 1170 312 Timor
1197 284 1284 313 etlam
1312 284 1411 314 filialis
1439 284 1545 314 dicitur
1563 285 1695 313 sanctus⁸
1718 287 1747 314 et

968 333 1058 358 caseus
1073 330 1092 356 ⁴.

1174 384 1350 418 CAPUT
1383 385 1537 419 XLIII.

1231 454 1264 481 De
1279 455 1347 482 dono
1362 455 1484 482 Pietatis.

1007 520 1121 547 Donum
1139 520 1254 556 pietatis
1267 520 1298 548 in
1313 521 1407 549 tribus
1422 521 1570 557 consistit,
1588 522 1696 550 scilicet
1717 523 1748 550 in

971 565 1051 593 cultu
1068 566 1128 601 Dei,
1144 566 1174 594 in
1188 567 1377 595 veneratione
1393 576 1482 596 sacrae
1496 568 1660 604 scripturae,
1677 571 1705 596 et
1719 569 1748 597 in

970 611 1084 640 honore
1105 613 1244 649 proximi.
1264 614 1363 642 Cultus
1383 615 1431 642 Dei
1448 615 1578 643 consistit
1592 615 1622 642 in
1637 615 1749 651 profes-

971 658 1054 686 sione
1078 659 1186 688 divinae
1205 660 1376 697 majestatis,
1393 663 1421 689 et
1440 661 1498 690 hoc
1522 663 1565 689 est
1587 661 1747 690 theosebia.

971 705 1123 733 Veneratio
1134 714 1224 734 sacrae
1238 707 1392 743 Scripturae
1406 708 1537 736 consistit
1551 708 1581 736 in
1595 708 1664 743 hoc,
1678 711 1710 736 ut
1725 709 1750 736 ei

971 752 1093 780 firmiter
1114 753 1265 788 credatur,
1278 754 1402 782 sollicite
1418 755 1616 789 custodiatur,
1632 756 1658 782 et
1677 755 1750 783 fide—

971 799 1037 827 liter
1063 799 1259 836 dispensetur.
1289 802 1389 830 Honor
1413 802 1543 838 proximi
1566 803 1697 830 consistit
1721 803 1752 831 in

971 847 1136 875 reverentia
1159 848 1363 884 superiorum,
1385 849 1415 876 in
1432 849 1635 877 conformitate
1655 857 1752 885 nequa-

973 892 1056 928 lium,
1073 895 1101 921 et
1115 894 1145 921 in
1162 894 1358 922 subventione
1375 895 1559 924 inferiorum.

1181 988 1205 1021 C
1215 989 1245 1021 A
1254 988 1280 1021 P
1292 989 1320 1022 U
1332 989 1358 1021 T
1396 989 1427 1022 X
1439 989 1542 1024 LIV.

1228 1060 1265 1087 De
1280 1060 1347 1087 dono
1362 1061 1498 1088 Scientioe.

1009 1126 1141 1154 Scientiae
1160 1127 1274 1156 donum
1295 1129 1375 1156 idem
1398 1131 1441 1157 cst
1468 1129 1498 1157 in
1522 1130 1646 1157 essentia
1672 1131 1755 1166 quod

974 1172 1142 1208 prudentia,
1155 1182 1220 1209 quae
1236 1177 1278 1202 est
1292 1176 1383 1203 virtus
1396 1176 1532 1212 politica3
1549 1177 1601 1204 sed
1615 1177 1756 1205 differunt

974 1218 1005 1246 in
1019 1219 1132 1247 ratione
1149 1221 1268 1255 agendi.
1292 1221 1450 1250 Prudentia
1469 1222 1549 1250 enim
1572 1224 1705 1259 procedit
1720 1232 1756 1252 ex

974 1265 1126 1301 principiis
1138 1266 1212 1300 juris
1226 1268 1388 1303 naturalis;
1412 1268 1539 1296 scientiae
1555 1277 1626 1297 vero
1641 1270 1755 1298 donum

975 1321 1010 1340 ex
1023 1313 1175 1349 principiis
1189 1314 1271 1342 fidei.
1291 1316 1429 1351 Proprius
1443 1317 1525 1343 actus
1544 1317 1670 1345 scientiae
1684 1317 1756 1346 doni

975 1362 1018 1388 est
1038 1361 1145 1389 docere
1166 1365 1243 1390 reete
1267 1363 1436 1390 conversari
1457 1364 1486 1391 in
1511 1364 1611 1392 medio
1628 1365 1755 1393 nationis

974 1415 1074 1443 pravae
1089 1410 1116 1435 et
1135 1416 1289 1444 perversae.
1314 1409 1357 1437 Ad
1373 1410 1456 1445 quod
1472 1411 1662 1446 requiruntur
1677 1412 1731 1440 tria
1747 1422 1754 1440 ι

974 1455 1105 1489 primum
1127 1457 1185 1490 est,
1208 1456 1291 1492 quod
1308 1456 1418 1484 habeat
1433 1457 1578 1492 rationes,
1595 1458 1704 1494 quibus
1725 1468 1755 1487 se

976 1500 1116 1528 defendat
1135 1501 1173 1529 ab
1200 1502 1444 1538 impugnantibus
1464 1503 1554 1531 fidem
1581 1513 1683 1539 suam,
1709 1513 1755 1533 se-

975 1547 1108 1574 cuudum
1123 1550 1182 1582 est,
1198 1549 1281 1584 quod
1302 1557 1319 1576 a
1340 1549 1420 1576 malo
1437 1550 1602 1585 abstineat,
1620 1551 1754 1587 tertium,

975 1593 1058 1629 quod
1068 1594 1145 1622 bene
1158 1596 1186 1622 et
1199 1594 1362 1630 prudenter
1374 1597 1552 1631 temporalia
1562 1597 1752 1626 administret.

975 1642 1115 1668 Praeterea
1137 1641 1262 1669 scientiae
1286 1641 1357 1669 doni
1382 1645 1424 1670 est
1447 1643 1574 1678 dirigere
1601 1652 1692 1680 opera
1715 1645 1754 1673 ad

975 1695 1112 1714 normam
1141 1687 1263 1715 rationis
1274 1709 1282 1722 ,
1308 1690 1335 1716 et
1363 1689 1402 1716 ad
1432 1690 1668 1719 conformitatem
1693 1692 1752 1720 Dei.

975 1734 1045 1761 Item
1062 1742 1115 1769 per
1134 1734 1261 1761 scientiae
1275 1734 1390 1762 donum
1412 1735 1515 1770 scitur,
1536 1744 1573 1764 ne
1588 1737 1643 1764 sub
1658 1739 1754 1773 specie

974 1780 1047 1807 boni
1069 1780 1182 1808 malum
1198 1781 1296 1809 lateat.
1318 1783 1388 1809 Item
1403 1782 1518 1810 donum
1539 1783 1666 1812 scientiae
1680 1785 1755 1820 regit

974 1827 1131 1862 pietatem:
1149 1830 1270 1863 propter
1286 1828 1368 1863 quod
1384 1829 1470 1856 etiam
1486 1829 1547 1856 haec
1563 1830 1623 1857 duo
1637 1831 1752 1858 combi-

974 1875 1092 1900 nantur.
1120 1875 1191 1901 Item
1217 1882 1270 1909 per
1293 1874 1406 1902 donum
1430 1875 1557 1903 scientiae
1583 1877 1636 1904 scit
1661 1877 1752 1906 homo

975 1919 1048 1954 quid
1063 1920 1116 1953 sit,
1132 1922 1160 1947 ct
1180 1928 1197 1947 a
1221 1928 1281 1956 quo
1301 1921 1351 1955 sit,
1366 1924 1392 1948 et
1415 1922 1453 1949 ad
1469 1923 1541 1958 quid
1559 1923 1604 1950 sit.
1622 1924 1752 1952 Scientiae

976 1966 1089 1993 donum
1111 1967 1154 1993 est
1174 1967 1295 1994 scientia
1309 1967 1514 1996 faciendorum
1531 1979 1537 1996 ε
1559 1972 1586 1997 et
1606 1970 1688 2005 ideo,
1704 1979 1751 1998 ra-

976 2012 1053 2040 tione
1063 2013 1199 2047 scientiae,
1213 2014 1342 2041 consistit
1354 2014 1384 2041 in
1397 2016 1575 2050 cognitione,
1588 2017 1750 2044 secundum

975 2068 1067 2094 quam
1081 2067 1142 2086 non
1159 2062 1201 2087 est
1216 2060 1325 2094 virtus3
1342 2061 1394 2088 sed
1407 2062 1520 2089 ratione
1536 2062 1749 2098 faciendorum,

976 2106 1105 2133 consistit
1132 2106 1162 2133 in
1187 2107 1369 2142 operatione,
1398 2108 1562 2136 secundum
1592 2117 1683 2144 quam
1709 2113 1752 2137 est

975 2151 1076 2178 virtus.

1179 2203 1372 2236 CAPUT
1411 2204 1543 2239 XLV.

1237 2275 1272 2302 De
1287 2276 1356 2303 dono
1371 2277 1493 2304 Consilii.

1012 2342 1159 2369 Consilium
1175 2343 1299 2370 sumitur
1318 2344 1411 2372 tribus
1427 2344 1544 2372 modis:
1567 2345 1750 2382 quandoque

975 2387 1053 2414 enim
1070 2387 1176 2416 dicitur
1195 2391 1336 2417 consilium
1352 2390 1526 2419 deliberatio
1544 2391 1581 2419 de
1595 2392 1684 2420 rebus
1699 2401 1750 2420 va-

973 2433 1102 2461 lentibus
1122 2434 1161 2461 ad
1180 2434 1270 2463 finem
1293 2436 1331 2463 ad
1353 2445 1444 2472 quem
1466 2437 1628 2473 tendimus;
1652 2438 1750 2466 ettale
1800 2439 1803 2442 ⁴

976 2480 1133 2508 consilium
1147 2482 1271 2517 pertinet
1284 2482 1323 2510 ad
1339 2483 1538 2519 prudentiam,
1553 2484 1600 2512 vel
1614 2485 1694 2512 idem
1709 2487 1752 2512 est

976 2527 1059 2563 quod
1079 2528 1246 2563 prudentia.
1271 2529 1458 2566 Quandoque
1482 2531 1588 2559 dicitur
1608 2533 1751 2559 consilium

975 2575 1126 2610 persuasio
1152 2582 1252 2603 rerum
1281 2577 1505 2612 excellentium,
1530 2577 1570 2605 ad
1594 2585 1667 2613 quas
1689 2585 1750 2606 non

1007 2673 1039 2704 (a)
1052 2673 1113 2698 Coet.
1128 2673 1188 2697 edit.
1204 2674 1257 2705 qui.
1273 2688 1303 2692 —
1317 2674 1348 2706 (b)
1362 2676 1422 2698 Ilem
1438 2677 1578 2706 separetur.

1572 2722 1610 2751 13
