2004 3037
877 204 1006 238 CAPUT
1027 204 1117 239 LXV.

188 278 254 308 quae
274 271 353 300 ultro
368 271 478 300 obtulit
495 270 522 300 ei
540 279 665 300 munere
679 271 774 308 regio.
789 273 823 301 111
840 273 917 308 Rea..
937 280 968 302 x.

222 317 299 347 Elias
320 318 369 355 pie
393 326 567 355 compassus
589 321 632 347 est
653 318 753 347 viduae
772 319 855 356 apud
875 327 968 356 quam

184 365 415 400 sustentabatur,
426 367 454 394 et
464 365 621 394 efficaciter
633 365 730 394 oravit
743 373 799 402 pro
813 365 877 394 filio
888 366 967 395 illius

185 411 340 448 defuncto,
356 413 396 440 ita
411 411 495 449 quod
509 412 609 448 ipsum
628 421 646 442 a
664 412 790 442 mortuis
804 413 964 442 suscitavit.

183 459 216 488 111
230 460 307 495 neq..
321 468 391 488 xvu.

218 506 364 542 Allegavit
387 506 498 535 Abdias
526 506 722 543 beneficium,
751 507 837 544 quod
860 509 964 536 contu-

181 552 257 582 lerat
283 553 436 590 prophetis
468 553 602 589 Domini,
637 562 714 590 quos
747 554 962 590 absconderat,

181 600 304 637 quando
320 600 531 637 quaerebantur
549 600 590 629 ad
608 603 752 637 mortem,
774 601 814 630 ad
830 601 890 630 hoe
904 602 964 630 sci-

179 647 258 683 licet,
272 649 356 685 quod
371 648 449 677 Elias
462 647 489 676 ei
502 648 640 676 nuntium
651 649 856 685 periculosum
867 649 964 686 injun-

183 703 252 731 gere
267 703 330 724 non
344 695 476 724 deberet.
492 697 527 725 111
541 696 617 731 Rea„
633 704 714 725 xvm.

213 743 396 771 Ascensurus
410 742 442 770 in
456 742 566 770 coelum
581 742 658 771 Elias
669 743 747 772 bene
759 744 962 774 remuneravit

178 789 359 826 discipulum
373 798 461 818 suum
476 790 614 818 Eliseum.
631 791 666 819 lV
680 792 758 826 Rea„
775 799 805 820 11.

210 837 321 865 Mulieri
336 837 510 865 sunamitidi
521 837 646 873 hospitae
658 837 768 866 Eliseus
781 837 818 874 (α)
830 838 960 874 benigne

176 883 296 919 obtulit,
308 886 340 912 ut
349 884 522 921 loqueretur
534 893 589 921 pro
604 893 640 914 ea
652 886 726 921 regi,
740 886 764 914 si
776 886 858 922 apud
872 887 960 915 illum

174 930 300 959 haberet
313 932 482 967 negotium.
505 933 577 960 ltem
595 932 693 960 filium
708 933 807 961 eidem
821 933 960 970 impetra-

174 977 225 1012 vit,
241 980 269 1006 et
282 981 385 1014 postea
400 980 553 1006 mortuum
567 979 728 1008 suscitavit.
744 981 778 1008 lV
791 981 870 1015 Req„
885 989 924 1009 ιν.

208 1026 340 1053 Naaman
362 1028 451 1062 Syrus
465 1026 628 1053 mundatus
647 1034 665 1054 a
678 1026 763 1062 lepra
775 1027 814 1054 ad
829 1027 958 1056 verbum

172 1071 274 1106 Elisei,
290 1072 398 1100 obtulit
412 1072 439 1100 ei
460 1080 587 1101 munera
602 1073 703 1101 dicens
719 1083 725 1101 :
744 1083 757 1100 ι(
778 1074 909 1103 Obsecro
925 1077 958 1103 ut

172 1118 300 1155 accipias
319 1119 561 1148 benedictionem
576 1128 593 1149 a
608 1129 694 1150 servo
709 1122 761 1149 tuo
771 1142 781 1156 ,
796 1132 810 1148 n
827 1123 861 1150 lV
876 1123 954 1158 Req„

172 1174 207 1199 v,
222 1168 266 1196 15.

205 1216 396 1243 Accusatores
422 1215 597 1243 Judaeorum
624 1215 770 1244 miserunt
796 1216 954 1252 epistolam

168 1261 320 1290 Artaxerxi
336 1262 398 1298 regi
416 1271 423 1290 ε
438 1272 451 1288 «
461 1263 603 1291 Memores
618 1263 703 1298 salis,
722 1264 806 1300 quod
824 1264 855 1292 in
870 1265 953 1301 pala-

169 1308 210 1337 tio
226 1309 421 1337 comedimus.
438 1311 471 1338 Et
495 1311 568 1346 quia
589 1310 728 1339 laesiones
751 1312 829 1347 regis
850 1312 953 1340 videre

168 1356 252 1384 nefas
266 1356 419 1392 ducimus,
434 1356 547 1386 idcirco
563 1358 710 1393 misimus,
720 1369 734 1385 »
748 1361 814 1393 etc„
830 1360 841 1388 1
855 1360 951 1396 Esdr„

168 1410 197 1431 w
207 1424 217 1438 ,
232 1405 278 1431 14.

202 1450 310 1479 Tobias
330 1451 434 1479 Junior
457 1459 527 1479 cum
548 1451 644 1480 multa
664 1452 844 1488 gratitudine
867 1455 951 1482 retu-

165 1496 199 1525 lit
221 1497 297 1534 patri
330 1506 384 1526 suo
409 1498 556 1527 beneficia
578 1507 597 1527 a
620 1500 771 1536 Raphaele
798 1503 948 1537 percepta.

168 1546 245 1580 Tota„
259 1554 311 1573 xu.

200 1593 301 1620 Esther
323 1592 429 1628 regina
452 1601 515 1621 non
537 1593 593 1622 fuit
621 1593 738 1630 ingrata
762 1595 948 1625 Mardochaeo

163 1640 300 1668 nutritori
316 1647 381 1668 suo.
402 1641 493 1675 Esth„
506 1649 534 1669 1v
550 1642 623 1669 etv.

197 1687 478 1715 Nabuchodonosor
501 1696 555 1715 rex
576 1687 756 1724 Babylonis,
772 1689 874 1718 audita
898 1698 947 1718 ex-

161 1734 310 1771 positione
325 1735 435 1763 somnii
449 1735 494 1762 sui
514 1743 568 1771 per
588 1735 757 1770 Danielem,
772 1736 803 1764 111
817 1737 946 1766 sublime

162 1789 231 1810 eum
247 1782 369 1816 extulit,
385 1784 413 1810 et
427 1790 537 1817 magna
553 1791 678 1811 munera
694 1783 776 1812 dedit
789 1784 842 1812 illi.
860 1785 945 1813 Simi-

160 1827 226 1857 liter
245 1829 396 1856 Balthasar
419 1829 580 1858 honoravit
602 1838 671 1858 eum
693 1839 749 1866 pro
774 1839 810 1859 eo
827 1853 835 1867 ,
860 1833 944 1869 quod

161 1877 338 1911 exposuerat
353 1875 378 1903 ei
394 1876 586 1912 scripturam,
605 1885 697 1913 quam
718 1878 750 1906 in
768 1879 881 1915 pariete
897 1879 943 1907 vi-

161 1921 253 1951 derat.
269 1924 353 1958 Dan.,
369 1931 390 1951 11
405 1925 476 1951 etv.

194 1970 324 1998 Audiens
344 1971 434 1999 Judas
458 1970 658 2007 MachabaeuS,
674 1971 757 2008 quod
778 1973 942 2009 Scythopo-

158 2018 216 2047 litae
237 2018 314 2047 bene
336 2027 366 2046 se
389 2019 557 2047 habuerant
578 2019 618 2047 ad
637 2019 756 2048 Judaeos
777 2020 808 2047 in
825 2022 941 2057 tempo-

157 2074 190 2095 re
210 2066 410 2094 tribulationis
434 2074 539 2094 eorum
554 2088 562 2102 ,
585 2067 695 2102 gratias
709 2067 770 2103 egit
791 2067 849 2102 eis,
872 2069 939 2104 etc.,

157 2115 178 2142 11
194 2115 297 2148 Maeli„
313 2122 364 2142 x11.

193 2161 330 2189 Seniores
343 2160 516 2188 Judaeorum
528 2160 668 2189 dixerunt
683 2162 809 2190 Domino
822 2163 890 2190 Jesu
901 2163 938 2192 de

157 2208 333 2237 Centurione
343 2215 399 2244 pro
415 2216 501 2236 servo
511 2208 632 2236 infirmo
647 2210 789 2244 rogante:
806 2209 939 2245 «Dignus

156 2257 217 2291 est,
240 2258 273 2283 ut
294 2255 353 2284 hoc
376 2255 419 2282 1111
440 2258 559 2291 praestes
576 2265 583 2283 z
601 2255 698 2291 diligit
719 2257 800 2285 enim
820 2260 938 2292 gentem

154 2306 287 2332 nostram
306 2325 314 2338 ,
343 2304 372 2331 et
400 2312 586 2340 synagogam
612 2304 772 2333 aedificavit
799 2306 896 2334 nobis.
920 2316 934 2333 >³

154 2351 233 2386 Luc„
248 2359 288 2379 vu
299 2373 307 2386 ,
322 2354 353 2386 4,
369 2353 395 2379 5.

185 2399 234 2426 Pie
257 2400 285 2426 et
298 2398 386 2434 plene
405 2397 637 2433 recognoscebat
656 2399 764 2427 Paulus
789 2399 936 2429 beneficia

153 2443 211 2472 sibi
231 2444 340 2473 coliata
353 2454 361 2480 3
376 2444 475 2479 unde,
493 2444 568 2479 Gal„
582 2453 628 2480 1v,
645 2446 697 2473 15:
718 2456 731 2471 «
751 2446 828 2474 Sicut
841 2449 935 2482 Ange·

153 2490 217 2519 lum
242 2492 292 2519 Dei
315 2492 466 2528 recepistis
490 2500 556 2526 me,
581 2494 609 2520 et
631 2492 656 2520 si
678 2492 743 2520 fieri
766 2493 933 2530 potuisset,

153 2537 258 2566 oculos
279 2540 394 2567 vestros
419 2538 567 2567 eruissetis
589 2540 617 2567 et
637 2539 792 2567 dedissetis
810 2540 893 2568 mihi.
917 2552 930 2568 »

152 2585 235 2620 Item,
250 2585 366 2620 Philip„
380 2594 419 2620 iv,
435 2587 468 2614 18
485 2594 491 2612 :
511 2595 525 2611 «
540 2585 678 2621 Repletus
694 2594 761 2614 sum
775 2608 782 2621 ,
806 2588 933 2623 acceptis

152 2631 191 2660 ab
215 2632 416 2668 Epaphrodito
440 2641 506 2669 quae
531 2632 667 2668 misistis,
691 2633 722 2661 111
748 2634 782 2669 (b)
805 2634 932 2662 odorem

150 2679 321 2713 suavitatis,
338 2690 352 2707 n
371 2681 437 2715 etc„
454 2681 541 2714 Item,
556 2680 578 2708 11
595 2681 678 2714 Tim„
690 2687 719 2714 1,
733 2681 767 2708 16
783 2689 790 2708 :
807 2681 858 2708 Det
872 2682 931 2709 mi-

1748 218 1807 248 563

1023 274 1217 304 sericordiam
1241 276 1383 306 Dominus
1407 278 1584 316 onesiphori
1608 280 1731 318 domui,
1753 284 1807 320 qui

1023 319 1057 357 (c)
1073 329 1150 358 saepe
1167 330 1215 351 me
1238 322 1440 361 refrigeravit,
1456 327 1484 355 et
1507 327 1643 357 catenam
1657 337 1720 358 non
1736 337 1805 360 eru-

1022 366 1106 404 buit,
1123 379 1138 396 ))
1152 371 1207 398 etc.

1057 416 1130 444 ltem
1150 424 1206 453 pro
1228 418 1366 447 onesimo
1386 427 1472 448 servo
1494 421 1688 459 Philemonis,
1706 424 1759 461 qui
1778 425 1805 454 ei

1020 463 1239 493 ministraverat
1262 465 1294 494 in
1318 474 1451 503 carcere,
1472 469 1574 498 scribit
1594 471 1692 500 eidem
1711 472 1805 501 Phile-

1020 510 1102 538 moni
1118 511 1253 541 efficaees
1271 512 1393 543 litteras
1409 516 1537 552 Philem„
1552 525 1606 553 per
1619 520 1724 548 totum.

1239 607 1264 641 C
1275 608 1305 642 A
1315 608 1342 642 P
1353 609 1384 643 U
1393 609 1420 644 T
1453 610 1482 646 L
1491 610 1523 645 X
1534 611 1577 646 V.
1636 634 1640 638 -

1280 680 1318 708 De
1331 682 1540 716 ingratitudine.

1053 746 1164 775 Utiliter
1187 750 1215 776 et
1239 748 1367 778 fideliter
1391 750 1512 780 servivit
1532 753 1625 782 Jacob
1649 756 1798 784 avunculo

1016 801 1071 821 suo
1086 794 1203 829 Laban,
1225 797 1253 824 et
1275 796 1325 825 ille
1344 797 1516 828 multotiens
1538 800 1636 830 noluit
1657 810 1726 831 eum
1747 811 1799 832 va-

1014 839 1085 868 lere.
1110 841 1186 875 Gen„
1203 851 1274 871 xxx.

1051 889 1226 925 Praepositus
1237 891 1460 929 pincernarum,
1473 895 1704 925 succedentibus
1714 905 1798 934 pros-

1013 935 1114 971 peris,
1129 936 1240 965 oblitus
1260 940 1303 967 est
1321 939 1430 976 Joseph
1450 939 1617 978 interpretis
1636 944 1691 972 5111.
1718 945 1796 979 Gen„

1013 989 1061 1010 XL.

1049 1029 1158 1058 Videns
1172 1033 1272 1060 autem
1287 1034 1434 1070 populus,
1454 1036 1539 1073 quod
1552 1045 1670 1066 moram
1688 1037 1797 1068 faceret

1013 1075 1216 1106 descendendi
1231 1079 1268 1108 de
1283 1084 1384 1109 monte
1396 1083 1521 1119 Moyses,
1534 1083 1608 1113 dixit
1622 1085 1662 1113 ad
1677 1088 1794 1115 Aaron:

1015 1133 1029 1150 «
1043 1125 1099 1152 Fac
1120 1126 1207 1154 nobis
1224 1127 1307 1156 (1805.
1330 1139 1344 1156 »
1364 1130 1467 1166 Eaeod„
1481 1140 1580 1167 xxxn,
1595 1134 1622 1161 1.
1638 1133 1699 1162 Cito
1714 1134 1796 1164 vide-

1010 1170 1099 1200 batur
1128 1173 1239 1203 oblitus
1267 1176 1485 1207 beneficiorum
1507 1188 1575 1216 quae
1600 1184 1752 1218 receperat
1777 1191 1796 1212 a

1009 1226 1083 1247 vero
1098 1221 1171 1249 Deo.

1046 1266 1126 1294 Filiis
1141 1268 1231 1296 lsrael
1250 1269 1282 1297 111
1303 1270 1419 1300 deserto
1435 1273 1607 1302 vertebatur
1626 1275 1658 1303 in
1672 1275 1794 1305 taedium

1009 1313 1094 1341 cibus
1110 1315 1255 1351 optimus,
1277 1317 1339 1346 sine
1362 1318 1467 1347 labore
1492 1319 1529 1349 (18
1552 1321 1627 1350 coelo
1647 1323 1753 1359 datus,
1767 1327 1794 1353 et

1007 1360 1120 1389 flebant
1134 1361 1263 1391 dicentes
1280 1373 1287 1392 ε
1307 1374 1321 1391 <c
1336 1365 1406 1399 Quis
1421 1366 1505 1396 dabit
1516 1368 1605 1397 nobis
1619 1369 1660 1398 ad
1674 1379 1793 1400 vescen-

1008 1408 1082 1436 dum
1097 1410 1223 1438 carnes?
1238 1421 1251 1437 ))
1270 1412 1366 1448 Num„
1382 1421 1429 1448 XI,
1442 1415 1470 1442 4.

1043 1456 1174 1492 Angelus
1188 1458 1305 1486 Domini
1320 1459 1534 1498 improperavit
1547 1462 1617 1492 filiis
1631 1466 1721 1495 Israel
1739 1466 1791 1495 be-

1006 1502 1114 1531 neficia
1126 1512 1143 1532 a
1157 1505 1216 1533 Deo
1232 1506 1357 1541 collata,
1372 1509 1400 1535 et
1413 1510 1570 1544 quomodo
1588 1511 1632 1539 illi
1646 1513 1790 1542 abeuntes

1004 1553 1148 1586 ruperant
1172 1551 1270 1580 foedus
1292 1555 1320 1582 et
1343 1556 1517 1591 transgressi
1540 1561 1624 1588 erant
1638 1561 1689 1588 Dei
1703 1569 1788 1590 man-

1005 1597 1085 1625 data.
1101 1598 1205 1634 Judz'c.‚
1220 1607 1252 1627 11.

1040 1644 1129 1673 Multa
1149 1645 1296 1675 beneficia
1320 1650 1431 1686 recepit
1455 1651 1524 1680 Saul
1538 1660 1556 1681 a
1570 1653 1680 1689 David,
1696 1656 1724 1683 et
1748 1657 1787 1684 ta-

1003 1699 1074 1719 men
1090 1692 1129 1720 ad
1145 1693 1345 1723 occidendum
1360 1704 1444 1733 eum,
1458 1699 1558 1727 modis
1575 1700 1686 1736 quihus
1700 1704 1786 1738 pote-

1001 1740 1062 1773 rat,
1077 1738 1245 1776 laboravit,
1259 1743 1269 1770 1
1284 1743 1362 1779 Req„
1378 1752 1440 1773 xvn
1451 1766 1461 1780 ,
1481 1747 1509 1774 et
1527 1749 1609 1783 post,
1626 1749 1711 1784 quasi
1732 1757 1787 1786 per

1001 1785 1106 1814 totum.

1037 1833 1169 1862 Salvavit
1193 1836 1286 1864 David
1307 1836 1490 1868 habitatores
1509 1839 1612 1876 Ceilae,
1633 1843 1661 1870 et
1685 1844 1784 1872 tamen

1000 1879 1160 1909 voluerunt
1183 1890 1252 1910 eum
1272 1884 1388 1912 tradere
1412 1885 1444 1914 in
1470 1895 1577 1916 manus
1601 1888 1670 1917 Saul
1685 1889 1784 1926 ipsum

998 1928 1202 1963 persequentis
1212 1950 1221 1964 ,
1237 1930 1247 1957 1
1260 1931 1337 1966 Κεφ,
1356 1939 1440 1960 xxm.

1035 1973 1240 2002 Reddiderunt
1268 1976 1322 2004 filii
1347 1981 1476 2007 Ammon
1498 1987 1554 2015 pro
1581 1981 1729 2012 beneficio
1755 1987 1783 2012 et

997 2018 1112 2048 bonore
1136 2023 1370 2059 contumeliam,
1393 2025 1516 2061 quando
1539 2027 1783 2065 vituperaverunt

997 2067 1118 2095 nuntios
1133 2068 1226 2096 David
1239 2091 1248 2105 ,
1265 2078 1342 2106 quos
1363 2071 1484 2101 miserat
1507 2074 1547 2102 ad
1562 2077 1782 2107 consolandum

996 2120 1099 2148 regem
1111 2122 1216 2143 eorum
1230 2124 1320 2153 super
1329 2118 1422 2154 patris
1436 2119 1565 2149 interitu.
1582 2123 1604 2150 11
1618 2124 1698 2159 Req„
1713 2133 1744 2154 x.

1032 2161 1141 2196 Ingrati
1155 2161 1274 2192 fuerunt
1286 2165 1381 2193 David
1401 2168 1428 2194 et
1449 2167 1524 2196 Joab
1540 2169 1613 2198 Uriae
1625 2191 1635 2205 ,
1651 2179 1781 2207 quorum

995 2207 1110 2243 primus
1125 2208 1236 2237 litteras
1249 2212 1353 2239 mortis
1369 2212 1470 2246 dedit,
1487 2216 1515 2243 et
1529 2215 1604 2245 alter
1619 2218 1780 2249 crudeliter

995 2256 1135 2283 executus
1149 2258 1201 2284 est.
1219 2258 1240 2285 11
1256 2259 1334 2294 Re9.‚
1349 2267 1391 2288 x1.

1030 2302 1191 2338 Postquam
1219 2305 1312 2333 David
1335 2308 1489 2336 revocavit
1511 2309 1654 2341 Absalom
1682 2313 1778 2343 filium

992 2357 1098 2385 suum,
1120 2352 1148 2378 et
1170 2352 1303 2388 pepercit
1325 2353 1352 2381 ei
1375 2362 1465 2391 super
1487 2356 1673 2395 homicidio,
1694 2362 1778 2397 quod

993 2396 1182 2425 commiserat
1195 2398 1226 2426 in
1241 2399 1362 2428 fratrem
1377 2409 1465 2430 suum
1476 2425 1485 2436 ,
1501 2406 1628 2434 surrexit
1641 2407 1704 2443 ipse
1719 2407 1778 2438 Ab·
1794 2436 1797 2438 ,

992 2443 1088 2471 salom
1101 2446 1204 2472 contra
1218 2447 1335 2481 patrem
1350 2455 1439 2476 suum
1450 2471 1459 2484 ‚
1476 2451 1496 2478 11
1510 2452 1588 2487 Regu,
1604 2461 1655 2481 xv.

1027 2492 1091 2518 Non
1104 2491 1159 2518 fuit
1173 2492 1267 2520 David
1281 2493 1358 2522 bene
1373 2502 1493 2525 memor
1506 2499 1642 2527 amicitiae
1652 2521 1662 2534 ,
1684 2509 1776 2537 quam

991 2539 1179 2566 contraxerat
1204 2547 1273 2567 cum
1296 2541 1441 2576 Jonatha,
1464 2545 1586 2580 quando
1610 2547 1700 2576 nimis
1718 2549 1775 2577 cito

990 2583 1086 2612 filium
1100 2593 1188 2613 suum
1203 2585 1406 2616 exheredavit.
1423 2591 1444 2618 11
1458 2591 1536 2626 Rea,
1551 2600 1613 2621 xv1.

1022 2653 1054 2684 (α)
1071 2653 1134 2677 Coet.
1149 2653 1212 2678 edit.
1232 2654 1317 2679 Elisei.
1333 2669 1363 2674 —
1379 2656 1414 2687 (b)
1436 2657 1508 2689 Vulq.
1529 2667 1575 2684 non
1596 2661 1671 2687 habel
1693 2663 1729 2689 in.
1744 2677 1775 2684 —

990 2689 1020 2720 (c)
1038 2689 1111 2720 γαίᾳ.
1128 2689 1196 2721 quia.
