2004 3037
593 246 644 279 DE
665 242 827 278 ULTlMlS
848 240 1114 275 TEMPORIBUS.
1137 239 1224 273 CAP.
1248 238 1400 272 >iv-XVI.

192 314 393 344 fraudulentia
411 317 441 344 et
457 315 568 346 saevitia
587 312 703 343 diaboli
721 311 838 349 penitus
854 310 967 346 ubique

193 360 320 391 deficiet.

457 444 599 481 CAPUT
628 445 704 480 XV.

378 527 416 555 De
438 527 653 561 conflagratione
676 523 782 552 mundi.

229 604 305 638 Ionis
321 603 487 632 ¹maximus
498 604 630 639 proecedet
642 602 749 631 faciem
760 601 871 638 judicis
881 622 890 635 ‚
902 601 973 637 quia

194 649 299 679 virtute
310 649 412 678 divina
422 658 484 678 non
494 650 592 678 solum
606 649 683 686 ignis
694 649 745 686 qui
756 651 800 678 est
814 649 846 676 in
857 648 973 685 sphoera

194 705 248 726 sua
259 718 268 733 ,
283 697 336 725 sed
351 697 439 726 etiam
455 705 559 726 omnes
573 697 657 733 ignes
672 697 724 733 qui
743 697 774 724 in
789 699 868 725 terra
883 697 911 724 et
924 703 972 723 su-

193 751 247 781 per
260 746 368 773 terram
382 746 464 780 sunt,
487 746 664 773 concurrent
678 744 718 772 ad
733 743 839 772 mundi
861 742 972 771 confla-

196 792 371 827 grationem.
398 792 474 827 Ignis
498 793 597 820 autem
624 791 676 819 iste
696 790 820 819 habebit
841 790 973 818 officium

194 839 322 875 quatuor
344 839 473 874 ignium,
494 838 605 866 scilicet
627 837 704 874 ignis
727 837 898 872 infernaliS,
929 845 973 865 re-

193 885 306 922 probos
319 885 487 921 puniend03
504 887 532 912 et
546 885 623 920 ignis
638 884 819 921 purgatorii,
843 884 941 912 bonos
957 892 974 911 a

193 932 359 960 venialibus
374 932 550 968 purgand03
567 934 594 960 et
609 932 685 968 ignis
704 931 846 959 terrestris
857 952 866 966 ‚
885 939 975 966 vege-

193 978 301 1007 tabilia
322 980 351 1007 et
365 978 516 1007 sensibilia
539 979 759 1012 consumendo,
785 980 813 1006 et
839 978 974 1006 omnium

193 1025 350 1053 hominum
372 1034 500 1062 corpora
521 1026 733 1061 incinerando3
761 1027 789 1053 et
814 1026 891 1061 ignis
914 1025 974 1053 ele-

193 1071 334 1099 mentaris
349 1093 357 1107 ,
387 1072 534 1100 elementa
562 1072 745 1100 subtiliando
764 1094 771 1106 ,
808 1074 836 1100 et
864 1071 903 1100 ad
928 1072 973 1099 in-

192 1118 384 1147 novationem
406 1119 604 1155 disponendo.
629 1121 681 1147 Per
705 1119 791 1147 illum
817 1119 906 1154 igitur
934 1119 975 1146 ita

192 1165 282 1194 facies
295 1167 379 1194 terrae
394 1168 543 1201 exuretur,
558 1166 641 1202 quod
655 1166 753 1202 figura
767 1166 855 1201 hujus
868 1166 974 1193 mundi

193 1212 316 1249 peribit,
332 1213 407 1241 sicut
422 1213 494 1241 olim
509 1213 616 1241 factum
632 1213 687 1240 fuit
700 1221 753 1249 per
768 1212 925 1240 diluvium.
943 1214 975 1240 Et

194 1260 299 1288 merito
314 1260 445 1296 primum
465 1261 512 1288 Dei
533 1260 681 1296 judicium
702 1260 757 1288 fuit
771 1268 824 1296 per
840 1268 951 1296 aquam
962 1281 971 1294 ,

195 1308 297 1334 contra
311 1307 449 1335 ardorem
464 1307 603 1342 luxuriae,
621 1307 672 1343 qui
686 1308 756 1335 tunc
773 1307 866 1342 viguit
879 1316 886 1342 ;
903 1306 973 1334 ulti-

194 1361 278 1381 mum
298 1361 369 1382 vero
390 1354 538 1390 judicium
561 1362 615 1390 per
643 1354 745 1390 ignem
771 1354 843 1389 erit,
871 1355 975 1382 contra

194 1402 345 1437 torporem
369 1401 530 1436 charitatis,
557 1410 625 1438 quae
650 1401 743 1429 tunc²
769 1401 855 1437 quasi
878 1409 976 1429 senes-

194 1450 276 1476 cente
290 1449 404 1477 mundo
417 1451 584 1484 refriqescet.
598 1449 681 1477 Istius
694 1451 794 1477 autem
808 1449 885 1484 ignis
898 1449 974 1477 actio

194 1495 249 1522 erit
258 1495 424 1523 successiva
439 1505 445 1523 ε
464 1495 588 1524 habebit
601 1495 679 1523 enim
692 1496 818 1530 initium,
830 1496 974 1531 medium,

194 1543 222 1569 et
235 1542 336 1569 finem.
353 1542 450 1570 Primo
463 1550 598 1578 namque
611 1542 717 1578 judicis
728 1543 890 1570 adventum
904 1550 977 1578 prae—

193 1589 305 1624 veniet,
323 1591 351 1617 et
366 1589 450 1626 quasi
475 1590 563 1617 simul
584 1598 637 1625 per
659 1590 745 1618 illum
764 1590 815 1618 fiet
837 1591 974 1626 purgatio

190 1636 349 1672 justorum,
364 1636 481 1673 punitio
497 1637 661 1671 malorum,
676 1639 704 1664 et
723 1637 896 1665 incineratio
912 1645 975 1665 cor-

193 1690 299 1719 porum
321 1691 389 1711 cum
417 1683 644 1719 consumptione
659 1686 741 1712 terrae
769 1685 952 1712 nascentium
965 1706 974 1719 ,

193 1730 269 1758 sicut
283 1730 395 1758 dictum
417 1732 468 1758 est.
487 1731 550 1764 Quo
572 1731 669 1765 facto,
692 1730 789 1758 statim
814 1731 867 1759 erit
880 1739 976 1759 resur-

193 1777 284 1805 rectio
309 1785 471 1813 corporum
486 1785 555 1805 cum
570 1777 700 1806 adventu
717 1778 825 1813 judicis
840 1779 879 1806 ad
895 1779 976 1814 judi-

194 1824 274 1852 cium
284 1845 293 1859 ,
309 1826 336 1852 et
350 1826 420 1851 tunc
437 1824 672 1852 inflammabitur
686 1827 764 1852 totus
778 1826 909 1853 mundus
923 1835 976 1862 per

194 1870 360 1898 circuitum.
376 1871 542 1898 Tei-minato
559 1872 657 1898 autem
675 1871 808 1906 judicio,
831 1874 892 1901 tota
907 1873 973 1901 cali·

195 1917 271 1944 ditas
286 1917 364 1945 illius
381 1918 460 1953 ignis
476 1920 638 1954 exequetur
654 1919 829 1947 sententiam
841 1919 950 1955 judicis
967 1930 974 1948 ;

195 1963 327 1991 involvet
349 1964 427 1991 enim
449 1967 639 1999 peccatoreS,
670 1967 697 1992 et
718 1965 812 1993 trahet
836 1966 866 1993 in
888 1966 976 1994 infcr-

194 2017 277 2038 num.
302 2012 333 2038 Et
356 2010 396 2038 ita
415 2012 515 2046 patet,
539 2011 621 2046 quod
641 2011 717 2046 ignis
739 2012 788 2039 ille
813 2012 975 2041 adventum

192 2057 302 2092 judicis
318 2057 478 2092 praeveniet
495 2060 522 2085 et
537 2058 699 2093 praecedet,
715 2060 743 2085 et
766 2059 974 2095 comitabitur,

195 2105 223 2131 et
237 2105 387 2139 sequetur.

231 2152 297 2178 Post
310 2150 452 2186 praediota
461 2150 512 2178 fiet
524 2150 631 2178 mundi
646 2151 798 2179 innovatio
811 2162 818 2186 3
834 2152 887 2180 sed
902 2152 976 2180 inter

194 2197 402 2233 purgationem
431 2199 458 2224 et
491 2197 714 2225 innovationem
745 2198 901 2234 multiplex
934 2202 977 2227 est

196 2244 384 2272 differentia:
410 2244 525 2279 primo,
546 2244 617 2280 quia
640 2245 778 2280 purgatio
803 2246 856 2273 erit
880 2246 976 2282 quali*

194 2292 288 2318 tatum
313 2290 477 2327 poenalium
498 2290 657 2326 detractio,
675 2291 728 2319 sed
749 2292 902 2320 innovatio
923 2293 976 2321 erit

195 2337 372 2373 pulchrioris
386 2337 488 2365 iormae
500 2338 647 2373 inductio;
663 2339 805 2373 secundo,
821 2340 891 2375 quia
905 2348 975 2376 pur-

196 2385 275 2419 gatio
301 2386 343 2412 est
366 2384 581 2412 elementorum
607 2385 645 2412 ab
672 2385 853 2421 impuritate,
884 2395 975 2422 quam

196 2431 307 2459 habent
320 2439 357 2458 ex
372 2431 595 2466 conjunctione,
611 2432 650 2460 ad
666 2433 824 2468 puritatem
839 2435 973 2469 mutatio,

197 2478 348 2506 innovatio
373 2487 444 2506 vero
464 2481 506 2506 est
524 2479 668 2507 coelorum
693 2488 710 2506 a
732 2481 808 2507 statu
833 2481 921 2508 veteri
945 2481 974 2509 in

197 2526 303 2552 statum
318 2534 431 2553 novum
453 2525 663 2560 commutatio,
685 2528 712 2554 et
729 2526 786 2554 hoc
806 2535 859 2563 per
881 2535 975 2556 cessa·

196 2570 306 2598 tionem
323 2580 339 2599 a
353 2574 447 2600 motu.
464 2573 495 2600 In
512 2572 592 2600 coelis
614 2572 707 2607 enim,
722 2576 843 2609 propter
865 2574 974 2610 imper—

196 2618 381 2653 mixtionem,
407 2619 491 2647 nulla
519 2619 672 2655 impuritas
699 2621 755 2654 est,
785 2621 838 2648 sed
860 2623 974 2649 tantum

230 2681 406 2711 ¹Psal.xcv1,
424 2683 446 2706 3.
462 2696 492 2700 —
510 2683 517 2696 ²
535 2683 636 2713 Mattlz„
658 2689 731 2714 xxm,
747 2685 783 2708 12.
804 2697 835 2702 —
853 2685 863 2701 ³
881 2685 887 2707 Ι
905 2686 972 2714 Cor..

197 2722 239 2747 xv,
255 2718 301 2747 52;
318 2717 325 2740 l
343 2716 434 2746 Thess„
449 2723 484 2748 iv,
501 2719 537 2742 15.
554 2731 579 2735 -
597 2718 684 2748 ⁴Luc.,
699 2725 749 2750 xii,
762 2721 791 2749 7;
808 2726 862 2750 xm,
882 2721 917 2744 18.

1742 236 1802 268 235

1023 308 1206 346 imperfectio
1225 309 1345 336 motus:
1365 306 1445 334 unde
1460 313 1522 334 non
1545 304 1599 333 erit
1619 303 1649 332 in
1669 302 1711 331 eis
1732 310 1803 339 pur-

1024 356 1103 392 gatIo
1118 355 1293 392 perignem,
1305 353 1359 382 sed
1374 361 1391 381 a
1403 355 1486 382 motu
1499 351 1633 380 cessatio.
1650 351 1691 379 lta
1705 352 1805 378 autem

1024 404 1232 444 purgabuntur
1256 403 1421 436 elementa,
1452 399 1535 437 quod
1563 397 1738 436 praecidetur
1766 397 1805 425 ab

1026 454 1095 490 igne
1109 452 1154 481 vis
1169 449 1403 482 combustibilis,
1426 447 1465 476 ab
1481 454 1548 475 aere
1570 444 1750 479 obscuritas,
1767 443 1805 472 ab

1026 508 1105 540 aqua
1121 498 1253 538 glacialis
1273 496 1418 537 frigiditas
1431 515 1439 529 ‚
1461 502 1480 522 a
1500 496 1578 522 terra
1593 500 1663 520 vero
1679 490 1807 537 gravitas

1028 551 1056 578 et
1071 550 1211 587 opacitas.

1287 631 1432 664 CAPUT
1456 631 1548 665 XVI.

1199 711 1249 738 -De
1272 710 1472 738 Resurrectione
1494 709 1625 745 generali.

1065 787 1140 814 Deus
1155 787 1229 815 sicut
1248 789 1290 815 est
1312 786 1533 823 potentissimus
1552 786 1583 814 in
1603 786 1811 814 constitutione

1028 835 1213 868 naturarum,
1229 833 1269 862 ita
1284 835 1327 862 est
1345 833 1591 862 clementissimus
1606 833 1636 860 in
1653 833 1811 861 collatione

1028 881 1202 916 gratiarum,
1219 883 1247 909 et
1258 881 1436 917 justissimus
1451 881 1482 908 in
1496 880 1690 909 retributione
1706 880 1812 916 stipen-

1030 927 1159 956 diorum.
1177 928 1323 962 Quoniam
1338 928 1426 963 igitur
1441 928 1544 962 homo,
1560 927 1608 955 vel
1623 927 1740 962 meruit,
1765 926 1813 955 vel

1030 975 1177 1003 demeruit
1194 975 1226 1002 in
1248 976 1348 1003 anima
1367 975 1455 1003 simul
1473 977 1499 1003 et
1520 982 1660 1011 corpore,
1675 974 1814 1010 punietur

1029 1022 1077 1049 vel
1100 1022 1302 1058 praemiabitur
1325 1022 1356 1050 in
1379 1025 1516 1059 utroque.
1542 1021 1623 1049 Unde
1646 1021 1676 1049 in
1701 1021 1813 1049 eisdem

1030 1071 1145 1105 oportet
1160 1077 1229 1096 eum
1243 1077 1406 1104 resurgere.

1065 1116 1109 1144 Ad
1135 1124 1241 1144 vocem
1264 1118 1364 1144 autem
1392 1116 1470 1143 tubae
1499 1118 1654 1151 resurgent
1682 1115 1812 1151 mortui,

1030 1163 1103 1191 sicut
1122 1163 1192 1191 dicit
1211 1164 1221 1180 ³
1240 1162 1408 1199 Apostolus.
1431 1163 1588 1198 Dupliciter
1607 1165 1706 1191 autem
1726 1163 1813 1190 intel-

1029 1209 1130 1245 ligitur
1144 1209 1196 1237 illa
1215 1217 1284 1237 vox.
1311 1209 1480 1237 Secundum
1495 1209 1574 1236 enim
1590 1209 1739 1245 quosdam
1754 1217 1814 1237 vox

1030 1256 1108 1284 tubae
1120 1259 1162 1284 est
1177 1256 1337 1292 imperium
1347 1256 1451 1283 Christi
1463 1263 1617 1291 resurgere
1627 1255 1798 1292 imperantis
1805 1266 1812 1290 ;

1031 1303 1197 1331 secundum
1213 1303 1288 1331 alios
1309 1311 1369 1331 vox
1390 1303 1467 1331 tubae
1483 1305 1525 1330 est
1540 1302 1696 1330 manifesta
1713 1302 1816 1330 Christi

1030 1350 1188 1387 apparitio.
1206 1350 1286 1378 Unde
1309 1350 1466 1385 Gregorius
1486 1359 1492 1377 z
1518 1360 1531 1375 «
1551 1349 1665 1377 'rubam
1687 1357 1814 1384 sonare,

1031 1397 1105 1425 nihil
1120 1398 1203 1425 aliud
1221 1400 1282 1431 est,
1299 1405 1391 1434 quam
1413 1397 1528 1424 mundo
1550 1397 1599 1424 Dei
1614 1396 1722 1424 Filium
1735 1396 1814 1432 judi·

1031 1454 1096 1474 cem
1117 1446 1330 1474 demonstrare.
1355 1455 1368 1471 ι)
1397 1447 1560 1481 Resurgent
1583 1445 1672 1481 igitur
1694 1453 1815 1480 omneS,

1031 1493 1115 1520 nulla
1135 1493 1166 1520 in
1190 1493 1231 1521 eis
1257 1493 1397 1520 existente
1423 1492 1587 1520 differentia
1611 1494 1756 1529 quantum
1776 1492 1816 1520 ad

1032 1540 1169 1568 ordinem
1196 1540 1351 1576 temporis,
1381 1540 1434 1567 sed
1461 1548 1572 1576 magna
1601 1542 1746 1576 quantum
1775 1539 1815 1567 ad

1032 1587 1168 1614 ordinem
1187 1586 1347 1622 dignitatis.
1369 1589 1440 1615 Nam
1457 1587 1528 1614 mali
1546 1589 1700 1622 resurgent
1715 1586 1814 1614 defor-

1031 1642 1094 1661 mes
1109 1636 1137 1662 et
1148 1634 1322 1670 passibiles,
1337 1634 1368 1661 in
1382 1634 1469 1662 bonis
1484 1636 1582 1661 autem
1596 1635 1702 1661 natura
1717 1641 1815 1661 serva-

1031 1680 1122 1715 bitur,
1129 1683 1156 1708 et
1163 1680 1440 1708 vitia-detrahentur.
1450 1682 1556 1709 Omnes
1565 1688 1648 1714 vero,
1659 1682 1720 1708 tam
1729 1680 1813 1715 boni,

1033 1736 1124 1764 quam
1144 1727 1234 1762 mali,
1256 1729 1410 1763 resurgent
1424 1728 1529 1763 integri
1554 1735 1696 1763 corpore,
1714 1726 1815 1755 debita

1032 1776 1141 1803 statura
1163 1775 1328 1802 secundum
1353 1776 1470 1802 aetatem
1493 1774 1686 1811 plenitudinis
1696 1773 1811 1801 Christi.

1067 1822 1250 1850 Resurrectio
1275 1822 1364 1857 igitur
1391 1822 1446 1849 tria
1472 1821 1599 1857 corriget
1628 1821 1658 1848 in
1686 1822 1812 1855 natura,

1032 1869 1143 1897 scilicet
1165 1869 1329 1903 defectum,
1350 1869 1424 1896 sicut
1443 1868 1472 1896 in
1491 1868 1592 1904 pueris
1615 1870 1642 1895 et
1657 1867 1814 1902 mutilatis,

1032 1917 1093 1945 sive
1117 1917 1147 1944 in
1170 1917 1317 1944 diminuta
1340 1918 1448 1943 natura
1469 1915 1692 1948 membrorum;
1716 1922 1815 1950 super·

1032 1964 1136 1998 fluum,
1166 1964 1276 1991 scilicet
1302 1963 1459 1998 unguium,
1488 1962 1624 1995 crinium,
1655 1963 1682 1988 et
1710 1961 1814 1996 hujus-

1032 2011 1129 2045 modi3
1147 2018 1292 2044 errorem,
1314 2010 1388 2037 sicut
1409 2009 1439 2036 in
1460 2008 1699 2036 monstruositate
1718 2016 1814 2035 mem-

1032 2058 1165 2085 brorum.
1198 2058 1361 2091 Resurgent
1395 2063 1513 2091 quoque
1546 2063 1674 2090 corpora
1708 2054 1814 2083 eadem

1032 2106 1147 2138 natura,
1164 2111 1223 2139 qua
1235 2103 1268 2138 (a)
1279 2103 1360 2138 prius
1370 2104 1467 2137 erant,
1481 2104 1508 2129 et
1516 2101 1623 2129 eodem
1633 2109 1770 2136 numero,
1778 2109 1814 2129 ex

1033 2151 1140 2178 eodem
1159 2149 1281 2185 pulvere
1304 2149 1333 2176 in
1353 2157 1442 2185 quem
1465 2149 1588 2176 reducta
1611 2148 1748 2176 fuerant:
1771 2148 1812 2176 ita

1033 2197 1116 2234 quod
1130 2197 1161 2225 in
1175 2204 1379 2233 quascumque
1392 2203 1478 2223 auras
1494 2195 1540 2223 vel
1556 2196 1636 2223 sinus
1650 2195 1748 2231 pulvis
1762 2195 1811 2223 ille

1033 2245 1183 2281 dispersus
1201 2243 1306 2277 fuerit,
1328 2242 1367 2271 ad
1388 2243 1526 2270 eamdem
1549 2242 1681 2270 animam
1700 2242 1814 2276 redeat,

1033 2299 1100 2327 quae
1124 2291 1222 2327 ipsum
1245 2290 1398 2326 primitus,
1420 2292 1452 2318 ut
1474 2290 1585 2318 viveret
1605 2293 1632 2318 et
1656 2292 1813 2324 cresceret,

1032 2338 1184 2366 animavit.
1206 2339 1263 2365 Nec
1283 2337 1380 2364 solum
1399 2339 1552 2372 resurgent
1574 2345 1701 2373 corpora
1721 2345 1814 2373 quan-

1032 2388 1094 2413 tum
1109 2385 1149 2412 ad
1172 2384 1308 2412 membra
1326 2383 1517 2420 principalia,
1539 2384 1591 2411 sed
1613 2384 1700 2411 etiam
1724 2383 1814 2411 salvis

1032 2432 1146 2468 capillis
1165 2433 1174 2449 ⁶
1188 2433 1214 2459 et
1239 2431 1350 2459 caeteris
1367 2431 1522 2465 membris,
1546 2439 1612 2466 quae
1635 2430 1747 2458 faciunt
1766 2430 1812 2457 ad

1033 2479 1182 2507 decorem.
1210 2479 1372 2513 Resurgent
1399 2477 1486 2505 etiam
1510 2477 1646 2505 homines
1671 2478 1812 2512 quantum

1033 2527 1072 2554 ad
1087 2534 1161 2560 esse,
1177 2527 1204 2553 et
1219 2527 1364 2561 quantum
1377 2524 1415 2551 ad
1430 2524 1577 2559 integrum
1588 2532 1660 2558 esse,
1678 2525 1705 2550 et
1719 2531 1812 2559 quan-

1033 2575 1094 2601 tum
1103 2573 1142 2601 ad
1151 2573 1293 2600 decorum
1306 2571 1338 2607 (h)
1350 2579 1422 2605 esse3
1436 2573 1464 2598 et
1478 2573 1611 2605 resurget
1619 2570 1811 2606 unumquod-

1032 2629 1088 2657 que
1102 2628 1209 2656 corpus
1224 2619 1255 2646 in
1270 2618 1382 2654 optimo
1398 2626 1452 2645 suo
1467 2626 1539 2646 esse.

1067 2669 1099 2695 Et
1113 2666 1185 2703 quia
1204 2664 1316 2701 duplex
1336 2666 1378 2692 est
1396 2672 1491 2699 morS,
1507 2663 1613 2693 animae
1627 2664 1737 2694 scilicet
1754 2672 1809 2701 per

1064 2720 1095 2750 (α)
1113 2719 1155 2743 Al.
1172 2725 1237 2750 quae.
1249 2731 1279 2735 —
1296 2716 1330 2748 (b)
1344 2716 1384 2741 Al.
1402 2717 1530 2740 decorem.
