2004 3037
0 2485 35 2506 1³0-

0 2510 23 2531 ti-

403 203 455 237 DE
476 204 634 238 SEPTEM
655 203 770 238 BONIS
789 203 972 237 SPIRITUS
993 205 1148 239 SANCTI.
1172 208 1259 242 CAP.
1283 211 1308 242 1.

49 272 176 303 custodit
195 272 349 302 hominem
368 273 407 302 ab
432 273 514 302 omni
536 273 658 310 peccato
681 271 824 302 recidivo.

47 320 129 350 Unde
148 319 254 349 dicitur
272 320 303 348 iu
325 320 420 349 Exodo
436 321 445 339 ¹
462 329 469 349 :
489 321 523 349 Ut
539 321 663 356 probaret
684 327 730 348 vos
753 321 828 348 venit

49 368 196 403 Dominus,
216 371 242 396 et
260 370 291 396 ut
307 369 387 396 timor
400 369 477 397 illius
497 369 565 396 esset
583 368 614 396 in
625 368 717 400 vobis,
734 369 760 395 et
773 375 827 395 non

44 417 202 452 peccaretis.

82 462 177 490 Tertio
197 461 285 491 timor
304 460 418 490 Domini
437 459 537 497 abjicit
564 460 756 497 temporalia,
778 460 827 489 vel

48 510 179 544 terrena,
195 517 261 546 quoe
274 508 342 537 sunt
354 515 430 545 saepe
441 507 587 544 peccandi
600 507 734 536 materia.
749 508 828 536 Sicut

49 556 127 584 enim
142 555 279 585 videmus
289 553 372 592 quod
381 556 478 583 nautae
489 554 623 583 videntes
638 554 826 590 naufragium

47 602 219 637 imminere,
234 609 347 630 merces
367 609 434 638 quae
454 603 521 630 sunt
535 601 566 629 in
582 601 652 630 navi
667 601 828 638 projiciunt

47 649 80 678 in
94 657 176 678 mare
200 649 253 687 (a),
271 650 305 677 ut
328 648 458 677 evadant
475 648 642 684 periculum
662 647 826 685 naufragii;

48 696 90 725 sic
109 696 198 725 timor
221 695 336 724 Domini
360 695 442 725 bona
463 696 638 732 temporalia
661 695 730 724 facit
751 695 826 731 abji-

48 750 134 779 cere,
149 744 182 772 ut
201 743 294 780 possit
313 743 351 771 ab
374 744 485 772 aeterno
507 743 664 779 naufragio
687 742 826 771 liberare.

47 791 81 818 Et
104 791 263 826 propterea
283 789 400 818 dicebat
422 790 478 818 Job
499 789 532 818 ἐ
557 790 665 825 Semper
687 791 766 825 quasi
786 792 828 817 tu-

47 841 147 866 mentes
158 845 238 874 super
252 846 291 866 me
303 840 399 873 fluctus
413 840 495 866 timui
509 840 603 874 Deum,
616 840 641 865 et
650 838 756 874 pondus
771 837 828 872 ejus

47 886 119 919 ferre
133 893 186 913 ‘non
198 887 290 921 potui.

84 933 192 966 Quarto
216 931 304 960 timor
328 932 444 961 Domini
469 932 631 960 contemnit
656 933 684 960 et
707 931 829 960 sustinet

48 979 224 1015 temporalia
237 979 335 1014 mala,
350 980 383 1007 ut
403 978 511 1007 evadat
524 981 642 1007 aeterna.
664 980 736 1007 Nam
754 979 829 1007 sieut

47 1025 185 1054 infirmus
203 1025 325 1054 sustinet
347 1025 510 1053 cauterium
531 1028 560 1054 et
580 1025 779 1061 adustionem,
795 1028 828 1053 nt

47 1072 140 1108 possit
158 1072 283 1101 evadere
299 1074 446 1104 mortem:
464 1072 505 1100 ita
518 1072 608 1101 timor
622 1073 739 1101 Domini
759 1073 828 1101 facit

47 1119 188 1148 sustinere
208 1119 370 1148 cauterium
389 1119 561 1156 temporalis
579 1119 664 1155 vitae,
682 1122 714 1148 ut
734 1119 828 1156 possit

46 1165 139 1194 homo
154 1166 281 1195 evadere
299 1168 444 1202 mortem,
463 1167 512 1194 vel
526 1166 706 1203 supplicium
724 1167 827 1195 mortis

47 1214 171 1241 aeternoe.
187 1213 269 1241 Unde
283 1213 314 1241 in
329 1214 514 1241 Ecclesiastico
533 1213 639 1242 dicitur
654 1214 663 1231 ³
681 1224 687 1242 :
710 1215 828 1242 Timenti

47 1261 187 1289 Dominum
197 1282 208 1296 ,
223 1268 276 1288 ποη
289 1263 430 1288 occurrunt
443 1261 530 1295 mala,
547 1262 600 1288 etc.

82 1307 188 1341 Quinto
208 1307 297 1335 timor
315 1307 432 1335 Domini
451 1307 576 1342 gratiam
591 1309 619 1335 et
639 1307 721 1336 bona
735 1315 827 1344 opera

47 1354 215 1382 introducit.
248 1353 327 1382 slent
350 1354 429 1382 enim
450 1356 511 1382 seta
539 1354 700 1383 introducit
720 1355 826 1389 filum,

47 1401 89 1429 sio
111 1401 198 1430 timor
222 1401 338 1429 Domini
368 1401 493 1436 gratiam
517 1403 545 1429 et
571 1410 660 1429 omne
688 1402 824 1436 bonum,

44 1448 129 1483 juxta
142 1448 218 1476 illud
233 1448 242 1465 4
262 1457 269 1476 :
285 1449 401 1476 Initium
415 1450 559 1484 sapientioe
574 1451 655 1477 timor
670 1451 789 1478 Domini.

83 1495 167 1523 Sexto
184 1495 273 1523 timor
286 1495 403 1523 Domini
418 1503 507 1531 super
528 1496 629 1523 omnia
642 1496 711 1524 facit
724 1496 826 1532 fugere

48 1543 76 1569 et
92 1541 218 1570 evadere
233 1542 414 1578 supplicium
429 1542 582 1577 gehennae.
599 1543 684 1570 Vadit
694 1543 774 1571 enim
787 1543 826 1571 ad

47 1588 217 1616 infernum
210 1597 241 1616 in
255 1588 381 1616 dimidio
404 1589 537 1624 dierum,
558 1591 590 1618 ut
608 1597 671 1617 non
692 1590 803 1618 vadat
796 1599 826 1618 in

47 1634 107 1663 fine
121 1634 248 1669 dierum,
262 1635 337 1662 sicut
350 1635 500 1671 Ezechias,
521 1636 573 1672 qui
588 1636 707 1664 dicebat
721 1638 826 1672 ⁵:qu

47 1682 174 1710 dimi.1n
186 1682 302 1709 dimidio
320 1682 426 1710 dierum
439 1690 556 1710 meorum
574 1683 671 1711 vadam
687 1684 826 1719 adportas

47 1730 142 1762 inseri.
165 1728 244 1757 Facit
259 1728 348 1757 etiam
361 1729 424 1757 alas
445 1729 484 1757 ad
505 1729 610 1758 melius
630 1730 825 1767 fugiendum,

47 1777 80 1803 ut
94 1775 163 1804 dicit
179 1776 268 1804 Poeta
283 1784 289 1803 :

203 1845 313 1869 Pedibus
326 1845 404 1870 timor
417 1845 487 1870 addit
500 1846 553 1870 alas
562 1854 570 1877 ς

48 1911 122 1940 sicut
148 1911 306 1947 videmus,
334 1913 417 1949 quod
446 1913 531 1949 lepus
560 1913 674 1949 fugiens
707 1914 824 1951 lepora-

48 1958 136 1993 rinm,
151 1966 212 1994 prae
223 1959 328 1986 timore
339 1959 456 1987 videtur
466 1960 578 1995 volare,
592 1963 620 1988 et
629 1961 691 1988 alas
700 1960 822 1990 habere.

47 2005 146 2033 Timor
165 2005 253 2033 etiam
272 2004 340 2033 facit
358 2006 511 2033 hominem
536 2009 651 2034 montes
679 2009 706 2035 et
735 2008 824 2036 colles

47 2051 187 2086 transire,
202 2053 233 2079 ut
252 2052 345 2088 possit
368 2052 523 2080 diabolum
536 2053 654 2088 fugere,
676 2055 703 2081 et
717 2054 823 2082 inferni

47 2098 242 2135 praecipitium
264 2106 388 2132 cavere,
411 2099 482 2135 quia
506 2099 612 2127 dicitur
638 2100 669 2128 in
696 2101 770 2128 lsaia
785 2101 794 2117 ⁶
815 2111 822 2127 :

50 2146 121 2173 Tunc
132 2146 212 2172 saliet
226 2146 297 2173 sicut
312 2153 402 2173 cervus
418 2146 538 2174 claudus.

82 2191 211 2228 Septimo
232 2192 321 2219 timor
345 2192 461 2220 Domini
487 2194 618 2221 meretur
643 2193 822 2230 stipendium

46 2238 112 2266 vitae
133 2240 246 2266 aeternae
263 2248 269 2266 :
293 2239 447 2266 hominem
470 2247 599 2275 namque
624 2240 775 2275 humiliat,
796 2243 824 2269 et

47 2285 102 2319 sie,
120 2285 284 2313 seeundum
297 2286 431 2320 regulam
449 2286 624 2321 salvatoris,
641 2287 679 2315 ad
696 2288 823 2323 gloriam

49 2332 156 2360 exaltat
163 2342 172 2367 3
196 2333 266 2368 quia
284 2333 294 2349 ⁷
318 2335 366 2367 qui
386 2341 413 2360 se
436 2333 580 2367 humiliat,
599 2336 775 2363 eaealtabitur.
791 2337 823 2363 Et

49 2378 117 2406 ideo
133 2379 278 2407 dieiturin
293 2380 443 2407 Proverbiis
457 2381 467 2397 ὃ
479 2388 488 2407 .·
499 2381 636 2408 Humilem
645 2384 773 2418 spiritum
788 2384 821 2418 (b)

49 2427 179 2460 suscipiet
194 2427 290 2460 qloria.

84 2472 182 2500 Timor
206 2472 322 2500 Domini
344 2473 545 2509 multipliciter
569 2476 715 2511 variatur3
742 2477 822 2504 unde

49 2520 138 2553 nota,
159 2518 243 2555 quod
265 2521 332 2547 sunt
356 2527 405 2547 sex
429 2520 541 2556 species
564 2521 693 2557 timoris,
716 2523 824 2551 scilicet

83 2593 200 2623 'Ea-od„
222 2600 270 2624 xii,
295 2595 333 2618 20.
348 2607 379 2612 —
397 2594 406 2608 ²
419 2594 482 2624 Job,
502 2601 579 2625 xxxi,
601 2597 640 2619 23.
661 2610 691 2615 —
710 2597 720 2613 ⁸
734 2598 822 2625 Ecclz'„

50 2635 150 2660 xxxiii,
167 2631 189 2653 1.
204 2642 236 2647 -
249 2630 257 2643 ⁴
273 2629 359 2660 Eccla'„
379 2636 400 2661 1,
415 2631 453 2654 16.
469 2644 496 2649 -
513 2632 521 2645 ⁵
535 2632 595 2661 Isau„
610 2638 724 2664 xxxmn,
741 2636 778 2658 10.
794 2648 824 2653 -

51 2665 61 2680 ⁶
75 2666 134 2696 lsa„
152 2671 232 2696 xxxv,
246 2666 270 2689 6.
286 2678 316 2683 —
329 2665 339 2682 ⁷
354 2665 423 2697 Luc.‚
440 2672 494 2697 xiv,
511 2669 550 2692 1¹.
569 2680 599 2686 -
617 2666 628 2683 Β
646 2668 731 2695 Pron..
747 2676 822 2695 χχιχ,

1601 215 1658 247 307

882 272 972 302 timor
984 273 1143 310 naturalis,
1153 276 1338 314 mundanus,
1353 277 1516 316 humanus,
1534 281 1659 318 servilis,

881 318 1016 356 initialis,
1031 323 1060 350 et
1076 320 1184 350 filialis.
1205 323 1319 352 Primus
1336 324 1427 361 igitur
1446 328 1489 355 est
1505 328 1660 364 naturalis,

882 366 992 396 scilicet
1006 368 1129 404 quando
1141 368 1233 398 homo
1243 371 1414 401 naturaliter
1427 372 1509 402 timet
1521 377 1658 412 mortem,

883 415 911 442 et
939 422 1027 443 omne
1057 415 1140 452 quod
1170 418 1213 445 est
1236 417 1293 446 sibi
1318 417 1469 448 nocivum.
1495 422 1549 450 lste
1572 422 1660 452 timor

882 463 994 490 naturae
1008 469 1070 490 non
1093 466 1135 491 est
1157 463 1342 501 meritorius,
1363 473 1418 494 nec
1437 466 1660 506 demeritorius,

883 508 954 545 quia
977 516 1038 537 non
1062 510 1164 539 subest
1190 510 1285 540 libero
1313 512 1447 542 arbitrio.
1473 514 1533 543 Hoc
1555 515 1660 545 timore

883 554 1012 584 Christus
1030 555 1128 585 timuit
1145 558 1238 594 mori,
1253 558 1329 587 sicut
1346 558 1454 589 dicitur
1471 560 1503 590 in
1521 562 1612 591 Marco
1624 563 1635 580 ⁹
1649 573 1658 590 ι

885 601 970 638 Coepit
982 603 1058 631 Jesus
1069 611 1182 640 pavere,
1198 607 1224 633 et
1239 606 1344 634 taedere.

919 649 1072 678 Secundus
1099 650 1187 679 timor
1215 651 1322 681 dicitur
1349 653 1530 691 mundanus,
1552 655 1662 686 scilicet

884 695 1007 732 quando
1025 696 1134 733 aliquis
1157 698 1246 727 nimis
1259 699 1343 729 timet
1360 700 1398 729 de
1417 701 1507 730 rebus
1524 703 1661 732 transito-

883 742 950 777 riis,
965 743 1014 771 vel
1030 743 1067 771 de
1081 744 1171 773 rebus
1185 746 1364 782 mundanis,
1383 748 1432 777 vel
1447 750 1662 786 temporalibus

882 789 1050 824 perdendis
1075 791 1132 820 Isto
1160 792 1265 821 timore
1289 794 1450 824 timuerunt
1474 796 1586 833 «Iudaei,
1609 798 1662 835 qui

884 836 1056 865 occiderunt
1067 838 1223 875 Christum,
1235 848 1273 868 ne
1283 841 1442 877 perderent
1451 842 1551 872 locum
1563 852 1662 880 suum,

884 884 916 910 ut
940 883 1046 912 dieitur
1068 885 1099 913 in
1121 887 1223 915 Joanne
1235 886 1255 904 ¹⁰
1267 896 1277 915 .·
1291 888 1322 916 Si
1344 889 1512 919 dimittimus
1526 900 1585 920 eum
1607 893 1662 927 sic,

884 936 972 958 omnes
988 932 1096 959 credent
1110 934 1140 960 in
1156 941 1233 969 eum,
1249 937 1274 962 et
1291 937 1398 964 venient
1418 939 1552 972 Romani,
1567 941 1593 967 et
1611 940 1662 968 tol-

884 976 940 1004 lent
953 978 1037 1005 locum
1050 981 1187 1015 nostrum,
1201 983 1227 1009 et
1243 985 1346 1017 centem
1360 986 1488 1012 nostram.

918 1024 1029 1052 Tertius
1044 1025 1132 1054 timor
1156 1027 1262 1056 dicitur
1284 1029 1447 1066 humanus,
1468 1032 1578 1061 scilicet
1594 1041 1662 1062 cum

883 1070 992 1106 aliquis
1012 1072 1081 1108 plus
1105 1073 1206 1102 debito
1224 1075 1306 1104 timet
1326 1076 1363 1105 de
1382 1085 1507 1115 corpore
1528 1088 1592 1109 suo.
1609 1082 1662 1110 iste

881 1116 971 1145 timor
992 1119 1167 1154 prohibetur
1187 1121 1218 1149 in
1241 1123 1371 1152 Matthoeo
1386 1126 1430 1153 ¹¹:
1454 1127 1546 1155 Nolite
1569 1129 1662 1157 timere

882 1172 924 1192 eos
938 1167 988 1201 qui
1008 1167 1134 1195 occidunt
1152 1176 1262 1204 corpus,
1283 1173 1404 1199 animam
1427 1175 1514 1201 autem
1528 1182 1581 1202 non
1594 1183 1660 1210 pos-

881 1215 945 1240 sunt
961 1214 1088 1242 occidere.
1112 1216 1164 1244 Iste
1183 1216 1272 1245 timor
1291 1218 1457 1255 aliquando
1481 1223 1524 1249 est
1544 1221 1661 1251 veniale

880 1262 1047 1297 peccatum,
1060 1263 1091 1290 ut
1104 1263 1226 1298 quando
1239 1266 1280 1293 est
1291 1265 1363 1294 citra
1375 1268 1466 1295 Deum
1476 1277 1484 1302 ;
1495 1267 1660 1305 aliquando

880 1308 1005 1336 mortale
1019 1311 1174 1344 peccatum
1185 1332 1194 1346 ‚
1210 1313 1243 1340 ut
1256 1313 1379 1348 quando
1395 1315 1438 1342 est
1452 1322 1542 1351 supra
1556 1317 1659 1352 Deum,

881 1355 979 1389 qualis
993 1355 1048 1383 fuit
1062 1356 1092 1384 in
1106 1358 1207 1393 Petro,
1224 1359 1347 1395 quando
1361 1362 1482 1397 negavit
1495 1362 1657 1399 Christum,

881 1408 918 1429 nc
932 1402 1070 1437 perderet
1084 1412 1192 1441 corpus
1206 1414 1305 1434 suum.

917 1448 1042 1481 Quartus
1061 1450 1150 1478 timor
1169 1454 1211 1480 est
1230 1453 1358 1489 servilis,
1374 1463 1442 1483 cum
1456 1456 1564 1493 aliquis
1578 1457 1660 1486 timet

880 1502 1004 1531 peccare
1023 1499 1051 1524 et
1066 1497 1192 1526 abstinet
1213 1508 1243 1527 se
1259 1508 1276 1528 a
1290 1504 1412 1536 peccato
1431 1503 1538 1531 timore
1552 1504 1660 1540 gehen-

880 1548 941 1577 nae,·
957 1542 1046 1571 habet
1059 1545 1158 1572 tamen
1178 1546 1363 1575 voluntatem
1376 1550 1536 1585 peccandi,
1552 1550 1576 1578 si
1589 1559 1660 1587 pec-

881 1590 978 1617 eatum
992 1593 1091 1625 posset
1105 1592 1227 1628 impune
1238 1593 1314 1628 fieri,
1327 1596 1364 1630 et,
1381 1595 1411 1623 in
1426 1599 1571 1633 quantum
1583 1598 1614 1626 in
1628 1606 1659 1627 se

880 1637 937 1670 est,
952 1636 1040 1664 vellet
1055 1646 1117 1666 non
1135 1647 1198 1667 esse
1211 1640 1371 1676 justitiam,
1387 1644 1419 1670 ut
1436 1645 1537 1679 posset
1553 1652 1660 1682 perpe·

879 1683 956 1710 trare
985 1683 1115 1720 culpam.
1143 1687 1197 1714 Iste
1220 1687 1310 1715 timor
1333 1690 1376 1716 est
1396 1690 1481 1726 quasi
1506 1691 1595 1719 vestis
1621 1691 1659 1720 de

879 1738 975 1765 sacco,
992 1739 1060 1759 cum
1072 1740 1133 1768 qua
1144 1733 1244 1762 nullus
1256 1734 1420 1770 ingreditur
1431 1745 1558 1773 regnum
1573 1739 1660 1767 coelo-

878 1775 991 1812 lorum,
1009 1779 1083 1807 sicut
1102 1779 1247 1815 figuratur
1266 1781 1297 1809 in
1318 1784 1424 1817 Esther,
1443 1786 1476 1812 ut
1490 1784 1596 1814 dicitur
1612 1787 1634 1803 ¹2
1650 1795 1657 1814 :

878 1824 1008 1852 Indutum
1022 1833 1097 1853 sacco
1113 1835 1166 1854 non
1179 1829 1286 1856 intrare
1301 1830 1392 1857 aulam
1407 1831 1532 1860 Assueri.
1548 1833 1587 1860 De
1601 1832 1658 1861 hoc

878 1870 983 1899 timore
999 1871 1068 1900 dicit
1081 1874 1239 1909 Apostolus
1252 1876 1274 1892 ¹³
1286 1884 1293 1903 ε
1309 1877 1370 1904 Non
1384 1879 1524 1913 accepistis
1531 1881 1659 1915 spiritum

877 1919 1018 1946 servitutis
1033 1920 1134 1948 iterum
1149 1922 1179 1948 iu
1194 1923 1300 1957 timore,
1316 1924 1368 1951 etc.

914 1964 1037 1998 Quintus
1061 1966 1149 1995 timor
1177 1968 1296 1997 initialis
1325 1970 1452 2006 dicitur,
1481 1972 1518 2000 de
1545 1981 1605 2009 quo
1627 1974 1657 2003 in

877 2011 993 2040 Psalmo
1010 2012 1028 2028 ¹³
1044 2021 1050 2039 :
1067 2014 1182 2041 Initium
1200 2017 1343 2050 sapientiae
1363 2018 1445 2045 timor
1464 2020 1582 2046 Domini.
1604 2021 1657 2048 Iste

877 2056 965 2086 timor
984 2058 1045 2086 duo
1067 2059 1149 2093 faem-
1166 2060 1247 2088 timet
1270 2063 1349 2090 enim
1365 2064 1478 2099 puniri,
1495 2067 1523 2092 et
1544 2066 1625 2098 timet
1639 2075 1657 2095 a

876 2104 936 2131 Deo
951 2105 1081 2139 separari
1092 2115 1100 2140 ;
1119 2106 1171 2133 sed
1188 2107 1390 2143 principaliter
1412 2110 1494 2138 timet
1513 2113 1654 2148 separari.

876 2150 930 2177 Iste
953 2150 1021 2178 licet
1043 2151 1142 2179 timeat
1166 2153 1280 2182 malum
1302 2155 1469 2192 incurrere,
1484 2158 1552 2194 plus
1574 2159 1656 2189 timet

876 2195 991 2223 bonum
1014 2198 1152 2233 perdere,
1170 2202 1197 2227 et
1218 2200 1258 2228 ita
1282 2202 1416 2237 quodam
1436 2205 1529 2233 modo
1552 2205 1654 2242 incipit

875 2242 991 2270 bonum
1006 2251 1115 2272 amare.
1132 2247 1164 2273 Et
1177 2246 1246 2275 ideo
1267 2248 1374 2277 dicitur
1388 2250 1507 2279 initialis
1521 2253 1652 2289 proprie,

877 2289 948 2324 quia
965 2290 1038 2318 sicut
1063 2294 1124 2320 seta
1143 2292 1303 2323 introducit
1321 2295 1423 2331 filum,
1439 2300 1466 2326 et
1485 2298 1537 2326 filo
1560 2300 1652 2328 intro·

877 2335 966 2364 ducto
978 2338 1036 2366 exit
1051 2341 1120 2373 seta,
1134 2340 1174 2367 sio
1186 2340 1238 2368 iste
1249 2341 1337 2370 timor
1348 2343 1467 2372 initialis
1483 2345 1654 2376 charitatem

876 2382 1049 2418 introducit,
1079 2388 1121 2421 et,
1149 2387 1288 2417 charitate
1312 2389 1492 2428 introducta,
1518 2393 1654 2423 timorem

876 2429 955 2457 foras
968 2431 1063 2459 mittit.

912 2477 1015 2505 Sextus
1033 2479 1122 2507 timor
1140 2480 1246 2509 dieitur
1263 2482 1372 2512 filialis.
1388 2486 1461 2513 Nam
1480 2487 1554 2515 sicut
1574 2487 1653 2516 filius

877 2554 915 2576 23.
941 2566 971 2571 —
995 2554 1005 2569 ⁹
1033 2555 1331 2586 Ma1·c.‚x1v,33.-
1356 2560 1372 2574 '⁰
1371 2562 1475 2614 9loun„
1499 2569 1540 2593 XI,
1564 2564 1601 2587 48.
1623 2576 1652 2583 —-

879 2588 897 2604 ¹¹
912 2589 1014 2620 Manli,
1035 2597 1062 2618 x
1083 2592 1122 2615 28.
1138 2605 1168 2609 —
1184 2593 1204 2609 ¹²
1219 2581 1483 2623 Esth.‚1v,¹³
1500 2598 1651 2629 Rom.,v111,

880 2625 916 2648 15.
932 2637 962 2641 —
978 2625 994 2640 ¹⁵
1008 2626 1181 2657 Psal.cx,10.

910 2670 943 2701 (a)
962 2671 1022 2695 Coet.
1036 2672 1096 2697 edzt.
1112 2674 1185 2699 mari.
1202 2687 1231 2694 —
1248 2675 1280 2706 (b)
1295 2677 1369 2708 vulg.
1386 2680 1487 2710 spiritu.
