2004 3037
187 257 246 287 380

186 321 344 351 nuendum
353 319 518 359 putaverit,
533 319 728 356 corporaliter
741 321 898 357 castigatus
911 329 964 351 ex-

187 367 498 404 communicatusque,
512 365 544 395 in
558 367 741 396 monasterio
751 389 762 403 ,
776 367 809 396 in
821 375 882 405 quo
896 371 965 406 agat

185 414 408 453 poenitentiam,
428 413 608 449 retrudatur,
632 413 670 442 de
691 422 752 451 quo
771 414 857 445 nulla
877 415 915 444 sit
936 416 964 444 ei

186 461 359 499 egrediendi
390 461 453 490 sine
475 460 674 498 praeceptione
703 460 834 491 licentia.
860 473 874 490 >2
898 463 963 492 Haec

186 517 294 539 canon.

203 596 213 608 ‘
442 594 623 620 PARTICULA
643 594 696 620 LVI
703 594 720 620 l.

314 670 351 694 De
365 668 518 701 poenitentia
530 668 640 694 adulteri
654 668 695 693 vel
711 668 843 694 adulterae.

222 750 330 783 Extra„
346 748 382 776 de
401 746 575 782 Adulteriis,
592 745 758 776 Alexander
773 747 806 775 ΙΙΙ
820 755 827 774 :
844 756 858 773 «
872 746 965 782 Signi-

186 795 278 825 ficasti
297 795 406 830 nobis,
431 793 594 831 quemdam
617 793 827 830 presbyterum
840 801 910 822 cum
923 793 965 821 al-

185 843 274 872 terius
289 842 417 878 conjuge
432 841 508 869 intra
522 839 679 868 ecclesiam
693 839 880 874 dormivisse,
896 847 964 876 quae

184 897 215 918 se
228 890 257 918 et
270 889 355 917 illum
369 888 490 916 cuidam
504 886 652 916 sacerdoti
671 885 845 922 hujusmodi
869 885 962 914 delic-

186 937 247 964 tum
261 935 411 964 confessos
424 935 513 962 fuisse
527 933 647 970 publice
662 933 715 961 tibi
727 932 847 967 detexit,
863 933 891 961 et
905 932 963 960 hoc

184 982 282 1019 ipsum
296 982 378 1010 idem
395 980 534 1010 sacerdos
548 988 659 1008 nomen
678 979 805 1008 adulteri
821 979 919 1007 celans
934 979 964 1007 in

187 1031 236 1057 tua
255 1027 411 1065 praesentia
429 1027 512 1055 dixit.
532 1027 627 1063 Super
646 1034 708 1063 quo
732 1025 807 1062 quid
829 1025 894 1054 fieri
914 1025 964 1054 de-

184 1076 272 1110 beat,
287 1083 355 1103 cum
366 1096 375 1110 ,
390 1077 517 1109 negante
537 1073 691 1108 adultero,
716 1073 824 1101 mulier
837 1073 869 1101 in
891 1081 963 1101 con-

185 1125 312 1154 sess10ne
339 1124 490 1160 persistat,
513 1122 672 1151 eonsilium
691 1122 850 1158 requisisti.
875 1122 962 1150 ideo-

186 1180 244 1209 que
267 1171 446 1199 mandamus
463 1192 472 1206 ,
497 1172 644 1206 quatenus
665 1169 848 1204 condignam
867 1169 963 1206 poeni-

186 1220 306 1248 tentiam
338 1218 466 1255 prcefatoe
504 1218 662 1253 imponens
686 1216 826 1244 adulterae
840 1237 849 1251 ,
875 1216 965 1244 eecle-

185 1267 260 1294 siam
275 1274 329 1302 per
351 1265 555 1301 aspersionem
582 1272 668 1300 aquae
682 1263 846 1291 benedictae
861 1271 964 1291 recon-

187 1313 286 1341 ciliare
309 1320 461 1349 procures.
491 1310 631 1339 Proedieto
667 1312 767 1338 autem
795 1309 962 1345 sacerdoti,

186 1367 237 1395 ne,
249 1361 352 1388 contra
362 1358 536 1395 Apostolum
549 1359 568 1393 ¹,
580 1358 767 1386 infirmorum
781 1357 872 1385 corda
884 1358 964 1385 mala

185 1406 266 1434 fama
281 1406 373 1442 ipsius
386 1405 605 1442 percutiantur,
622 1407 650 1432 et
664 1412 700 1432 ne
715 1405 896 1440 vituperetur
908 1404 963 1432 mi—

186 1453 339 1481 nisterium
346 1454 491 1487 nostrum,
504 1460 601 1488 neque
616 1451 792 1487 presbyteri,
801 1451 964 1479 securiores

187 1500 355 1534 existentes,
371 1500 402 1527 in
416 1501 570 1535 peccatum
595 1498 729 1526 licentius
747 1498 962 1534 prolabantur-3

186 1555 254 1574 cum
269 1547 372 1574 vicinis
387 1546 584 1582 presbyteris,
599 1553 676 1582 quos
691 1553 721 1573 se
736 1545 868 1581 pejerare
883 1544 963 1572 nolle

187 1594 372 1629 cognoveris,
385 1594 470 1629 juxta
480 1593 635 1621 arbitrium
646 1594 740 1627 tuum,
755 1592 963 1628 purgationem

187 1641 316 1675 indicas3
345 1649 436 1677 quem
461 1641 485 1668 si
504 1648 633 1676 purgare
656 1640 784 1676 poteris,
811 1640 841 1667 in
863 1640 962 1668 officio

187 1698 240 1718 suo
265 1690 429 1718 ministrare
453 1689 624 1725 permittas3
646 1689 780 1725 alioquin
805 1689 901 1724 ipsum
923 1688 962 1716 ab

188 1737 286 1764 officio
301 1744 355 1764 suo
382 1736 563 1772 suspendere
585 1744 645 1764 non
668 1738 838 1771 postponas,
853 1745 867 1760 ¹)
899 1736 963 1762 llaec

186 1790 292 1812 canon.

222 1833 311 1858 l'oena
326 1832 424 1858 autem
438 1837 493 1865 pro
509 1829 654 1857 adulterio
666 1829 830 1865 imponitur
847 1829 962 1862 mortis,

187 1877 272 1913 quasi
286 1885 340 1913 pro
356 1876 519 1911 sacrilegio.
533 1878 605 1903 Nam
619 1876 779 1911 sacrilegos
794 1876 963 1911 nuptiarum

188 1924 289 1959 gladio
316 1923 415 1959 puniri
444 1925 580 1959 oportet,
609 1925 640 1950 ut
669 1925 699 1950 C.
730 1922 766 1949 de
796 1922 963 1955 Adulteriis‚

188 1971 206 1998 l.
224 1972 361 2004 Quarnvz's.
378 1970 497 1997 Femina
512 1973 620 2004 autem,
634 1970 700 2004 jure
716 1969 963 2003 authenticorum,

187 2017 378 2045 verber-atain
386 2017 598 2044 monasterium
609 2017 777 2050 retruditur,
787 2024 878 2051 quam
888 2016 964 2043 intra

188 2064 341 2092 biennium
355 2064 418 2091 viro
433 2064 562 2099 recipere
577 2063 657 2098 licet;
670 2063 790 2090 biennio
808 2066 963 2097 transacto,

190 2112 237 2139 vel
252 2111 315 2138 viro
335 2112 451 2138 mortuo
471 2113 631 2146 antequam
652 2118 774 2137 uxorem
793 2110 830 2137 de
845 2118 965 2137 monas-

191 2158 262 2185 terio
286 2158 406 2190 educat,
421 2157 556 2184 adultera
571 2159 654 2184 tonsa
664 2177 672 2190 ,
686 2157 849 2184 monastico
862 2156 965 2184 habitu

190 2207 342 2239 suscepto,
366 2204 422 2237 ibi,
439 2204 511 2230 dum
531 2204 616 2234 vivit,
638 2206 828 2239 permaneat,
847 2204 964 2230 duabus

190 2251 324 2286 partibus
338 2250 465 2286 propriae
478 2250 646 2277 substantiae
658 2250 758 2277 liberis
768 2250 963 2285 applicandis,

191 2298 273 2324 tertia
287 2297 475 2324 monasterio.
489 2297 515 2323 Si
531 2296 640 2323 liberos
655 2304 715 2323 non
728 2296 845 2330 habeut,
862 2304 965 2332 paren-

190 2344 269 2371 tibus
283 2343 458 2376 extantibus,
474 2343 645 2377 hujusmodi
660 2343 806 2378 iniquitati
821 2351 882 2370 non
895 2351 964 2370 con-

191 2390 392 2424 sentientibus,
408 2389 491 2416 tertia
502 2397 567 2424 pars
578 2389 751 2424 applicatur.
768 2386 833 2416 duae
848 2397 965 2417 monas-

192 2437 281 2470 terio:
303 2436 411 2472 quibus
432 2436 578 2471 praedictis
604 2443 665 2463 uon
694 2436 876 2467 extantibus,
907 2438 965 2464 tote

191 2483 352 2510 substantia
365 2482 544 2510 monasterio
556 2482 705 2518 quaeritur,
718 2482 810 2517 pactis
821 2482 965 2510 dotalium

191 2530 452 2557 instrumentorum
479 2529 560 2556 omni
591 2537 660 2556 casu
687 2529 856 2563 servandis,
877 2531 908 2557 ut
936 2530 965 2557 in

192 2576 271 2603 auth.
300 2577 333 2602 Ut
352 2577 423 2602 milli
438 2576 573 2610 judicum.
594 2577 658 2603 iliec
683 2578 750 2603 sunt
769 2576 861 2603 verba
889 2577 963 2604 Gan-

191 2621 276 2649 fredi.

228 2722 235 2738 ¹
277 2720 344 2747 Cor„
361 2727 417 2751 viu,
437 2723 471 2746 12.
487 2735 517 2739 —
533 2722 541 2736 ²
553 2722 633 2750 tharst,
649 2728 672 2753 v,
692 2723 726 2746 14.

825 253 900 286 GON
902 253 926 286 F
927 254 1158 290 ESSIONALE.

1262 361 1442 387 PARTtCULA
1459 361 1549 387 Lvnl.

1077 420 1114 445 De
1124 419 1280 452 poenitentia
1291 419 1452 445 medicorum
1467 426 1615 452 corporum,
1627 420 1742 447 medicos

1217 455 1361 481 animarum
1375 462 1428 481 non
1443 457 1602 482 vocantium.

1055 517 1172 544 Extrav.
1183 537 1193 552 ,
1218 516 1256 545 de
1283 516 1454 545 Poenitentia
1483 517 1511 545 et
1533 516 1676 552 Remiss„
1710 518 1799 546 luno-

1021 563 1132 592 centius
1150 564 1208 592 Ill:
1233 564 1331 592 «Cum
1355 563 1511 592 infirmitas
1535 563 1700 600 corporalis
1724 571 1800 593 non-

991 618 993 620 ·
1019 617 1176 646 nunquam
1188 610 1345 647 proveniat
1355 618 1393 639 ex
1403 611 1537 647 peccato,
1547 610 1663 639 dicente
1673 611 1798 639 Domino

1021 656 1184 692 languido,
1206 665 1298 693 quem
1311 659 1467 685 sanaverat
1478 656 1489 672 ⁵
1505 666 1512 685 :
1530 657 1616 692 Vade,
1635 661 1661 685 et
1681 658 1800 694 amplius

1019 705 1078 731 noli
1096 711 1220 738 peccare,
1242 711 1275 731 ne
1290 704 1410 732 deterius
1433 704 1542 739 aliquid
1563 704 1617 732 tibi
1639 706 1798 740 contingat,-

1019 749 1156 786 praesenti
1174 749 1293 778 decreto
1314 749 1484 784 statuimus,
1503 752 1532 778 et
1550 750 1679 779 districte
1697 751 1799 788 praeci-

1019 797 1118 832 pimus
1132 796 1256 825 medicis
1269 804 1448 833 corporum,
1461 797 1495 824 ut
1508 804 1578 825 cum
1595 805 1647 825 eos
1661 797 1701 826 ad
1715 797 1798 826 iufir-

1019 851 1085 871 mos
1107 843 1209 872 vocari
1233 843 1401 879 eontigerit,
1416 843 1498 879 ipsos
1515 845 1583 871 ante
1607 844 1710 873 omnia
1730 852 1798 873 mo-

1019 891 1121 925 neant,
1139 891 1167 918 et
1190 889 1348 924 inducant,
1362 891 1396 918 ut
1412 889 1546 918 medicos
1567 890 1716 919 advocent
1734 891 1797 920 ani-

1019 945 1146 969 marum,
1157 938 1189 964 ut
1203 938 1362 973 postquam
1371 936 1457 965 fuerit
1467 936 1586 965 infirmo
1602 937 1639 965 de
1652 937 1797 974 spirituali

1020 983 1112 1011 salute
1127 983 1290 1019 provisum,
1304 983 1343 1011 ad
1358 983 1522 1019 corporalis
1536 984 1692 1013 medicinae
1704 992 1797 1013 reme·

1021 1029 1106 1057 dium
1117 1029 1265 1057 salubrius
1278 1029 1469 1066 procedatur,
1484 1037 1552 1057 cum
1566 1038 1655 1058 causa
1668 1033 1798 1060 cessante

1023 1079 1115 1104 cesset
1128 1076 1258 1105 effectus.
1274 1077 1334 1105 Hoc
1349 1076 1472 1113 quidem
1484 1076 1560 1105 inter
1575 1077 1634 1105 alia
1644 1077 1714 1105 huic
1729 1085 1798 1106 cau-

1022 1131 1086 1152 sam
1103 1123 1184 1151 dedit
1199 1123 1294 1151 edicto
1305 1144 1314 1158 ,
1329 1123 1413 1159 quod
1428 1123 1552 1160 quidam
1566 1123 1597 1152 in
1616 1124 1798 1160 aegritudinis

1019 1170 1094 1198 lecto
1107 1171 1238 1205 jacentes
1249 1191 1258 1205 ,
1275 1178 1344 1198 cum
1364 1170 1406 1198 eis
1424 1178 1443 1198 a
1465 1170 1589 1198 medicis
1611 1170 1752 1199 suadetur
1765 1172 1799 1199 ut

1020 1217 1056 1244 de
1072 1216 1240 1244 animarum
1250 1216 1344 1244 salute
1357 1216 1527 1252 disponant,
1543 1217 1575 1244 in
1585 1216 1798 1253 desperationis

1020 1263 1175 1291 articulum
1194 1263 1344 1298 incidunt,
1360 1262 1441 1298 unde
1463 1262 1579 1291 facilius
1600 1263 1704 1291 mortis
1721 1263 1798 1300 peri-

1020 1310 1120 1338 eulum
1146 1310 1310 1337 incurrunt.
1333 1309 1361 1337 Si
1390 1309 1457 1346 quis
1485 1311 1585 1338 autem
1612 1310 1799 1339 medicorum

1019 1357 1108 1392 hujus
1121 1359 1227 1385 nostroe
1242 1356 1468 1391 constitutionis,
1482 1358 1642 1394 postquam
1656 1364 1710 1393 per
1722 1365 1798 1393 proe-

1019 1403 1095 1432 latos
1122 1404 1258 1432 locorum
1285 1402 1371 1431 fuerit
1399 1403 1551 1439 publicata
1562 1424 1572 1439 ,
1600 1405 1799 1439 transgressor

1020 1450 1155 1485 extiterit,
1174 1449 1288 1478 tamdiu
1307 1449 1345 1478 ab
1361 1449 1495 1485 ingressu
1510 1450 1639 1478 ecclesioe
1653 1452 1797 1486 arceatur,

1020 1497 1116 1526 donec
1126 1505 1181 1533 pro
1196 1496 1426 1532 transgressione
1440 1497 1614 1532 hujusmodi
1627 1496 1798 1525 satisfecerit

1019 1546 1228 1581 competenter.
1256 1545 1392 1571 Ceterum
1415 1552 1484 1571 cuin
1510 1544 1612 1572 anima
1637 1543 1674 1572 sit
1701 1544 1796 1573 multo

1018 1592 1176 1628 pretiosior
1192 1599 1332 1627 corpore,
1353 1591 1409 1618 sub
1424 1590 1661 1619 interminatione
1676 1591 1797 1620 anathe-

1019 1639 1106 1667 matis
1132 1638 1327 1674 prohibemus
1339 1659 1347 1672 ,
1375 1645 1413 1665 ne
1441 1637 1507 1673 quis
1531 1637 1716 1665 medicorum
1740 1645 1796 1674 pro

1019 1686 1167 1723 corporali
1184 1686 1276 1713 salute
1298 1684 1413 1720 aliquid
1433 1686 1543 1719 mgroto
1558 1685 1694 1719 suadeat,
1713 1685 1795 1721 quod

1019 1734 1049 1761 iu
1063 1732 1228 1769 perieulum
1244 1732 1350 1760 animm
1365 1732 1561 1759 eonvertatur.
1578 1741 1592 1757 n
1609 1732 1672 1759 llaec
1687 1739 1792 1760 canon.

1278 1819 1456 1843 PARTICL‘LA
1477 1819 1539 1843 le.

1019 1882 1055 1905 De
1076 1879 1228 1912 poenitentia
1250 1881 1274 1903 et
1297 1885 1375 1910 ptrna
1398 1879 1582 1909 negligentium
1606 1879 1794 1905 confessionem

1052 1918 1077 1940 ct
1098 1915 1325 1944 eonunuuimnun,
1342 1917 1367 1939 et
1390 1917 1494 1946 peccata
1515 1915 1541 1939 iu
1565 1915 1725 1941 consessione
1748 1917 1793 1940 de-

1051 1955 1116 1976 tecta
1132 1952 1310 1976 revelantium.

1054 2017 1183 2049 Exlrav.,
1205 2014 1241 2041 de
1271 2014 1420 2042 l'oenitent.
1446 2016 1474 2042 et
1501 2014 1633 2050 Remiss„
1658 2017 1796 2044 innocen-

1020 2064 1076 2091 tius
1091 2064 1122 2091 lll
1140 2071 1146 2090 :
1166 2072 1180 2088 ι(
1194 2062 1294 2089 Omnis
1308 2062 1462 2098 utriusque
1481 2070 1569 2090 sexus
1582 2062 1679 2090 fidelis
1689 2084 1698 2095 ,
1716 2063 1797 2098 post-

1020 2118 1112 2146 quam
1130 2109 1168 2136 ad
1184 2116 1278 2136 annos
1297 2108 1482 2136 discretionis
1496 2109 1682 2144 pervenerit,
1698 2109 1799 2137 omnia

1020 2165 1073 2184 sua
1093 2155 1174 2183 solus
1188 2157 1328 2191 peccata,
1343 2155 1447 2182 saltem
1469 2155 1561 2183 semel
1580 2155 1610 2182 in
1626 2163 1704 2183 anno
1724 2155 1799 2183 fide-

1020 2204 1085 2231 liter
1100 2204 1273 2230 confiteatur
1287 2201 1409 2237 proprio
1424 2201 1580 2235 sacerdoti,
1595 2205 1622 2229 et
1637 2202 1796 2237 injunctam

1021 2251 1076 2278 sibi
1100 2249 1320 2285 poenitentiam,
1339 2248 1468 2283 propriis
1482 2248 1595 2276 viribus
1614 2249 1730 2276 studeat
1743 2249 1797 2276 ad-

1021 2297 1143 2332 implere
1155 2316 1163 2329 ,
1191 2294 1353 2330 suscipiens
1382 2296 1550 2322 reverenter
1576 2295 1616 2323 ad
1644 2296 1741 2323 minus
1767 2295 1798 2322 in

1021 2343 1130 2371 Pascha
1146 2341 1330 2370 Eucharistiae
1349 2344 1566 2368 sacramentum
1579 2362 1588 2375 ‚
1603 2342 1658 2369 nisi
1672 2341 1745 2369 forte
1761 2341 1797 2368 de

1021 2389 1133 2426 proprii
1145 2388 1305 2416 sacerdotis
1320 2388 1454 2422 consilio,
1469 2389 1509 2416 ob
1525 2388 1657 2424 aliquam
1670 2388 1798 2415 rationa-

1022 2436 1113 2463 bilem
1131 2443 1260 2469 causam,
1276 2434 1315 2461 ad
1338 2436 1453 2470 teinpus
1477 2435 1515 2462 ab
1536 2434 1707 2469 hujusmodi
1729 2442 1796 2470 per-

1022 2483 1155 2519 ceptione
1169 2481 1285 2508 <luxerit
1297 2481 1517 2508 abstinendum.
1534 2481 1683 2516 Alioquin,
1694 2481 1798 2508 vivens

1023 2530 1060 2557 ab
1077 2530 1209 2564 ingressu
1225 2528 1357 2556 Eeclesiae
1369 2531 1511 2562 arceatur,
1524 2530 1551 2555 et
1565 2528 1694 2555 moriens
1709 2528 1798 2555 chris-

1024 2577 1101 2604 tiana
1117 2577 1213 2602 careat
1223 2574 1381 2610 sepultura.
1400 2574 1480 2602 Unde
1496 2574 1553 2601 hoc
1567 2574 1692 2601 salutare
1709 2577 1796 2602 statu-

1023 2625 1085 2650 tum
1100 2623 1265 2657 frequenter
1280 2621 1310 2648 in
1327 2621 1455 2649 ecclesiis
1469 2620 1653 2657 publicetur,
1668 2628 1705 2648 ne
1720 2621 1797 2656 quis-

1024 2677 1114 2704 quam
1129 2676 1165 2695 ex
1180 2667 1353 2702 ignorantiae
1370 2668 1508 2702 caecitate,
1523 2667 1659 2695 velamen
1674 2675 1796 2695 excusa-

1023 2715 1110 2743 tionis
1125 2717 1263 2742 assumat.
1289 2714 1316 2742 Si
1341 2714 1407 2750 quis
1425 2716 1523 2743 autem
1539 2713 1636 2742 alieno
1652 2714 1796 2742 sacerdoti
