2004 3037
223 149 283 180 486

225 216 263 244 De
275 214 460 244 Liberalitate
467 234 477 250 ,
492 213 713 250 misericordia,
728 216 757 243 et
769 213 921 251 largitate,
934 221 1002 251 cap.

261 270 348 292 Lxxn.

225 310 264 337 De
279 308 353 343 Lite,
368 307 530 343 discordia,
543 308 592 337 vel
605 308 682 344 rixa,
696 316 763 346 cap.
779 316 806 338 1..

225 358 264 385 De
279 355 483 393 Loquacitate,
498 357 527 385 et
539 355 668 391 silentio,
681 364 748 392 cap.
765 363 841 385 xem-

225 404 264 431 De
275 402 509 439 Longanimitate
523 405 551 431 et
563 411 627 439 spe,
641 411 708 440 cap.
723 411 833 432 xxxvn.

226 451 265 480 De
278 450 418 486 Luxuria,
433 451 461 479 et
474 450 698 486 incontinentia,
714 458 781 488 cap.
796 458 852 480 xci.

599 526 634 559 M

226 593 265 620 De
279 591 518 627 magnanimitate
537 592 565 620 et
579 591 771 626 confidentia,
785 599 852 628 cap.
867 599 985 620 Lxxvm.

226 640 265 668 De
279 639 483 668 Maledictione
498 647 559 676 qua
574 640 648 667 Deus
662 638 823 674 maledicit,
840 647 906 676 cap.
920 647 958 667 vr.

227 686 266 714 De
284 685 489 716 Maledictione
510 693 570 722 qua
589 685 682 715 homo
703 685 818 714 homini
835 685 1006 721 maledicit,

264 740 329 769 cap.
340 727 385 769 ¹¹1¹.

228 780 266 808 De
279 779 428 808 Maledicis
441 781 470 808 et
484 779 710 814 detractoribus,
725 787 794 816 cap.
808 787 885 809 Lxxt.

228 828 266 854 De
280 826 424 855 Malorum
439 826 639 861 multitudine,
655 835 720 863 cap.
735 834 801 855 cxu.

228 874 267 901 De
281 873 503 902 Mansuetudine
519 875 546 901 et
560 873 712 910 patientia,
729 881 794 910 cap.
810 881 904 902 Lxxxx.

229 921 268 948 De
283 920 484 955 Matrimonio,
499 928 565 957 cap.
581 928 696 949 Lxxxix.

230 969 268 995 De
282 967 383 996 Mentis
397 967 602 1003 illustratione,
617 975 682 1004 cap.
699 975 796 996 xxxvt.

230 1015 268 1042 De
283 1013 447 1049 Mendacio,
463 1022 528 1050 cap.
545 1022 632 1043 vau.

231 1061 269 1089 De
284 1060 429 1089 miraculis
450 1061 552 1089 divina
571 1060 761 1097 providentia
774 1060 868 1094 saetis,
884 1068 952 1097 cap.
970 1068 989 1088 1.

231 1108 269 1135 De
290 1108 502 1144 Misericordia,
524 1107 699 1136 liberalitate
720 1109 749 1136 et
768 1107 918 1144 largitate,
943 1115 1008 1143 cap.

267 1163 354 1184 Lxxn.

232 1204 270 1230 De
285 1202 443 1231 Mobilitate
455 1202 572 1239 populi,
588 1210 654 1239 cap.
671 1210 745 1231 cxiv.

233 1251 270 1278 De
285 1251 373 1278 Morte
388 1250 417 1278 in
430 1250 571 1286 generali,
588 1258 652 1287 cap.
668 1258 763 1278 cxxxi.

233 1299 271 1325 De
287 1298 374 1325 Morte
390 1296 540 1325 horrenda
555 1297 714 1331 malorum,
731 1304 796 1332 cap.
813 1304 929 1325 cxxxiii.

234 1345 272 1372 De
287 1346 376 1372 Morte
391 1344 520 1380 pretiosa
532 1344 690 1378 justorum,
707 1352 773 1380 cap.
789 1350 903 1371 cxxxiv.

234 1392 272 1419 De
288 1390 436 1419 Mundana
449 1392 653 1427 prosperitate,
668 1399 734 1427 cap.
751 1399 826 1419 cxxi.

236 1439 273 1466 De
288 1439 438 1465 Munerum
454 1438 636 1474 acceptione,
651 1446 716 1474 cap.
732 1446 827 1466 Lxxvi.

237 1486 273 1512 De
289 1485 434 1512 Murmure
449 1486 476 1512 et
488 1484 680 1521 impatientia,
693 1492 758 1521 cap.
775 1492 871 1513 uui.

237 1532 274 1559 De
289 1531 441 1560 Mulierum
456 1531 527 1566 fide,
539 1539 604 1568 cap.
621 1539 720 1560 cxxiii.

241 1580 278 1606 De
294 1578 449 1606 Mulierum
464 1579 622 1615 sapientia,
639 1586 704 1614 cap.
721 1586 817 1606 cxxrv.

239 1627 274 1653 Dc
291 1625 445 1653 Mulierum
461 1625 642 1659 fortitudine,
658 1634 723 1661 cap.
739 1633 835 1653 cxxvi.

238 1673 275 1700 De
290 1672 443 1700 Mulierum
456 1673 606 1708 aviditate,
624 1680 688 1708 cap.
705 1680 811 1700 cxxvii.

239 1722 275 1747 lle
292 1720 442 1748 Mulierum
457 1720 589 1754 fallaciis,
606 1729 670 1757 cap.
688 1728 805 1748 cxxviii.

239 1767 276 1794 De
291 1767 444 1795 Mulierum
460 1767 659 1804 stultiloquio,
674 1775 738 1803 cap.
756 1774 852 1794 cxxix.

240 1814 277 1841 De
293 1814 445 1842 Mulierum
460 1816 566 1842 ornatu
581 1814 745 1850 superfluo,
760 1821 825 1849 cap.
842 1820 925 1841 cxxx.

613 1890 642 1923 N

240 1957 278 1984 De
294 1955 428 1992 Nequitia
443 1957 651 1992 tyrannorum,
667 1963 732 1991 cap.
745 1963 802 1983 eix.

616 2031 643 2065 O

241 2100 278 2126 Dc
293 2097 477 2130 Obedientia,
493 2105 556 2133 cap.
572 2106 637 2125 xxv.

243 2146 279 2172 De
294 2145 504 2173 Observationc
520 2146 736 2180 praeceptorum
753 2143 812 2177 Dei,
829 2151 894 2179 cap.
911 2150 987 2171 xxiv.

243 2193 280 2219 De
296 2191 506 2219 Observationc
519 2191 650 2224 Sabbati,
667 2198 731 2226 cap.
748 2198 807 2218 xix.

243 2239 280 2265 Do
295 2237 420 2264 Occultis
436 2237 484 2264 Dei
497 2237 626 2272 judiciis,
643 2245 707 2272 cap*
726 2244 755 2263 11.

243 2285 280 2311 De
296 2283 369 2311 Odio
385 2285 412 2310 et
425 2283 588 2317 inimicitia,
605 2291 670 2318 cap.
687 2291 773 2310 xmii.

244 2330 329 2363 Quod
344 2330 450 2357 veritas
465 2330 571 2357 Odium
586 2329 673 2365 parit,
690 2337 755 2365 cap.
773 2337 847 2356 mvi.

245 2378 283 2404 De
298 2376 473 2412 Operatione
489 2376 579 2409 bona,
595 2384 660 2411 cap.
677 2384 739 2403 cxv.

245 2425 282 2450 De
295 2426 374 2450 recta
386 2423 545 2450 intentione
558 2421 696 2449 habenda
707 2422 736 2449 in
748 2423 851 2458 Opere,
863 2431 928 2458 cap.
941 2431 1018 2451 cxvi.

244 2470 329 2504 Quod
347 2472 421 2498 Deus
442 2470 509 2506 plus
529 2469 651 2497 attendit
666 2469 705 2497 ad
721 2470 912 2505 operantem,
929 2478 1019 2506 quam

280 2517 318 2544 ad
334 2526 425 2553 opuS‚
441 2525 507 2554 cap.
524 2525 573 2545 xit.

246 2565 282 2590 De
312 2563 481 2591 fortitudine
511 2563 550 2592 ad
578 2562 768 2599 operandum
793 2562 920 2598 malum,
952 2571 1017 2600 cap.

281 2617 394 2638 Lxxxw.

707 145 831 184 ⁴INDEX
851 145 1029 179 CAPITUM
1049 147 1365 182 ALPHABETICUS.

1059 216 1099 246 De
1113 216 1310 253 oppressione
1322 217 1475 248 bonorum
1487 227 1542 256 per
1553 220 1662 256 malos,
1673 228 1738 258 cap.
1753 230 1781 251 c.

1060 263 1099 291 De
1114 263 1267 300 Oratione,
1282 272 1348 301 cap.
1362 273 1422 294 xvr.

1061 311 1099 340 De
1113 311 1223 341 ornatu
1238 311 1388 348 superfluo
1402 313 1572 350 mulierum,
1590 321 1656 352 cap.
1670 322 1757 345 cxxx.

1437 389 1464 422 P

1062 452 1100 480 De
1115 452 1188 480 Pace
1202 453 1231 481 et
1245 453 1406 482 concordia
1413 473 1423 488 ,
1435 461 1502 491 cap.
1517 463 1616 484 xivut.

1061 500 1100 527 De
1114 499 1255 528 Patientia
1269 502 1298 528 et
1311 501 1550 538 mansuetudine,
1565 510 1630 540 cap.
1646 510 1744 532 mxxix.

1063 548 1101 575 De
1115 548 1299 583 Paupertate,
1314 556 1379 586 cap.
1395 557 1491 578 mxxiv.

1062 595 1101 622 De
1114 594 1241 623 peccatis
1256 597 1284 623 et
1299 595 1394 632 poenis
1407 599 1610 633 peecatorum,
1624 605 1690 634 cap.
1706 605 1750 626 cv.

1062 642 1101 669 De
1115 641 1309 671 permissione
1330 645 1501 672 sanctorum
1515 644 1664 680 virorum,
1677 652 1744 681 cap.
1760 653 1838 674 ινιιι.

1062 689 1101 716 De
1123 689 1342 718 perseverantia
1370 692 1398 718 et
1423 691 1587 719 constantia
1609 691 1639 719 in
1663 692 1839 728 propositis,

1099 742 1165 771 cap.
1182 743 1270 763 Lxxx.

1064 782 1103 809 De
1113 781 1357 810 persuasionibus
1366 784 1394 811 et
1404 783 1535 812 consiliis
1542 784 1645 820 matis,
1657 793 1724 822 cap.
1736 794 1839 815 xxvnt.

1065 829 1103 855 De
1118 827 1307 857 perversitate
1322 830 1535 865 quorumdam,
1552 839 1617 868 cap.
1633 839 1709 860 cvm.

1065 875 1104 902 De
1119 874 1224 902 Pietate
1238 874 1409 911 mulierum,
1425 885 1490 914 cap.
1507 885 1591 906 cxxv.

1065 923 1103 949 De
1119 921 1298 957 Poenitentia,
1315 930 1381 959 cap.
1395 932 1453 951 Liri.

1066 969 1104 996 De
1119 968 1223 1005 Populi
1239 969 1412 1005 mobilitate,
1428 979 1492 1007 cap.
1507 979 1583 1000 cxiv.

1067 1016 1105 1043 De
1121 1016 1251 1045 Potentia
1267 1016 1316 1045 Dei
1331 1017 1361 1045 in
1376 1018 1536 1052 miraculis,
1551 1026 1617 1055 cap.
1635 1028 1652 1048 ι.

1067 1063 1107 1091 De
1131 1063 1284 1099 Praeceptis
1311 1064 1360 1092 Dei
1395 1067 1423 1094 et
1454 1065 1588 1101 ipsorum
1617 1066 1841 1102 observatione,

1102 1117 1168 1145 cap.
1184 1118 1264 1139 xxiv.

1068 1157 1105 1184 De
1120 1158 1249 1185 Pretiosa
1262 1159 1357 1186 morte
1370 1158 1528 1194 justorum,
1544 1167 1609 1196 cap.
1625 1167 1741 1188 cxxxiv.

1068 1205 1106 1231 De
1122 1203 1248 1232 Praelatis
1262 1204 1360 1239 bonis,
1377 1213 1442 1241 cap.
1459 1213 1496 1234 ci.

1070 1251 1107 1278 lie
1123 1250 1249 1279 Proelatis
1264 1251 1362 1285 malis,
1376 1259 1441 1288 cap.
1458 1260 1507 1280 cu.

1069 1297 1107 1324 De
1123 1297 1249 1325 Praelatis
1263 1298 1437 1332 ambitiosis,
1453 1307 1518 1334 cap.
1534 1307 1593 1327 cm.

1070 1344 1156 1377 Quod
1178 1345 1252 1372 Deus
1276 1344 1383 1380 probat
1403 1345 1552 1381 homines,
1575 1346 1637 1375 sive
1656 1348 1761 1382 tentat,
1777 1355 1843 1383 cap.

1106 1399 1168 1418 xm.

1071 1438 1109 1465 De
1124 1437 1304 1473 Proditione,
1319 1446 1384 1475 cap.
1402 1447 1502 1468 Lirin.

1072 1486 1109 1512 Dc
1126 1486 1316 1520 prosperitate
1331 1487 1495 1522 mundana,
1511 1495 1576 1524 cap.
1589 1495 1665 1516 cxxi.

1072 1533 1109 1560 Dc
1125 1532 1380 1569 Providential)ei‚
1396 1537 1421 1562 ct
1431 1535 1554 1562 occultis
1564 1534 1761 1569 ejusjudiciiS,
1772 1542 1796 1562 c.
1815 1543 1844 1562 n.

1072 1580 1110 1606 De
1126 1579 1282 1607 Prudentia
1293 1582 1322 1608 et
1338 1580 1523 1615 discretione,
1537 1589 1602 1617 cap.
1619 1590 1679 1610 ιιιι.

1072 1626 1110 1653 De
1126 1626 1224 1653 Pueris
1239 1626 1325 1654 bouae
1340 1627 1461 1661 indolis,
1476 1636 1541 1664 cap.
1557 1636 1653 1656 cxvnt.

1073 1673 1111 1700 De
1127 1673 1378 1708 Pusillanimitate,
1394 1682 1459 1710 cap.
1477 1682 1596 1702 Lxxxin.

1445 1750 1472 1789 Q

1073 1813 1110 1840 De
1124 1812 1327 1847 Quorumdam
1340 1814 1546 1849 perversitate,
1561 1821 1626 1850 cap.
1643 1822 1739 1843 cnut.

1450 1891 1479 1924 R

1074 1956 1111 1982 Dc
1122 1956 1208 1982 Recta
1222 1954 1381 1983 intentione
1392 1955 1533 1983 habenda
1543 1955 1572 1982 in
1583 1963 1683 1991 opere,
1695 1963 1758 1992 cap.
1771 1964 1848 1984 cxvi.

1073 2003 1111 2030 De
1127 2002 1295 2029 Reverentia
1310 2002 1419 2038 templo
1433 2002 1610 2036 exhibenda,
1626 2011 1690 2038 cap.
1709 2010 1755 2031 xx.

1074 2050 1111 2078 Dc
1127 2048 1208 2082 Rixa,
1225 2048 1384 2084 discordia,
1400 2049 1448 2077 vel
1465 2049 1525 2084 lite,
1543 2057 1609 2085 cap.
1627 2058 1651 2078 ι.

1453 2125 1474 2158 S

1075 2192 1113 2219 De
1128 2191 1246 2219 Sabbati
1263 2191 1482 2225 observatione,
1497 2199 1562 2228 cap.
1579 2199 1639 2219 xix.

1074 2238 1159 2272 Quod
1178 2238 1272 2266 Sancti
1298 2238 1353 2265 viri
1369 2239 1538 2274 permittunt
1560 2238 1662 2274 aliqua
1684 2239 1763 2273 fieri,
1782 2239 1847 2267 licet

1110 2285 1211 2318 invite,
1227 2293 1291 2321 cap.
1308 2293 1387 2313 Lvm.

1075 2333 1113 2360 De
1127 2332 1272 2368 Sapientia
1287 2331 1456 2367 mulierum,
1473 2341 1538 2369 cap.
1556 2341 1651 2362 mxiv.

1077 2380 1113 2407 De
1128 2379 1275 2414 Scriptura
1289 2387 1387 2413 sacra,
1403 2387 1467 2414 cap.
1483 2388 1563 2408 xxvi.

1076 2427 1114 2454 De
1126 2425 1297 2461 sepulturis,
1313 2433 1378 2461 cap.
1391 2434 1499 2454 cxxxn.

1077 2474 1114 2501 De
1130 2472 1280 2500 Servanda
1294 2472 1446 2507 fidelitate,
1462 2481 1528 2509 cap.
1544 2480 1629 2500 xxxv,

1075 2520 1114 2547 De
1130 2519 1286 2547 Severitate
1302 2519 1351 2547 Dei
1366 2527 1436 2555 erga
1451 2519 1667 2555 delinquentes,
1682 2528 1747 2556 cap.
1763 2529 1792 2549 1.

1077 2567 1114 2594 De
1128 2565 1247 2593 Silentio
1261 2568 1288 2593 et
1301 2566 1490 2603 loquacitate,
1506 2575 1570 2603 cap.
1586 2575 1665 2595 xctn.

1075 2613 1113 2640 De
1128 2611 1316 2640 simulatione
1332 2614 1359 2641 et
1373 2613 1532 2650 hypocrisi,
1549 2621 1614 2650 cap.
1631 2622 1714 2643 Lxxv.
