2004 3037
616 232 665 264 DE
687 231 842 263 CHRISTI
866 232 1142 268 HUMANITATE.
1167 237 1252 270 CAP.
1278 239 1358 271 VIII.

179 301 292 329 delium
315 302 323 318 ¹
347 310 353 328 :
376 301 407 329 Si
430 308 483 328 non
505 301 650 334 venissem,
673 300 700 327 et
718 299 821 328 locutus
844 301 882 328 eis
904 308 957 328 non

177 349 301 382 fuissem,
316 350 452 383 peccatum
465 355 517 374 non
530 346 668 374 haberent.

213 395 292 430 Opus
307 392 515 429 assumptionis
528 392 666 420 humanae
677 394 802 427 naturae,
818 401 880 422 non
894 395 955 422 ani-

179 443 271 473 matio,
289 440 342 468 sed
361 441 514 468 incarnatio
532 438 722 474 nominatur,
740 448 808 467 eum
824 441 922 468 tamen
939 449 956 469 a

179 487 308 523 digniori
321 494 368 515 res
384 485 568 514 consueverit
588 486 757 514 nominari:
775 487 833 515 hoc
857 488 956 515 autem

180 536 222 563 est
236 534 357 571 propter
370 534 498 569 quatuor
510 532 650 568 rationes,
667 532 776 561 scilicet
792 543 798 561 :
816 536 842 562 1.
857 536 890 562 ut
904 543 955 562 ex-

179 581 308 617 pressior
334 580 386 608 1101
411 579 591 615 nominatim
619 582 647 608 et
668 581 695 608 2.
724 582 756 609 ut
779 581 957 617 profundior

180 627 342 665 explicetur
354 626 486 662 dignatio
503 626 686 662 miserentis3
699 629 727 655 et
741 630 767 655 3.
785 628 855 664 quia
869 629 957 658 nobis

179 673 273 710 magis
288 675 359 702 nota
377 674 420 701 est
437 681 506 710 pars
522 673 631 708 carnis3
653 675 679 702 4.
702 676 734 702 ut
747 675 844 710 major
858 675 956 703 humi-

179 721 260 749 liatio
275 721 456 757 exprimatur
467 742 476 755 ,
491 728 527 748 eo
542 720 626 756 quod
643 720 737 756 magis
758 729 776 749 a
795 723 854 749 Deo
869 721 957 750 distat

179 775 248 795 caro
263 775 355 804 quam
371 767 481 802 anima,
495 763 607 803 erksuia
619 775 688 795 caro
700 769 743 796 est
757 776 775 796 a
784 768 957 804 parentibus

178 815 353 850 propagata,
369 814 469 842 anima
484 822 501 842 a
515 815 573 842 Deo
589 816 695 842 creata.

439 908 581 942 CAPUT
606 908 694 943 VIII.

330 981 369 1008 De
386 982 485 1008 unione
502 983 528 1007 et
547 987 628 1007 carne
648 982 798 1015 assumpta.

211 1050 289 1078 Sicut
312 1049 343 1077 in
368 1049 520 1077 divinitate
543 1057 604 1077 una
630 1050 671 1077 est
695 1050 820 1078 essentia
848 1052 876 1078 et
898 1052 956 1078 tres

175 1104 322 1133 personae,
337 1097 377 1124 ita
392 1095 423 1123 in
437 1095 549 1124 Christo
563 1098 605 1123 est
620 1104 635 1123 e
651 1104 795 1125 converso
810 1105 871 1124 una
888 1105 956 1133 per-

175 1151 265 1178 sona,
282 1145 310 1170 et
329 1145 386 1170 tres
401 1142 531 1170 essentiae
541 1164 548 1176 ,
564 1142 673 1171 50111001
686 1143 778 1171 deitas
789 1165 797 1178 ,
814 1143 913 1172 anima
929 1147 956 1172 et

176 1198 256 1224 caro,
277 1190 334 1217 1100
348 1191 390 1217 051
411 1191 564 1224 aeternum,
585 1198 709 1225 novum,
732 1192 760 1217 et
783 1190 954 1226 antiquum,

176 1237 248 1272 quia
260 1236 352 1264 deitas
364 1237 407 1264 est
416 1239 541 1269 aeterna3
560 1236 660 1264 anima
675 1238 718 1264 est
731 1244 821 1271 nova,
839 1237 910 1272 quia
924 1237 955 1265 in

175 1283 376 1319 assumptione
392 1283 488 1310 carnis
510 1284 624 1318 creata;
643 1291 712 1310 caro
733 1291 805 1311 vero
820 1284 952 1319 antiqua,

175 1330 246 1366 quia
266 1330 304 1358 ab
324 1330 418 1358 Adam
437 1331 624 1366 propagata:
648 1331 676 1357 et
696 1330 824 1358 Christus
846 1339 952 1358 secun-

175 1378 248 1406 dum
262 1379 399 1405 naturam
415 1377 575 1405 divinitatis
587 1379 629 1405 est
644 1378 769 1413 genitus,
788 1378 954 1406 seeundum

175 1426 306 1453 animam
331 1433 402 1452 vero
429 1426 543 1452 creatus
556 1445 562 1457 ‚
590 1427 617 1452 et
643 1425 809 1453 secundum
833 1433 953 1454 carnem

174 1472 276 1501 factus.

210 1519 282 1547 Unio
294 1518 348 1546 fuit
360 1518 464 1554 triplex
477 1518 507 1545 in
521 1518 643 1553 Christo,
660 1518 770 1546 scilieet
785 1519 899 1547 deitatis
914 1520 952 1548 ad

174 1566 304 1594 animam
315 1587 323 1600 ,
344 1567 372 1593 et
386 1573 401 1592 e
418 1573 578 1600 eonverso;
595 1567 623 1592 et
637 1565 752 1592 deitatis
767 1565 806 1593 ad
820 1574 951 1602 carnem,

174 1614 201 1640 et
216 1621 231 1640 e
247 1620 410 1647 converso3
428 1613 455 1639 et
469 1612 576 1639 animae
595 1612 635 1639 ad
657 1619 791 1646 carnem,
808 1613 836 1639 et
850 1621 865 1639 e
881 1621 952 1640 con-

173 1667 270 1687 verso.
288 1660 354 1686 Duae
371 1659 473 1694 primae
487 1659 613 1686 uniones
632 1667 749 1694 semper
765 1662 935 1687 manserunt
942 1669 950 1694 3

173 1707 256 1734 tertia
271 1707 405 1741 separata
424 1705 478 1732 fuit
492 1705 523 1732 in
537 1707 641 1733 morte.
658 1705 731 1732 Unio
747 1713 817 1740 ergo
837 1706 951 1734 deitatis

173 1753 212 1781 ad
230 1753 393 1780 humanam
405 1754 542 1779 naturam
557 1760 618 1779 non
639 1753 681 1779 est
695 1752 725 1779 in
743 1752 852 1780 unitate
867 1755 951 1780 natu-

172 1809 222 1834 rae,
238 1801 290 1828 sed
304 1808 438 1836 persona:
456 1809 462 1827 z
480 1807 541 1827 non
563 1799 630 1827 dico
652 1807 787 1834 personae
802 1800 948 1835 humanae,

172 1848 225 1875 sed
240 1847 362 1881 divinam
383 1847 441 1874 1100
463 1848 505 1874 051
523 1853 585 1873 000
604 1847 770 1881 assumptae,
793 1846 845 1873 sed
869 1855 949 1874 assu-

172 1894 277 1922 mentis
293 1903 299 1921 :
327 1902 381 1921 000
408 1901 542 1929 personae
570 1892 747 1927 cujuslibet,
778 1893 831 1920 sed
858 1893 949 1921 solius

173 1940 268 1968 Verbi.
282 1940 355 1973 Quia
371 1939 450 1967 enim
465 1939 517 1974 imp
530 1938 649 1966 ossibile
665 1940 725 1973 est,
747 1939 830 1975 quod
844 1941 950 1968 natura

172 1987 273 2015 divina
285 1988 440 2013 concurrat
453 1994 520 2013 cum
536 1985 605 2019 alia,
621 1985 693 2013 51001
704 1994 773 2021 pars
788 1987 826 2014 ad
842 1987 949 2014 consti-

171 2035 314 2062 tutionem
326 2032 412 2066 terfii,
426 2032 474 2058 vel
486 2031 569 2066 quod
582 2032 646 2067 ipsa
658 2034 786 2060 transeat
796 2033 826 2060 in
842 2033 932 2061 aliam
938 2044 946 2068 3

171 2081 219 2109 vel
234 2080 293 2108 alia
308 2080 339 2107 in
354 2079 458 2114 ipsam,
470 2079 591 2113 propter
605 2078 822 2113 simplicitatem
838 2081 865 2107 et
880 2080 946 2107 uni-

171 2130 259 2155 tatem
273 2126 365 2162 ipsius
378 2125 622 2161 perfectissimam
645 2134 651 2151 1
666 2127 824 2161 propterea
839 2126 948 2153 divini-

172 2177 214 2202 tas
229 2176 257 2201 et
270 2172 438 2201 humanitas
456 2180 517 2199 non
538 2172 679 2199 uniuntur
697 2172 727 2199 in
742 2172 851 2199 unitate
867 2174 949 2200 natu<

171 2229 222 2254 rae,
245 2220 297 2247 sed
320 2227 470 2255 personae3
496 2220 524 2246 et
552 2218 593 2245 510
620 2218 790 2253 intelligitur
818 2219 893 2246 illud
918 2219 948 2247 in

172 2267 313 2304 Symbolo
335 2265 483 2294 Athanasii
505 2275 511 2292 ι
536 2275 548 2291 t<
563 2267 635 2292 Nam
652 2265 726 2292 51001
742 2265 841 2293 anima
859 2266 948 2293 ratio-

172 2314 247 2342 nalis
260 2315 287 2341 et
302 2321 370 2340 caro
389 2320 466 2339 unus
481 2313 523 2339 est
536 2312 644 2346 homo,
661 2312 700 2339 ita
719 2313 793 2339 Deus
814 2314 841 2339 et
856 2312 946 2340 homo

172 2370 248 2389 unus
263 2363 304 2388 est
318 2360 455 2387 Christus.
471 2370 483 2385 >i
504 2359 546 2387 lbi
563 2368 692 2395 namque
708 2360 828 2395 ponitur
845 2360 946 2387 simili-

172 2408 243 2435 tudo
268 2408 412 2443 quantum
437 2406 475 2434 ad
496 2406 637 2433 unitatem
661 2415 814 2441 personae,
836 2409 862 2434 et
886 2414 947 2434 non

172 2457 297 2482 naturae:
315 2453 385 2489 quia
395 2461 463 2481 caro
476 2455 503 2480 et
517 2453 616 2480 anima
631 2453 772 2481 differunt
782 2454 811 2480 in
825 2453 946 2481 homine

173 2503 316 2536 quantum
339 2500 378 2527 ad
401 2499 573 2534 essentiam,
597 2502 624 2527 et
646 2500 825 2527 constituunt
848 2502 946 2528 tamen

172 2554 263 2574 unam
290 2554 458 2582 personam.
484 2546 596 2573 Eodem
618 2546 710 2574 modo
734 2547 809 2574 inter
837 2546 944 2574 divini-

172 2595 261 2621 tatem
275 2595 302 2621 et
314 2593 528 2620 humanitatem
544 2592 647 2620 Christi
664 2595 706 2620 est
721 2593 903 2628 differentia,
919 2595 946 2621 et

208 2694 213 2709 ¹
227 2693 308 2723 joam,
324 2700 366 2724 xv,
381 2696 419 2718 22.

1741 249 1795 278 ¹53

1012 303 1111 330 tamen
1126 305 1169 332 est
1192 313 1252 334 una
1269 314 1399 342 persona
1417 317 1423 336 :
1441 311 1469 337 et
1484 310 1555 346 quia
1570 311 1672 340 divina
1690 314 1796 342 natura

1012 348 1043 377 in
1064 350 1148 378 nullo
1177 353 1331 389 supposito
1354 356 1450 390 potest
1475 356 1632 386 subsistere
1646 380 1654 392 ,
1676 362 1795 396 praeter-

1012 404 1104 432 quam
1123 397 1153 425 in
1167 399 1289 435 propria
1303 400 1471 437 hypostasi,
1487 403 1556 431 ideo
1571 404 1643 432 unio
1658 405 1709 434 illa
1733 414 1795 435 non

1011 444 1108 478 potest
1131 452 1194 472 esse
1217 445 1249 473 in
1272 447 1395 483 propria
1416 456 1544 484 persona
1568 450 1714 487 hominis,
1742 453 1795 482 sed

1012 489 1061 516 Dei
1078 499 1085 516 :
1112 492 1139 518 et
1166 494 1325 528 propterea
1354 495 1428 522 Deus
1457 495 1487 522 in
1511 503 1572 524 una
1598 505 1795 533 personarum

1012 544 1134 564 suarum
1148 537 1218 566 facit
1240 539 1371 575 seipsum
1386 541 1575 577 suppositum
1589 543 1727 573 humanae
1741 554 1794 574 na-

1012 583 1083 610 turae
1101 592 1107 610 :
1124 583 1204 612 unde
1220 587 1333 614 tantum
1349 595 1410 615 una
1424 589 1466 615 est
1485 588 1527 616 ibi
1542 591 1749 627 personalitas=
1767 595 1795 621 et

1011 629 1108 657 unitas
1122 632 1303 666 personalis,
1325 633 1434 662 50111001
1451 643 1486 663 ex
1507 638 1590 671 parte
1608 640 1792 667 assumentis.

1012 675 1055 703 Ad
1077 684 1138 704 esse
1159 685 1290 715 namque
1313 688 1447 716 personae
1468 682 1575 718 triplex
1591 684 1716 718 exigitur
1736 685 1794 714 dis-

1011 721 1135 750 tinctio:
1152 724 1262 753 50111001
1283 726 1511 762 singularitatis,
1534 731 1562 756 et
1583 731 1725 759 naturalis
1749 733 1794 760 in-

1011 770 1340 807 communicabilitatis‚
1356 781 1390 801 ae
1412 775 1591 803 excellentias
1612 777 1674 805 sive
1696 778 1793 814 digni-

1011 815 1087 844 tatis.
1104 818 1224 853 Propter
1244 819 1376 854 primum
1387 841 1395 855 ‚
1411 821 1527 850 nullum
1542 823 1654 852 unibile
1670 827 1712 853 est
1725 834 1792 862 per-

1011 870 1094 890 sona.
1120 865 1241 901 Propter
1260 867 1443 902 secundum,
1459 869 1558 898 anima
1577 879 1639 899 non
1663 874 1706 899 est
1726 881 1793 909 per-

1011 917 1085 938 sona
1100 919 1107 937 2
1125 911 1177 939 sed
1191 915 1312 948 propter
1328 914 1462 950 tertium,
1483 916 1612 945 Christus
1626 920 1792 948 secundum

1011 957 1095 992 quod
1110 960 1152 985 est
1167 958 1278 994 homo,
1297 968 1358 988 non
1377 964 1419 989 est
1437 970 1576 998 persona.
1593 966 1634 992 Ex
1652 965 1697 993 his
1712 969 1792 1002 patet

1011 1011 1078 1039 quae
1093 1004 1130 1032 sit
1147 1013 1235 1041 vera,
1252 1007 1299 1034 vel
1314 1007 1401 1043 falsa,
1418 1009 1494 1037 inter
1511 1010 1565 1038 has
1581 1014 1709 1047 quatuor
1723 1021 1791 1049 pro-

1010 1050 1181 1086 positiones,
1204 1053 1299 1081 Prima
1316 1063 1322 1081 :
1349 1057 1476 1083 Persona
1506 1059 1663 1094 assumpsit
1690 1068 1791 1095 perso-

1010 1105 1090 1125 nam.
1121 1099 1253 1127 Seeunda
1274 1109 1280 1127 :
1302 1103 1409 1130 Natura
1435 1104 1593 1140 assumpsit
1617 1113 1787 1141 personam.

1009 1145 1102 1172 Tertia
1129 1155 1135 1173 :
1162 1147 1270 1174 Natura
1298 1149 1455 1184 assumpsit
1482 1152 1628 1179 naturam.
1657 1154 1765 1186 Quarta
1781 1164 1788 1182 :

1010 1192 1138 1219 Persona
1149 1194 1308 1229 assumpsit
1321 1197 1467 1223 naturam.
1482 1197 1583 1225 Primae
1598 1199 1664 1226 duae
1678 1200 1790 1237 simpli-

1011 1237 1081 1265 citer
1095 1240 1162 1266 sunt
1171 1239 1265 1274 falsae3
1282 1241 1366 1269 tertia
1378 1250 1438 1270 uno
1454 1244 1546 1271 modo
1564 1246 1606 1272 est
1619 1245 1693 1274 falsa
1703 1268 1712 1282 ,
1730 1247 1789 1276 alio

1010 1285 1102 1312 modo
1119 1288 1160 1313 est
1174 1294 1254 1314 vera.
1272 1287 1299 1315 Si
1321 1288 1399 1316 enim
1421 1292 1554 1318 sumatur
1574 1293 1680 1320 natura
1700 1297 1790 1329 prout

1010 1333 1051 1358 est
1071 1332 1238 1360 eommunis
1258 1334 1352 1362 tribus
1373 1337 1522 1371 personis,
1539 1338 1580 1365 sic
1600 1340 1642 1366 est
1660 1339 1748 1375 falsa3
1765 1342 1789 1369 si

1009 1386 1080 1405 vero
1095 1381 1228 1407 sumatur
1243 1383 1332 1416 prout
1354 1383 1396 1409 est
1410 1382 1440 1409 in
1455 1391 1583 1418 persona
1597 1385 1677 1420 Filii,
1693 1387 1734 1414 510
1748 1391 1789 1416 051

1008 1433 1089 1453 vera.
1117 1427 1225 1459 Quarta
1245 1428 1344 1455 autem
1367 1430 1530 1465 propositio
1553 1431 1725 1468 simpliciter
1747 1437 1789 1463 est

1008 1480 1090 1500 vera.

1044 1519 1088 1546 Ad
1102 1519 1326 1555 intelligentiam
1347 1524 1446 1550 autem
1471 1524 1595 1560 horum,
1611 1529 1682 1555 nota
1704 1529 1787 1564 quod

1008 1567 1065 1594 tres
1085 1566 1203 1594 fuerunt
1223 1568 1378 1603 opiniones
1398 1569 1435 1596 de
1452 1570 1654 1600 incarnatione
1672 1574 1785 1602 Christi.

1008 1612 1104 1640 Prima
1129 1616 1227 1641 autem
1249 1615 1350 1650 opinio
1376 1616 1494 1644 dicebat
1516 1619 1600 1654 quod
1626 1620 1713 1648 Filius
1738 1622 1787 1649 Dei

1008 1660 1165 1695 assumpsit
1188 1661 1357 1697 hominem3
1381 1664 1512 1691 secunda
1543 1665 1676 1701 dicebat,
1704 1668 1787 1703 quod

1008 1707 1166 1742 assumpsit
1186 1707 1349 1736 humanam
1371 1712 1507 1738 naturam
1514 1721 1522 1746 3
1546 1713 1628 1740 tertia
1651 1714 1785 1749 dicebat,

1007 1753 1092 1788 quod
1120 1755 1279 1790 assumpsit
1301 1756 1455 1784 hominem
1482 1760 1514 1785 01
1540 1762 1662 1787 vestem.
1690 1761 1786 1790 Prima

1007 1800 1109 1835 opinio
1125 1808 1186 1828 non
1201 1802 1329 1835 tenetur,
1345 1803 1414 1838 quia
1433 1805 1516 1839 ponit
1532 1806 1615 1841 quod
1629 1807 1659 1834 in
1674 1808 1785 1836 Christo

1007 1848 1074 1873 sunt
1095 1846 1161 1874 duae
1180 1855 1328 1883 personae,
1350 1850 1433 1885 quod
1450 1852 1492 1878 est
1510 1852 1626 1880 falsum.
1651 1855 1786 1884 Secunda

1007 1894 1173 1921 communis
1188 1898 1246 1928 est,
1262 1897 1289 1926 et
1305 1904 1387 1928 vera,
1405 1905 1439 1924 ac
1454 1898 1576 1927 celebris
1594 1909 1600 1927 :
1618 1901 1688 1936 quia
1702 1903 1786 1937 ponit

1007 1940 1089 1975 quod
1109 1941 1236 1969 Christus
1251 1944 1293 1970 est
1307 1951 1400 1972 000111
1415 1945 1523 1979 solum,
1539 1946 1606 1974 licet
1621 1948 1655 1975 sit
1670 1948 1785 1984 aliquid

1006 1987 1171 2014 secundum
1186 1989 1269 2023 quod
1283 1989 1385 2017 homo.
1403 1992 1472 2018 Item
1486 1993 1588 2027 ponit,
1605 1994 1687 2029 quod
1703 2003 1784 2022 assu-

1007 2041 1089 2060 mens
1103 2041 1165 2061 non
1180 2037 1222 2062 est
1236 2039 1430 2071 assumptum.
1445 2039 1527 2072 item,
1538 2040 1620 2074 quod
1633 2040 1683 2067 ille
1691 2041 1782 2070 homo

1006 2079 1106 2106 divina
1128 2083 1170 2107 est
1188 2082 1327 2116 essentia,
1345 2086 1372 2110 et
1390 2092 1405 2110 e
1430 2092 1583 2112 converso.
1601 2087 1681 2120 Item,
1698 2089 1782 2123 quod

1006 2128 1101 2154 omnis
1122 2129 1287 2163 proprietas
1309 2130 1369 2156 Filii
1396 2131 1444 2157 Dei
1466 2131 1539 2159 inest
1555 2132 1597 2166 ei,
1622 2136 1649 2160 et
1672 2142 1687 2161 e
1712 2142 1779 2162 con-

1006 2181 1100 2201 verso.
1125 2175 1219 2202 Tertia
1237 2176 1339 2210 opinio
1363 2178 1505 2213 tanquam
1528 2179 1662 2206 haeretica
1682 2188 1782 2216 repro-

1005 2220 1111 2247 batur:
1139 2221 1209 2256 quia
1237 2222 1321 2257 ponit
1344 2231 1405 2250 non
1429 2232 1491 2252 esse
1516 2225 1545 2252 in
1572 2234 1632 2253 una
1655 2235 1783 2262 persona

1004 2267 1106 2294 Christi
1123 2267 1196 2295 duas
1210 2271 1331 2296 naturas
1343 2290 1349 2301 ‚
1367 2272 1394 2297 et
1413 2272 1496 2306 quod
1516 2272 1583 2299 duae
1599 2273 1781 2310 substantia?O

1003 2313 1141 2341 humanae
1157 2316 1267 2342 naturae
1282 2316 1391 2343 seilicet
1401 2339 1408 2350 ,
1424 2319 1451 2344 et
1466 2318 1572 2345 divinae
1582 2340 1588 2352 ‚
1606 2327 1667 2347 non
1681 2329 1781 2355 perso-

1003 2360 1153 2388 nalitatem
1174 2362 1236 2389 Filii
1260 2363 1453 2398 constituunt,
1482 2365 1534 2392 sed
1553 2367 1732 2395 extrinsecus
1751 2376 1781 2395 se

1003 2407 1112 2435 habent
1131 2408 1169 2435 ad
1184 2409 1289 2444 ipsam.
1310 2410 1436 2437 Dicimus
1456 2419 1526 2446 ergo
1544 2413 1626 2447 quod
1645 2415 1724 2441 tanta
1740 2418 1781 2441 est

1003 2455 1044 2482 ibi
1059 2464 1142 2490 0010,
1158 2458 1188 2483 01
1202 2457 1351 2493 quidquid
1366 2458 1472 2486 dieitur
1489 2459 1525 2486 de
1541 2460 1611 2487 Filio
1628 2461 1686 2495 Dei,
1704 2454 1781 2488 dica-⁴

1003 2504 1048 2529 tur
1069 2502 1105 2530 de
1121 2503 1193 2530 Filio
1208 2503 1351 2539 hominis,
1368 2508 1394 2532 et
1409 2513 1424 2532 e
1439 2514 1581 2533 converso
1593 2528 1601 2540 ,
1617 2507 1661 2533 his
1681 2509 1780 2535 tamen

1003 2550 1130 2584 exceptis
1141 2550 1171 2576 in
1183 2550 1290 2585 quibus
1303 2552 1476 2586 exprimitur
1485 2553 1565 2586 unio,
1575 2555 1623 2580 aut
1632 2553 1780 2583 clauditur

1002 2596 1130 2630 negatio.
1147 2596 1173 2623 Si
1191 2597 1269 2624 enim
1289 2598 1324 2624 sit
1344 2599 1526 2626 vocabulum
1546 2599 1575 2626 in
1600 2608 1661 2635 quo
1678 2601 1779 2637 aliqua

1001 2643 1198 2678 repugnantia
1210 2643 1379 2678 includitur,
1392 2645 1466 2672 51001
1477 2647 1518 2672 051
1526 2648 1613 2680 uniri,
1626 2648 1777 2682 incarnari,

1003 2691 1112 2723 assumi,
1129 2697 1271 2724 assumere,
1282 2690 1312 2717 in
1328 2691 1437 2726 quibus
1452 2692 1614 2720 includitur
1629 2696 1777 2729 respectus
