2004 3037
630 213 679 246 DE
701 213 826 246 SEXTO
850 213 1022 247 lTlNERE.
1048 215 1145 248 lllST.
1168 215 1204 248 V.

115 280 236 313 Gustata,
255 282 320 316 etc.;
332 283 360 309 et
376 281 517 310 Dominus
531 289 593 310 non
610 281 720 310 diceret
732 281 742 299 ¹
759 291 765 310 :
781 282 815 311 Si
827 284 889 318 quis

112 334 256 356 sermonem
267 337 352 357 meum
362 331 518 364 servaverit,
529 337 582 358 non
592 331 712 366 gustabit
726 333 837 358 mortem
849 330 887 367 (a)

111 376 141 402 in
158 378 298 404 oeternum.
313 377 351 404 De
366 377 478 412 gustum
493 379 644 405 ternorum
659 377 803 414 spirituali
818 377 889 406 dicit

113 422 277 450 Bernardus
290 423 300 440 2
315 432 341 451 :«
356 425 434 451 Mens
445 424 633 460 estquaedam
641 424 685 452 vis
697 424 815 459 animoe,
828 433 888 461 qua

111 468 289 498 inhaeremus
303 471 373 505 Deo,
392 472 419 498 et
436 470 572 499 fruimur.
589 471 697 499 Fruitio
713 472 810 499 autem
824 471 887 500 haec

111 515 140 542 iu
151 524 258 552 sapore
268 517 402 554 quodam
416 519 459 546 est
473 517 585 546 divino.
602 518 697 552 Quare
712 518 856 554 sapientia
871 527 888 547 a

109 570 205 598 sapore
215 563 332 599 dicitur,
343 572 432 601 sapor
442 572 477 593 au
482 566 541 593 tem
550 564 603 593 iste
614 565 645 593 in
658 568 743 601 gustu
753 565 887 602 quodam

110 611 161 638 est.
170 612 289 639 Gustum
296 613 394 640 autem
402 611 491 640 istum
498 620 587 640 nemo
594 614 688 648 potest
697 612 784 648 digne
792 613 888 649 expri-

110 665 205 693 mere,
222 666 276 686 ncc
290 659 378 686 etiam
394 658 444 695 qui
459 661 589 688 meretur
610 661 746 696 gustar03
762 660 816 688 sed
834 668 888 696 po-

109 706 163 733 test
178 705 276 733 dicere
293 714 299 733 :
315 705 424 734 Gustare
439 708 465 733 et
477 707 582 740 videte,
599 709 726 742 quoniam
742 709 833 735 suavis
849 711 888 736 cst

109 752 278 780 Dominus.»
296 753 360 781 Haec
380 753 554 781 Bernardus.
577 754 648 781 Dicit
669 754 759 782 etiam
781 755 888 790 Grego-

107 798 169 827 rius
189 799 199 816 s
221 808 227 827 :
249 809 263 826 «
278 800 454 828 suavitatem
480 801 543 836 ejus
566 809 626 829 non
651 801 846 837 cognoscitis,
864 802 888 829 si

107 847 184 875 hanc
199 847 322 876 mininie
337 847 482 883 gustastis.
500 858 513 873 υ)
532 849 570 875 Ex
593 856 654 884 quo
678 856 749 884 crgo
769 850 887 884 gustum

109 893 194 922 illum
217 903 306 922 nemo
326 896 422 930 potest
442 894 626 930 exprimere,
648 895 701 923 sed
715 895 812 923 solum
835 904 888 932 per

110 941 322 978 experientiam
337 942 482 976 noscitur,
495 942 564 970 ideo
580 944 696 979 oportet
714 943 795 970 viam
810 951 887 979 quae-

109 996 190 1024 rere,
206 989 332 1026 qualiter
352 989 471 1025 spiritus
492 991 592 1017 noster
613 989 653 1017 ad
677 989 763 1017 istam
785 992 887 1025 gustus

111 1036 323 1074 experientiam
335 1036 429 1073 possit
443 1036 618 1072 pertingere.

147 1086 185 1112 De
200 1092 261 1120 quo
282 1083 447 1112 notandum
471 1085 528 1119 est,
555 1084 638 1120 quod
657 1085 753 1119 Jesus,
778 1085 829 1120 qui
845 1086 887 1113 est

110 1131 252 1168 sapientia
276 1131 366 1159 Patris
390 1131 511 1167 sapida,
537 1131 607 1167 quia
630 1131 661 1158 in
684 1139 720 1159 eo
745 1133 788 1159 est
798 1140 887 1168 sapor

110 1179 206 1207 omnis
227 1179 377 1207 suavitatis
395 1181 422 1207 et
443 1179 662 1214 delectamenti,
678 1179 810 1215 primum
825 1180 886 1208 exi-

109 1226 150 1254 vit
171 1227 203 1254 ut
225 1226 295 1254 dicit
315 1227 398 1261 Hugo
411 1225 440 1261 ⁴,
455 1234 510 1262 per
529 1228 695 1254 creaturam
717 1226 843 1261 mundi,
859 1228 887 1255 et

108 1273 304 1301 manifestavit
317 1281 348 1301 se
360 1273 390 1300 in
402 1273 543 1309 operibus
557 1273 631 1308 suis,
649 1274 677 1301 et
690 1274 777 1310 coepit
790 1274 885 1302 videri

107 1320 271 1355 visibiliter,
285 1319 456 1355 invisibiliS,
470 1328 524 1356 per
545 1320 682 1348 effectum
705 1329 793 1349 suum
813 1321 883 1350 visi-

106 1367 207 1396 bilem.
224 1369 257 1396 Et
270 1367 320 1395 ille
336 1367 429 1395 exitus
448 1367 598 1403 sapientiae
613 1368 754 1396 eausabat
774 1369 805 1396 iu
820 1377 884 1397 sen-

105 1415 188 1443 sibus
202 1414 308 1443 nostris
337 1414 530 1442 exterioribus
557 1415 721 1450 qnamdam
747 1416 883 1444 notitiam

104 1464 282 1490 aeternorum
303 1461 500 1496 scientialem,
517 1461 588 1498 quia
607 1462 771 1490 secundum
793 1466 883 1499 Apos-

103 1509 199 1538 tolum
210 1510 220 1526 5
238 1519 244 1537 :
261 1510 418 1537 Invisibilia
435 1510 484 1536 Dei
499 1518 516 1536 a
527 1511 650 1536 creatura
664 1510 761 1537 mundi
771 1518 820 1544 per
836 1518 881 1544 ea,

88 1565 162 1592 >quw
182 1558 255 1590 factet
272 1559 353 1588 sunt,
377 1557 515 1583 intellecta
538 1558 760 1591 conspiciuntur,
781 1559 881 1592 sempi-

103 1606 179 1631 terna
195 1611 298 1638 qnoque
319 1605 407 1630 virtus
430 1603 500 1637 ejus,
518 1605 542 1630 et
562 1604 667 1637 9I0rz'a,
689 1605 714 1630 et
736 1603 878 1631 elit-initas.

101 1652 133 1678 Et
157 1650 225 1678 licet
244 1650 319 1678 illud
341 1649 443 1677 lumen
463 1649 612 1685 sapientiae
633 1649 765 1685 aliquem
780 1653 880 1679 causet

100 1706 238 1734 saporem
251 1697 281 1725 in
291 1697 438 1731 sensibus,
453 1697 485 1723 ut
499 1698 578 1732 patet
589 1704 643 1732 per
655 1696 857 1724 Psalmistam⁶
870 1707 877 1725 ι

99 1746 247 1772 Delectasti
257 1752 306 1776 me,
325 1745 447 1777 Domine,
458 1744 487 1770 in
499 1744 611 1776 factura
627 1746 685 1775 tica,
698 1745 764 1778 etc.,
778 1745 876 1772 tamen

98 1792 151 1820 illa
170 1791 325 1819 delectatio
346 1790 379 1818 fit
400 1798 516 1825 semper
531 1798 565 1818 ex
591 1791 678 1825 gustu
693 1791 876 1826 sapientiali,

99 1840 167 1868 oleo
182 1839 282 1875 gratiae
301 1838 440 1873 condito;
455 1846 508 1866 nec
524 1838 575 1865 illa
589 1838 693 1866 notitia
705 1841 747 1866 est
759 1839 876 1875 experi-

98 1887 242 1919 mentalis,
259 1886 313 1914 sed
328 1885 502 1920 discursiva,
514 1885 562 1912 vel
577 1886 730 1913 naturalis.

133 1933 286 1967 Secundo,
301 1933 334 1960 ut
355 1932 424 1959 dicit
445 1934 528 1966 Hugo
552 1932 666 1960 ibidem
679 1954 688 1967 ,
713 1934 802 1961 exivit
827 1942 874 1962 sa-

97 1981 208 2017 pientia
222 1979 312 2008 Patris
327 1979 491 2012 incarnata,
509 1980 537 2005 et
555 1978 632 2006 facta
656 1981 697 2006 est
719 1979 822 2007 lumen
844 1981 874 2009 in

98 2030 183 2062 testa,
205 2029 237 2054 ut
257 2034 312 2054 nos
336 2025 538 2059 illuminaret,
554 2027 582 2052 et
597 2024 636 2052 ad
657 2026 772 2053 Patrem
788 2035 875 2055 revo-

97 2077 183 2103 caret.
195 2076 228 2102 Et
242 2073 291 2101 ille
306 2073 400 2100 exitus
413 2072 576 2108 sapientiae,
589 2072 650 2099 sive
663 2072 870 2106 manifestatio,

97 2121 238 2150 causabat
248 2120 279 2148 in
294 2119 429 2148 sensibus
442 2119 549 2147 nostris
564 2118 754 2147 interioribus
769 2129 872 2156 quam-

96 2169 167 2197 dam
175 2167 310 2196 notitiam
319 2169 496 2194 aeternorum
506 2165 690 2200 credibilem,
700 2170 872 2202 supernatu-

94 2216 188 2244 ralem
204 2225 210 2243 :
228 2217 256 2243 et
265 2215 332 2242 ideo
341 2214 472 2242 nobilior
485 2216 526 2241 est
535 2213 730 2249 praecedente,
742 2215 812 2250 quia
823 2224 871 2244 su-

93 2262 294 2300 pernaturalia
318 2261 399 2289 dona
420 2260 577 2297 perficiunt
595 2261 738 2296 animam,
754 2264 786 2289 ut
801 2262 870 2291 dicit

94 2312 258 2348 Dionysius.
275 2310 332 2338 Sed
354 2317 409 2337 nec
432 2309 484 2337 illa
498 2309 601 2337 notitia
623 2311 665 2336 est
687 2311 870 2346 experimen-

93 2359 168 2394 talis,
176 2359 247 2395 quia
255 2357 436 2394 experientia
445 2358 591 2392 repugnat
601 2356 681 2391 fidei,
694 2358 725 2384 ut
731 2359 810 2393 patet
817 2366 870 2394 per

93 2406 264 2441 Gregorium
285 2406 306 2433 ⁷.
326 2406 435 2433 Tamen
450 2425 459 2439 ,
481 2411 516 2431 ex
543 2403 647 2432 notitia
670 2404 740 2432 fidei
761 2404 866 2440 firma,

92 2453 246 2489 multiplex
271 2451 395 2486 notitia,
419 2453 447 2478 et
473 2450 637 2478 consolatio
662 2452 789 2479 habetur
804 2474 813 2487 ,
836 2455 868 2481 ut

126 2552 225 2580 ¹Joa71.‚
246 2557 307 2580 vm,
330 2552 368 2575 52.
384 2563 414 2567 —
437 2550 445 2565 ²
467 2550 553 2580 Bern.,
573 2549 602 2572 cle
616 2551 699 2574 Amor.
725 2551 777 2581 Dei,
798 2559 821 2576 e.
839 2558 866 2583 x,

92 2587 167 2619 paulo
185 2588 242 2618 post
257 2586 337 2618 princ.
350 2600 378 2603 —
393 2587 401 2600 ³
417 2587 502 2617 Greg„
518 2586 588 2609 hom.
607 2591 695 2616 xxxva
713 2587 789 2617 paulo
809 2590 867 2619 post

93 2624 173 2654 princ.
194 2636 225 2641 —
238 2622 248 2639 δ
266 2623 343 2653 Ηυὲ.,
362 2622 388 2646 in
408 2622 484 2653 prim.
501 2628 558 2651 cap.
574 2620 663 2652 Anqel.
679 2622 760 2653 Hier„
774 2623 817 2648 lib.
835 2625 866 2654 ll,

93 2661 150 2684 ante
171 2658 240 2683 med.
259 2671 289 2676 -
305 2658 313 2672 ⁵
337 2658 413 2688 Rom„
436 2664 457 2688 ε,
480 2659 518 2681 2¹0.
543 2671 573 2675 —
593 2658 602 2672 ⁶
625 2658 692 2683 Psal.
717 2664 774 2689 xcu,
796 2661 819 2683 5.
836 2672 865 2678 —

94 2695 100 2710 ⁷
116 2696 201 2726 Greg.,
216 2695 240 2717 in
263 2694 367 2724 Eurum„
384 2693 455 2717 hom.
472 2699 548 2724 xxvi,
564 2693 648 2717 statim
662 2696 721 2724 post
737 2695 819 2725 princ.
836 2709 865 2713 —

1664 229 1724 259 467

946 284 1026 319 patet
1049 291 1103 320 per
1126 283 1315 322 Dionysium,
1337 287 1388 323 qui
1413 288 1484 317 dicit
1505 291 1547 320 sic
1561 292 1571 310 ⁸
1587 301 1594 321 :
1611 303 1626 320 a
1640 294 1726 325 Fides

946 329 1049 358 divina
1072 332 1115 358 est
1130 331 1243 360 stabilis
1268 333 1387 362 collatio
1412 337 1612 376 credentium,
1632 342 1726 372 collo-

946 385 1016 406 cans
1039 377 1106 406 illos
1130 378 1160 406 in
1183 379 1321 416 veritate,
1348 382 1530 413 confirmans
1558 388 1724 425 simplicem

945 424 1098 453 veritatem
1132 425 1382 457 intransmutabili
1418 430 1568 462 identitate
1601 435 1632 464 in
1653 437 1725 474 ipsis

945 471 1144 500 credentibus
1160 482 1173 498 n
1198 475 1231 501 Et
1246 474 1416 504 credentem
1437 477 1468 506 in
1487 480 1628 518 veritate,
1652 485 1724 514 teste

945 518 1094 554 Scriptura
1109 520 1138 555 ⁹,
1163 519 1237 548 nihil
1261 522 1395 552 movebit
1410 532 1428 553 a
1448 525 1547 555 laetitia
1562 550 1571 563 ,
1593 538 1660 566 quoe
1684 534 1727 560 est

945 565 1110 594 secundum
1140 575 1242 596 veram
1277 568 1389 606 fidem,
1411 572 1464 600 sed
1482 573 1607 603 habebit
1634 577 1664 605 in
1690 587 1726 608 ea

944 614 1182 648 permanentiam
1214 615 1378 646 immobilis
1406 620 1435 647 et
1462 619 1726 654 intransmutabilis

945 659 1113 689 identitatis.
1140 662 1195 695 Qui
1223 663 1303 692 enim
1330 665 1446 694 veritati
1475 669 1573 698 unitus
1601 673 1662 707 est,
1689 681 1726 702 ex

945 707 1009 743 ipsa
1029 708 1138 736 unione
1157 709 1235 738 bene
1254 711 1353 747 novit,
1370 714 1493 749 quando
1517 715 1594 745 bene
1619 719 1725 755 sentit,

945 755 1082 790 quamvis
1097 756 1183 784 multi
1199 757 1359 794 corripiant
1374 768 1459 797 eum,
1475 763 1619 800 tanquam
1638 774 1723 795 men-

945 801 980 828 tis
995 810 1145 830 excessum
1164 812 1297 840 passum.

980 849 1091 884 Tertio,
1107 852 1139 878 ut
1153 850 1223 879 dicit
1237 853 1321 888 Hugo
1332 853 1363 889 ¹⁰,
1380 864 1393 881 «
1408 856 1552 892 sapientia
1561 858 1724 898 incarnata,

945 903 1012 931 quae
1026 904 1056 924 se
1070 905 1124 932 per
1145 897 1306 928 invisibilia
1320 902 1500 940 manifestat,
1515 906 1610 935 voluit
1630 910 1726 937 osten-

945 942 1030 976 dere,
1049 945 1205 979 quomodo
1221 946 1284 982 ipsa
1300 948 1470 978 animorum
1492 951 1576 981 cibus
1591 955 1620 982 et
1633 955 1725 984 refec-

945 989 985 1017 tio
994 992 1045 1018 est.
1058 992 1090 1018 Et
1105 990 1174 1019 ideo
1186 1000 1305 1021 carnem
1317 999 1501 1032 assumptam
1511 1000 1599 1028 nobis
1610 1002 1641 1029 in
1654 1003 1725 1031 edu-

944 1036 1018 1064 lium
1024 1039 1216 1074 proposuitin
1222 1044 1417 1077 sacramento,
1425 1046 1621 1081 utpercibum
1628 1050 1724 1078 carnis
1739 1062 1764 1082 ln
1775 1068 1846 1083 sacra.

944 1083 983 1111 ad
994 1086 1112 1119 gustum
1123 1085 1260 1115 invitaret
1270 1088 1440 1118 divinitatis.
1450 1102 1463 1119 »
1477 1094 1544 1121 l-Iaec
1554 1094 1612 1123 ille.
1624 1097 1724 1132 Egres-
1751 1095 1831 1145 ἓξὲξ

1829 1140 1835 1151 ’

945 1179 981 1211 ta,
993 1179 1025 1206 ut
1033 1178 1110 1207 dicat
1121 1181 1141 1197 ¹¹
1159 1189 1166 1208 :
1180 1182 1235 1216 Ego
1250 1190 1309 1210 sam
1316 1185 1397 1218 panis
1406 1187 1480 1222 vitae,
1492 1189 1519 1215 et
1530 1189 1570 1216 ¹²:
1584 1191 1665 1219 Pater
1675 1192 1723 1221 dat
1747 1157 1828 1224 ἕῗέῗέξ

1737 1226 1846 1248 percipu-

944 1139 976 1158 sa
987 1134 1028 1159 est
1036 1139 1106 1168 ergo
1118 1133 1263 1169 sapientia
1272 1136 1372 1172 Patris,
1382 1139 1410 1165 et
1418 1140 1501 1174 quasi
1510 1141 1573 1176 Jam
1582 1143 1724 1179 panifica-

942 1226 1015 1252 vobz's
1029 1234 1126 1260 panem
1142 1227 1174 1254 de
1188 1229 1250 1256 coelo
1264 1237 1368 1265 verum,
1383 1235 1432 1268 qui
1447 1234 1479 1261 de
1497 1237 1559 1263 coelo
1574 1237 1721 1269 descendit.

942 1273 1030 1307 Igitur
1044 1275 1125 1302 Jesus
1146 1275 1178 1302 in
1197 1280 1381 1306 sacramento
1411 1282 1454 1308 est
1467 1289 1555 1311 verus
1573 1285 1673 1322 cibus,
1695 1289 1723 1316 et

941 1327 1010 1348 vere
1035 1321 1205 1357 gustabiliS,
1229 1325 1259 1351 ut
1282 1332 1336 1360 per
1363 1328 1481 1361 gustum
1505 1332 1638 1367 corporis
1659 1334 1721 1370 ejus

939 1368 1129 1403 perveniatur
1154 1369 1194 1398 ad
1220 1373 1340 1406 gustum
1364 1373 1525 1404 divinitatis
1547 1379 1627 1415 ejus,
1649 1381 1721 1417 quia

939 1414 1002 1450 ipse
1017 1417 1060 1443 est
1078 1416 1141 1452 via,
1162 1419 1328 1447 secundum
1348 1420 1582 1461 humanitatem,
1598 1427 1637 1455 ad
1657 1429 1720 1464 ejus

940 1462 1137 1499 divinitatem,
1154 1467 1186 1492 ut
1204 1474 1294 1502 supra
1316 1467 1427 1497 dictum
1450 1473 1501 1499 est.
1524 1473 1644 1503 Summe
1665 1484 1719 1504 au-

938 1510 997 1537 tem
1012 1511 1211 1540 necessarium
1228 1515 1282 1545 cst,
1301 1514 1340 1542 ad
1354 1515 1412 1543 hoc
1431 1519 1463 1545 ut
1485 1519 1525 1546 ad
1541 1524 1660 1555 gustum
1674 1523 1718 1551 in-

939 1556 1015 1584 timae
1030 1557 1190 1586 divinitatis
1205 1559 1389 1595 pertingatur
1408 1571 1461 1598 per
1480 1573 1589 1602 corpus
1604 1569 1667 1605 ejus
1685 1570 1717 1599 in

937 1607 1121 1634 sacramento
1136 1627 1144 1641 ,
1175 1607 1258 1642 quod
1284 1617 1388 1637 sensus
1421 1615 1583 1649 corporalis
1612 1617 1715 1654 aliquo

936 1652 1068 1680 sensibili
1089 1653 1174 1688 siguo
1197 1654 1334 1684 foveatur
1354 1658 1381 1684 et
1400 1658 1627 1699 determinetur,
1642 1666 1670 1692 et
1683 1668 1715 1694 ut

935 1697 1099 1727 intellectus
1114 1700 1226 1729 lumine
1241 1705 1458 1738 supernaturali
1478 1706 1550 1736 fidei
1566 1710 1714 1741 conforte-

934 1746 991 1780 tur,
1006 1748 1033 1773 et
1047 1748 1079 1774 ut
1094 1747 1231 1776 voluntas
1248 1749 1388 1779 charitate
1406 1752 1618 1792 inflammetur,
1632 1759 1712 1788 etsie

932 1799 986 1827 per
999 1793 1182 1828 spiritualem
1201 1797 1465 1828 manducationem
1485 1804 1618 1839 corporis
1633 1806 1713 1834 Chri-

932 1839 966 1866 sti
976 1859 984 1873 ,
1004 1839 1041 1867 ad
1057 1843 1177 1875 gustum
1192 1842 1374 1873 absconditae
1389 1846 1550 1877 divinitatis
1564 1852 1712 1889 pertinga-

932 1888 987 1914 tur.
1002 1887 1058 1914 Sed
1071 1896 1137 1915 ecce
1149 1888 1195 1916 hic
1208 1891 1291 1918 Jesus
1306 1891 1376 1919 dicit
1391 1893 1411 1910 ¹³
1427 1903 1434 1922 z
1450 1896 1506 1930 qu
1521 1904 1580 1925 sum
1595 1901 1711 1930 ostium:

928 1943 977 1969 per
998 1943 1038 1962 me
1061 1937 1087 1963 sz'
1107 1939 1167 1971 quis
1183 1938 1342 1972 introierit,
1367 1942 1538 1979 salvabitur,
1560 1947 1586 1972 et
1606 1955 1711 1981 pascua

930 1983 1057 2009 inveniet.
1073 1984 1128 2017 qu
1144 1991 1204 2011 sum
1225 1987 1324 2013 ostium
1343 1988 1442 2015 sensui
1465 1993 1633 2029 corporali,
1655 2003 1709 2031 per

929 2028 1014 2063 signa
1041 2030 1191 2058 sensibilia
1213 2035 1420 2063 monstratum.
1442 2037 1500 2071 Ego
1522 2046 1582 2067 sum
1609 2044 1708 2072 ostium

928 2075 1117 2111 intellectui,
1146 2086 1198 2113 per
1227 2079 1318 2107 tidem
1346 2081 1507 2116 perfectam
1532 2091 1705 2119 reseratum.

926 2124 984 2158 1390
999 2131 1057 2151 sum
1073 2126 1171 2151 ostium
1185 2125 1349 2161 voluntati,
1362 2136 1415 2164 per
1431 2130 1602 2162 charitatem
1620 2135 1706 2165 fervi—

928 2169 997 2197 dam
1013 2172 1159 2206 apertum,
1173 2174 1331 2209 gustatum,
1344 2176 1372 2202 et
1385 2175 1560 2208 habitatum.
1576 2182 1643 2218 1390,
1660 2183 1706 2212 in-

927 2224 1016 2252 quam
1027 2237 1037 2251 ,
1059 2225 1118 2245 sum
1142 2220 1240 2246 ostium
1255 2221 1364 2257 sensui,
1382 2231 1435 2259 per
1455 2225 1539 2261 signa
1553 2230 1705 2260 sensibilia

926 2265 1121 2291 monstratum
1137 2265 1167 2292 in
1183 2270 1367 2297 sacramento
1378 2291 1387 2304 ,
1403 2279 1457 2306 per
1471 2274 1625 2304 sensibiles
1639 2286 1704 2314 spe-

925 2310 983 2338 cies
1004 2312 1230 2341 sacramentales
1254 2315 1339 2350 panis
1363 2319 1390 2345 et
1410 2317 1486 2354 vini,
1503 2328 1569 2357 quae
1590 2323 1704 2359 signifi-

924 2360 991 2385 cant
1004 2358 1164 2394 perfectam
1185 2360 1386 2391 refectionem.
1410 2365 1499 2401 Signa
1518 2369 1599 2398 enim
1612 2373 1704 2400 sensi-

924 2404 1019 2439 bilia,
1045 2406 1211 2435 secundum
1238 2410 1435 2445 Augustinum
1454 2414 1485 2449 ¹⁶,
1514 2419 1608 2452 sunt,
1635 2427 1701 2455 quae

925 2460 939 2477 a
958 2454 1062 2487 praeter
1087 2454 1238 2490 speeiem,
1263 2463 1355 2491 quam
1382 2458 1521 2495 ingerunt
1545 2465 1700 2502 sensibus,

923 2548 931 2560 Β
952 2546 1038 2578 Dion„
1058 2547 1088 2571 de
1109 2548 1167 2572 Div.
1187 2549 1271 2580 Nom„
1289 2557 1310 2575 c.
1327 2557 1375 2584 vu,
1393 2553 1460 2578 circa
1479 2556 1524 2580 fin.
1541 2571 1571 2575 —
1593 2560 1602 2574 ⁹
1621 2560 1687 2586 Rom.

923 2588 980 2613 v111,
991 2584 1030 2607 35.
1042 2596 1072 2602 --
1084 2583 1104 2600 ⁷⁰
1116 2584 1193 2615 Hug„
1204 2585 1246 2608 ubi
1262 2592 1318 2616 sup.
1330 2594 1416 2620 prox„
1430 2589 1506 2622 longe
1521 2595 1580 2623 post
1588 2596 1659 2622 med.
1668 2580 1700 2616 -Ξ

923 2619 941 2635 ¹¹
961 2619 1044 2650 loom,
1065 2625 1101 2650 vi,
1123 2622 1162 2644 35.
1182 2634 1208 2639 --
1232 2621 1248 2635 ¹²
1265 2622 1340 2654 lbid„
1355 2625 1394 2648 32.
1411 2639 1436 2643 —
1459 2627 1568 2660 1311)ἰάἿ
1588 2637 1602 2654 x
1629 2633 1654 2657 9.
1668 2644 1701 2654 —

923 2653 942 2669 ¹⁴
954 2655 1030 2685 Aug..
1044 2655 1075 2678 de
1090 2655 1160 2680 Doce.
1177 2656 1284 2687 Christ..
1300 2658 1343 2683 lib.
1362 2660 1394 2689 ΙΙ,
1409 2668 1435 2685 n.
1453 2664 1475 2686 l.
1605 2649 1615 2662 ’

956 2698 988 2727 ξω)
1002 2697 1062 2721 Cret.
1079 2698 1140 2722 edit.
1158 2699 1206 2728 Qui
1221 2700 1353 2725 manducat
1368 2703 1432 2727 hunc
1446 2713 1545 2737 panem,
1561 2709 1634 2735 vivet.
