2004 3037
811 181 940 215 CAPUT
961 181 1093 214 LXXIX.

143 257 206 280 non
229 249 363 287 permisit
386 251 449 288 ipse
473 251 590 288 aliquid
614 250 687 280 mali
714 249 826 278 habere
837 271 846 286 ,
871 250 925 278 sed

141 297 283 335 praecepit
296 297 338 326 eis
351 306 487 328 mensam
501 298 634 336 apponi,
649 299 678 327 et
698 297 827 326 refectos
841 297 924 326 abire

143 344 286 382 permisit·
303 345 337 374 Ν
351 347 430 382 Rea„
445 354 473 375 v.
909 353 914 357 ·

179 393 350 421 Excaecatus
363 392 470 422 Tobias
484 393 593 422 miram
607 392 781 430 patientiam
796 392 926 421 ostendit

144 447 216 477 erga
235 440 371 469 divinum
385 440 539 476 flagellum
549 462 560 476 ,
582 442 610 469 et
624 439 796 469 irrisionem
810 440 923 469 amico-

143 495 228 523 rum,
244 490 272 516 et
290 488 403 516 uxoris.
422 488 499 523 Tob„
514 496 536 516 ιι
551 489 578 516 et
592 496 634 516 111.

179 536 235 564 Job
254 535 371 573 patiens
385 535 441 564 fuit
454 535 611 572 perdendo
626 544 697 571 sua,
711 543 782 564 suos
796 536 825 564 et
840 535 925 572 quasi

143 582 284 619 seipsum.
301 585 334 612 Et
355 583 523 612 notandum
537 584 595 618 est,
611 583 695 620 quod
716 583 806 611 simul
827 582 926 612 amisit

142 629 225 659 bona
239 638 308 665 sua,
332 632 360 659 et
374 630 486 659 liberos
500 638 570 658 suos
586 639 594 658 2
610 633 638 659 et
660 630 702 658 sic
721 630 926 659 vehementior

142 676 197 706 fuit
210 677 378 706 tentationis
393 677 531 714 impetus.
548 679 621 706 Item
643 677 687 706 illi
702 677 754 714 qui
776 685 925 705 remanse-

142 726 211 752 runt
225 724 262 752 de
278 724 380 753 amicis
396 725 456 753 suis
470 725 539 762 plus
560 725 587 753 ei
603 724 815 759 desolationis,
832 732 926 760 quam

143 771 355 800 consolationis
376 772 554 807 attulerunt,
575 773 608 800 ut
625 774 705 808 patet
719 772 750 799 in
765 779 877 806 uxore,
898 773 927 799 et

143 818 208 847 aliis
223 818 345 855 amicis,
371 819 424 856 qui
443 819 563 847 fuerunt
585 819 612 847 ei
635 819 838 848 consolatores
854 826 926 847 one-

143 866 213 894 rosi.
229 867 290 901 J0b‚
306 875 315 894 ι
331 869 358 894 et
371 875 410 902 11,
429 868 457 895 et
472 866 624 903 deinceps.

180 913 316 942 Alacrem
332 915 505 950 patientiam
518 914 696 943 exibuerunt
710 913 783 942 socii
797 913 926 941 Danielis

142 961 225 989 missi
241 962 326 997 jussu
349 962 428 997 regis
451 962 483 990 in
505 961 658 990 fornacem
681 961 760 997 ignis
775 961 926 995 ardentis,

143 1009 226 1040 Dan„
247 1017 279 1037 ιιι
289 1018 298 1044 ;
315 1010 343 1037 et
357 1011 488 1044 tantum,
504 1009 553 1037 vel
568 1008 698 1045 amplius
713 1009 858 1037 laudatus
872 1008 927 1038 suit

143 1057 219 1083 Deus
233 1063 270 1083 ex
285 1064 390 1084 eorum
403 1056 562 1092 patientia,
578 1058 725 1092 quantum
747 1064 783 1085 ex
798 1056 927 1085 Danielis

143 1103 297 1139 sapientia.

180 1150 256 1178 Filia
270 1150 408 1186 Raguelis
431 1152 502 1180 Sara
517 1159 640 1187 gravem
656 1151 872 1179 contumeliam
887 1151 926 1180 ab

145 1197 254 1225 ancilla
269 1198 420 1234 prolatam
433 1199 581 1235 patienter
599 1197 683 1233 tulit,
707 1198 782 1226 nihil
805 1206 928 1235 respon-

144 1244 236 1280 dens,
253 1245 307 1273 sed
323 1246 421 1274 statim
437 1246 476 1274 ad
496 1246 662 1274 orationem
677 1254 707 1274 se
728 1246 924 1274 committens

147 1292 224 1327 Tob.,
241 1300 282 1321 ιιι.

179 1340 254 1367 Cum
282 1339 381 1376 plagis
402 1340 599 1376 perimeretur
623 1340 796 1375 Eleazarus,
820 1339 895 1368 dixit
919 1350 925 1368 :

147 1394 160 1411 ι(
175 1386 319 1421 Domine,
332 1389 364 1415 tu
380 1387 452 1422 scis,
477 1387 548 1424 quia
563 1396 631 1416 cum
649 1396 667 1415 a
688 1389 783 1415 morte
807 1395 927 1423 possem

143 1433 277 1469 liberari,
293 1433 374 1462 diros
391 1435 426 1470 (a)
439 1435 573 1471 corporis
588 1434 718 1463 sustineo
730 1434 850 1463 dolores
860 1444 869 1470 3
881 1443 927 1464 se-

145 1481 281 1509 cundum
300 1481 432 1509 animam
447 1490 519 1510 vero
541 1484 663 1518 propter
684 1482 823 1511 timorem
843 1484 928 1511 tuum

146 1527 209 1556 haec
223 1527 321 1564 patior
333 1528 495 1556 libenter.»
515 1530 536 1557 ll
550 1529 652 1564 Mach„
668 1537 711 1564 w,
727 1529 773 1559 30.

181 1576 299 1611 Septem
313 1575 356 1602 illi
370 1575 491 1610 fratres,
507 1584 576 1603 cum
595 1575 646 1612 pia
661 1578 755 1604 matre
771 1584 826 1604 sua
837 1597 846 1610 ‚
863 1576 926 1606 ala-

145 1622 187 1650 cri
195 1622 296 1650 animo
303 1622 382 1658 passi
392 1622 617 1651 sunthorrenda
628 1624 786 1652 tormenta.
796 1624 817 1652 ll
826 1625 926 1658 Mach„

144 1677 195 1698 vu.

179 1718 253 1745 Cum
274 1716 484 1752 interrogasset
498 1718 598 1745 Petrus
617 1727 623 1745 :
654 1717 827 1752 «Domine,
850 1727 927 1755 quo-

141 1765 194 1793 ties
208 1764 345 1801 peccabit
355 1765 386 1792 in
400 1773 448 1793 me
463 1765 551 1794 frater
561 1774 645 1794 meus
655 1788 662 1801 ,
677 1768 704 1794 et
717 1766 864 1794 dimittam
878 1767 927 1795 ei?

140 1820 234 1848 usque
250 1812 357 1847 septies
367 1812 422 1838 ‘2—
431 1814 495 1840 Non
507 1812 574 1840 dico
586 1821 679 1849 usque
688 1814 807 1850 septies,
817 1814 871 1842 sed
879 1822 928 1841 us-

143 1867 201 1895 que
217 1859 384 1895 septuagies
399 1859 540 1895 septies.»
560 1861 676 1893 Matth„
690 1869 762 1889 xvm
772 1882 782 1895 ‚
797 1863 848 1896 21,
861 1863 906 1890 22.

177 1905 222 1933 Ad
242 1905 454 1933 remittendum
475 1905 615 1934 fratribus
635 1915 671 1934 ex
691 1908 782 1935 corde
810 1908 927 1936 induxit

142 1952 284 1980 Dominus
298 1953 477 1988 parabolam
493 1954 571 1981 servi
585 1962 732 1990 nequam,
752 1955 800 1982 cui
819 1955 924 1984 decem

142 1999 238 2027 millia
252 1999 362 2027 talenta
383 2000 544 2029 liberaliter
558 2009 577 2029 a
593 2002 718 2030 Domino
739 2002 858 2031 fuerunt
877 2003 921 2031 di-

144 2046 243 2074 missa.
259 2048 372 2082 Mami„
388 2056 469 2075 xvin.

180 2095 253 2121 Cum
267 2094 410 2122 vidissent
425 2095 552 2123 Jacobus
567 2097 595 2124 et
609 2098 753 2131 JoanneS,
774 2097 858 2132 quod
872 2098 925 2126 Sa-

143 2141 280 2169 maritani
296 2149 358 2169 non
373 2145 547 2178 receperant
561 2144 681 2171 nuntios
697 2144 828 2179 Domini,
849 2153 926 2180 quos

143 2188 338 2224 praemiserat,
356 2188 493 2218 dixerunt
506 2199 512 2218 :
533 2200 546 2216 «
559 2190 607 2218 Vis
617 2212 626 2226 ,
643 2191 788 2226 dicamus,
803 2193 835 2219 ut
849 2191 926 2227 ignis

143 2235 304 2263 descendat
319 2235 355 2264 de
369 2236 454 2272 coelo,
471 2239 499 2265 et
511 2239 667 2266 consumat
682 2237 769 2265 illos‘?
782 2239 815 2265 Et
829 2238 926 2266 Domi-

142 2290 198 2310 nus
212 2282 376 2319 increpavit
390 2283 458 2311 illos
468 2305 477 2318 ,
494 2294 507 2310 »
525 2286 553 2313 et
567 2285 641 2313 dixit
656 2294 663 2312 :
684 2285 827 2313 «Nescitis
841 2286 925 2322 cujus

143 2328 261 2365 spiritus
277 2329 361 2364 estis,
372 2340 385 2356 »
405 2332 459 2358 etc.
476 2332 554 2366 Luc„
571 2340 600 2360 v.

171 2375 280 2405 Mulier
293 2375 324 2403 in
339 2376 486 2405 adulterio
497 2378 694 2414 deprehensa,
710 2380 738 2407 et
753 2387 855 2407 coram
870 2381 925 2408 Do-

143 2422 224 2450 mino
239 2425 375 2451 accusata
386 2445 394 2458 ,
411 2424 485 2451 nihil
501 2425 624 2454 omnino
641 2426 863 2454 accusatoribus
878 2435 924 2455 re·

142 2469 320 2505 spondebat.
340 2471 482 2498 Dominus
502 2474 601 2500 autem
616 2481 671 2509 pro
687 2481 722 2501 ea
736 2473 864 2502 verbum
879 2482 925 2502 as-

142 2516 282 2551 sumpsit,
299 2519 326 2545 et
341 2526 406 2546 eam
421 2518 551 2554 benigne
567 2519 705 2548 absolvit.
720 2522 811 2552 Joan„
828 2529 889 2549 vm.

179 2562 353 2591 Cedendum
369 2567 412 2593 est
433 2566 618 2603 quandoque
633 2567 725 2595 furori
741 2576 922 2604 persequen-

173 2662 209 2691 (a)
226 2662 300 2693 Vulg.
315 2663 403 2688 duros.

1705 188 1760 219 581

979 250 1074 286 tium3
1090 249 1172 278 unde
1187 250 1351 286 Dominus,
1368 251 1420 288 qui
1438 252 1500 288 pati
1520 254 1549 281 et
1563 254 1660 282 occidi
1674 262 1764 284 vene·

979 298 1034 333 rat,
1050 306 1113 326 non
1127 299 1160 326 ut
1175 297 1313 333 tImidus,
1329 298 1383 327 sed
1399 300 1430 327 ut
1442 299 1599 336 providus,
1615 302 1643 329 et
1657 301 1765 331 horam

980 345 1127 381 passionis
1147 347 1348 382 competenter
1368 349 1527 383 expectans
1542 369 1551 383 ,
1573 348 1690 377 rabiem
1715 351 1765 378 Ju-

981 391 1114 420 daeorum
1128 391 1240 428 pluries
1255 392 1426 422 declinavit.
1444 394 1521 429 Luc„
1539 403 1577 429 iv,
1593 396 1628 423 30
1642 405 1672 423 :a
1683 397 1766 425 Jesus

980 440 1080 467 autem
1104 439 1250 467 transiens
1271 447 1325 476 per
1347 440 1483 469 medium
1507 441 1629 470 illorum
1653 442 1733 478 ibat,
1748 453 1762 470 n

979 486 1070 519 Joan„
1084 494 1135 515 vm
1147 487 1175 515 et
1186 495 1228 516 x11
1239 495 1245 515 z
1261 496 1275 513 α
1284 487 1447 516 Abscondit
1458 496 1500 524 se,
1511 489 1640 518 etexivit
1650 490 1687 519 de
1696 492 1767 519 tem-

980 533 1044 570 plo.
1059 544 1073 561 ›)

1015 585 1055 612 De
1076 592 1107 612 se
1134 584 1200 621 ipso
1230 584 1373 613 Dominus
1397 586 1451 617 ait,
1484 587 1599 620 Matth„
1628 596 1678 623 ιιι,
1703 590 1738 617 29
1757 598 1765 618 ι

983 631 1116 659 «Discite
1144 639 1163 659 a
1186 640 1252 666 me,
1277 632 1349 669 quia
1372 633 1453 662 mitis
1483 642 1572 670 sum,
1594 637 1622 664 et
1643 636 1766 665 humilis

981 677 1083 706 corde.
1098 688 1112 704 n

1016 725 1160 753 Dominus
1180 728 1280 754 noster
1294 727 1441 763 patienter
1455 729 1577 764 pertulit
1591 729 1714 765 injurias
1730 730 1766 758 il-

980 771 1055 800 latas
1070 772 1169 801 verbis
1192 775 1220 801 et
1234 773 1318 801 factis
1334 784 1340 802 ε
1356 775 1456 803 verbis
1471 775 1594 811 quidem
1619 776 1766 805 detracto—

980 819 1046 852 riis,
1062 820 1317 856 contradictoriis,
1337 821 1488 850 derisoriis
1499 843 1509 857 ‚
1525 825 1553 851 et
1568 824 1763 853 contumelio-

981 867 1019 894 sis
1035 876 1041 895 :
1060 867 1249 896 detraxerunt
1264 868 1344 896 enim
1359 869 1474 897 occulte
1491 869 1528 905 ei,
1545 872 1572 898 et
1586 871 1741 900 manifeste
1758 883 1766 900 ε

981 914 1107 949 occulte,
1123 914 1200 943 intra
1215 923 1245 943 se
1260 915 1426 952 loquendo,
1443 917 1470 944 et
1482 916 1581 952 ipsum
1596 919 1705 946 temere
1718 926 1767 946 ne-

981 961 1079 998 quiter
1095 962 1273 997 judicando,
1296 964 1369 995 Luc..
1395 972 1453 999 vn,
1475 966 1531 992 39:
1551 975 1564 991 «
1581 965 1630 993 Hic
1652 965 1676 992 si
1693 967 1768 994 esset

980 1009 1128 1045 propheta
1142 1031 1151 1044 ,
1168 1019 1181 1036 »
1208 1012 1264 1038 etc.
1287 1011 1373 1044 Item,
1399 1012 1510 1046 Matth„
1533 1020 1580 1046 lx,
1602 1015 1617 1040 3
1644 1022 1651 1040 :
1677 1022 1691 1038 «
1716 1013 1766 1041 Hic

980 1055 1185 1092 blasphemat,
1200 1069 1212 1083 »
1231 1059 1285 1085 etc.
1302 1058 1469 1093 Manifeste,
1485 1059 1609 1095 quando
1627 1059 1766 1088 dicebant

982 1103 1135 1140 discipulis
1151 1105 1214 1140 ejus
1227 1105 1364 1134 Pharisaei
1381 1115 1387 1134 z
1407 1115 1421 1132 «
1437 1107 1533 1140 Quare
1549 1115 1618 1134 cum
1632 1107 1766 1143 publica-

981 1151 1026 1178 nis
1041 1152 1070 1179 et
1083 1152 1291 1187 peccatoribus
1306 1153 1468 1182 manducat
1487 1155 1515 1182 et
1536 1154 1613 1182 bibit
1627 1155 1767 1190 magister

983 1201 1125 1228 vester?»
1143 1201 1311 1234 Mattlz.,1x,
1338 1202 1385 1235 11,
1409 1202 1528 1234 etLuc.,
1548 1210 1577 1236 v,
1603 1202 1647 1230 30.
1674 1203 1766 1238 Item,

981 1247 1097 1279 Mami„
1112 1254 1172 1281 xu,
1189 1249 1240 1282 243
1257 1248 1335 1281 Luc„
1355 1256 1396 1281 xr,
1411 1249 1463 1281 15,
1483 1248 1607 1284 quando
1628 1249 1691 1284 ejus
1710 1249 1768 1277 mi-

981 1293 1084 1321 racula
1105 1293 1327 1329 depravabant,
1349 1294 1479 1322 dicentes
1496 1304 1502 1322 :
1523 1305 1537 1321 α
1551 1297 1583 1323 ln
1602 1296 1767 1325 Beelzebub

981 1340 1115 1376 principe
1123 1340 1342 1369 daemoniorum
1353 1342 1431 1378 ejicit
1442 1342 1603 1371 daemonia.
1611 1352 1624 1368 η
1634 1344 1666 1371 Et
1676 1345 1767 1379 Jocm„

982 1396 1027 1422 ix,
1042 1390 1076 1416 16
1093 1397 1100 1416 :
1119 1398 1134 1414 «
1148 1390 1212 1416 Non
1229 1391 1271 1417 est
1285 1389 1334 1417 hic
1356 1390 1449 1417 homo
1465 1398 1483 1418 a
1499 1391 1572 1425 Deo,
1589 1390 1640 1426 qui
1660 1391 1769 1420 sabba-

982 1438 1045 1463 tum
1057 1443 1119 1464 non
1131 1436 1267 1464 custodit.
1284 1448 1297 1462 υ
1311 1439 1383 1465 Item
1397 1437 1522 1471 ibidem,
1534 1439 1626 1472 Joan„
1643 1446 1673 1466 lx
1684 1459 1692 1473 ,
1705 1440 1741 1467 24
1759 1449 1766 1467 ι

984 1483 1072 1511 «Nos
1093 1483 1217 1519 scimus,
1245 1484 1316 1520 quia
1340 1484 1387 1512 hic
1411 1484 1503 1512 homo
1523 1486 1662 1520 peccator
1686 1486 1738 1514 est.
1751 1497 1764 1513 »

982 1531 1053 1558 item
1074 1530 1305 1558 dicebant-eum
1324 1531 1435 1559 habere
1459 1531 1652 1560 daemonium.
1674 1534 1765 1566 Joan„

983 1585 1040 1612 vn,
1058 1579 1109 1612 20,
1127 1580 1154 1606 et
1168 1586 1235 1613 vm,
1253 1579 1297 1606 48.

1017 1625 1252 1653 contradictoria
1273 1633 1345 1654 vero
1370 1625 1463 1654 verba
1486 1626 1649 1661 sustinuit,
1673 1628 1765 1664 Joan.‚

982 1680 1048 1706 vm,
1064 1673 1097 1700 13
1115 1681 1121 1699 :
1138 1681 1152 1698 <t
1166 1674 1208 1700 Tu
1223 1672 1260 1700 de
1272 1674 1299 1700 te
1314 1672 1380 1708 ipso
1400 1673 1601 1701 testimonium
1615 1674 1765 1710 perhibes.

981 1719 1193 1747 Testimonium
1210 1722 1292 1747 tuum
1307 1728 1369 1748 non
1394 1722 1436 1748 est
1450 1729 1592 1749 verum.»
1615 1722 1687 1749 Item
1709 1722 1766 1750 ibi-

983 1766 1073 1801 dem,
1087 1767 1121 1794 57
1139 1776 1145 1794 :
1166 1776 1180 1792 ι(
1196 1767 1417 1803 Quinquaginta
1440 1775 1534 1795 annos
1554 1768 1692 1796 nondum
1715 1769 1767 1798 ha-

981 1813 1050 1848 bes,
1067 1815 1095 1841 et
1111 1813 1262 1841 Abraham
1276 1814 1401 1842 vidisti?
1416 1824 1430 1840 »
1449 1816 1519 1843 ltem
1533 1815 1628 1843 verba
1652 1816 1767 1845 deriso-

981 1861 1025 1888 ria
1037 1869 1043 1888 :
1054 1861 1169 1895 Mami„
1183 1869 1227 1896 1x,
1240 1863 1289 1896 243
1304 1863 1381 1894 Luc.9
1397 1870 1463 1895 vm,
1476 1864 1508 1889 53
1521 1883 1530 1897 ,
1542 1870 1611 1890 cum
1627 1863 1765 1892 dixisset:

985 1916 998 1933 <‹
1012 1909 1076 1935 Non
1092 1910 1135 1935 est
1152 1910 1271 1936 mortua
1285 1908 1402 1944 puella,
1418 1909 1470 1936 sed
1492 1909 1616 1944 dormit3
1636 1920 1648 1935 >›
1667 1910 1767 1946 sequi-

982 1955 1028 1982 tur
1045 1963 1051 1982 :
1072 1964 1085 1979 «
1100 1955 1278 1982 Deridebant
1299 1963 1378 1982 eum.
1393 1966 1406 1981 »
1426 1957 1496 1983 Item
1508 1976 1517 1989 ,
1535 1958 1612 1990 Luc„
1633 1965 1696 1990 xw,
1713 1959 1765 1993 14,

982 2008 1050 2028 cum
1075 2001 1196 2029 dixisset
1212 2011 1218 2029 :
1239 2013 1251 2026 u
1265 2002 1360 2029 Facite
1380 2002 1467 2029 vobis
1491 2002 1603 2030 amicos
1619 2003 1655 2031 de
1672 2012 1766 2031 mam-

981 2056 1073 2075 mona
1087 2048 1264 2084 iniquitatis,
1281 2059 1294 2075 υ
1312 2049 1445 2084 sequitur
1462 2059 1468 2077 :
1489 2060 1503 2076 (ι
1520 2050 1689 2078 Audiebant
1708 2051 1766 2079 hoc

980 2095 1127 2130 Pharisaei,
1145 2095 1197 2131 qui
1213 2097 1296 2123 erant
1311 2096 1408 2131 avari,
1425 2098 1452 2124 ct
1468 2096 1646 2125 deridebant
1659 2106 1761 2126 eum.»

1016 2144 1088 2171 Item
1109 2143 1202 2171 verba
1233 2144 1462 2172 contumeliosa.
1492 2146 1584 2177 Joan„
1606 2153 1676 2180 vlu,
1700 2148 1735 2173 48
1755 2155 1763 2175 ε

985 2199 997 2216 ι(
1006 2190 1107 2217 Nonne
1123 2189 1200 2217 bene
1216 2190 1356 2224 diximus,
1368 2191 1440 2226 quia
1455 2192 1655 2219 Samaritanus
1672 2200 1702 2220 es
1718 2196 1762 2229 tu,

981 2238 1009 2264 et
1023 2236 1205 2264 daemonium
1219 2237 1335 2265 habes?
1348 2248 1361 2264 »
1378 2239 1470 2273 Joan„
1486 2247 1537 2273 vn,
1553 2241 1586 2267 20
1602 2248 1608 2266 :
1629 2241 1764 2268 «Daemo-

979 2285 1063 2313 nium
1077 2285 1181 2312 habes.
1197 2295 1210 2312 »
1227 2286 1306 2317 Luc„
1322 2294 1356 2320 v,
1373 2286 1406 2313 ⁶21
1425 2295 1432 2313 :
1453 2295 1466 2312 ι(
1481 2286 1550 2320 Quis
1571 2289 1614 2315 est
1627 2287 1690 2323 hic,
1713 2288 1765 2324 qui

979 2331 1113 2368 loquitur
1127 2332 1329 2368 blasphemias
1340 2333 1353 2360 ἱ)
1368 2342 1381 2359 »

1018 2379 1167 2414 Similiter,
1182 2381 1318 2416 tempore
1336 2379 1483 2416 passionis
1499 2383 1566 2408 ante
1581 2389 1699 2409 crucem
1709 2403 1717 2417 ,
1732 2383 1764 2410 in

979 2426 1071 2454 domo
1085 2428 1174 2454 Annae
1186 2448 1194 2461 ,
1208 2428 1235 2454 et
1249 2426 1280 2454 in
1296 2426 1388 2454 domo
1404 2428 1522 2463 Caiphae
1539 2436 1642 2456 coram
1657 2429 1760 2464 Pilato,
1780 2446 1783 2449 r

979 2476 1006 2502 et
1021 2482 1123 2502 coram
1138 2474 1270 2508 Herode,
1288 2482 1322 2501 ac
1338 2473 1461 2502 demum
1478 2475 1551 2502 dum
1572 2476 1715 2511 penderet
1731 2477 1763 2505 in

979 2530 1076 2556 cruce,
1091 2520 1265 2557 hujusmodi
1279 2521 1373 2549 verba
1390 2521 1485 2549 multa
1501 2522 1579 2550 circa
1593 2530 1623 2550 se
1636 2523 1760 2552 audivit.

1015 2571 1085 2597 ltem
1098 2568 1222 2596 intactis
1233 2575 1338 2603 graves
1349 2569 1472 2604 injurias
1484 2577 1588 2604 passus
1603 2569 1657 2597 fuit
1669 2580 1675 2597 :
1692 2579 1762 2599 nam

977 2616 1043 2652 ipso
1058 2615 1238 2652 praedicante
1252 2615 1357 2651 repleti
1372 2618 1440 2644 sunt
1456 2624 1559 2644 omnes
1578 2616 1609 2643 in
1630 2625 1761 2653 synago·-

978 2671 1016 2698 ga
1030 2663 1094 2697 ira,
1117 2665 1144 2691 et
1165 2661 1312 2698 ejicientes
1333 2671 1401 2692 eum
1422 2664 1503 2691 extra
1525 2662 1687 2699 civitatem,
1709 2673 1761 2692 vo-
