2004 3037
773 283 860 316 CAP.
884 283 939 315 111.
964 280 1189 316 PARTICULA
1210 284 1249 316 11.
1775 288 1813 318 27

196 354 264 388 Quis
278 353 356 381 dabit
376 353 465 388 capiti
485 359 540 380 meo
559 359 676 387 aquam,
691 354 717 379 et
731 353 816 380 octtlis
834 353 899 380 meis
913 353 980 386 fon-

198 402 250 428 tem
265 401 457 434 lacrymarum,
467 400 499 426 ut
509 398 613 434 plorem
622 406 703 434 super
716 400 873 434 interfectos
881 398 982 434 populi

199 448 252 475 mei
265 447 311 475 die
325 454 356 474 ac
371 448 446 474 nocte
456 447 470 473 ?

234 491 391 528 Quomodo
407 492 496 520 etiam
509 500 562 528 per
573 492 650 520 hanc
665 492 834 529 disponitur
846 494 982 529 respectu

198 539 294 569 meriti
318 539 483 568 secundum
510 547 632 568 omnem
656 539 845 568 affectionem
867 539 982 568 theolo-

198 587 296 623 gicam
314 586 439 622 planum
463 588 520 621 est,
547 586 619 622 quia
633 586 880 623 quotiescumque
897 594 982 615 mens

197 633 228 661 in
243 635 335 661 Deum
358 632 530 661 immediate
551 635 709 668 movetur,
729 633 821 661 vitam
842 635 982 661 aeternam

198 681 282 709 toties
296 682 483 717 promeretur
499 689 506 708 :
523 682 551 708 et
562 681 643 716 quia,
658 680 906 716 quotiescumque
918 680 983 708 vult

198 727 297 756 anima
313 728 354 755 sic
371 727 523 764 disposita,
535 728 632 763 potest
644 727 797 755 actualiter
813 727 890 755 affici
901 727 982 755 velo-

199 774 322 802 cissimis
336 774 478 809 motibus,
495 776 594 802 tamen
607 774 762 809 intercisis,
778 775 806 802 et
819 775 982 811 plusquam

199 821 297 849 dicere
308 821 473 855 valeamus,
489 823 516 849 et
530 821 640 849 elevari
655 824 784 849 meretur
797 822 828 849 in
842 821 937 856 gloria
951 821 982 848 in

199 868 333 904 qualibet
352 867 590 895 consurrectione
614 867 756 903 istorum3
779 870 807 895 et
829 867 901 904 quia
923 868 983 895 sin-

199 915 295 950 gulari
310 914 416 942 merito
438 916 479 941 est
493 914 678 950 respondens
693 914 790 949 gloria
804 914 962 949 singularis
972 936 981 949 ,

199 963 322 998 excepta
335 960 520 988 substantiali
536 969 657 996 corona,
674 961 711 989 de
725 961 840 989 visione
855 961 983 997 pulchri-

199 1007 309 1036 tudinis
324 1007 443 1042 divinae,
461 1009 590 1042 constat,
605 1008 690 1044 quod
709 1016 762 1044 per
776 1009 853 1036 hanc
867 1009 983 1045 sapien-

198 1053 270 1082 tiam
284 1053 340 1081 sibi
356 1061 473 1081 coronae
487 1054 722 1082 innumerabiles
739 1055 938 1083 cumulantur.

234 1100 447 1129 concludendo
472 1109 543 1136 ergo
568 1109 586 1128 a
610 1101 725 1137 primis,
750 1101 792 1129 sic
817 1109 871 1138 per
896 1101 982 1130 istam

199 1147 374 1184 sapientiam
388 1155 473 1175 mens
488 1147 579 1183 ignita
593 1147 760 1184 perficitur,
778 1150 810 1175 ut
831 1149 870 1176 ad
891 1148 983 1176 instar

199 1194 318 1229 circuli,
340 1194 391 1230 qui
410 1196 453 1221 est
476 1194 607 1230 perfecta
628 1194 726 1230 figura
745 1194 821 1222 inter
840 1195 928 1228 alias,
952 1196 983 1223 in

199 1241 334 1278 praesenti
352 1243 378 1269 et
394 1241 493 1269 futuro
513 1249 598 1269 mens
619 1249 636 1269 a
654 1241 834 1269 sublimibus
854 1250 982 1277 egressa,

199 1288 375 1316 revertendo
397 1288 428 1315 in
449 1288 482 1315 id
505 1287 606 1323 idem,
623 1288 708 1324 quasi
730 1289 928 1324 protractione
944 1289 982 1317 ab

199 1334 308 1363 eodem
333 1337 443 1371 puncto
468 1335 500 1362 in
528 1335 668 1363 eumdem
694 1338 838 1371 punctum
847 1357 856 1371 ,
885 1336 982 1363 direc-

199 1382 310 1410 tissima
324 1381 512 1410 ordinatione
527 1381 702 1417 regreditur.
720 1383 742 1411 O
755 1391 826 1418 ergo
839 1383 985 1419 sapientia

200 1431 319 1462 aeterna,
345 1428 416 1464 quia
438 1429 539 1456 nullus
565 1429 738 1457 mortalium
764 1432 861 1465 potest
887 1431 984 1458 mani-

200 1475 303 1503 festare
318 1475 402 1502 illam
417 1475 627 1503 admirabilem
646 1478 673 1504 et
687 1476 851 1504 increatam
867 1477 983 1513 sapien-

201 1521 282 1557 tiam,
299 1530 365 1558 quae
384 1530 402 1549 a
420 1523 448 1549 te
467 1521 547 1549 fonte
562 1522 628 1550 vita:
642 1523 897 1550 immediatissime
911 1531 982 1559 pro-

202 1569 292 1603 cedit,
308 1568 377 1596 veni
393 1568 432 1596 ad
447 1568 618 1596 docendum
636 1577 692 1596 nos
706 1569 787 1597 viam
801 1570 982 1605 prudentiae,

202 1617 272 1653 quia
280 1638 288 1652 ,
304 1619 407 1644 contra
419 1624 507 1644 usum
522 1616 650 1644 aliarum
664 1616 869 1652 scientiarum,
885 1617 916 1644 in
930 1618 985 1646 ista

202 1663 349 1699 sapientia
368 1663 498 1699 practica
520 1663 660 1699 praecedit
688 1663 861 1693 theoricam.
887 1665 984 1693 Primo

203 1718 274 1746 ergo
293 1710 429 1738 subditur
445 1710 481 1738 de
496 1710 643 1746 practica,
661 1719 721 1746 qua
735 1719 819 1738 mens
840 1714 986 1747 purgatur

203 1757 232 1784 in
247 1757 345 1792 prima
362 1760 428 1792 via,
444 1757 475 1784 in
496 1757 628 1785 secunda
643 1757 826 1785 illuminatur
834 1758 849 1793 ,‘
857 1759 888 1786 in
902 1760 986 1788 tertia

204 1804 373 1840 perficitur:
396 1806 428 1831 ut
450 1804 512 1832 haec
532 1805 690 1840 sapientia,
705 1805 872 1833 secundum
893 1807 985 1842 tripli-

204 1859 268 1879 cem
277 1851 368 1886 viam,
375 1851 486 1879 ultimae
493 1851 666 1879 hierarchiae
673 1852 864 1888 respondeat,
876 1853 987 1882 scilicet

203 1898 361 1935 purgativa
375 1898 508 1932 Thronis,
523 1898 720 1927 illuminativa
736 1899 904 1935 Cherubim,
920 1900 985 1928 uni-

205 1946 264 1973 tiva
289 1945 452 1980 Seraphim.
481 1945 554 1978 Quia
583 1953 653 1981 ergo
679 1946 741 1973 haec
769 1946 929 1982 sapientia,
955 1949 988 1975 ut

207 1992 318 2020 dictum
338 1993 399 2026 est,
415 1992 588 2028 persuaderi
608 1994 704 2028 potest
723 1993 760 2020 ab
781 1993 916 2028 homine,
934 1995 987 2022 sed

207 2047 268 2066 non
284 2038 385 2065 doceri
395 2048 403 2073 3
421 2038 489 2066 ideo
505 2039 642 2066 subditur
656 2039 718 2066 haec
738 2039 844 2076 triplex
858 2041 919 2075 via,
934 2049 988 2077 per

209 2093 300 2121 quam
321 2085 445 2120 quilibet
469 2088 745 2121 quantumcumque
768 2087 894 2123 simplex
916 2088 987 2116 doc-

208 2131 316 2159 trinam
330 2131 416 2158 istam
436 2131 599 2165 coelestem,
615 2139 676 2159 non
688 2132 868 2168 humanam,
886 2134 987 2169 quoad

209 2186 297 2205 usum
312 2177 452 2204 divinitus
465 2177 620 2205 obtinebit.

244 2226 295 2258 Tu,
313 2224 480 2251 beatissime
497 2225 587 2258 DeuS,
603 2226 630 2251 et
646 2224 801 2260 altissime,
818 2226 868 2261 qui
883 2228 989 2254 natura

210 2279 240 2299 es
265 2270 462 2304 invariabilis,
487 2270 754 2304 incommutabilis,
771 2280 823 2307 per
844 2274 869 2299 te
892 2275 987 2308 stans,

211 2317 345 2345 omnium
369 2317 519 2344 bonorum
542 2316 634 2344 virtus
659 2317 860 2353 principaliter
886 2320 989 2346 condi-

210 2364 285 2398 tiva,
300 2363 352 2399 qui
367 2365 486 2398 aspectu
500 2365 551 2390 tuo
568 2363 689 2398 angelos
704 2364 816 2400 reficis;
834 2368 874 2400 tu,
891 2366 944 2402 qui
959 2375 988 2394 es

210 2410 340 2438 increata
369 2409 532 2444 sapientia,
558 2418 624 2445 quae
646 2413 759 2438 mentes
783 2412 932 2447 angelicas
962 2416 989 2441 et

211 2458 342 2486 coelestes
357 2457 413 2484 tuis
428 2456 519 2484 radiis
532 2457 681 2492 praeclaris
695 2458 830 2493 irradias,
848 2462 989 2495 tanquam

210 2504 328 2532 vivifica
347 2503 456 2537 virtus,
471 2503 511 2530 ita
526 2505 672 2531 amatores
692 2506 758 2532 tuos
773 2505 942 2541 adamplia,
959 2510 990 2535 ut

213 2552 250 2579 ab
265 2550 374 2578 infimis
389 2552 541 2585 separatos
560 2550 679 2577 suscites
694 2558 749 2578 nos
764 2552 803 2579 ad
819 2553 858 2579 tui
874 2553 989 2581 deside-

212 2598 289 2625 rium
314 2599 341 2624 et
362 2595 577 2631 cognitionem,
594 2598 621 2623 et
641 2600 756 2625 remota
780 2599 862 2626 omni
885 2600 990 2628 mentis

213 2643 416 2676 distractione,
432 2645 586 2670 convertas
604 2651 658 2671 nos
679 2644 719 2671 ad
733 2646 921 2681 aggregantis
935 2648 988 2675 Pa-

213 2692 263 2720 tris
286 2692 445 2725 unitatem,
463 2691 514 2727 qui
536 2690 567 2718 in
586 2691 694 2719 horrea
718 2692 856 2720 claritatis
877 2696 989 2723 aeternae

214 2738 411 2773 dispersiones
425 2746 589 2773 congregas
602 2738 725 2767 Israelis.
742 2741 844 2767 Amen.

1310 400 1490 426 PARTICULA
1510 401 1541 426 Π.

1147 469 1183 493 De
1200 468 1294 501 triplici
1311 469 1352 494 via
1369 470 1401 494 ud
1417 470 1529 495 divinam
1547 470 1706 501 sapientiam.

1072 540 1208 576 Sequitur
1226 548 1298 576 ergo
1322 541 1420 577 primo
1443 549 1509 578 quae
1529 542 1565 570 sit
1588 542 1642 570 ista
1656 543 1814 579 sapientia3

1036 587 1186 622 secundo,
1205 587 1242 615 de
1259 587 1503 623 persuasionibus
1519 588 1559 617 ad
1579 589 1693 625 ipsam;
1712 590 1815 625 tertio,

1037 633 1074 661 de
1089 633 1251 668 industriis,
1266 642 1320 670 per
1334 642 1408 671 quas
1427 643 1513 663 mens
1527 635 1558 663 in
1571 635 1636 672 ipsa
1650 636 1816 665 firmissime

1036 680 1191 716 solidatur,
1205 683 1233 709 et
1245 681 1308 709 haec
1322 681 1471 718 pertinent
1480 682 1519 710 ad
1533 682 1704 718 practicam,
1717 683 1749 711 id
1763 685 1817 718 est,

1037 727 1076 755 ad
1090 735 1193 760 usum,
1209 728 1293 764 quod
1314 728 1403 756 etiam
1413 729 1437 756 si
1457 729 1557 757 anima
1571 729 1698 765 simplex
1719 729 1816 765 suerit,

1037 773 1076 801 ita
1098 774 1182 809 quod
1201 774 1312 803 nesciat
1326 775 1479 810 ordinare,
1499 776 1604 803 saltem
1624 776 1767 812 adspiret,
1791 779 1819 804 et

1037 829 1161 858 quoquo
1177 821 1270 849 modo
1286 821 1395 850 doleat.
1411 822 1558 857 Secundo,
1571 823 1660 850 ctiam
1670 823 1694 850 si
1709 823 1819 851 nesciat

1037 868 1174 896 meditari
1198 869 1229 896 in
1252 869 1420 905 Scriptura,
1436 871 1468 896 ut
1491 869 1604 897 dictum
1628 872 1689 904 est,
1715 871 1819 898 saltem

1038 916 1170 951 adspiret
1183 915 1222 943 ad
1233 923 1378 950 amorem,
1391 916 1492 943 dicens
1502 924 1619 952 semper
1633 917 1665 944 in
1680 917 1819 945 omnibus

1038 963 1098 990 suis
1119 962 1304 990 orationibus
1331 964 1359 990 et
1383 963 1598 999 petitionibus:
1625 965 1647 991 Ο
1676 964 1819 998 Domine,

1039 1009 1162 1045 quando
1178 1012 1205 1037 te
1229 1009 1410 1038 strictissimo
1430 1018 1532 1038 amore
1551 1010 1773 1046 constringam?
1789 1012 1820 1038 Et

1039 1057 1080 1084 sic
1097 1059 1372 1093 quantumcumque
1383 1057 1520 1093 simplex,
1536 1057 1584 1084 vel
1599 1057 1701 1092 laicus,
1712 1058 1820 1094 poterit

1039 1111 1092 1139 per
1114 1104 1251 1131 dolorem
1274 1103 1310 1131 de
1335 1103 1479 1139 peccatis,
1496 1103 1586 1131 veluti
1609 1112 1663 1140 per
1686 1105 1821 1132 osculum

1037 1151 1139 1187 pedis3
1154 1159 1208 1186 per
1225 1150 1464 1178 recordationem
1482 1150 1712 1186 beneficiorum,
1730 1152 1820 1180 veluti

1038 1206 1091 1234 per
1115 1197 1254 1225 osculum
1272 1205 1379 1226 manus
1390 1218 1399 1232 ,
1416 1205 1512 1233 usque
1531 1198 1570 1225 ad
1594 1198 1729 1225 osculum
1743 1199 1820 1234 oris,

1038 1244 1124 1280 quod
1146 1246 1189 1272 est
1212 1244 1244 1271 in
1263 1244 1418 1271 desideriis
1438 1244 1559 1279 amoris,
1582 1244 1758 1277 ascendere,
1777 1245 1821 1272 di-

1040 1299 1108 1320 cens
1124 1292 1133 1308 ¹
1152 1300 1158 1319 :
1179 1292 1319 1319 Osculetur
1333 1299 1373 1318 me
1388 1292 1475 1319 osculo
1491 1293 1546 1318 oris
1565 1293 1617 1319 sui.
1639 1293 1671 1319 Et
1685 1291 1748 1319 haec
1759 1292 1823 1327 jam

1038 1340 1276 1375 praesumptuosa
1306 1346 1368 1366 non
1391 1337 1590 1373 judicabitur,
1618 1338 1642 1366 si
1669 1339 1767 1374 primo
1792 1339 1823 1367 in

1039 1387 1142 1415 osculo
1157 1386 1243 1423 pedis
1258 1388 1286 1414 et
1296 1394 1403 1414 manus
1417 1393 1448 1413 se
1462 1387 1596 1413 exerceat
1609 1407 1617 1421 ,
1634 1387 1661 1413 et
1674 1387 1778 1421 postea
1792 1386 1823 1414 in

1041 1435 1100 1463 alia
1114 1435 1189 1462 hora
1203 1434 1243 1462 ad
1257 1433 1394 1461 osculum
1410 1433 1470 1461 oris
1484 1432 1503 1460 2.

1075 1481 1212 1517 Sequitur
1236 1481 1273 1508 de
1294 1480 1379 1508 tertia
1403 1479 1461 1507 via.
1477 1481 1488 1497 ³
1508 1480 1635 1507 Accedite
1658 1479 1694 1506 ad
1716 1488 1774 1506 eum
1797 1482 1823 1507 et

1039 1529 1252 1560 illuminamini,
1277 1530 1331 1555 etc.
1351 1528 1424 1554 Cum
1440 1526 1519 1554 enim
1542 1529 1618 1554 Deus
1636 1526 1823 1554 beatissimus

1041 1577 1124 1602 lucem
1144 1576 1279 1602 inhabitet
1302 1574 1532 1608 inaccessibilem,
1555 1573 1720 1601 secundum
1739 1574 1823 1609 quod

1040 1622 1080 1650 ait
1094 1623 1104 1638 a
1124 1622 1242 1649 divinus
1266 1622 1440 1657 Apostolus3
1462 1629 1531 1648 cum
1552 1620 1649 1647 omnis
1671 1620 1824 1647 rationalis

1041 1671 1175 1697 creatura
1199 1669 1285 1696 distet
1307 1669 1346 1696 ab
1368 1668 1433 1704 ipso
1453 1667 1596 1703 gradibus
1617 1666 1761 1694 infinitis:
1783 1667 1823 1694 ad

1040 1717 1098 1744 hoc
1118 1715 1203 1752 quod
1224 1715 1300 1743 lucis
1323 1717 1438 1742 aeternae
1462 1714 1684 1750 superpulchris
1707 1713 1823 1741 clarita—

1041 1763 1120 1790 tibus
1134 1763 1311 1797 illustretur,
1327 1770 1445 1790 necesse
1458 1764 1500 1789 est
1514 1761 1647 1789 animam
1662 1761 1748 1796 quasi
1762 1769 1779 1788 a
1793 1769 1823 1788 se

1042 1810 1161 1845 egredi,
1178 1812 1206 1837 et
1221 1809 1347 1844 gratuito
1362 1808 1508 1836 beneficio
1530 1808 1675 1836 creatoris
1690 1807 1824 1843 superius

1043 1856 1173 1891 elevari,
1195 1859 1226 1884 ut
1245 1857 1280 1884 sit
1301 1856 1403 1892 aliqua
1424 1855 1657 1891 approximatio,
1675 1856 1702 1882 et
1725 1854 1826 1889 aliqua

1043 1904 1204 1931 assimilata
1237 1903 1424 1930 conformitas
1452 1903 1528 1930 inter
1557 1904 1723 1929 creaturam
1750 1901 1823 1928 reci-

1042 1951 1184 1986 pientem,
1209 1952 1237 1977 et
1259 1950 1357 1985 ipsum
1372 1950 1620 1985 benignissimum
1641 1949 1822 1976 influentem.

1044 1998 1114 2025 ldeo
1131 1997 1202 2024 dicit
1218 1997 1336 2025 divinus
1352 1997 1517 2033 Propheta:
1535 1996 1661 2023 Accedite
1676 1996 1712 2022 acl
1726 2003 1784 2022 eum
1800 1999 1824 2021 et

1043 2046 1259 2078 illuminamini,
1275 2047 1306 2071 ut
1326 2044 1401 2071 illud
1420 2043 1583 2079 praecedat,
1604 2044 1632 2070 et
1654 2041 1824 2069 immediate

1043 2091 1224 2118 illuminatio
1245 2093 1453 2126 consequatur.
1474 2090 1517 2117 Ibi
1538 2097 1609 2123 ergo
1634 2088 1725 2123 tangit
1743 2096 1824 2115 com-

1046 2138 1122 2172 plete
1138 2138 1220 2164 istius
1234 2137 1303 2164 libri
1319 2137 1488 2170 materiam,
1502 2136 1533 2163 in
1550 2144 1610 2171 quo
1626 2143 1714 2163 cursu
1729 2137 1823 2162 extra-

1046 2191 1102 2210 neo
1118 2183 1203 2219 quasi
1218 2186 1320 2210 contra
1341 2191 1444 2211 omnes
1464 2182 1582 2210 divinos
1598 2184 1625 2209 et
1644 2181 1824 2216 theologicos

1044 2232 1195 2264 tractores,
1211 2238 1272 2257 non
1281 2238 1335 2266 per
1347 2230 1502 2266 speculum
1517 2231 1667 2263 ereaturae,
1682 2228 1731 2255 vel
1744 2228 1824 2262 inge-

1045 2277 1087 2304 nii
1115 2277 1339 2312 investigatione
1350 2299 1358 2311 ,
1386 2277 1435 2304 vel
1466 2276 1630 2304 intellectus
1665 2274 1802 2302 exercitio
1814 2296 1822 2307 ,

1046 2324 1133 2351 docet
1159 2324 1198 2351 ad
1226 2324 1425 2359 cognitionem
1451 2323 1655 2351 immediatam
1683 2321 1824 2349 Creatoris

1046 2370 1186 2405 attingere
1194 2380 1201 2405 3
1223 2371 1275 2398 sed
1293 2379 1346 2406 per
1366 2371 1475 2398 amoris
1501 2369 1604 2397 unitivi
1630 2367 1824 2404 aspirationes

1045 2417 1255 2452 flammigeras,
1270 2417 1380 2453 quibus
1395 2425 1457 2444 non
1471 2419 1584 2444 tantum
1598 2415 1669 2450 quia
1684 2416 1758 2441 Deus
1769 2415 1822 2447 est,

1046 2464 1099 2491 sed
1113 2464 1201 2492 etiam
1215 2464 1288 2499 quid
1303 2464 1339 2491 sit
1358 2466 1432 2491 Deus
1449 2463 1636 2491 beatissimus
1650 2462 1728 2496 ipse,
1744 2460 1824 2495 prin-

1046 2511 1158 2546 cipium
1174 2511 1261 2538 totius
1275 2511 1466 2539 beatitudinis
1481 2512 1508 2537 et
1523 2509 1618 2544 origo,
1632 2506 1825 2534 infallibiliter

1046 2557 1144 2585 adhuc
1164 2558 1305 2593 degentes
1324 2558 1355 2585 in
1371 2557 1489 2584 miseria
1507 2557 1719 2591 praegustamus
1735 2562 1741 2580 z
1759 2561 1824 2588 quae

1046 2604 1077 2631 in
1102 2606 1215 2632 tantum
1242 2604 1357 2632 excedit
1382 2603 1582 2638 cognitionem
1606 2600 1746 2635 rationis,
1776 2600 1824 2627 vcl

1080 2678 1089 2694 ¹
1107 2678 1189 2705 Cant»,
1207 2684 1225 2707 1,
1237 2678 1268 2701 Ἰ.
1289 2691 1317 2695 -
1335 2679 1345 2694 '2
1360 2679 1451 2702 'l'otum
1466 2677 1526 2700 illud
1541 2676 1662 2706 scriptum
1674 2675 1726 2705 jam
1744 2673 1824 2696 fuerat

1048 2713 1118 2737 initio
1135 2713 1263 2743 particulae
1280 2715 1300 2743 i,
1315 2721 1399 2744 supra,
1419 2720 1476 2743 pag.
1492 2714 1570 2736 21.-
1581 2712 1589 2724 Ἀ
1601 2710 1669 2735 Psal.
1687 2714 1783 2737 xxxm,
1800 2709 1826 2730 6.

1048 2762 1078 2766 —
1095 2749 1105 2764 Β
1125 2749 1132 2772 1
1153 2748 1226 2779 Tim„
1245 2754 1280 2779 v1,
1298 2751 1334 2773 16.
