2004 3037
829 217 959 251 CAPUT
981 217 1059 251 LVI.

133 289 275 320 docerent
288 289 368 319 filios
383 297 453 319 suos
476 297 511 319 ea
532 298 599 327 quae
621 289 678 327 ipsi
699 287 840 317 viderant
855 287 913 324 (a),

132 339 226 373 Dent„
240 345 281 366 ιν.

169 386 336 414 contumax
355 384 452 420 filius,
468 387 496 413 et
516 385 689 421 protervus,
705 384 734 411 et
756 382 915 420 parentum

132 433 259 470 imperio
288 432 412 460 obedire
446 433 640 460 contemnens
659 452 669 467 ,
697 429 868 467 praecipitur
897 437 915 457 a

132 483 231 517 Moyse
244 487 299 517 per
312 479 460 516 populum
474 479 619 516 lapidari,
639 480 733 512 Deut„
747 485 808 506 xm.

169 526 231 556 Heli
246 526 386 555 sacerdos
399 527 477 554 male
494 526 621 554 correxit
630 525 710 554 filios
724 525 823 560 su0s‚I
834 525 913 560 Rea„

131 582 169 610 113
186 575 214 603 et
235 573 305 602 ideo
328 575 390 602 tam
413 574 492 610 ipse,
508 581 601 610 quam
614 573 658 601 illi
674 581 692 601 a
707 571 834 601 Domino
847 572 915 600 sunt

131 621 245 658 puniti,
258 623 268 650 1
282 622 360 656 Req„
375 629 414 650 iv.

167 668 298 697 Adonias
311 668 391 696 filius
413 667 518 704 Aggith
536 667 617 696 male
638 667 694 696 fuit
713 676 730 696 a
751 668 836 704 patre
859 674 914 695 suo

131 716 225 744 David
240 717 405 750 correctus,
416 717 445 743 et
458 715 571 744 idcirco
587 715 618 743 in
633 714 806 751 superbiam
821 714 915 742 elatus

130 770 256 799 regnare
273 762 381 798 voluit,
396 763 430 792 ΙΙΙ
445 763 527 798 Regu,
543 771 567 798 1;
587 762 641 790 sed
660 762 782 790 tandem
796 770 813 790 a
825 761 914 790 fratre

130 818 185 839 suo
198 812 341 846 regnante
357 810 473 838 occisus
488 810 554 846 fuit,
569 811 603 839 111
617 811 695 845 Rea„
711 818 743 838 11.

165 857 373 894 Propinquans
401 857 441 886 ad
466 859 594 885 mortem
615 857 708 885 David
721 878 731 892 ,
759 856 916 892 diligenter

130 904 267 933 instruxit
282 905 475 933 Salomonem
487 904 586 932 filium
600 913 704 939 suum,
723 904 775 940 qui
790 911 915 940 regnare

130 951 260 980 debebat
274 954 342 988 post
357 960 441 986 eum,
457 953 478 980 ΙΙ
494 953 603 986 Ραναῖ.,
619 959 723 979 xxvm.

164 998 272 1027 Tobias
287 999 390 1027 Senior
404 999 502 1026 filium
514 1007 602 1027 suum
618 999 656 1027 ab
672 998 796 1026 infantia
809 998 913 1026 timere

129 1046 290 1075 Dominum
308 1046 424 1080 docuit,
440 1048 468 1074 et
484 1046 633 1075 abstinere
656 1046 695 1074 ab
711 1045 793 1074 omni
809 1054 914 1082 pecca-

129 1094 176 1128 to,
196 1094 270 1127 Tob.‚
287 1101 307 1121 1.

165 1140 277 1168 Deinde
293 1148 363 1168 cum
377 1148 408 1168 se
424 1139 480 1168 cito
496 1139 630 1168 crederet
650 1140 830 1168 moriturum
841 1161 850 1175 ,
866 1140 914 1176 pie

130 1190 158 1216 et
178 1187 336 1216 salubriter
355 1187 492 1216 instruxit
516 1196 595 1222 eum,
622 1188 696 1224 Tob.,
713 1196 752 1224 1v3
769 1190 796 1216 et
809 1187 914 1216 simili-

130 1237 173 1263 ter
193 1235 318 1262 instante
332 1236 427 1263 morte
444 1243 513 1270 sua,
530 1235 608 1269 Tob.‚
624 1243 683 1264 xxv.

165 1283 302 1310 Parentes
322 1282 413 1316 saraa,
428 1282 530 1310 uxoris
552 1282 651 1310 Tohiae
667 1282 810 1318 Junioris,
827 1282 915 1310 dimi-

131 1331 231 1358 serunt
246 1329 288 1357 ire
302 1328 398 1357 filiam
412 1337 497 1357 suam
509 1337 577 1357 cum
590 1330 656 1358 viro
672 1338 726 1357 suo
737 1351 746 1365 ,
759 1331 915 1358 monentes

80 1386 85 1389 ⁶
132 1385 199 1405 eam
219 1370 368 1405 honorare
388 1385 525 1412 soceros,
551 1378 676 1414 diligere
692 1378 854 1412 maritum,
869 1386 916 1406 re-

133 1432 202 1460 gere
216 1423 375 1460 familiam‚
390 1425 559 1460 gubernare
576 1425 720 1460 domum,
741 1428 769 1454 et
787 1426 916 1462 seipsam

131 1471 425 1507 irreprehensibilem
445 1472 613 1507 custodire,
631 1474 706 1507 Tob„
722 1481 752 1501 x.

167 1519 305 1554 Magnam
324 1519 556 1548 sollicitudinem
578 1520 699 1555 gerebat
722 1519 778 1548 Job
793 1520 830 1548 de
846 1520 917 1548 filiis

133 1565 211 1601 suis,
236 1566 288 1602 qui
313 1574 381 1594 eum
405 1566 496 1594 simul
522 1567 748 1602 comedissent,
773 1567 918 1597 offerebat

133 1613 344 1641 holocaustum
357 1621 413 1650 pro
431 1614 571 1650 singuliS,
587 1622 624 1642 ne
639 1614 715 1643 forte
730 1618 915 1652 peccassent.

133 1661 193 1695 Job,
209 1669 229 1688 1.

169 1709 306 1736 Parentes
326 1708 465 1736 Susannae
479 1727 489 1742 ‚
514 1716 583 1736 cum
612 1711 708 1737 essent
732 1709 822 1745 justi,
850 1718 918 1738 eru-

135 1755 253 1783 dierunt
272 1755 368 1783 filiam
391 1763 477 1784 suam
499 1756 666 1784 secundum
692 1757 791 1793 legem
813 1758 915 1794 Moysi.

137 1804 219 1837 Dan„
233 1811 264 1831 11.

171 1851 244 1878 Cum
259 1850 514 1886 appropinquaret
532 1852 620 1880 morti
635 1851 823 1886 mathathias,
838 1852 917 1880 filios

134 1905 203 1924 suos
219 1897 376 1924 salubriter
392 1897 546 1933 instruxit,
562 1901 589 1926 et
610 1901 714 1927 contra
730 1899 840 1935 impios
855 1900 918 1928 ani-

135 1943 235 1971 mavit.
259 1944 370 1977 1Mac.,
386 1952 417 1971 11.

171 1990 264 2025 Supra
275 1990 400 2018 modum
411 1992 506 2018 mater
518 1990 674 2027 mirabilis,
684 2000 750 2028 quae
760 1993 917 2028 pereuntes

134 2038 247 2072 septem
266 2036 345 2064 filios
369 2037 425 2064 sub
452 2038 538 2065 unius
559 2038 618 2066 diei
642 2040 776 2074 tempore
802 2040 918 2075 conspi-

134 2083 232 2119 ciens,
248 2083 382 2119 singulos
397 2084 573 2113 hortabatur
588 2085 684 2121 patria
699 2094 773 2113 voce
789 2086 891 2114 dicens
908 2096 915 2114 :

138 2140 151 2156 «
165 2130 266 2159 Nescio
285 2131 412 2167 qualiter
434 2131 465 2159 in
480 2134 564 2160 utero
587 2141 654 2161 meo
666 2154 675 2168 ,
689 2143 703 2160 »
723 2134 777 2161 etc.
794 2135 815 2162 11
832 2134 916 2169 Mac„

135 2185 185 2206 vn.

396 2230 539 2263 CAPUT
565 2230 651 2265 LVI.

135 2299 211 2332 Quod
221 2299 296 2326 bonis
309 2300 430 2326 consiliis
441 2308 494 2327 non
506 2302 669 2335 acquiescere
675 2302 855 2336 periculosum
865 2304 914 2329 est.

171 2366 275 2402 Angeli
299 2366 351 2402 qui
376 2369 579 2402 apparuerunt
601 2368 695 2403 Loth,
719 2369 866 2397 dederunt
890 2369 916 2396 ei

135 2414 250 2442 bonum
265 2413 439 2447 consilium,
451 2416 484 2441 ut
498 2415 590 2442 exiret
605 2415 642 2443 de
657 2416 810 2450 Sodomis,
827 2418 855 2443 et
869 2424 918 2451 ge-

135 2469 222 2488 neros
243 2468 312 2488 suos
332 2460 463 2487 educens
477 2481 486 2495 ,
511 2469 704 2497 nequaquam
718 2465 786 2499 post
802 2465 917 2498 tergum

135 2507 306 2542 respiceret,
331 2507 385 2534 sed
408 2506 438 2534 in
465 2510 566 2536 monte
593 2509 710 2537 salvum
740 2518 770 2538 se
796 2510 915 2538 faceret.

137 2553 191 2588 Qui
207 2553 279 2581 dixit
295 2553 411 2588 generis
426 2554 500 2589 suis,
518 2555 569 2590 qui
585 2557 733 2592 accepturi
747 2557 917 2585 erantfilias

136 2609 218 2635 suas,
233 2602 265 2628 ut
279 2600 508 2636 egrederentur3
524 2602 577 2630 sed
592 2602 689 2631 visum
711 2606 753 2631 est
775 2604 815 2632 eis
831 2605 916 2640 quasi

168 2701 199 2729 (a)
217 2700 277 2724 Coet.
294 2699 356 2723 edit.
371 2699 498 2726 viderunt.
510 2715 534 2718 —
551 2701 585 2733 (b)
599 2702 659 2726 Item
674 2703 821 2728 Mathaniae.

1699 216 1759 246 555

972 286 1081 315 ludens
1098 285 1194 322 loqui.
1210 284 1314 314 Generi
1337 290 1409 320 ergo
1422 283 1496 312 Loth
1520 282 1656 312 nolentes
1677 283 1757 312 exire

972 334 1009 362 de
1033 332 1135 362 medio
1158 340 1259 369 pravae
1284 330 1395 367 gentis,
1416 330 1570 368 perierunt
1591 338 1661 359 cum
1685 330 1757 367 ipsis

971 380 1149 413 Sodomitis;
1165 387 1242 407 uxor
1262 380 1362 407 autem
1377 379 1441 414 ejus
1453 399 1460 413 ‚
1475 379 1556 406 retro
1574 378 1754 414 respiciens,

969 436 1057 456 versa
1070 429 1113 456 est
1131 427 1162 455 in
1177 427 1305 455 statuam
1317 425 1387 454 salis
1399 435 1408 462 3
1423 425 1431 454 i
1436 433 1486 462 pse
1502 424 1592 454 etiam
1606 425 1690 461 Loth,
1703 425 1756 462 qui

968 475 1053 510 Juxta
1068 474 1226 503 consilium
1239 473 1344 509 Angeli
1358 473 1455 501 noluit
1469 473 1568 502 statim
1577 472 1609 501 in
1622 474 1757 501 montem

971 522 1131 550 ascendere
1151 542 1160 557 ,
1190 529 1260 550 cum
1294 520 1425 558 propriis
1458 520 1579 549 filiabus
1611 520 1755 557 peccavit.

972 570 1051 604 Gen„
1067 577 1129 598 xix.

1007 616 1113 646 Ruben
1124 616 1202 645 bene
1214 615 1364 644 consuluit
1376 615 1517 644 fratribus
1526 615 1598 651 suis,
1606 616 1638 644 ut
1646 617 1659 643 J
1662 615 1756 652 oseph

970 665 1146 693 redderetur
1159 663 1252 700 patri,
1270 663 1348 698 Gen„
1364 670 1478 691 xxxvu.
1493 663 1548 697 Qui
1563 671 1625 691 non
1637 663 1756 699 acquie-

969 713 1077 741 verunt
1091 711 1135 746 ei,
1150 713 1178 739 et
1194 711 1307 739 idcirco
1319 711 1402 739 venit
1416 718 1506 747 super
1521 719 1573 739 eos
1588 711 1754 746 tribulatio,

972 759 1052 794 Gen„
1072 767 1142 788 xm.

1006 807 1085 835 Filiis
1097 805 1185 835 Israel
1197 805 1373 834 volentibus
1385 805 1545 834 ascendere
1561 806 1627 833 ante
1640 806 1756 842 tempus

971 854 1011 883 ad
1025 855 1141 888 locum,
1157 854 1194 882 de
1210 862 1271 890 quo
1292 853 1411 882 locutus
1431 853 1527 881 fuerat
1546 853 1703 888 Dominus,
1716 853 1757 881 ait

971 903 1084 939 Moyses
1101 910 1107 929 :
1126 902 1217 929 «Non
1233 901 1314 929 enim
1327 903 1370 929 est
1389 902 1465 929 Deus
1481 900 1649 928 vobiscum.
1666 902 1755 928 Ama-

970 949 1070 978 lecites
1094 950 1122 977 et
1141 949 1326 977 Chananaeus
1352 950 1420 976 ante
1443 955 1498 976 vos
1521 949 1604 982 sunt,
1626 955 1756 984 quorum

971 997 1074 1032 gladio
1090 997 1247 1032 corruetis,
1261 1005 1296 1024 eo
1306 996 1390 1033 quod
1403 995 1558 1024 nolueritis
1567 995 1755 1033 acquiescere

972 1044 1097 1073 Domino
1110 1065 1120 1079 ,
1140 1054 1153 1070 1)
1173 1045 1227 1072 etc.
1249 1045 1345 1079 Num„
1362 1051 1428 1079 xlv,
1445 1044 1489 1071 43.

1007 1092 1074 1119 Post
1086 1091 1180 1119 scelus
1195 1092 1399 1128 perpetratum
1411 1090 1442 1118 in
1456 1097 1551 1118 uxore
1564 1089 1629 1118 Levi
1635 1091 1669 1118 tae
1684 1098 1755 1118 eon-

970 1140 1116 1167 venerunt
1129 1138 1184 1166 filii
1198 1139 1304 1174 Israel,
1319 1140 1346 1167 et
1360 1138 1505 1166 miserunt
1519 1137 1639 1165 nuntios
1655 1138 1694 1166 ad
1709 1138 1756 1166 tri-

970 1186 1045 1214 bum
1058 1186 1227 1222 Benjamin,
1239 1186 1291 1222 qui
1307 1186 1440 1214 dicerent
1457 1195 1464 1213 :
1480 1186 1559 1214 «Cur
1574 1186 1689 1213 tantum
1704 1193 1756 1213 ne-

970 1232 1015 1261 fas
1039 1233 1070 1260 in
1093 1233 1181 1261 vobis
1200 1235 1353 1270 repertum
1373 1235 1414 1261 est
1430 1234 1445 1260 ⁹!
1458 1232 1575 1261 Tradite
1595 1232 1754 1268 homines,

972 1281 1023 1316 qui
1042 1280 1100 1308 hoc
1122 1280 1269 1315 flagitium
1292 1282 1559 1316 perpetraverunt,
1580 1289 1595 1307 »
1619 1281 1674 1308 ete.
1700 1279 1756 1314 Qui

971 1327 1132 1355 noluerunt
1146 1327 1251 1356 audire
1264 1337 1270 1355 :
1285 1329 1407 1364 propter
1423 1327 1507 1364 quod
1524 1335 1628 1355 omnes
1640 1328 1756 1363 postea,

973 1375 1101 1411 exceptis
1115 1375 1220 1411 paucis
1231 1396 1239 1410 ,
1253 1375 1373 1403 fuerunt
1389 1374 1489 1403 occisi.
1510 1375 1613 1409 Judz'c„
1627 1382 1678 1402 xx.

1008 1422 1083 1450 Dixit
1103 1422 1202 1450 Abner
1226 1421 1339 1457 Asaeli,
1354 1423 1388 1449 ut
1413 1422 1565 1450 desisteret
1585 1422 1623 1450 ab
1645 1422 1758 1449 insecu-

972 1469 1051 1497 tione
1066 1469 1158 1506 ipsius
1171 1478 1177 1498 :
1191 1469 1243 1506 qui
1258 1469 1316 1497 hoc
1333 1469 1437 1498 audire
1449 1469 1626 1505 contempsit
1634 1479 1643 1504 ;
1658 1468 1758 1497 Abner

973 1518 1073 1544 autem
1088 1516 1187 1551 ipsum
1202 1516 1419 1546 adversahasta
1427 1515 1594 1546 transfodit.
1608 1517 1713 1550 llRe9.,
1725 1524 1755 1543 11.

1012 1563 1146 1591 Roboam
1163 1562 1242 1590 filius
1253 1561 1422 1591 Salomonis
1435 1563 1532 1591 noluit
1541 1563 1645 1591 audire
1661 1563 1758 1590 consi-

974 1610 1048 1638 lium
1063 1618 1167 1637 senum
1180 1619 1187 1645 3
1199 1609 1253 1637 sed
1265 1609 1390 1637 consilio
1403 1609 1550 1645 juvenum
1561 1608 1719 1646 acquievit,
1731 1611 1758 1637 et

974 1657 1042 1685 ideo
1057 1665 1201 1692 magnam
1213 1657 1319 1693 populi
1327 1659 1441 1692 partem
1450 1657 1562 1691 amisit,
1572 1657 1606 1686 111
1619 1657 1695 1691 ch„
1705 1664 1755 1684 111.

1010 1705 1126 1732 Bonum
1150 1705 1178 1732 et
1194 1704 1284 1732 fidele
1308 1704 1467 1731 consilium
1487 1703 1690 1732 deditAchior
1705 1704 1758 1731 Ho-

973 1752 1132 1787 lopherni,
1148 1751 1233 1788 quod
1256 1751 1306 1779 ille
1331 1759 1400 1778 cum
1423 1751 1564 1787 superbia
1577 1752 1606 1778 et
1620 1751 1758 1786 indigna-

974 1798 1054 1827 tione
1069 1799 1258 1834 contempsit,
1272 1798 1325 1834 qui
1344 1799 1413 1834 post
1426 1798 1585 1834 paululum
1599 1797 1654 1825 suit
1676 1797 1758 1825 occi-

974 1853 1023 1873 sus
1034 1867 1042 1881 ,
1058 1848 1086 1874 et
1102 1846 1247 1874 exercitus
1268 1853 1336 1873 cum
1352 1846 1465 1874 damno
1481 1848 1509 1873 et
1524 1845 1698 1874 confusione
1712 1843 1758 1872 fu-

974 1894 1070 1928 gatus.
1094 1893 1202 1928 Judz‘ch,
1218 1901 1247 1920 v.

1010 1940 1142 1968 Godoliae
1156 1961 1165 1975 ,
1198 1948 1289 1976 quem
1315 1949 1367 1968 rex
1397 1940 1558 1977 Babylonis
1586 1939 1757 1976 praefecerat

974 1989 1057 2014 terrae
1081 1987 1267 2022 Judaeorum,
1290 1987 1437 2015 nuntiavit
1460 1987 1588 2015 fideliter
1620 1987 1756 2014 Johanan

974 2034 1052 2061 filius
1063 2035 1163 2067 Caree,
1173 2034 1255 2069 quod
1267 2034 1370 2062 lsmael
1378 2034 1457 2062 filius
1468 2034 1618 2062 Nathaniae
1629 2033 1664 2070 (b)
1675 2033 1757 2061 volc-

974 2082 1026 2110 bat
1040 2090 1109 2109 eum
1124 2081 1280 2117 occiderc;
1297 2082 1349 2117 qui
1371 2081 1524 2118 respondit
1540 2082 1566 2109 ei
1584 2090 1591 2109 x
1611 2090 1625 2108 «
1639 2081 1757 2109 Falsum

974 2129 1106 2165 loqueris
1124 2129 1160 2156 de
1177 2129 1309 2157 lsmaele.
1324 2140 1336 2154 »
1350 2130 1381 2157 111
1395 2137 1496 2157 meuse
1512 2131 1612 2157 autem
1626 2128 1755 2164 septimo

974 2176 1054 2204 venit
1077 2176 1196 2210 lsmael,
1219 2178 1246 2204 et
1268 2176 1376 2203 occidit
1400 2176 1572 2211 Godoliam,
1593 2178 1756 2212 postquam

975 2223 1146 2251 comederat
1159 2231 1228 2251 cum
1243 2223 1306 2251 illo.
1326 2225 1436 2258 Jerem„
1450 2231 1507 2252 xLl.

1013 2270 1203 2298 «Consilium
1225 2279 1328 2298 mcum
1351 2271 1468 2307 placeat
1492 2270 1559 2305 tibi,
1585 2271 1613 2298 et
1634 2271 1757 2307 peccata

974 2319 1024 2346 tua
1048 2317 1246 2354 eleemosynis
1270 2318 1383 2346 redime
1395 2340 1403 2353 ‚
1424 2329 1438 2345 »
1467 2318 1507 2346 ait
1529 2317 1630 2346 Daniel
1658 2317 1758 2346 Nabu—

975 2364 1166 2393 chodonosor
1180 2365 1244 2401 regi
1259 2365 1421 2402 Babylonis
1433 2374 1440 2393 :
1454 2366 1506 2402 qui
1518 2373 1580 2393 non
1593 2365 1754 2401 acquievit,

974 2416 1002 2441 et
1015 2415 1144 2442 mutatus
1159 2417 1201 2442 est
1216 2415 1247 2442 in
1262 2414 1398 2442 bestiam.
1424 2416 1508 2448 Dan„
1524 2422 1564 2442 lv.

1010 2461 1117 2489 Videns
1139 2462 1169 2490 in
1191 2462 1303 2490 Galaad
1322 2463 1413 2491 Judas
1428 2463 1612 2491 Machabaeus
1627 2460 1756 2496 relinqui

973 2509 1081 2545 Joseph
1100 2511 1126 2537 et
1140 2510 1275 2538 Azariam
1297 2510 1389 2538 duces
1406 2511 1529 2546 populi,
1545 2509 1684 2546 praecepit
1698 2508 1756 2535 illis

974 2556 1099 2584 dicens:
1119 2556 1240 2584 «Nolite
1264 2556 1379 2584 bellum
1404 2558 1586 2585 committere
1612 2555 1756 2584 adversus

973 2605 1094 2639 gentes,
1118 2603 1215 2631 donec
1240 2606 1434 2632 revertamur.
1451 2615 1464 2630 n
1484 2604 1526 2632 lili
1552 2611 1622 2631 vero
1647 2602 1754 2630 volue-

972 2653 1041 2680 runt
1055 2651 1111 2679 sibi
1127 2650 1223 2679 facere
1238 2659 1350 2680 nomen
1359 2672 1368 2687 ‚
1386 2654 1415 2680 et
1434 2651 1628 2688 perdiderunt
1643 2651 1671 2678 et
1685 2657 1733 2678 res
1744 2670 1753 2684 ,

974 2701 1001 2728 et
1014 2706 1136 2727 nomen.
1159 2699 1284 2733 ΙΜαοΙι.,
1299 2706 1328 2726 v.
