2004 3037
174 228 234 258 312

172 296 244 323 nota
256 293 313 322 tria
325 293 357 322 in
370 293 451 322 scala
469 285 658 331 humilitatis,
673 292 784 322 scilicet
800 293 886 322 soalae
901 302 951 322 ex-

172 343 316 375 tremum,
339 339 435 368 imum
457 341 485 368 et
510 332 704 377 supremsnn3
726 340 812 369 scalae
835 340 950 375 latera,

173 387 310 416 dextrum
333 387 362 415 et
385 386 536 415 sinistrum
555 396 563 422 ;
590 386 676 415 scalae
700 387 794 423 spatia
809 407 819 422 ‚
841 387 952 416 scilicet

172 434 319 471 triplicem
333 433 472 470 gradum.
483 434 576 462 Habet
588 434 669 462 enim
684 433 765 462 scala
777 433 951 463 humilitatis

173 482 234 510 duo
249 482 396 514 extrema,
417 481 527 517 imum,
543 483 572 510 et
585 489 770 519 supremum.
789 483 884 511 imum
903 482 951 511 vel

171 536 226 566 pes
237 528 327 564 hujus
339 527 439 562 scalae,
453 530 497 556 est
509 528 598 557 timor
612 528 750 566 supplicii
755 539 764 565 ;
777 537 951 566 supremum

171 583 244 604 vero
259 577 302 604 est
315 583 400 604 amor
415 575 539 612 praemii.
553 575 635 604 Unde
650 576 804 604 psalmista
817 576 858 605 ait
871 576 879 592 ¹
896 587 904 604 ε
920 577 952 606 Si

172 622 314 652 ascendero
331 624 362 650 in
381 623 490 655 coelum,
513 625 542 650 tu
561 623 622 650 illic
642 631 684 656 es,·
705 625 730 651 si
743 623 901 652 descendero
916 624 953 652 ad

171 671 327 705 infernum,
343 671 398 698 etc.
413 670 485 698 Item
498 669 590 698 habet
603 669 682 698 scala
697 670 758 698 duo
773 670 880 706 latera,
897 671 951 699 sci-

170 718 239 747 licet
251 718 389 747 dextrum
403 721 431 747 et
440 717 591 746 sinistrum
607 727 614 746 :
631 718 769 746 dextrum
784 720 827 746 est
841 720 951 755 tempe-

171 765 268 794 rantia
289 765 321 793 in
343 765 513 802 prosperis;
529 765 681 793 sinistrum
698 764 840 801 patientia
854 765 884 793 in
900 765 952 794 ad-

171 812 273 841 versis.
296 812 378 840 Unde
401 812 598 848 Apostolus²z
613 813 663 840 Per
686 820 763 842 arma
785 813 919 847 iustitiae,
935 821 952 840 a

172 860 278 888 deaetrt's
298 861 324 886 et
338 860 502 887 asinistris.
528 860 599 887 ltem
622 866 659 887 ex
682 859 762 887 scala
785 859 875 886 habet
895 859 951 887 tria

172 906 282 943 spatia,
300 906 349 935 vel
363 907 421 934 tres
441 905 567 942 gradus,
582 906 658 934 inter
677 913 755 942 quos
772 905 887 942 primus
910 908 953 935 est

173 955 360 990 contemptus
382 953 506 988 mundi,
527 952 675 981 secundus
695 955 737 980 est
756 948 877 980 humilis
897 952 952 981 ab·

169 1001 259 1036 jectio
275 1000 338 1035 sui,
352 1000 454 1028 tertius
468 1001 510 1027 est
522 999 642 1027 humilis
657 1007 742 1027 amor
756 999 815 1027 Dei.
832 1000 896 1028 llaec
909 1001 953 1028 est

172 1047 252 1076 scala
273 1047 379 1082 Jacob,
400 1046 438 1075 de
460 1054 520 1083 qua
541 1046 649 1074 dicitur
671 1047 702 1074 in
724 1047 818 1075 Genesi
836 1047 856 1075 ³.
879 1048 951 1076 ltem

173 1097 217 1122 est
229 1094 380 1122 humilitas
395 1093 494 1122 brevis
513 1093 634 1129 schola3
652 1096 694 1121 est
714 1094 793 1122 enim
809 1101 951 1131 compen-

175 1141 259 1170 dium
270 1141 360 1169 totius
376 1141 495 1176 justitia:
518 1149 525 1168 :
545 1140 626 1168 unde
650 1141 714 1177 ipsa
735 1140 842 1169 dicitur
865 1143 952 1169 omnis

170 1189 284 1224 justitia
301 1188 331 1215 iu
351 1188 518 1215 Matthoeo⁸=
534 1188 579 1215 Sic
599 1189 669 1215 enim
691 1188 763 1216 decet
780 1196 827 1216 uos
842 1189 953 1223 implere

175 1243 276 1263 omnem
294 1235 453 1270 justitiam
481 1234 580 1269 glossa
605 1243 612 1261 ε
634 1244 648 1259 a
668 1234 699 1262 ld
725 1236 782 1269 est,
805 1234 954 1263 humilita-

174 1284 244 1310 tem.
259 1292 272 1309 η
298 1281 368 1310 ldeo
386 1281 540 1316 Salvator,
556 1283 585 1309 et
605 1281 739 1317 Magister
755 1282 885 1317 optimus
896 1303 904 1317 ,
923 1283 954 1310 in

174 1337 228 1358 sua
242 1328 345 1357 schola
362 1328 564 1364 prolixitatem
583 1327 672 1356 totius
686 1328 760 1364 legis
774 1328 894 1356 reduxit
915 1329 954 1358 ad

174 1375 337 1413 quamdam
352 1383 515 1410 summam,
531 1375 562 1402 id
579 1377 638 1409 est,
653 1375 692 1403 ad
706 1375 881 1404 methodum
902 1376 955 1405 hu-

175 1423 320 1458 militatis,
336 1422 438 1450 dicens
453 1423 463 1439 ὅ
477 1431 484 1449 :
502 1423 605 1450 Discite
622 1431 639 1449 a
653 1430 707 1453 me,
725 1424 789 1457 quia
805 1425 881 1450 mitis
896 1432 954 1451 sum

175 1473 201 1498 ec
226 1471 338 1498 humilis
361 1469 448 1496 corde.
474 1469 628 1497 Humilitas
643 1471 741 1497 autem
754 1469 795 1497 sic
811 1468 954 1498 describi-

175 1519 222 1544 tur
239 1526 246 1544 :
263 1516 416 1544 Humilitas
429 1518 471 1544 est
486 1537 494 1550 ‚
520 1524 556 1543 ex
580 1516 686 1544 intuitu
707 1516 835 1552 proprioe
854 1517 955 1544 condi-

176 1564 284 1598 tionis,
308 1563 355 1591 vel
379 1563 548 1599 cognitione
572 1563 628 1599 (a),
653 1563 822 1591 voluntaria
847 1564 953 1592 mentis

175 1610 337 1639 inclinatio.
366 1612 412 1638 Est
438 1611 560 1646 insuper
583 1610 733 1638 humilitas
757 1610 831 1638 sieut
857 1611 955 1639 brevis

175 1658 244 1691 via‚·
262 1658 332 1694 quia
358 1666 426 1685 cum
452 1658 602 1685 humilitas
626 1660 705 1694 petat
731 1660 881 1692 centrum,
902 1666 955 1694 per

176 1713 361 1741 consequens
375 1707 453 1732 vetat
468 1704 611 1732 circulum
627 1707 654 1732 et
670 1705 829 1740 specialem
850 1705 954 1732 circui-

177 1755 237 1780 tum
249 1773 255 1784 ,
274 1754 301 1779 et
316 1751 385 1779 facit
400 1752 595 1786 diametrum,
611 1754 638 1779 ct
659 1752 869 1779 diametraliter
890 1760 955 1787 per-

177 1798 278 1826 transit
298 1798 443 1834 spatium,
459 1800 486 1825 et
502 1798 539 1825 ita
555 1798 713 1825 rectissime
737 1798 814 1825 venit
837 1798 875 1825 ad
898 1800 954 1825 ter-

177 1845 302 1874 minum.
320 1844 388 1872 ldeo
404 1845 474 1872 dicit
489 1845 576 1872 isaias
588 1845 597 1861 ⁸
615 1854 620 1872 :
638 1845 700 1872 llaec
721 1847 759 1872 est
778 1847 840 1879 riu,
859 1845 954 1872 auibu-

178 1893 232 1920 late
247 1894 275 1919 in
291 1900 331 1919 ea.

212 1939 282 1967 Item
312 1938 461 1966 humilitas
490 1946 519 1965 se
549 1939 677 1966 attenuat
696 1959 704 1972 ,
736 1941 765 1966 ut
794 1940 909 1966 ametur
937 1947 954 1966 a

177 1993 305 2022 sponso;
322 1993 352 2013 se
367 1984 526 2019 adnihilat,
543 1987 575 2012 ut
587 1988 700 2012 creetur
716 1985 751 2012 de
768 1994 865 2021 novo3
883 1987 910 2013 et
924 1994 954 2013 se

178 2035 315 2067 evacuat,
333 2034 364 2060 ut
386 2032 544 2068 impleatur
559 2040 576 2059 a
591 2033 658 2059 Deo.
683 2032 834 2059 Humilitas
856 2033 953 2068 itaque

177 2088 207 2107 se
230 2081 372 2113 attenuat,
390 2081 417 2106 et
436 2078 476 2105 sic
499 2078 566 2106 facit
590 2079 717 2114 seipsam
739 2079 899 2114 gracilem,
916 2080 953 2107 ad

179 2126 345 2154 ‹lomicellze
359 2126 494 2153 modum.
511 2126 591 2153 L'nde
608 2126 758 2153 humilitas
778 2129 819 2153 est
841 2127 955 2161 gracili-

178 2175 220 2201 tas
237 2181 365 2209 sponsa‘,
384 2181 449 2208 qum
464 2180 607 2209 sponsum
623 2172 721 2199 inritat
737 2172 775 2200 ad
791 2173 854 2208 ojus
875 2182 954 2201 amo-

177 2228 250 2247 rem.
274 2222 304 2247 tit
323 2228 412 2247 eausa
431 2220 518 2254 liujus
537 2222 579 2246 est
596 2229 601 2246 ε
619 2219 689 2255 quia
704 2219 851 2253 gracilitas
866 2220 954 2255 signi-

177 2267 246 2294 ficat
272 2267 319 2294 vel
349 2268 499 2294 attestatur
527 2266 778 2301 incorruptionem
800 2288 806 2300 ,
837 2267 910 2294 sieut
939 2275 953 2294 e

178 2313 326 2341 contrario
342 2316 440 2340 tumor
455 2313 598 2347 significat
621 2314 789 2348 corruptam
812 2322 873 2339 esse
889 2322 953 2341 mu-

177 2360 280 2389 lierem
304 2363 331 2387 et
356 2361 566 2395 praegnantem.
585 2359 665 2385 lssutle
685 2362 753 2386 uota
767 2380 775 2392 ,
793 2360 873 2395 quod
891 2361 954 2396 qui*

178 2408 248 2435 dam
263 2408 375 2434 tument
390 2408 417 2433 et
433 2406 571 2433 inflantur
582 2406 618 2433 de
635 2414 741 2440 genere
752 2409 776 2433 et
790 2407 954 2441 nobilitate,

178 2457 205 2482 et
228 2453 299 2481 tales
324 2453 556 2489 improegnantur
577 2461 593 2479 a
608 2453 730 2488 proprio
755 2455 836 2488 patre
850 2475 857 2488 ,
880 2454 952 2481 sicut

177 2501 245 2527 filiae
261 2500 351 2534 Loth,
373 2502 405 2526 ut
419 2499 544 2527 habetur
564 2499 593 2526 in
617 2501 709 2526 Genesi
725 2499 744 2526 ⁷.
766 2500 891 2533 Quidam
912 2501 953 2527 iu-

177 2548 285 2575 ssantur
307 2547 343 2574 de
368 2546 556 2574 subditorum
581 2545 786 2581 multitudine,
805 2549 831 2573 et
855 2549 951 2582 potes-

210 2623 213 2635 ¹
233 2621 299 2645 Psal.
320 2627 450 2651 cxxxvm,
467 2622 490 2644 8.
511 2634 542 2637 —
559 2621 567 2634 ²
589 2621 606 2644 ll
624 2621 691 2650 Com,
708 2627 748 2651 vi,
764 2622 785 2645 7.
802 2634 832 2639 -
851 2620 860 2636 ³
881 2622 950 2650 Gen„

178 2664 272 2688 xxvui,
291 2659 327 2687 22,
348 2658 383 2680 13.
399 2670 429 2675 —
444 2658 452 2670 ⁴
467 2656 626 2686 11111tc11.,1u,
646 2659 680 2680 15.
700 2670 730 2674 —-
745 2664 751 2671 -’
770 2657 841 2686 thiu„
858 2663 893 2686 M,
912 2659 949 2681 22⁸.

176 2706 205 2710 -
220 2694 301 2722 ⁶150„
319 2698 380 2722 xxx,
395 2694 434 2717 21.
449 2706 479 2711 —
496 2694 501 2707 ⁷
519 2694 589 2723 Gen„
606 2698 660 2723 mx,
676 2695 714 2723 33,
731 2694 810 2717 3:21—-
824 2692 834 2708 ⁸
846 2692 864 2716 ll
883 2693 950 2723 Κεφ,

716 224 862 258 DIAETAE
875 225 1050 275 ,SALu‘ris
1071 214 1149 258 rlr.
1171 225 1238 258 vu.

1003 294 1079 330 tate,
1103 295 1132 323 et
1152 293 1226 322 tales
1252 294 1486 332 impraegnantur
1510 305 1529 327 a
1554 292 1781 339 toto‘pbpul‘o:

1003 340 1080 369 sicut
1093 340 1204 376 David,
1219 341 1271 378 qui
1283 341 1352 370 fecit
1366 351 1554 374 murmurare
1568 339 1736 383 popularia,
1747 349 1783 378 ut

1005 387 1112 416 dieitur
1125 387 1157 416 in
1178 388 1311 417 seeundo
1328 391 1429 425 Requm
1442 391 1463 419 ⁸.
1486 391 1615 426 Quidam
1633 388 1724 423 etiam
1737 390 1790 424 tu·-

1005 436 1086 462 ment
1103 436 1132 463 et
1143 434 1284 464 inflantur
1300 435 1337 464 de
1352 437 1574 475 incorruptione
1594 441 1743 477 corporis,
1755 443 1796 471 et·

1004 489 1058 518 per
1073 490 1270 520 consequens,
1284 484 1368 520 quod
1383 485 1569 522 detestabile,
1583 486 1784 524 impraegnari*

1005 529 1053 556 tur
1070 536 1089 557 a
1101 529 1283 565 virginitate,
1300 531 1374 559 sicut
1391 531 1479 560 tatuae
1498 533 1646 569 virgines,
1661 534 1700 563 de
1718 535 1785 572 qni-

1004 575 1062 604 bus
1077 575 1183 604 dieitur
1196 576 1228 604 in
1242 578 1373 606 Mattlnoeo
1388 579 1410 607 ⁹.
1427 581 1498 607 ltem
1516 579 1668 609 humilitas
1682 589 1713 610 se
1731 581 1786 611 ad-

1004 622 1123 658 nihilat,
1139 625 1171 651 ut
1183 623 1221 651 de
1235 631 1314 652 novo
1329 627 1461 654 creetur:
1478 626 1543 663 ipsa
1558 627 1638 656 enim
1653 629 1697 656 est
1710 627 1786 658 illud

1004 669 1147 703 nihilum,
1166 678 1256 708 super
1276 672 1360 708 quod
1375 673 1450 700 Deus
1467 672 1600 702 fundavit
1614 676 1739 711 terram,
1754 678 1787 704 ut

1006 715 1077 744 dicit
1092 716 1148 745 Job
1165 716 1202 744 ¹⁰:
1223 718 1277 750 Qua·
1290 719 1423 754 appendit
1438 722 1539 748 terram
1558 729 1639 757 super
1652 723 1785 758 nihilum,

1005 763 1038 791 id
1052 765 1104 796 est,
1119 763 1251 792 animam
1261 772 1351 801 super
1359 765 1534 795 humilitatis
1545 767 1784 798 fundamentum.

1005 809 1158 838 numilitas
1177 810 1298 847 insuper
1319 819 1350 839 se
1373 815 1498 842 evacuat
1515 815 1548 842 ut
1564 815 1734 852 impleatur,
1755 816 1787 845 id

1005 857 1062 891 est,
1083 864 1210 884 vacuam
1232 859 1261 885 et
1280 857 1402 886 inanem
1419 867 1450 887 se
1475 862 1601 896 reputat.
1617 856 1699 890 Unde
1713 861 1788 898 figu-

1004 904 1086 930 ratur
1104 911 1158 940 per
1171 903 1263 932 altare
1280 905 1479 942 tabernaculi,
1501 907 1538 935 de
1554 915 1614 944 quo
1633 908 1740 937 dicitur
1757 909 1789 938 in

1005 950 1098 978 Exodo
1111 951 1144 985 ¹¹,
1160 951 1243 987 quod
1257 954 1320 980 erat
1332 951 1373 980 ita
1385 961 1562 990 concavum,
1577 957 1610 983 ut
1627 958 1728 992 posset
1742 964 1788 985 re-

1007 996 1104 1033 cipere
1119 997 1234 1033 ignem,
1254 998 1351 1034 ligna,
1369 1002 1397 1028 et
1410 1000 1554 1029 victimas.
1570 1002 1615 1030 Sic
1634 1002 1786 1032 humilitas

1007 1045 1049 1071 est
1063 1052 1172 1080 vacua,
1188 1047 1218 1073 ut
1233 1046 1329 1082 capiat
1343 1046 1397 1075 ista
1411 1047 1481 1083 tria,
1497 1048 1607 1077 scilicet
1625 1050 1726 1085 ignem
1740 1050 1786 1078 di-

1007 1091 1156 1126 lectionis,
1175 1092 1257 1128 ligna
1275 1094 1504 1130 compassionis,
1521 1097 1550 1124 et
1568 1096 1720 1126 victimam
1734 1097 1787 1126 de-

1008 1138 1146 1167 votionis.

1044 1185 1115 1213 Item
1130 1187 1200 1214 nota
1213 1187 1298 1222 quod
1312 1187 1462 1216 humilitas
1476 1191 1519 1217 est
1533 1189 1682 1227 quidquid
1695 1190 1726 1219 in
1738 1199 1787 1220 va-

1007 1233 1070 1260 lore
1086 1235 1128 1260 est
1141 1233 1311 1269 pretiosius,
1327 1235 1477 1272 quidquid
1499 1236 1529 1264 in
1545 1236 1638 1265 odore
1654 1239 1697 1266 est
1711 1237 1786 1266 deli-

1009 1280 1131 1314 ciosius,
1149 1282 1177 1307 et
1197 1281 1346 1317 quidquid
1371 1281 1401 1309 in
1423 1282 1530 1311 decore
1555 1285 1597 1311 est
1619 1284 1786 1320 gratiosius.

1009 1326 1106 1355 Primo
1122 1327 1210 1363 igitur
1225 1328 1307 1364 dico,
1324 1329 1407 1365 quod
1423 1330 1574 1358 humilitas
1589 1331 1619 1358 in
1632 1331 1732 1360 valore
1748 1333 1791 1361 est

1009 1382 1123 1402 summe
1151 1375 1294 1410 pretiosa;
1319 1378 1347 1404 et
1373 1367 1495 1413 propter
1519 1378 1577 1406 hoc
1601 1381 1791 1414 comparatur

1009 1429 1083 1449 auro
1100 1423 1127 1448 et
1141 1421 1288 1457 balsamo,
1305 1431 1371 1459 quae
1385 1426 1453 1452 sunt
1467 1423 1528 1452 duo
1543 1424 1632 1452 valde
1646 1425 1789 1460 pretiosa:

1010 1467 1193 1503 balsamum,
1211 1477 1301 1505 super
1319 1478 1423 1498 omnes
1438 1470 1584 1507 liquores;
1605 1480 1727 1507 aurum,
1743 1481 1791 1501 su-

1011 1523 1064 1551 per
1079 1516 1180 1543 omnia
1193 1517 1322 1545 metalla.
1341 1520 1373 1546 Et
1387 1518 1461 1546 sieut
1478 1519 1532 1548 ista
1548 1519 1608 1548 duo
1623 1523 1690 1548 sunt
1704 1520 1790 1549 valde

1011 1570 1093 1597 rara,
1108 1565 1136 1591 et
1150 1563 1218 1591 ideo
1241 1565 1369 1600 pretiosa
1375 1575 1383 1600 ς
1400 1566 1441 1594 sic
1463 1567 1613 1595 rarissima
1634 1569 1676 1596 est
1695 1567 1791 1596 humi-

1011 1609 1076 1637 litas
1090 1618 1170 1644 vera,
1187 1610 1255 1639 ideo
1270 1619 1386 1640 summe
1401 1621 1480 1641 cara.
1493 1615 1523 1642 Et
1538 1614 1612 1642 sicut
1627 1622 1734 1642 aurum
1749 1616 1792 1643 est

1011 1656 1099 1684 valde
1113 1657 1327 1693 ponderosum,
1339 1662 1367 1687 et
1378 1660 1549 1688 naturaliter
1559 1661 1631 1697 petit
1646 1664 1789 1697 centrum,

1012 1706 1038 1731 et
1062 1703 1230 1732 balsamum
1255 1714 1371 1741 semper
1394 1707 1465 1742 petit
1488 1707 1632 1742 fundum;
1656 1707 1696 1735 sic
1721 1716 1791 1736 vera

1010 1750 1177 1784 humilitas,
1194 1751 1285 1779 instar
1306 1753 1370 1780 auri
1392 1756 1419 1780 et
1439 1753 1580 1787 balsami,
1603 1762 1718 1791 semper
1740 1763 1791 1791 ap-

1010 1797 1081 1832 petit
1097 1797 1265 1825 inferiorem
1286 1798 1396 1826 locum.
1410 1801 1442 1827 Et
1463 1803 1620 1836 propterea
1634 1801 1671 1829 de
1687 1801 1790 1830 valore

1010 1843 1182 1872 humilitatis
1202 1844 1308 1873 dicitur
1323 1846 1352 1873 in
1376 1846 1454 1874 libro
1479 1848 1627 1882 Sapientiae
1642 1849 1660 1865 ¹¹
1677 1858 1685 1876 .-
1710 1849 1791 1878 Omne

1011 1898 1120 1922 aarum,
1142 1893 1170 1918 in
1190 1894 1390 1926 comparatione
1406 1894 1482 1921 illius
1492 1915 1500 1929 ‚
1517 1902 1600 1922 arena
1623 1898 1662 1923 est
1682 1898 1788 1930 exigua.

1011 1937 1057 1965 Est
1072 1937 1161 1965 etiam
1176 1937 1327 1966 humilitas
1339 1939 1368 1966 in
1380 1939 1474 1968 odore
1490 1940 1615 1969 multum
1632 1942 1789 1978 deliciosa;

1012 1987 1039 2012 et
1055 1986 1176 2020 propter
1193 1985 1249 2013 hoc
1272 1988 1462 2022 comparatur
1482 1987 1512 2014 in
1532 1988 1678 2024 Scriptura
1697 1989 1792 2017 tribus

1012 2039 1077 2067 quffl
1093 2034 1160 2058 sunt
1174 2032 1261 2060 valde
1276 2032 1434 2067 odorifera,
1451 2034 1581 2062 scilicet:
1598 2035 1692 2070 thuri,
1708 2036 1792 2072 quod

1012 2080 1053 2106 est
1077 2086 1204 2113 granum
1230 2079 1398 2114 modicum,
1422 2083 1449 2108 ct
1477 2083 1575 2109 tamen
1598 2082 1792 2117 fragrantissi-

1011 2133 1110 2154 mum:
1127 2125 1194 2153 ideo
1210 2125 1316 2153 dieitur
1328 2127 1357 2153 in
1372 2128 1558 2155 Ecclesiastico
1574 2129 1613 2154 ¹³:
1635 2129 1720 2162 Quasi
1733 2129 1791 2156 thus

1011 2172 1131 2200 redolens
1159 2165 1198 2199 in*
1214 2173 1307 2200 dietus
1336 2176 1449 2201 testatis.
1482 2176 1675 2210 comparatur
1703 2175 1791 2204 etiam

1012 2218 1118 2252 nardo,
1131 2227 1196 2254 qum
1211 2222 1252 2246 est
1262 2219 1352 2247 arbor
1368 2228 1472 2255 parva,
1485 2222 1512 2248 et
1527 2220 1614 2249 valde
1629 2222 1788 2250 odorifera.

1012 2265 1092 2292 Unde
1117 2265 1223 2292 dis-itur
1245 2266 1274 2293 in
1301 2266 1420 2293 Cunlz'cz's
1437 2266 1475 2294 ¹³:
1501 2268 1610 2296 Nardus
1634 2277 1690 2296 mea
1715 2269 1790 2296 dedit

1011 2312 1115 2339 odorem
1137 2320 1222 2339 suum.
1245 2314 1438 2349 Comparatur
1459 2314 1548 2342 etiam
1573 2323 1788 2350 cynnamomo,

1012 2359 1093 2394 quod
1121 2361 1163 2386 est
1190 2359 1296 2386 cinerei
1321 2359 1444 2394 eoloris,
1471 2363 1512 2395 et,
1542 2369 1610 2388 cum
1634 2361 1787 2396 frangitur,

1011 2405 1102 2441 spirat
1121 2405 1282 2441 quemdam
1305 2406 1450 2434 visibilem
1471 2410 1499 2435 et
1522 2407 1787 2443 fragrantissimum

1012 2452 1151 2486 odorem,
1171 2452 1200 2478 id
1217 2454 1272 2486 est,
1298 2461 1441 2488 vaporem
1461 2454 1499 2481 ad
1520 2454 1644 2481 modum
1660 2454 1785 2482 cineris:

1011 2499 1051 2526 sic
1075 2507 1161 2526 verus
1184 2499 1321 2534 humilis,
1345 2500 1414 2535 quia
1442 2500 1570 2528 cinerem
1599 2508 1629 2528 se
1654 2503 1786 2536 reputat,

1011 2579 1080 2600 xxiv.
1103 2574 1138 2597 iij.
1154 2585 1184 2589 —
1202 2575 1209 2583 ‘¹
1225 2573 1324 2600 Manh..
1344 2580 1405 2604 xxv,
1426 2576 1448 2598 3,
1464 2587 1494 2592 -
1516 2574 1534 2589 ¹⁰
1551 2574 1610 2604 Job‚
1626 2580 1702 2605 xxm,
1717 2576 1740 2599 7.
1756 2588 1782 2593 -

1012 2611 1027 2623 ¹¹
1044 2608 1132 2637 lis-om,
1149 2614 1258 2637 xxxviii,
1276 2611 1297 2634 Ἰ.
1312 2623 1342 2627 -
1358 2610 1456 2641 ¹²Sup„
1475 2616 1520 2640 in,
1538 2611 1561 2634 9.
1574 2623 1604 2628 -
1622 2611 1640 2627 ¹³
1653 2611 1742 2641 Ecca„
1760 2617 1783 2642 L,

1009 2648 1031 2668 τ’,
1049 2659 1078 2663 --
1095 2645 1114 2660 ¹⁸
1127 2644 1209 2674 Cant„
1222 2651 1239 2674 1,
1259 2647 1293 2668 li.

1043 2693 1074 2720 (κιρ
1090 2691 1152 2714 Caet.
1176 2690 1235 2714 tutte.
1252 2691 1408 2715 conditione.
