2004 3037
41 2273 133 2295 Animus

41 2307 113 2326 castus

25 2337 133 2363 triplicem

49 2367 115 2388 debet

39 2399 120 2419 habere

31 2431 129 2451 dilectio-

589 138 638 170 DE
661 138 850 172 CONSILIIS
873 141 1147 178 EVANGELICIS.
1171 147 1256 179 CAP.
1282 148 1331 180 IV.

156 201 259 230 vinum
272 203 453 239 perpetravit
472 204 627 235 incestum.
643 206 813 236 Secundum
826 208 933 239 folium

156 250 198 277 est
218 248 337 278 habitus
363 251 525 288 asperitas3
549 252 628 282 unde
651 253 722 282 dicit
740 255 906 284 Bernardus
923 265 930 286 :

157 305 171 321 (ι
183 297 344 334 Memento,
361 298 445 336 quod
461 300 594 336 asperior
608 300 699 329 cardo
715 309 851 338 pannum
864 303 933 333 facit

155 341 298 372 leniorem
319 365 328 379 ‚
356 345 430 373 sicut
461 354 548 383 asper
574 346 693 375 habitus
716 347 785 376 fucit
812 357 933 378 carnem

154 389 319 419 castiorem.
335 401 349 419 »
367 393 399 420 Et
413 400 465 429 per
480 393 660 422 contrarium
681 393 736 422 filii
762 396 849 424 lsrael
870 396 942 429 for-,

153 435 242 464 nicati
260 439 328 466 sunt
341 447 409 466 cum
426 438 601 468 mulieribus
615 440 712 476 Moab,
734 442 805 478 quia
822 446 932 473 ornatoe

154 485 237 511 erant
255 484 386 513 vestibus
410 484 543 514 delicatis
553 507 561 521 ‚
578 488 610 515 ut
625 487 732 517 dicitur
747 489 778 517 in
793 491 930 520 Numerz's.

153 529 280 559 Tertium
304 531 411 560 folium
431 533 475 560 est
500 532 613 561 laboris
636 535 791 565 strenuitas
798 546 806 572 3
828 539 856 565 et
879 546 932 574 per

153 577 332 606 contrarium
363 577 484 614 ignavia
514 581 542 608 et
565 580 658 609 otium
684 584 752 610 sunt
781 592 932 613 summum

152 622 277 652 luxuriae
295 625 527 662 nutrimentum,
544 627 631 664 quia,
651 630 684 657 ut
698 629 806 659 dicitur
820 631 851 659 in
865 633 932 660 Eze-

153 671 235 699 chiele
249 670 257 687 ¹
274 679 281 698 :
297 672 360 699 Haec
373 673 430 706 fuit
449 673 571 702 Sodomae
589 676 725 711 iniquitas
740 680 840 706 sororis
862 682 930 715 tuae,

152 718 279 753 superbia
289 739 299 753 ,
323 721 456 748 saturitas
467 741 476 755 ‚
491 721 660 750 abundantia
674 726 756 758 panis
767 746 777 759 ‚
792 727 817 753 et
835 728 930 754 otium.

151 763 245 792 David
265 764 296 793 in
315 765 407 794 domo
433 767 545 802 otians,
567 770 717 798 commisit
733 771 929 807 adulterium,

150 812 182 838 ut
195 811 322 840 hahetur
336 813 368 840 in
382 814 513 842 secundo
529 816 639 850 Requm.
660 818 802 851 Quartum
823 819 929 848 solium

151 859 194 885 est
212 859 348 887 custodia
361 868 513 896 sensuum,
529 864 556 890 et
569 863 699 892 maxime
716 866 818 901 quoad
833 867 931 895 visum

152 905 179 931 et
203 905 337 934 auditum
349 916 357 942 3
383 907 454 943 quia
485 909 637 938 curiositas
666 911 798 947 videndi,
821 914 847 941 et
875 922 931 942 au-

151 949 253 979 diendi
269 973 279 987 ,
304 953 355 981 via
383 956 426 982 est
455 955 494 983 ad
517 959 682 992 peccatum.
715 960 803 995 Cujus
829 969 930 990 exem-

150 997 235 1033 plum
255 1001 336 1035 patet
349 1001 381 1028 in
396 1001 468 1030 Dina
481 1002 544 1031 filia
557 1006 666 1039 Jacob,
691 1015 757 1043 quae
772 1008 811 1036 ad
825 1008 930 1037 viden-

150 1044 224 1073 dum
237 1046 377 1075 mulieres
393 1049 523 1084 reglonis
535 1050 614 1079 illius
629 1060 761 1089 egressa,
782 1063 800 1082 a
814 1055 930 1085 Sichem

148 1090 212 1120 filio
234 1093 323 1122 Emor
340 1093 395 1122 fuit
413 1099 568 1133 corrupta,
590 1100 622 1126 ut
642 1099 749 1128 dicitur
771 1102 803 1129 in
825 1103 927 1132 Genesi.

149 1138 289 1172 Quintum
316 1139 421 1169 folium
447 1145 489 1171 est
513 1145 661 1174 modestia
687 1148 850 1177 verborum
863 1171 872 1184 ,
902 1152 930 1178 et

148 1185 278 1214 maxime
296 1186 523 1218 immundorum
531 1201 539 1227 ς
557 1193 627 1228 quia
641 1194 772 1223 maxime
787 1197 930 1226 excitatur

148 1230 266 1261 luxuria
279 1242 333 1270 per
347 1236 440 1264 verba
458 1237 601 1267 dissoluta
616 1243 644 1268 et
666 1241 832 1272 inhonesta.
855 1246 928 1274 Nam

149 1277 219 1308 dicit
233 1282 389 1317 Apostolus
403 1282 414 1298 ²
430 1293 436 1311 :
453 1286 547 1314 Nolite
561 1288 653 1316 seduci
667 1291 794 1319 inanibus
809 1293 897 1320 verbis
918 1301 928 1320 :

149 1331 325 1363 corrumpunt
335 1331 406 1358 enim
417 1331 496 1360 bonos
505 1341 591 1362 mores
600 1336 734 1371 colloquia
741 1346 837 1372 prava.
854 1339 926 1375 «Sit,

148 1371 245 1409 inquit
269 1375 464 1413 Hieronymus
487 1380 508 1414 ὓ,
534 1389 631 1410 sermo
650 1383 772 1419 virginis
793 1386 926 1422 pudenS,

148 1419 320 1456 modestus,
339 1425 367 1451 et
390 1425 492 1453 tardus
517 1427 566 1455 vel
587 1436 685 1464 rarus,
711 1439 765 1458 nee
786 1433 847 1460 tam
869 1433 930 1461 elo-

149 1467 270 1502 quentia
284 1469 440 1505 pretiosus,
453 1480 544 1508 quam
558 1475 708 1510 pudore.»
724 1478 806 1506 Idem
819 1480 829 1495 ⁶
844 1489 850 1507 ε
863 1490 877 1506 α
888 1481 929 1508 Sit

148 1513 214 1541 vitae
235 1522 320 1543 novae
341 1518 489 1554 gravitas,
511 1520 651 1550 honestas
673 1524 874 1562 admirabilis,
901 1529 929 1555 et

148 1562 295 1597 stupenda
307 1565 502 1600 verecundia,
518 1568 594 1596 mira
609 1570 759 1605 patientia,
776 1572 928 1608 virginalis

149 1607 289 1644 incessus,
304 1613 331 1639 et
342 1620 418 1640 verae
433 1614 583 1649 pudicitiae
596 1617 726 1654 habitus,
742 1628 839 1649 sermo
854 1630 928 1650 sem-

148 1662 202 1690 per
214 1656 374 1693 modestus,
392 1661 420 1687 et
432 1668 486 1688 suo
501 1661 531 1689 in
546 1664 679 1700 tempore
693 1667 898 1701 proferendus.
911 1680 924 1696 n

149 1702 212 1730 Haec
226 1703 285 1731 ille.
310 1706 430 1734 Sextum
450 1707 556 1736 solium
571 1712 613 1738 est
632 1710 702 1747 fuga
717 1715 927 1752 occasionum,

148 1751 404 1785 opportunitatum
417 1775 423 1787 ,
440 1756 468 1781 et
482 1756 612 1784 maxime
632 1759 801 1789 mulierum.
820 1763 928 1793 Dicitur

147 1796 227 1824 enim
247 1797 278 1825 in
294 1798 389 1826 Genesi
402 1800 411 1816 ⁵
428 1810 434 1828 ε
451 1801 491 1829 Ne
513 1806 565 1830 stes
581 1805 610 1831 z'n
625 1808 699 1833 omni
720 1808 774 1835 Ioco
794 1811 866 1837 circa
884 1819 926 1838 re-

147 1843 261 1876 qionem.
279 1845 418 1874 Videmus
434 1848 513 1876 enim
525 1870 534 1883 ,
558 1851 641 1886 quod
661 1853 803 1883 animalia
824 1857 925 1885 silves-

147 1889 203 1916 trIa
216 1890 417 1925 pulchriorem
432 1894 543 1930 pellem
556 1896 686 1933 habent,
703 1909 794 1936 quam
809 1903 926 1933 domes-

149 1934 213 1963 tica.
231 1937 365 1972 Legimus
381 1940 468 1968 eliam
483 1941 518 1977 (α)
531 1943 562 1970 in
576 1946 708 1974 secundo
720 1949 829 1984 Regum,
843 1952 926 1986 quod

147 1982 273 2011 Thamar
287 1985 325 2012 ab
341 1988 436 2014 Amon
453 1988 485 2023 (b)
502 1988 590 2018 fratre
614 2000 668 2020 suo
693 1994 747 2024 fuit
766 2001 923 2035 corrupta,

149 2029 219 2064 quia
232 2030 264 2058 in
277 2031 409 2061 thalamo
424 2033 478 2061 fuit
498 2035 560 2064 sola
577 2046 645 2066 cum
661 2040 736 2068 solo.
761 2043 841 2072 Unde
860 2047 926 2074 Ber-

148 2076 259 2105 nardus
282 2078 352 2106 dicit
372 2079 382 2095 ⁴³
406 2090 412 2108 ε
431 2082 589 2118 «Virgines
611 2093 677 2122 quae
701 2096 770 2117 vere
796 2091 926 2127 virgines

149 2125 232 2158 sunt,
248 2132 365 2161 semper
379 2126 488 2156 debent
503 2137 565 2158 esse
577 2132 710 2169 pavidae,
727 2137 754 2163 et
768 2144 925 2174 nunquam

148 2178 257 2199 securae
270 2194 277 2206 ,
293 2174 325 2200 ut
340 2175 367 2201 et
380 2183 442 2203 non
456 2176 587 2207 timenda
608 2188 717 2210 securae
732 2183 821 2212 etiam
835 2187 924 2221 perti-

148 2220 289 2247 mescant.
304 2229 317 2245 n

184 2265 255 2293 Sunt
268 2266 357 2294 etiam
372 2267 402 2295 in
417 2268 480 2297 lilio
495 2279 547 2299 sex
568 2281 661 2308 grana
676 2283 781 2312 aurea,
806 2279 836 2306 in
859 2281 926 2316 qui-

147 2310 204 2338 bus
218 2311 362 2347 figuratur
385 2315 491 2351 triplex
512 2319 621 2347 modus
644 2321 788 2358 diligendi
811 2328 922 2363 Deum,

149 2358 176 2384 et
189 2357 295 2394 triplex
310 2368 399 2389 causa
418 2361 593 2394 dilectionis.
617 2368 714 2397 Primo
731 2380 801 2407 ergo
819 2376 861 2401 est
875 2375 924 2402 tri-

148 2403 218 2438 plex
239 2406 348 2434 modus
371 2408 557 2447 dilectionis,
589 2422 678 2449 quem
703 2417 791 2447 debet
814 2420 924 2450 hahere

182 2489 190 2505 ¹
207 2490 306 2522 Ezech„
319 2499 376 2523 xvt,
392 2496 430 2519 49.
447 2509 477 2514 —
492 2497 500 2511 ἲ
516 2497 524 2520 Ι
541 2498 609 2527 Cor„
624 2506 666 2530 XV,
683 2503 721 2526 33.
737 2517 768 2522 -
782 2505 792 2521 5
807 2506 923 2539 Hieron„

149 2523 184 2547 ad
197 2525 315 2557 Demetr„
329 2529 402 2560 epist.
414 2536 473 2561 vni,
489 2535 546 2563 post
558 2535 626 2559 med.
639 2550 669 2554 —
684 2538 694 2554 ⁴
710 2539 756 2570 ld.,
771 2541 805 2564 acl
817 2543 924 2569 Mam-it.

149 2559 247 2591 filiam,
265 2563 339 2594 epist.
358 2571 411 2594 xw,
431 2568 490 2601 post
510 2569 578 2593 med.
599 2583 628 2588 —
647 2572 657 2588 ⁵
673 2573 743 2604 Gen„
761 2583 821 2607 x1x,
844 2580 880 2603 17.
894 2594 924 2599 —-

150 2594 160 2610 ὅ
175 2595 263 2627 Bern.‚
289 2605 346 2629 sup.
370 2600 463 2626 Missus
483 2605 528 2635 est,
552 2605 623 2631 hom.
652 2614 693 2639 111,
714 2611 782 2636 circa
806 2615 874 2640 med.
894 2629 923 2636 ·-

273 2651 348 2676 Tou.
371 2653 441 2678 vm.

1706 158 1766 188 289

990 212 1107 242 animus
1123 215 1218 243 castus
1231 223 1238 243 :
1261 216 1303 244 est
1322 216 1402 245 enim
1420 216 1591 254 diligendus
1606 221 1681 250 Deus
1694 229 1767 259 pru·
1782 228 1816 249 nis
1843 234 1888 250 mo-

991 258 1104 295 denter,
1119 269 1156 289 ne
1172 261 1286 299 decepti
1302 263 1341 292 ab
1357 271 1459 293 amore
1474 265 1538 301 ejus
1558 267 1765 306 discedamus5
1781 259 1843 281 ‘³⁰³²'

991 305 1125 343 duchter,
1142 316 1179 336 nc
1198 309 1264 338 elati
1282 310 1320 339 ab
1336 319 1438 340 amore
1453 313 1516 348 ejus
1535 314 1765 353 abscindamur3

989 352 1111 388 sortiter,
1132 363 1168 383 ne
1189 358 1322 392 oppressi
1343 358 1382 386 ab
1402 367 1504 388 amore
1523 361 1572 389 Dei
1592 362 1766 400 evellamur,

990 401 1022 427 ut
1034 400 1104 429 dicit
1116 403 1281 432 Bernardus
1291 405 1312 433 ⁷.
1326 405 1397 433 Sunt
1409 407 1508 435 autem
1520 408 1578 436 tres
1590 417 1685 438 causoe
1694 419 1768 448 proe-

991 447 1084 484 cipuae
1094 470 1103 484 ‚
1124 449 1155 477 in
1170 450 1279 486 quibus
1294 451 1439 481 debemus
1457 454 1549 482 Deum
1564 455 1688 492 diligere
1702 467 1708 486 :
1725 461 1768 487 est

990 495 1069 522 enim
1085 495 1256 532 diIIgendus
1278 500 1333 526 toto
1353 500 1450 535 corde,
1469 501 1540 537 quia
1552 503 1670 532 Creator
1680 514 1689 540 ;
1710 507 1768 534 tota

989 543 1099 576 anima,
1124 543 1195 579 quia
1216 544 1414 582 Redemptor3
1435 549 1492 575 tota
1511 552 1613 583 mente,
1636 551 1708 587 quia
1721 559 1767 581 re-

989 591 1170 625 munerator,
1186 592 1218 618 ut
1232 591 1339 620 dicitur
1353 593 1384 621 in
1399 594 1530 624 Matthaeo
1540 596 1560 624 ⁸.

1024 636 1160 666 Secundo
1175 639 1291 668 castitas
1307 639 1398 669 hahet
1412 641 1517 678 ingens
1534 644 1663 680 pretium
1679 653 1768 682 super

990 690 1094 711 omnes
1109 692 1261 721 gemmas,
1284 687 1356 723 quia
1377 688 1524 718 dicitur⁹z
1545 692 1608 720 Non
1626 694 1664 720 est
1682 693 1768 728 cliyna

986 731 1148 764 ponderatio
1163 734 1325 763 continentis
1341 737 1448 765 animae.
1464 738 1496 765 Et
1510 739 1596 774 nota,
1610 739 1694 775 quod
1706 748 1768 768 cas-

988 777 1054 805 titas
1069 780 1112 806 cst
1127 778 1281 809 thesaurus
1301 790 1370 810 cum
1384 784 1487 812 valore
1508 785 1656 814 charitatis
1666 796 1674 822 3
1698 787 1767 816 ideo

988 832 1104 853 summe
1126 828 1273 856 amandus
1284 850 1294 863 ,
1317 831 1344 858 et
1358 830 1428 858 ideo
1443 831 1549 860 dicitur
1560 833 1578 850 ¹⁰
1591 843 1597 862 :
1612 834 1708 862 Simile
1728 838 1768 863 est

988 879 1099 906 regnum
1113 875 1236 902 coelorum
1252 876 1375 905 thesauro
1388 879 1543 907 abscondito
1554 901 1563 915 ,
1579 882 1631 908 etc.
1650 882 1697 909 Est
1708 881 1768 910 the-

988 927 1093 947 saurus
1106 920 1138 948 in
1149 929 1219 949 vase
1230 921 1434 961 fragilissimo3
1451 927 1478 954 et
1489 926 1558 955 ideo
1569 935 1685 956 summe
1697 936 1768 957 con-

988 967 1151 995 servandus
1166 977 1172 996 :
1189 977 1260 997 nam
1271 970 1341 999 dicit
1350 972 1509 1008 Apostolus
1520 973 1537 990 ¹¹
1550 983 1556 1002 :
1567 975 1704 1003 Habemus
1715 976 1767 1004 the<

986 1021 1097 1042 sauram
1110 1016 1194 1043 istum
1203 1017 1233 1044 in
1243 1019 1315 1045 vasz's
1329 1020 1469 1052 fictilibus.
1483 1021 1564 1049 Unde
1578 1022 1700 1057 majoris
1709 1023 1767 1051 vir-

987 1060 1054 1088 tutis
1066 1063 1108 1089 est
1121 1062 1152 1089 in
1167 1071 1253 1091 earne
1269 1066 1455 1101 corruptibili
1465 1076 1582 1097 servare
1593 1069 1764 1100 castitatem.

986 1108 1034 1135 Est
1048 1108 1204 1138 thesaurus
1219 1119 1288 1140 cum
1301 1113 1517 1149 malignissimo
1532 1116 1615 1145 hoste
1624 1127 1632 1153 ;
1654 1119 1682 1145 et
1695 1117 1764 1146 ideo

987 1162 1102 1183 summe
1114 1156 1274 1194 timendus,
1290 1159 1365 1188 sicut
1378 1161 1515 1190 videmus
1529 1163 1613 1199 quod
1624 1164 1712 1192 valde
1724 1166 1766 1193 est

985 1200 1137 1231 laudabile
1154 1207 1282 1234 castrum
1296 1206 1395 1236 debile
1408 1208 1568 1239 defendere
1583 1213 1686 1240 contra
1697 1211 1766 1240 hos-

984 1248 1044 1276 tem
1056 1249 1259 1281 fortissimum.

1021 1297 1115 1325 Tertio
1125 1319 1134 1333 ,
1159 1299 1274 1328 castitas
1288 1300 1379 1329 habet
1394 1303 1539 1332 excellens
1553 1305 1662 1333 solium
1676 1313 1765 1342 super

985 1351 1089 1372 omnes
1112 1345 1231 1382 stellas,
1254 1348 1337 1383 quod
1351 1349 1496 1384 figuratur
1512 1359 1565 1387 per
1589 1353 1714 1380 thronum
1732 1353 1766 1380 de

985 1391 1060 1419 ebore
1080 1393 1228 1427 grandem,
1244 1397 1276 1422 ut
1294 1395 1400 1424 dicitur
1419 1397 1449 1425 in
1469 1397 1554 1427 libris
1573 1398 1715 1434 Requmffl.
1732 1400 1765 1427 Et

984 1439 1055 1465 nota
1075 1439 1158 1474 quod
1177 1440 1251 1469 ebur
1272 1444 1314 1470 est
1331 1443 1493 1480 frigidum,
1517 1447 1545 1473 et
1566 1446 1714 1482 solidum,
1737 1448 1765 1475 et

985 1485 1147 1513 candidum
1161 1496 1167 1514 ;
1185 1487 1337 1523 frigidum,
1355 1493 1457 1519 eontra
1472 1494 1762 1529 concupiscentiam;

984 1531 1124 1568 solidum,
1149 1542 1202 1569 per
1224 1534 1344 1564 firmam
1368 1539 1620 1573 perseverantiam
1631 1550 1640 1576 ς
1662 1541 1762 1570 candi-

984 1578 1066 1614 dum,
1078 1588 1131 1616 per
1146 1589 1259 1610 meram
1270 1582 1481 1613 innocentiam.
1498 1588 1569 1614 Item
1582 1589 1664 1623 nota,
1679 1589 1763 1624 quod

983 1627 1105 1661 quando
1131 1628 1205 1657 ebur
1226 1629 1258 1657 in
1280 1639 1341 1659 uno
1364 1640 1465 1668 panno
1487 1633 1566 1662 lineo
1576 1625 1701 1663 'mundo
1717 1635 1762 1664 in-

982 1673 1120 1709 volvitur,
1132 1678 1229 1704 servat
1245 1685 1379 1712 pannum
1392 1687 1429 1708 ne
1447 1680 1622 1709 incendatur
1635 1692 1643 1709 :
1657 1682 1688 1710 in
1701 1691 1761 1719 quo

982 1720 1123 1755 signatur,
1145 1723 1228 1758 quod
1250 1724 1373 1753 interior
1395 1727 1511 1755 castitas
1535 1729 1641 1757 mentis
1665 1732 1763 1758 servat

982 1775 1090 1803 corpus
1105 1770 1231 1798 exterius
1247 1771 1286 1799 ab
1301 1772 1441 1802 incendio
1456 1774 1599 1803 libidinis.

1018 1816 1088 1842 Item
1102 1818 1183 1851 nota,
1200 1818 1283 1853 quod
1299 1820 1414 1848 castitas
1429 1821 1522 1850 habet
1536 1822 1664 1851 fructum
1675 1823 1762 1853 uber-

980 1861 1099 1897 rimum,
1114 1871 1234 1892 cursum
1247 1866 1445 1903 celerrimum,
1457 1870 1484 1896 et
1500 1871 1610 1897 sertum
1624 1870 1761 1906 pulcher-

980 1908 1099 1936 rimum.
1123 1911 1220 1939 Primo
1236 1920 1307 1948 ergo
1330 1915 1445 1943 castitas
1464 1916 1554 1944 habet
1574 1917 1760 1946 uberrimum

979 1954 1126 1992 sructum3
1144 1960 1171 1985 et
1184 1961 1255 1987 nota
1270 1961 1354 1995 quod
1370 1962 1475 1998 triplex
1491 1966 1533 1991 est
1546 1964 1657 1991 fructus
1673 1972 1761 1992 evan-

981 2002 1108 2038 gelicus,
1132 2005 1241 2033 scilicet
1259 2007 1440 2044 tricesimUS,
1460 2018 1551 2045 quem
1569 2010 1659 2038 habet
1674 2011 1759 2039 casti-

980 2050 1023 2075 tas
1040 2050 1224 2086 conjugalis3
1248 2055 1448 2089 sexagesimus
1458 2077 1467 2090 ,
1484 2065 1575 2092 quem
1589 2057 1679 2085 hahet
1694 2065 1760 2085 cas-

980 2095 1044 2123 titas
1059 2097 1204 2133 vidualis3
1223 2101 1417 2136 centesimus,
1434 2111 1523 2138 quem
1538 2103 1629 2131 habet
1643 2105 1759 2133 castitas

980 2137 1143 2178 virginalis,
1159 2146 1190 2172 ut
1201 2145 1308 2174 dicitur
1323 2147 1353 2174 in
1365 2149 1492 2177 Matthaeo
1504 2151 1535 2177 ¹³.
1551 2151 1687 2179 Secundo
1700 2160 1760 2179 cas-

981 2188 1045 2216 titas
1061 2189 1152 2218 habet
1175 2192 1363 2222 celerrimum
1385 2197 1521 2224 motum:
1546 2198 1660 2226 castitas
1680 2198 1759 2228 enim

981 2237 1170 2273 consequitur
1186 2240 1278 2267 Deum
1293 2241 1455 2277 tripliciter,
1470 2243 1580 2273 seilicet
1595 2245 1758 2282 currendo,

980 2283 1129 2319 natando,
1154 2287 1181 2312 et
1201 2286 1343 2315 volando.
1367 2289 1461 2317 Currit
1484 2291 1563 2318 enim
1588 2293 1684 2320 castus
1706 2301 1761 2328 per

981 2329 1092 2358 bonam
1107 2334 1310 2367 operationem
1322 2344 1329 2369 3
1346 2338 1427 2363 natat
1440 2345 1494 2372 per
1508 2337 1654 2366 internam
1667 2339 1760 2368 devo-

981 2376 1109 2413 tionem3
1126 2379 1206 2407 volat
1217 2388 1271 2416 per
1283 2389 1444 2418 supernam
1456 2385 1758 2422 contemplationem:

982 2463 989 2476 ⁷
1007 2463 1091 2493 Rern,
1103 2472 1158 2496 sup.
1173 2465 1281 2497 cantia,
1292 2475 1370 2492 serm.
1384 2476 1430 2499 xx,
1442 2472 1500 2495 ante
1514 2471 1583 2495 med.
1595 2485 1622 2489 —-
1636 2472 1644 2486 ⁸
1655 2471 1759 2503 March„

980 2505 1047 2529 ΠΗ,
1061 2501 1099 2525 37.
1118 2514 1148 2518 -
1164 2504 1172 2515 '³
1185 2502 1276 2533 Eccli„
1293 2510 1364 2533 xxvi,
1383 2507 1422 2530 20.
1440 2520 1466 2523 —
1490 2508 1507 2522 ¹⁰
1524 2507 1624 2538 amah„
1639 2513 1697 2538 x111,
1719 2509 1758 2532 44.

981 2546 1010 2552 -
1028 2535 1044 2549 ¹¹
1060 2536 1080 2559 Il
1097 2536 1165 2566 Cor„
1181 2543 1217 2568 lv,
1233 2539 1256 2562 7.
1272 2552 1303 2558 ·—
1321 2540 1339 2556 ¹²
1357 2541 1390 2564 111
1405 2542 1475 2573 Κεφ,
1489 2550 1515 2573 x,
1530 2545 1568 2568 18.
1580 2556 1610 2562 -·
1624 2543 1643 2560 ⁸³
1656 2543 1760 2574 Manli„

979 2576 1036 2601 ΜΠ,
1051 2572 1074 2595 8.

1013 2617 1046 2650 (α)
1064 2620 1121 2645 Caet.
1134 2621 1195 2645 edit.
1212 2621 1292 2646 euim.
1308 2635 1339 2640 —
1353 2623 1388 2654 (b)
1404 2624 1479 2655 Vulg.
1497 2626 1608 2651 Ammon.

1582 2675 1620 2704 19
