2004 3037
541 278 598 312 1313-
612 276 846 312 GRATIARUM
867 275 1230 313 SANCTIMGATIONE.
1254 281 1340 313 CAP.
1363 281 1441 314 xlx.

415 395 440 430 C
449 396 480 429 A
488 391 555 429 P'U
565 394 592 428 Τ
623 394 654 428 Χ
664 394 678 428 I
689 394 731 428 X.

438 468 476 495 ne
489 466 568 494 Fidei
580 467 712 494 utilitate.

224 535 322 571 Fides,
336 535 500 564 secundum
521 534 695 571 Apostolum
711 536 731 570 ¹,
749 537 791 563 est
806 535 962 562 substantia

187 582 384 619 sperandarum
407 589 512 615 rerum,
534 584 720 616 arqumentum
745 589 797 609 non
826 587 961 617 apparen-

189 630 265 657 tium.
279 629 310 657 in
323 629 379 657 hac
394 628 571 656 diffinitione
580 627 663 656 fides}
670 627 778 655 dicitur
793 628 962 663 substantia,

188 674 219 703 id
231 677 273 704 est
282 674 509 703 fundamentum
521 674 657 703 substans
669 674 795 702 aedificio
806 674 961 710 spirituali,

187 721 272 758 quod
286 723 329 750 est
342 721 436 758 gratia
446 723 473 749 et
486 721 591 757 gloria.
607 720 673 757 Ipsa
686 729 817 757 namque
833 721 908 749 fides
920 720 963 749 fa-

188 768 226 797 cit
240 768 407 805 aliqualiter
421 776 467 796 res
481 767 644 804 sperandas
658 768 688 795 in
703 767 791 795 nobis
805 767 963 796 subsistere

186 823 240 851 per
255 816 394 851 gratiam,
411 818 439 843 et
456 814 542 843 faciet
556 815 677 842 tandem
692 822 745 850 per
759 814 895 849 gloriam.
915 815 963 844 Vel

188 861 257 890 ideo
271 861 347 890 fides
363 864 406 890 est
423 861 650 890 fundamentum
669 861 770 896 gratiae
793 863 821 888 et
842 861 962 897 gloriae,

189 908 261 944 quia
271 908 336 945 ipsa
351 911 394 936 est
406 908 520 944 primus
534 908 653 936 habitus
669 907 810 935 virtutum
833 917 839 935 :
859 910 965 943 primus

189 955 257 983 dico
272 959 334 983 nori
348 957 491 991 tempore,
507 954 561 982 sed
573 956 687 982 natura.
705 956 802 982 Rerum
817 955 965 990 speranda-

189 1009 249 1029 rum
274 1002 389 1037 dicitur,
412 1001 484 1038 quia
504 1000 579 1029 fides
602 1009 655 1037 per
673 1009 826 1029 assensum
843 1001 912 1029 facit
935 1001 964 1029 in

189 1049 277 1076 nobis
291 1044 448 1076 subsistere
463 1055 509 1075 res
524 1047 695 1083 sperandas.
708 1049 907 1082 Arqumentum
920 1048 965 1076 di-

142 1123 145 1125 ,
190 1095 273 1130 citur,
290 1094 321 1123 id
336 1096 393 1129 est,
411 1102 539 1129 arguens
561 1096 707 1129 mentem,
729 1093 800 1130 quia
819 1094 893 1122 fides
918 1095 965 1123 in-

191 1141 279 1170 clinat
297 1141 478 1169 intellectum
497 1141 537 1169 ad
557 1140 738 1168 credendum
760 1149 795 1169 ea
818 1150 884 1178 quae
905 1150 966 1170 non

191 1189 357 1224 apparent:
373 1190 401 1216 et
422 1189 543 1224 propter
564 1187 621 1215 hoc
641 1187 749 1215 dicitur
770 1187 844 1215 fides
869 1189 967 1224 potius

190 1236 414 1270 argumentum,
429 1242 522 1270 quam
537 1234 688 1262 conclusio
699 1255 708 1269 ,
720 1234 792 1270 quia
806 1234 881 1262 fides
897 1243 966 1271 pro-

190 1283 242 1311 bat
261 1283 298 1310 de
321 1290 383 1310 non
406 1281 616 1318 apparentibus
640 1282 724 1318 quod
748 1282 822 1316 sint,
851 1284 878 1310 et
905 1291 967 1310 non

190 1329 344 1365 probatur.
368 1330 430 1358 Non
454 1330 646 1364 apparentium
662 1328 778 1363 dicitur,
802 1329 873 1364 quia
893 1329 967 1357 fides

190 1383 243 1404 sua
257 1375 322 1403 luce
337 1377 364 1403 et
375 1375 480 1403 virtute
492 1375 659 1403 manifestat
672 1383 707 1403 ea
719 1383 785 1411 quae
800 1384 862 1403 non
874 1384 967 1412 appa-

190 1424 269 1456 rent,
290 1425 350 1450 tam
372 1422 536 1457 praeterita,
561 1430 653 1458 quam
673 1423 845 1457 praesentia,
876 1431 967 1458 quam

192 1469 279 1497 etiam
300 1469 398 1496 futura
415 1478 420 1496 :
437 1469 583 1504 praeterita
601 1468 742 1504 quidem,
761 1468 843 1504 quia,
865 1477 968 1497 secun-

191 1515 264 1543 dum
285 1515 458 1551 Apostolum
471 1516 499 1549 Ξ,
518 1515 570 1549 fide
592 1516 771 1549 intelligimus
791 1518 887 1550 aptata
912 1524 965 1543 esse

189 1563 301 1595 soecula‚·
317 1562 472 1598 praesentia
485 1569 555 1588 vero
566 1583 574 1595 ,
597 1561 671 1588 sicut
686 1561 725 1589 ait
739 1562 917 1596 Augustinus
932 1563 941 1579 ³
958 1572 966 1589 .·

193 1618 206 1634 «
221 1610 327 1636 Demus
337 1630 346 1643 ,
361 1608 470 1644 inquit,
487 1609 545 1635 Deo
563 1607 679 1643 aliquid
693 1616 797 1643 posse,
814 1610 841 1635 et
855 1616 910 1636 nos
925 1609 967 1636 in·

188 1654 320 1690 telligere
335 1663 397 1683 non
411 1663 498 1691 posse
507 1664 514 1689 ;
533 1665 546 1680 ›>
572 1654 669 1681 futura
684 1656 798 1688 autem,
814 1655 895 1690 {quia
914 1663 967 1690 per

188 1699 280 1729 fidem
295 1701 443 1729 credimus
456 1700 702 1728 resurrectionem
719 1703 906 1728 mortuorum
916 1723 924 1735 ‚
939 1704 967 1729 et

186 1747 367 1783 hujusmodi.

223 1794 307 1822 Fides
322 1795 428 1822 dicitur
445 1794 660 1829 multipliciter,
677 1794 787 1821 scilicet
803 1796 826 1821 1.
848 1794 966 1822 habitus

188 1842 361 1870 informatus
372 1841 521 1874 charitate,
536 1841 708 1868 illuminans
719 1842 848 1868 mentem
858 1840 897 1868 ad
907 1849 966 1868 cre-

189 1888 322 1915 dendum
335 1889 346 1905 ⁶
361 1897 368 1916 z
385 1888 451 1915 Fide
464 1889 613 1922 purificans
629 1887 709 1914 corda
724 1895 823 1914 eorum.
840 1888 867 1914 2.
891 1888 966 1920 Qua-

188 1933 253 1962 litas
267 1934 403 1962 informis
417 1935 426 1951 ⁵
443 1944 450 1962 ;
466 1935 546 1961 Fides
566 1936 623 1961 sine
647 1935 770 1968 operibus
792 1937 899 1961 mortua
914 1937 963 1961 est.

190 1983 216 2008 3.
241 1983 332 2009 Motus
346 1981 434 2016 fidei3
454 1981 632 2016 Augustinus
647 1981 657 1997 ὅ
675 1990 680 2008 :
700 1980 811 2007 «Fides
837 1982 880 2008 est
900 1989 963 2008 cre-

190 2026 260 2054 dere
274 2027 357 2063 quod
369 2035 430 2055 non
444 2027 537 2054 vides.
556 2038 569 2052 »
587 2029 612 2054 4.
630 2027 763 2054 Facilitas
779 2026 919 2054 credendi
931 2028 941 2044 ⁷
956 2036 962 2055 :

189 2074 250 2102 Non
264 2075 355 2101 invem*
370 2076 475 2100 tantam
489 2074 567 2106 fidem
582 2075 611 2099 in
627 2074 722 2099 Israel.
743 2074 769 2100 5.
794 2073 914 2101 Devotio
930 2073 964 2100 fi-

191 2118 280 2147 dei⁸z
298 2121 408 2154 Mulier,
433 2127 531 2153 maqna
551 2122 591 2146 est
614 2119 679 2152 fides
694 2122 752 2145 tua.
774 2121 799 2145 6.
821 2118 963 2146 Articulus

188 2165 276 2201 fidei;
302 2166 381 2193 unde
403 2166 434 2193 in
454 2165 596 2201 Symbolo
616 2164 765 2192 Athanasii
782 2173 788 2190 :
807 2174 820 2189 ι(
836 2165 900 2191 Haec
922 2167 964 2192 est

188 2212 263 2240 fides
300 2212 444 2241 catholica
459 2233 468 2246 ‚
503 2214 534 2239 ut
568 2211 725 2238 credamus
758 2213 785 2237 et
820 2210 960 2238 confitea-

189 2268 285 2293 mur‚»
301 2261 354 2288 etc.

223 2307 302 2334 Sicut
319 2306 349 2333 in
365 2305 466 2341 aliqua
479 2304 599 2332 scientia
613 2303 750 2340 quasdam
767 2305 834 2331 sunt
849 2305 962 2331 antece-

187 2353 303 2387 dentia,
317 2355 350 2380 ut
362 2351 592 2388 suppositiones;
610 2350 747 2387 quaedam
768 2358 840 2377 vero
861 2358 962 2377 conse-

188 2399 323 2436 quentia,
343 2401 376 2426 ut
396 2398 617 2432 conclusiones;
639 2396 777 2432 quaedam
793 2396 881 2432 *quasi
902 2405 963 2425 me-

189 2445 254 2481 dia,
284 2448 319 2474 ut·
356 2444 573 2481 propositiones
600 2443 761 2479 probantes
803 2452 809 2470 ε
849 2443 889 2470 ita
932 2443 962 2470 in

189 2492 322 2520 doctrina
344 2491 415 2519 fidei
443 2490 581 2527 quaedam
607 2492 675 2518 sunt
702 2489 744 2517 ibi
770 2489 809 2517 ad
837 2489 962 2517 modum

188 2538 436 2575 suppositionum,
450 2539 482 2566 ut
496 2545 531 2566 ea
545 2544 611 2573 quae
625 2538 692 2564 sunt
705 2536 745 2564 de
755 2536 822 2572 jure
835 2536 962 2564 naturali

221 2629 227 2643 “
243 2628 328 2659 Ηεόν.,
346 2635 384 2660 XI,
400 2630 422 2653 ¹.
443 2641 470 2646 -
493 2628 504 2645 ²
521 2627 596 2658 ibid„
613 2628 638 2652 3.
657 2640 684 2645 -
698 2627 709 2643 ³
727 2628 803 2658 Aug„
818 2627 852 2652 ad
869 2627 962 2655 Volus..

189 2664 262 2695 epist.
279 2670 318 2694 ιιι,
333 2664 364 2688 al.
379 2669 502 2692 cxxxvn.
519 2670 541 2688 c.
560 2669 588 2692 ιι,
604 2670 630 2686 ιι.
645 2664 669 2686 8.
684 2675 715 2680 —
729 2663 737 2677 ⁴
753 2664 819 2693 Act„
836 2669 878 2693 xv,
896 2664 918 2687 9.
934 2676 960 2681 -

189 2700 199 2717 ⁸
214 2699 278 2730 Jac„
296 2706 327 2728 ιι,
342 2700 380 2722 ilo.
396 2712 426 2716 —
444 2699 455 2715 θ
471 2700 545 2729 Aug„
563 2700 587 2721 in
602 2699 683 2728 Jotm„
699 2700 772 2722 tract.
790 2704 835 2726 XL,
852 2705 877 2721 ιι.
894 2700 917 2721 9.
932 2711 963 2716 -—

191 2736 198 2749 ⁷
212 2735 313 2765 Mami„
328 2740 388 2763 vui,
403 2736 442 2758 10¹.
457 2747 487 2752 —
500 2734 511 2751 ⁸
525 2734 628 2764 Manli„
641 2739 684 2762 κν,
700 2735 740 2758 28.
758 2747 784 2752 -
801 2735 810 2748 ¹³
825 2734 910 2761 Helua,
926 2740 961 2763 xi,

1736 290 1793 320 179

1019 349 1048 376 et
1065 348 1239 384 universali,
1262 349 1464 379 antecedentia
1483 351 1622 381 articulos
1639 352 1722 389 fidei,
1737 355 1794 383 sci-

1018 394 1086 423 licet
1106 395 1189 431 quod
1203 395 1351 432 Scriptura
1365 397 1401 425 sit
1415 398 1534 427 condita
1550 401 1578 427 et
1591 402 1724 437 exposita
1738 402 1795 430 ins-

1018 442 1164 478 piratione
1178 443 1301 479 Spiritus
1316 444 1418 479 sancti,
1430 446 1458 472 et
1471 446 1555 482 quod
1566 454 1638 476 vera
1648 450 1717 477 sunt
1729 457 1795 486 quae

1019 489 1151 526 loquitur
1167 490 1308 518 Dominus
1327 490 1358 518 in
1379 491 1543 527 Scriptura,
1559 495 1588 521 et
1606 502 1658 530 per
1678 499 1794 525 sanctos

1019 544 1106 570 suos,
1124 539 1152 565 et
1171 537 1344 572 hujusmodi
1351 546 1359 572 ;
1378 537 1515 573 quiedam
1530 539 1569 567 ad
1583 541 1708 570 modum
1724 551 1795 572 con-

1019 582 1200 618 clusionum,
1216 585 1249 611 ut
1263 591 1298 611 ea
1312 591 1379 619 quoe
1393 584 1432 612 ad
1446 593 1545 613 mores
1559 587 1722 624 pertinent,
1740 590 1795 618 sci-

1019 629 1087 657 licet
1101 637 1162 657 non
1178 637 1240 658 esse
1254 629 1477 666 fornicandum,
1494 631 1719 663 fornicationem
1733 644 1797 666 esse

1019 676 1143 704 mortale
1162 679 1332 712 peccatum,
1350 680 1377 705 et
1393 677 1581 716 hujusmodi3
1602 682 1739 717 quaedam
1758 685 1797 712 ad

1019 723 1146 751 modum
1159 724 1407 760 propositionum,
1423 727 1455 753 ut
1469 726 1583 755 articuli
1597 727 1677 757 fidei.

1056 771 1089 797 Et
1102 771 1173 798 nota
1189 770 1272 806 quod
1286 771 1367 799 fides
1379 773 1421 799 est
1435 773 1520 808 quasi
1535 773 1634 803 media
1649 775 1724 804 inter
1737 778 1799 814 opi-

1021 816 1143 845 nionem
1158 819 1186 845 et
1204 818 1376 846 scientiam:
1395 819 1466 854 quia
1485 820 1588 856 opinio
1607 830 1637 849 se
1656 822 1746 851 habet
1759 825 1799 852 ad

1021 871 1112 891 unam
1135 865 1250 900 partem
1273 865 1530 902 contradictionis,
1554 875 1622 896 cum
1639 868 1798 900 formidine

1021 910 1140 938 alterius
1154 911 1255 947 partis,
1271 913 1299 939 et
1316 912 1377 940 sine
1393 920 1488 940 causae
1503 914 1684 952 cognitione,
1702 917 1798 946 scien-

1022 957 1142 985 tia'vero
1156 965 1186 985 se
1198 958 1288 986 habet
1302 958 1342 986 ad
1356 959 1446 987 aliam
1460 962 1575 996 partem
1591 963 1799 993 contradictio-

1021 1003 1067 1030 nis
1086 1004 1149 1031 sine
1171 1004 1329 1032 formidine
1348 1006 1481 1042 reliquae,
1498 1010 1531 1035 'et
1550 1016 1618 1036 cum
1639 1018 1735 1038 causae
1750 1020 1799 1040 co-

1023 1050 1153 1085 gnitione
1171 1059 1226 1087 per
1248 1052 1347 1080 media
1369 1054 1554 1082 necessaria:
1578 1057 1657 1084 unde
1681 1058 1800 1087 scientia

1022 1099 1065 1125 est
1078 1099 1322 1127 necessariorum.
1339 1101 1371 1127 Et
1389 1100 1428 1128 ita
1444 1103 1522 1136 patet
1543 1103 1626 1138 quod
1639 1103 1722 1139 {fides
1735 1113 1800 1142 par-

1023 1144 1123 1181 ticipat
1136 1153 1204 1173 cum
1217 1148 1352 1182 utraque.

1060 1191 1103 1219 Ad
1123 1191 1194 1219 fidei
1212 1192 1425 1228 perfectionem
1445 1197 1557 1231 septem
1574 1197 1729 1232 pertinent.
1744 1200 1801 1227 Pri-

1023 1245 1107 1265 mum
1122 1240 1174 1273 est,
1190 1239 1273 1274 quod
1288 1239 1324 1267 sit
1341 1240 1446 1276 primae
1461 1242 1574 1270 veritati
1590 1243 1708 1277 innixa,
1727 1246 1802 1274 sicut

1023 1285 1098 1314 fides
1112 1287 1214 1322 Moysi,
1230 1287 1282 1323 qui
1292 1288 1303 1304 ⁹
1317 1290 1425 1322 negavit
1439 1297 1466 1316 se
1482 1297 1536 1317 esse
1549 1292 1636 1324 filium
1653 1294 1718 1326 filioe
1734 1294 1801 1321 ΡΙια-

1023 1335 1126 1366 raonz's,
1142 1335 1229 1368 magis
1245 1335 1345 1369 eliqens
1358 1336 1448 1369 affligi
1462 1344 1520 1363 cum
1534 1339 1634 1372 populo
1649 1340 1709 1373 Dei,
1721 1348 1801 1374 quam

1025 1381 1182 1414 temporalis
1196 1383 1299 1415 peccati
1308 1382 1401 1408 habere
1405 1382 1616 1416 jucunditatem.
1634 1385 1801 1415 Secundum

1025 1428 1077 1460 est,
1094 1426 1177 1462 quod
1187 1427 1222 1454 sit
1233 1427 1372 1455 charitate
1384 1427 1520 1464 formata,
1534 1430 1609 1458 sicut
1621 1432 1715 1459 Mariae
1727 1434 1802 1469 Mag-

1025 1472 1148 1507 dalenae,
1160 1481 1251 1508 quam
1266 1474 1286 1491 ¹⁰
1300 1475 1366 1508 fides
1376 1476 1478 1502 salvam
1493 1477 1568 1509 fecit,
1585 1479 1613 1505 et
1626 1479 1672 1505 cui
1687 1480 1802 1507 dimissa

1023 1522 1087 1546 sunt
1099 1523 1210 1553 peccata
1224 1521 1325 1552 multa,
1345 1523 1472 1555 quoniam
1487 1523 1585 1550 dilexit
1599 1526 1722 1553 multum.
1738 1528 1802 1554 Ter-

1023 1565 1098 1592 tium
1113 1568 1164 1600 est,
1180 1567 1264 1602 quod
1279 1566 1314 1594 sit
1326 1567 1484 1595 devotione
1499 1568 1623 1604 fervida,
1635 1571 1709 1598 sicut
1723 1572 1801 1601 illius

1024 1611 1167 1646 mulieris,
1184 1612 1230 1640 cui
1246 1613 1321 1640 dixit
1336 1613 1477 1642 Dominus
1494 1615 1527 1642 ¹¹:
1545 1616 1566 1644 Ο
1579 1618 1686 1650 mulier,
1701 1627 1801 1653 maana

1023 1661 1062 1685 est
1076 1658 1142 1693 fides
1159 1662 1215 1686 tua.
1233 1660 1388 1694 Quartum,
1408 1661 1491 1696 quod
1507 1663 1542 1689 sit
1560 1662 1648 1691 bonis
1662 1665 1801 1700 operibus

1022 1705 1164 1740 probata,
1180 1705 1254 1733 sieut
1268 1706 1342 1733 fides
1361 1707 1488 1735 Cornelii
1504 1709 1535 1736 ¹².
1552 1709 1701 1746 Quintum,
1718 1712 1801 1747 quod

1022 1752 1057 1779 sit
1078 1751 1248 1780 fortitudine
1271 1753 1427 1788 roborata,
1451 1754 1525 1782 sieut
1550 1755 1624 1783 fides
1647 1758 1799 1794 Stephani,

1021 1798 1167 1826 Laurentii
1181 1801 1208 1826 et
1222 1799 1350 1827 aliorum
1364 1802 1539 1836 martyrum,
1557 1803 1608 1838 qui
1625 1804 1645 1821 ¹³
1658 1812 1707 1839 per
1721 1806 1800 1839 fidem

1021 1846 1104 1877 fortes
1126 1847 1195 1877 sacti
1209 1848 1271 1872 sunt
1290 1847 1318 1872 in
1336 1846 1419 1873 bello..
1429 1848 1562 1881 Sextum,
1579 1850 1661 1884 quod
1677 1851 1713 1878 sit
1727 1852 1799 1880 obe-

1021 1890 1132 1918 dientia
1147 1891 1296 1924 decorata,
1308 1892 1381 1920 sicut
1395 1892 1470 1920 fides
1480 1894 1612 1923 Abrahae.
1623 1897 1795 1933 Septimum,

1020 1937 1103 1973 quod
1123 1937 1159 1965 sit
1177 1938 1340 1966 humilitate
1359 1939 1508 1974 subjecta,
1522 1941 1596 1969 sicut
1614 1942 1688 1971 fides
1704 1944 1797 1972 beatae

1020 1984 1161 2019 Virginis,
1178 1993 1245 2020 quse
1259 1985 1298 2012 ait
1312 1985 1349 2012 ¹¹0:
1366 1987 1431 2013 Ecce
1447 1989 1548 2014 ancilla
1563 1990 1682 2017 Domini.

1055 2032 1127 2058 Nota
1146 2032 1229 2067 quod
1252 2031 1328 2059 fides
1348 2033 1443 2067 magis
1462 2033 1593 2061 innititur
1614 2037 1792 2072 auctoritati,

1019 2084 1110 2112 quam
1134 2077 1255 2111 rationi,
1277 2078 1347 2113 quia
1371 2079 1535 2106 secundum
1559 2082 1733 2116 Gregorium
1752 2084 1791 2111 ¹⁵:

1022 2132 1035 2148 «
1051 2123 1134 2150 Fides
1150 2131 1210 2151 non
1224 2123 1314 2151 habet
1328 2124 1481 2159 meritum,
1500 2126 1547 2153 cui
1566 2127 1699 2156 humana
1718 2131 1793 2159 ratio

1017 2169 1128 2204 praebet
1148 2169 1405 2204 experimentum:
1426 2181 1439 2196 »
1462 2171 1608 2208 intellige,
1633 2175 1791 2205 sufficiens

1017 2215 1155 2248 Quamvis
1175 2215 1254 2243 enim
1268 2215 1343 2244 fides
1357 2216 1521 2246 rationibus
1535 2218 1678 2256 firmetur,
1693 2224 1792 2252 tamen

1017 2269 1071 2289 nec
1097 2262 1222 2296 talibus,
1247 2270 1301 2290 nec
1325 2263 1525 2299 experimento
1549 2267 1680 2296 sensibili
1704 2269 1792 2299 debet

1017 2308 1083 2344 quis
1102 2308 1223 2336 credere
1241 2310 1345 2336 contra
1366 2309 1477 2338 fidem:
1501 2311 1575 2340 sicut
1593 2315 1672 2349 patet
1687 2315 1718 2343 in
1736 2317 1791 2344 Eu-

1016 2354 1168 2389 charistia,
1183 2355 1235 2383 ubi
1255 2357 1283 2383 et
1302 2356 1395 2390 visus,
1411 2359 1439 2384 et
1461 2360 1577 2393 gustu5‚
1594 2362 1622 2387 et
1641 2363 1747 2397 tactus,
1764 2366 1792 2391 et

1018 2400 1141 2428 olfactus
1160 2401 1231 2429 dicit
1251 2410 1313 2429 esse
1335 2410 1444 2438 panem
1463 2406 1490 2431 et
1511 2404 1630 2440 vinum,
1650 2408 1702 2435 sed
1717 2408 1807 2437 fides.

1017 2447 1087 2475 dicit
1106 2456 1168 2475 esse
1189 2456 1297 2483 corpus
1320 2451 1348 2476 et
1371 2449 1545 2484 sanguinem
1565 2453 1679 2481 Domini
1700 2457 1791 2483 nostri

1016 2495 1082 2522 Jesu
1096 2494 1208 2522 Christi.
1225 2494 1305 2522 Unde
1319 2495 1496 2530 Augustinus
1509 2497 1542 2524 ¹⁶:
1558 2499 1667 2532 «Quod
1683 2500 1792 2530 intelli-

1017 2541 1125 2576 gimus,
1138 2540 1282 2569 debemus
1296 2541 1417 2576 rationi;
1434 2543 1517 2579 quod
1532 2544 1690 2580 credimus,
1705 2546 1793 2576 debe-

1017 2627 1098 2650 24-25.
1113 2640 1145 2645 —
1163 2626 1184 2643 ’⁰
1197 2626 1264 2656 Luc„
1281 2632 1327 2657 vn,
1346 2628 1386 2656 50,
1401 2628 1439 2651 47.
1453 2640 1482 2644 —
1503 2629 1520 2644 ¹¹
1539 2629 1639 2658 Mateta,
1653 2637 1696 2662 xv,
1712 2634 1750 2656 28.
1762 2646 1791 2652 .-

1020 2662 1039 2678 ¹²
1053 2663 1116 2687 Act..
1133 2668 1159 2692 x,
1175 2664 1198 2689 4.
1215 2665 1240 2686 et
1253 2669 1308 2694 seq.
1323 2676 1349 2679 —
1367 2663 1384 2676 ¹³
1399 2663 1481 2692 Hebr„
1501 2669 1535 2693 xi,
1553 2665 1589 2688 34.
1606 2678 1636 2683 —
1656 2667 1676 2683 ’ὁ
1691 2668 1738 2692 Lm:
1752 2675 1790 2696 ,1,

1018 2699 1055 2722 38.
1074 2712 1098 2715 >-
1125 2699 1144 2714 ¹⁵
1163 2698 1250 2728 Gmg„
1272 2698 1296 2720 ir:
1322 2698 1428 2728 Evmzy.,
1451 2699 1521 2722 hom.
1542 2706 1590 2730 xx,
1608 2708 1661 2726 non
1682 2702 1757 2734 longe
1778 2695 1791 2728 a

1017 2733 1097 2763 princ.
1116 2747 1142 2750 ›—
1159 2734 1174 2747 '0
1193 2735 1268 2763 Aug„
1282 2733 1311 2756 u'e
1326 2733 1406 2756 utilit⁴
1421 2734 1486 2757 m-ezl.
1502 2737 1566 2758 cont.
1583 2736 1702 2768 Mumclz„
1718 2745 1739 2761 c.
1756 2745 1791 2762 xi.
