2004 3037
166 248 206 278 14

166 315 200 343 ut
211 313 244 342 in
263 311 348 342 terris
370 311 513 344 existens,
527 308 660 338 coelestes
680 309 813 339 amando
824 311 854 339 et
867 309 947 339 desi-

168 359 304 389 derando
327 358 459 388 obtineat
479 356 671 392 mansiones,
685 356 758 394 quia
770 356 825 385 ubi
845 359 946 392 amat,

164 406 208 435 ibi
222 405 343 444 proprie
357 404 510 434 inhabitat.
528 405 587 432 Hoc
599 411 712 432 nomen
730 407 804 432 terra
816 411 880 432 non
892 411 947 440 po-

165 455 220 481 test
239 452 349 489 exponi
368 451 533 488 anagogice
547 459 602 488 per
621 451 796 486 essentiam,
815 451 869 480 sed
882 452 945 480 tan-

165 501 228 528 tum
249 507 303 536 per
327 507 449 528 causam
464 507 472 527 ε
488 498 561 535 quia
583 498 660 526 sicut
677 506 764 526 amor
781 500 825 526 est
839 506 944 534 causa,

165 548 197 575 ut
211 554 296 574 mens
309 545 413 575 omnia
425 545 508 574 bona
522 553 576 582 per
588 553 723 573 amorem
738 544 886 580 obtineat,
902 544 945 573 sic

164 594 299 622 absentia
309 593 390 622 illius
402 595 445 622 est
460 601 550 622 causa
562 594 660 623 omnis
673 592 820 628 defectus,
834 592 945 621 scilicet

162 641 291 679 poenalis
313 643 342 670 et
361 641 537 678 culpabilis,
552 641 584 669 id
607 643 668 675 est,
681 640 807 669 venialis
821 642 850 669 et
861 648 942 669 mor-

165 689 239 717 talis.
253 691 286 717 Et
298 689 357 717 hoc
371 691 414 717 est
428 688 512 726 quod
532 687 645 716 dictum
666 689 725 723 est,
741 687 825 724 quod
842 695 944 724 pecca-

162 738 209 764 tor
227 738 305 764 terra
326 735 452 770 dicitur,
469 735 539 772 quia
552 743 571 763 a
591 734 710 762 levitate
731 733 841 762 amoris
859 733 943 769 igniti

164 782 319 811 distantius
344 782 523 817 elongatur:
540 783 569 809 et
591 781 622 809 in
645 781 775 816 talibus,
796 789 863 817 quae
881 780 942 809 cul-

162 837 233 865 pam
254 829 372 864 dicunt,
387 829 436 857 vel
457 828 621 863 defectum,
641 829 685 856 est
707 836 755 856 ars
774 827 834 856 alia
852 835 943 864 expo-

162 876 263 904 nenda
277 875 441 911 anagogice
450 896 460 910 ‚
473 875 523 903 vel
536 875 608 911 quia
622 874 835 911 proprietatem
857 874 895 902 de
910 882 941 902 se

163 930 225 951 non
239 922 367 957 habent,
382 930 449 958 quae
463 929 579 958 sponsae
602 921 785 949 tendentiam
799 920 838 948 ad
853 920 942 949 dilec-

162 970 226 997 tum
239 969 392 1006 respiciat,
407 971 435 997 et
448 969 507 997 alia
522 976 589 1004 quae
609 968 658 996 bic
679 970 867 1004 exponuntur
887 975 941 1004 per

161 1016 272 1044 amoris
301 1015 467 1044 absentiam
496 1024 504 1043 :
533 1015 608 1043 sicut
631 1014 692 1043 alia
720 1016 869 1049 ereatura,
892 1014 940 1042 vel

161 1062 306 1099 scriptura
321 1084 329 1096 ‚
353 1062 487 1099 aliquam
510 1061 723 1098 proprietatem
745 1061 837 1090 habet
858 1061 890 1089 in
908 1069 939 1089 se

161 1109 328 1143 inclusam,
357 1117 416 1145 qua
437 1115 547 1144 sponsa
569 1107 609 1136 ad
632 1115 777 1144 sponsum
799 1107 938 1143 erigitur,

160 1156 199 1184 ad
215 1164 335 1184 sensum
360 1154 558 1190 anagogicum
580 1154 799 1189 transferendo,
814 1157 846 1182 ut
865 1154 940 1182 sicut

159 1203 264 1231 unitivi
279 1202 390 1230 amoris
404 1201 559 1238 praesentia
578 1201 609 1228 tit
624 1209 714 1229 causa
732 1201 830 1229 omnis
844 1201 917 1229 boni
927 1223 937 1236 ‚

160 1251 202 1279 sic
227 1251 290 1286 ejus
314 1250 463 1286 absentia,
472 1249 696 1278 occasionaliter
719 1251 763 1277 est
785 1249 938 1285 praesentia

159 1297 257 1325 omnis
271 1296 363 1331 mali,
376 1304 438 1324 non
459 1296 543 1332 quod
565 1296 696 1324 carentia
718 1296 755 1323 sit
775 1295 893 1332 aliquid
907 1296 937 1324 in

159 1344 273 1380 spiritu,
287 1343 340 1371 sed
355 1343 443 1379 quia,
459 1351 513 1379 per
527 1343 688 1371 carentiam
700 1343 827 1377 amoris,
838 1342 938 1370 anima

159 1398 220 1419 non
240 1390 331 1419 habet
352 1389 565 1424 retinaculum,
579 1390 642 1425 Jam
662 1397 739 1425 vaga
760 1397 812 1425 per
837 1389 935 1425 devia,

159 1437 244 1473 quasi
254 1436 405 1468 effrenata,
418 1436 566 1471 discurrit,
579 1436 735 1464 etincurrit
749 1444 870 1464 omnem
881 1436 936 1463 mi-

158 1485 278 1520 seriam;
295 1487 394 1513 etnon
405 1485 570 1519 immerito,
580 1485 652 1521 quia
663 1484 825 1519 *demorata
839 1486 877 1512 est
891 1492 937 1511 su-

155 1541 205 1568 per
219 1532 345 1560 carbones
358 1533 443 1565 facies
456 1532 524 1566 ejus,
539 1534 566 1559 et
580 1531 610 1559 in
626 1534 738 1559 tantum
754 1531 839 1559 viluit
852 1530 936 1566 regio

158 1579 326 1606 diademate
352 1577 468 1614 privata
488 1599 496 1613 ‚
523 1578 634 1606 scilicet
660 1579 718 1606 Deo
741 1577 937 1614 omnipotenti

157 1627 290 1653 amatore
304 1633 358 1652 suo
370 1646 378 1659 ,
395 1625 478 1661 quod
489 1626 498 1640 ²
509 1633 596 1653 omnes
609 1626 692 1652 amici
707 1625 762 1659 ejus
777 1627 936 1659 spreverunt

157 1681 235 1707 eam,
258 1672 369 1699 scilicet
391 1671 510 1706 angeli,
531 1675 555 1698 et
579 1673 649 1705 sacti
674 1675 736 1698 sunt
760 1673 785 1698 αι’
814 1672 936 1704 inimici,

157 1719 228 1754 quia
252 1719 316 1754 jam
341 1725 402 1745 non
422 1720 465 1745 est
492 1717 564 1753 ipsis
591 1718 740 1745 mentibus
767 1717 936 1745 coelestibus

158 1765 318 1792 conformis
342 1764 483 1792 affinitate
505 1764 631 1797 amoris,
650 1763 718 1791 ideo
741 1764 810 1800 ipsi,
827 1763 935 1792 scilicet

157 1813 276 1846 animae,
293 1811 437 1839 inimicari
450 1811 599 1845 dicuntur,
616 1810 688 1846 quia
699 1818 715 1838 a
727 1810 772 1838 sui
788 1810 935 1845 subsidio,

156 1859 266 1886 scilicet
285 1860 342 1886 Deo
368 1857 584 1893 omnipotenti,
601 1857 716 1893 privata
730 1857 824 1892 regali
841 1857 936 1891 signa-

158 1906 224 1933 culo
247 1905 413 1940 elongatur.
437 1905 500 1932 Non
525 1904 614 1939 igitur
640 1904 788 1931 immerito
811 1904 935 1938 dicitur,

157 1952 241 1988 quod
255 1952 356 1980 anima
370 1954 449 1979 caret
463 1951 544 1978 omni
560 1950 657 1985 bono,
679 1958 747 1978 cum
761 1958 863 1978 amore
877 1951 935 1986 pri-

156 2002 260 2034 vatur,
285 1999 357 2035 quia
382 1998 550 2033 iniquitates
564 2005 624 2024 suae
638 1997 800 2024 diviserunt
815 1997 891 2024 inter
904 2005 935 2024 se

157 2049 184 2074 et
200 2048 290 2074 Deum
305 2053 408 2079 suum,
426 2044 536 2072 scilicet
554 2044 640 2071 illum
655 2052 744 2079 quem
757 2044 767 2060 ³
784 2052 830 2070 nee
845 2045 935 2071 oculus

156 2094 241 2128 vidit,
255 2101 301 2120 nec
327 2093 404 2119 auris
431 2091 556 2121 audivit,
579 2098 624 2117 nec
645 2092 674 2117 tn
695 2098 738 2117 cor
758 2091 874 2117 hominis
890 2098 935 2117 as-

157 2140 260 2171 cendit,
276 2147 365 2175 quem
388 2139 559 2173 proeparavtc
586 2139 656 2164 Deus
682 2137 724 2163 his
744 2138 792 2171 qui
813 2137 934 2170 diligunt

156 2188 243 2214 illum.
260 2186 407 2214 Subtiliter
427 2193 498 2219 crgo
521 2187 548 2211 et
569 2183 731 2212 luculenter
746 2184 799 2211 ista
814 2183 934 2211 medite-

157 2236 212 2268 tur,
229 2232 383 2269 quomodo
398 2239 451 2267 per
468 2238 608 2263 causam,
628 2230 674 2257 vel
689 2238 743 2265 per
762 2231 934 2265 essentiam,

156 2280 204 2308 vel
220 2287 271 2316 per
287 2286 420 2306 amorem
436 2277 588 2304 salientem
611 2277 640 2303 in
662 2277 754 2304 vitam
774 2280 913 2304 aeternam
924 2299 933 2311 ,

157 2326 294 2354 claritatis
308 2327 423 2352 oeternae
441 2323 618 2358 ampliorem
637 2322 772 2357 radium,
791 2323 934 2358 gaudium

157 2373 356 2405 haurientem,
366 2371 397 2398 in
408 2371 453 2398 his
466 2377 496 2397 se
508 2372 640 2397 exerceat
654 2378 660 2396 ε
672 2370 827 2405 quomodo
846 2370 934 2397 etiam

157 2420 212 2447 ista
231 2427 296 2455 quae
315 2425 394 2445 nunt:
414 2416 492 2444 dicta
510 2418 577 2442 sunt
597 2415 832 2443 manifestissime
853 2423 934 2443 com-

158 2466 333 2501 probantur.

443 2503 536 2532 Quarta
553 2503 652 2533 petitio.

194 2561 291 2586 Panem
307 2560 427 2585 nostrum
437 2577 447 2588 ,
464 2558 518 2583 etc.
536 2557 589 2583 Pro
605 2563 635 2582 se
649 2555 729 2582 enim
744 2556 772 2582 et
786 2562 841 2591 pro
857 2554 933 2590 aliis,

157 2616 210 2644 per
225 2607 417 2642 augmentum
435 2603 546 2632 amoris
565 2610 682 2630 sursum
701 2602 748 2637 agi
765 2601 932 2637 desiderat,

190 2707 197 2722 ¹
218 2705 315 2733 Thr-en„
335 2709 371 2733 ιν,
387 2704 410 2726 8.
426 2715 456 2720 -
469 2702 480 2718 ²
499 2701 608 2731 1bid.,1,
626 2702 665 2724 20.
677 2713 707 2718 ——
724 2701 754 2723 Ἰ
776 2700 844 2726 Cor..
861 2706 889 2729 tl,
905 2702 931 2731 9;

754 241 925 275 MYSTIGA
944 240 1182 275 THEOLOGIA.

1003 311 1036 338 ut
1048 318 1140 347 supra
1152 318 1185 339 se
1199 309 1314 340 elevata
1326 310 1402 340 ionfi
1414 310 1505 340 totius
1519 311 1711 343 beamine
1723 313 1784 343 eni-

1003 358 1083 386 stens
1097 357 1308 395 propinquior,
1323 357 1366 386 sic
1384 357 1417 387 in
1434 358 1530 388 verbo
1555 358 1711 389 refectibili
1732 368 1781 390 sa-

1002 404 1090 432 tietur
1111 412 1204 440 vere,
1225 407 1259 433 ut
1281 405 1313 434 in
1336 405 1403 442 ipso
1427 405 1652 435 immutabiliter
1673 407 1782 437 confir-

1002 453 1099 485 mata,
1118 451 1344 480 delectationem
1367 451 1539 481 inferiorem
1560 453 1781 489 miserabilem,

1001 499 1146 534 tanquam
1163 506 1200 526 ea
1212 505 1274 527 non
1287 498 1433 534 indigens,
1449 499 1486 528 de
1501 501 1606 528 cetero
1619 507 1682 528 non
1696 508 1781 529 men-

1001 543 1090 572 dicet.
1104 544 1163 573 Scit
1176 545 1257 573 enim
1277 545 1363 582 quod
1385 545 1484 574 statim
1502 545 1543 574 ad
1565 548 1706 575 creaturae
1732 547 1781 576 vel

1001 590 1098 619 carnis
1119 591 1357 620 consolationem
1381 592 1440 621 cito
1463 592 1648 629 prolabitur,
1670 593 1696 622 si
1717 601 1780 623 non

999 637 1159 666 refectione
1173 639 1393 675 supercoelesti,
1406 647 1486 676 pane
1500 639 1640 668 videlicet
1659 640 1781 676 angelo·

998 683 1113 720 torum,
1129 685 1181 721 qui
1196 687 1239 714 est
1253 693 1350 720 amor,
1363 686 1451 722 cujus
1461 686 1572 715 haustu
1585 694 1694 722 sugens
1705 686 1780 716 deli-

1000 730 1060 759 cias
1077 731 1108 760 in
1129 731 1210 760 fonte
1229 732 1423 761 beatitudinis
1443 735 1558 762 aeternae
1571 733 1710 762 continue
1724 733 1779 762 ali-

999 777 1176 814 quantulum
1197 778 1328 807 satietur.
1344 779 1415 808 ideo
1430 788 1541 816 panem
1553 780 1646 816 petit,
1661 780 1693 808 id
1716 782 1776 816 est,

998 827 1192 860 augmentum
1206 826 1334 861 amoris,
1352 834 1414 863 quo
1429 827 1495 856 solo
1509 827 1630 858 infirma
1641 826 1776 856 solidan-

998 873 1056 905 tur,
1070 874 1099 900 et
1118 871 1231 900 debilia
1249 871 1456 908 fortificantur,
1470 876 1500 902 et
1515 873 1655 902 famelica
1667 873 1776 903 satian-

997 920 1053 946 tur.
1069 919 1103 946 Et
1116 918 1189 954 petit
1200 919 1299 955 ipsum
1313 920 1411 952 hodie,
1425 920 1480 948 sed
1493 921 1687 956 quotidianum
1701 928 1776 957 prae-

997 964 1099 999 mittit,
1115 965 1249 994 ordinate
1263 967 1440 1002 procedens.

1033 1012 1230 1045 Quotidianum
1250 1012 1402 1047 nominat,
1423 1013 1495 1050 quia
1517 1021 1572 1042 nec
1595 1021 1650 1050 per
1673 1013 1773 1050 diem,

996 1065 1051 1086 nec
1070 1066 1125 1095 per
1145 1059 1270 1095 horam,
1292 1067 1348 1088 nee
1366 1069 1421 1097 per
1439 1061 1550 1089 instans
1573 1063 1669 1097 potest
1690 1069 1775 1090 mens

995 1113 1067 1134 vera
1081 1106 1141 1134 vita
1154 1106 1264 1142 vivere,
1281 1107 1338 1135 nisi
1348 1107 1426 1136 stilla
1440 1107 1516 1136 roris
1527 1107 1695 1137 vivificante
1707 1116 1775 1137 con-

996 1151 1076 1180 tinue
1095 1153 1313 1189 perfundatur:
1337 1154 1408 1190 quia
1428 1154 1503 1182 sicut
1525 1154 1626 1183 anima
1650 1156 1694 1183 est
1714 1155 1775 1184 vita

995 1206 1175 1235 corporum,
1200 1200 1241 1228 sic
1264 1208 1350 1228 amor
1377 1201 1438 1228 vita
1461 1201 1628 1237 spirituum.
1654 1202 1692 1230 De
1715 1209 1775 1238 qua

995 1246 1082 1274 etiam
1103 1246 1141 1274 de
1165 1246 1210 1274 his
1233 1255 1288 1283 pro
1311 1248 1420 1283 quibus
1441 1248 1542 1276 anima
1563 1256 1624 1276 non
1646 1248 1774 1284 sufficit,

994 1293 1212 1329 paranymphi,
1232 1293 1340 1322 dilecto
1356 1293 1512 1322 referendo
1527 1295 1636 1330 gratias
1648 1316 1656 1330 ,
1673 1295 1775 1324 dicunt

993 1338 1035 1367 illi
1046 1340 1056 1356 ⁸
1069 1348 1076 1366 :
1097 1340 1187 1367 Vitam
1200 1342 1281 1374 petiit
1295 1349 1313 1368 a
1328 1343 1353 1369 te
1363 1361 1372 1375 ‚
1395 1343 1421 1368 et
1441 1342 1565 1369 tribuisti
1578 1343 1623 1374 ei,
1642 1344 1772 1377 Domine,

993 1393 1061 1421 quae
1073 1393 1134 1414 non
1148 1386 1240 1414 estad
1251 1388 1370 1423 tempus
1381 1390 1602 1423 momentanea,
1615 1390 1646 1416 ut
1659 1391 1701 1417 est
1713 1389 1773 1418 vita

993 1434 1128 1470 corporis
1140 1455 1148 1468 ‚
1165 1434 1218 1462 sed
1233 1437 1262 1462 in
1277 1436 1476 1471 longitudinem
1491 1437 1597 1464 dierum
1607 1457 1616 1471 ‚
1632 1444 1726 1473 usque
1740 1436 1771 1465 in

992 1480 1152 1515 saeculum,
1177 1484 1204 1510 et
1227 1481 1257 1509 in
1276 1482 1419 1510 saeculum
1442 1483 1541 1511 saeculi
1559 1484 1769 1520 permanehit:

993 1527 1064 1563 quia
1078 1535 1174 1562 amor,
1193 1536 1255 1564 quo
1274 1536 1383 1565 sponsa
1402 1529 1532 1558 vivendo
1553 1530 1679 1559 totaliter
1700 1531 1771 1559 ada—

992 1574 1085 1602 mavit
1098 1582 1257 1611 sponsum,
1272 1583 1334 1603 non
1346 1575 1464 1604 deficiet
1478 1577 1509 1604 in
1521 1576 1630 1611 futuro,
1645 1577 1698 1605 sed
1710 1580 1771 1606 tan-

992 1623 1055 1649 tum
1072 1622 1322 1657 augmentabitur,
1337 1624 1370 1650 ut
1385 1623 1571 1659 compleatur
1586 1632 1684 1652 sermo
1699 1632 1770 1661 pro-

991 1667 1134 1703 pheticus,
1149 1676 1240 1704 quem
1253 1669 1315 1704 ipse
1328 1668 1491 1697 Altissimus
1504 1678 1557 1706 per
1571 1678 1604 1698 os
1620 1671 1699 1700 lsaioe
1710 1672 1771 1700 edi-

992 1714 1052 1748 dit,
1075 1714 1217 1742 dicens⁵z
1245 1717 1318 1743 Dicit
1343 1717 1472 1744 Dominus
1491 1717 1567 1752 citius
1591 1719 1664 1752 ignis
1683 1722 1721 1746 est
1742 1721 1769 1746 ιῖιι

992 1761 1075 1793 Sion,
1097 1765 1122 1789 ec
1142 1764 1263 1789 caminus
1288 1764 1316 1789 in
1339 1763 1524 1796 Hierusalem,
1540 1767 1593 1792 etc.
1615 1764 1665 1792 Vel
1687 1765 1770 1794 aliter

991 1809 1089 1843 potest
1108 1807 1187 1842 dici,
1208 1808 1370 1836 secundum
1389 1809 1470 1845 quod
1486 1810 1523 1838 de
1538 1813 1636 1839 mente
1659 1819 1769 1848 anago-

991 1854 1056 1889 gica
1070 1857 1112 1882 est
1123 1862 1251 1891 praesens
1263 1855 1395 1884 intentio.
1413 1856 1469 1884 Nisi
1484 1856 1563 1884 enim
1577 1858 1668 1886 semel
1680 1858 1709 1886 in
1722 1858 1769 1887 die

991 1909 1068 1938 pane
1084 1902 1217 1930 sensibili
1232 1911 1339 1938 corpus
1355 1903 1524 1932 reficeretur
1538 1904 1666 1933 animale
1678 1927 1686 1940 ,
1703 1914 1768 1934 cor-

990 1948 1102 1984 poralis
1120 1948 1299 1976 fortitudinis
1318 1949 1462 1977 amitteret
1476 1950 1630 1985 vigorem:
1652 1952 1693 1980 sic
1714 1952 1769 1980 nisi

991 2002 1075 2022 mens
1093 1995 1124 2022 in
1144 1995 1274 2023 motibus
1289 1996 1399 2023 amoris
1419 1996 1539 2031 unitivi‚
1559 1998 1650 2026 semel
1670 1999 1700 2026 in
1720 1999 1768 2027 die

990 2043 1151 2079 aspirando
1175 2044 1214 2071 ad
1235 2043 1370 2071 osculum
1391 2053 1422 2072 se
1445 2045 1583 2074 extendat
1602 2047 1676 2082 (nisi
1695 2047 1768 2076 sorte

991 2090 1173 2126 quandoque
1188 2090 1219 2117 in
1233 2098 1339 2125 agrum
1355 2090 1395 2118 ad
1409 2099 1439 2118 se
1455 2093 1655 2121 exercendum
1669 2094 1767 2122 exive-

989 2138 1044 2172 rit,
1068 2138 1115 2165 vel
1137 2138 1239 2174 aliqua
1260 2139 1396 2167 modesta
1417 2140 1518 2175 requie
1539 2141 1703 2176 corporali,
1720 2142 1766 2169 vel

990 2185 1092 2221 aliqua
1117 2185 1154 2212 de
1179 2193 1267 2213 causa
1295 2186 1480 2221 spirituali),
1505 2187 1554 2214 vix
1578 2190 1620 2214 est
1642 2188 1713 2223 quin
1736 2189 1766 2216 in

990 2231 1086 2267 seipsa
1110 2230 1252 2258 efficiatur
1276 2231 1376 2267 tepida
1390 2253 1398 2265 ,
1418 2234 1446 2259 et
1461 2232 1498 2260 de
1512 2233 1691 2268 perfectione
1707 2243 1766 2262 suae

990 2277 1152 2305 altitudinis
1173 2277 1288 2313 aliquid
1308 2286 1368 2305 non
1390 2279 1502 2306 amittat
1522 2289 1528 2306 ι
1560 2288 1613 2308 nec
1636 2281 1744 2309 mirum
1758 2304 1764 2315 ,

989 2324 1060 2359 quia
1075 2331 1201 2359 sponsus
1216 2324 1401 2359 praestolatur
1422 2325 1460 2352 ad
1477 2326 1585 2354 ostium
1598 2349 1604 2358 ,
1621 2327 1722 2355 dicens
1732 2329 1742 2344 ⁶
1757 2338 1763 2355 z

988 2370 1090 2405 Surge,
1112 2378 1244 2406 propera,
1269 2372 1357 2398 amica
1376 2380 1450 2406 mea,
1467 2376 1492 2399 et
1507 2375 1576 2400 reni.
1598 2374 1625 2401 Si
1644 2382 1715 2409 ergo
1734 2375 1765 2402 in

989 2418 1080 2444 nimia
1093 2425 1183 2444 morae
1197 2417 1392 2452 protelatione
1408 2427 1438 2446 se
1453 2419 1606 2454 absentat,
1627 2420 1688 2456 ipse
1704 2429 1764 2449 non

989 2463 1136 2491 immerito
1150 2463 1331 2498 indignatur,
1347 2467 1374 2492 et
1389 2465 1427 2492 ab
1443 2465 1507 2501 ipsa
1521 2474 1551 2493 se
1566 2467 1710 2495 subtrahit
1725 2468 1762 2496 ad

989 2512 1106 2546 tempus
1124 2509 1240 2545 saepius.
1263 2512 1295 2538 Et
1314 2510 1382 2538 licet
1399 2511 1439 2538 ita
1457 2512 1572 2540 intenso
1591 2513 1714 2548 habitu,
1733 2517 1764 2542 ut

989 2557 1090 2592 prius,
1104 2556 1183 2583 hunc
1199 2556 1321 2591 diligat,
1336 2559 1436 2585 tamen
1450 2558 1520 2586 dicit
1531 2560 1540 2575 ⁷
1557 2568 1564 2586 ε
1581 2559 1699 2592 Οιιωείυι·
1713 2569 1763 2596 per

989 2606 1108 2637 noctem,
1133 2611 1209 2637 quem
1233 2603 1328 2637 dilz'qz‘t
1351 2606 1444 2632 anima
1464 2613 1540 2639 mea;
1562 2608 1696 2640 quaesivi,
1718 2615 1763 2635 nec

990 2667 1049 2695 Im„
1065 2670 1134 2693 inv,
1152 2666 1174 2689 4.
1194 2678 1223 2682 ——
1242 2667 1250 2678 ⁴
1268 2665 1336 2689 Psal.
1356 2672 1399 2694 xx,
1419 2668 1442 2691 5.
1460 2679 1490 2684 -
1511 2668 1520 2684 ¹⁵
1535 2668 1594 2697 Ιεα.,
1610 2674 1682 2699 xxx),
1697 2672 1719 2694 9.
1733 2684 1762 2688 —

989 2702 998 2717 ⁸
1012 2702 1094 2727 Cant..
1111 2706 1140 2729 ιι,
1158 2702 1194 2725 10.
1208 2713 1237 2719 -—
1249 2702 1256 2714 ⁷
1273 2701 1347 2731 ibid„
1362 2707 1404 2732 ιιι,
1422 2705 1441 2727 t.

1813 1023 1878 1044 Panis

1790 1054 1897 1080 quotidia-

1790 1091 1832 1106 nus
1843 1085 1897 1112 qnid
