2004 3037
514 203 564 235 DE
587 201 939 235 SACRAMENTORUM
961 202 1145 236 vffl'rn'rte.
1170 204 1256 236 CAP.
1284 204 1373 236 XXV.

146 280 221 307 sam,
236 272 276 301 ita
291 272 374 309 quod
392 273 491 301 motus
509 279 528 300 a
547 271 640 308 gratia
657 270 799 300 eliciatur.
822 270 919 299 Primo

146 319 238 348 modo
254 318 361 347 attritio
379 319 412 347 fit
428 318 578 354 contritio,
592 317 663 355 quia
683 319 766 346 actus
784 316 834 345 ille
849 316 918 345 sim-

146 366 214 403 plex
242 373 365 395 manens
392 365 423 394 in
450 365 549 394 anima
575 364 719 393 formatur
745 363 920 392 adveniente

146 413 257 448 gratia,
286 412 361 441 sicut
382 411 464 441 color
486 410 661 440 adveniente
685 410 766 446 luce;
789 410 920 439 secundo

147 459 239 488 modo
263 458 448 497 impossibile
471 460 513 487 est
537 458 620 495 quod
645 457 753 486 attritio
777 457 828 486 fiat
849 465 920 486 con·

148 506 235 535 tritio.
452 537 461 547 Ι

183 553 239 582 Sed
253 553 278 581 si
291 552 440 590 quoeritur,
454 551 589 589 quandiu
601 552 667 588 quis
681 551 718 579 de
733 553 854 588 peccato
869 551 921 579 do-

147 600 206 629 lere
231 599 354 634 debeat,
376 598 560 635 respondeo,
583 598 658 626 sicut
681 598 750 627 dicit
773 600 856 634 lingo
884 598 921 627 de

147 648 247 676 sancto
262 645 392 674 Victore:
410 654 424 672 «
439 647 523 680 Deus,
545 645 668 682 quando
686 645 814 674 absolvit
828 645 922 673 homi-

147 701 215 722 nem
229 701 247 722 a
260 692 380 721 vinculo
399 693 525 730 peccati,
542 692 614 729 ligat
634 701 703 721 eum
717 692 837 721 vinculo
856 700 923 729 per-

146 741 240 777 petuoe
254 739 464 768 detestationis.
477 750 490 767 n
505 739 561 768 Sed
576 739 728 767 detestatio
744 739 855 776 peccati
871 739 923 767 du-

146 787 216 824 plex
230 787 292 815 est:
308 785 446 823 quaedam
460 786 491 814 in
509 786 622 821 habitu,
638 786 679 814 ad
696 795 789 823 quam
807 794 924 822 semper

146 835 261 862 tenetur
280 833 371 861 homo
390 833 479 861 etiam
500 835 567 869 post
580 833 740 869 perfectam
754 833 866 869 peccati
881 841 924 861 re-

147 880 335 908 missionem:
357 880 394 908 de
412 888 472 916 qua
493 879 563 907 dicit
578 880 754 915 Augustinus
769 881 778 898 ¹
798 880 924 917 loquens

149 927 185 955 de
200 927 369 963 poenitente,
385 926 469 963 quod
482 926 628 963 poenitens
643 934 759 963 semper
773 927 882 961 doleat,
897 929 925 955 et

148 973 186 1002 de
201 973 305 1001 dolore
319 973 458 1009 gaudeat,
472 975 500 1001 et
514 981 575 1001 non
590 981 708 1010 semper
722 973 852 1001 doluisse
868 974 923 1002 do-

148 1022 214 1050 leat.
231 1021 294 1050 Alia
308 1021 458 1049 detestatio
475 1023 517 1049 est
531 1021 563 1048 in
578 1022 664 1049 actu.-
685 1020 724 1049 ad
742 1021 818 1048 hanc
832 1021 924 1049 homo

147 1076 209 1096 non
235 1075 352 1104 semper
379 1069 501 1095 tenetur.
531 1067 689 1095 Sciendum
716 1069 815 1095 autem
837 1068 921 1104 quod

149 1114 236 1147 beati,
252 1116 280 1142 et
294 1113 440 1149 damnati,
456 1116 484 1142 et
502 1113 533 1142 hi
548 1114 600 1150 qui
613 1116 680 1142 sunt
694 1113 725 1141 in
739 1114 923 1150 purgatorio,

147 1170 209 1190 non
226 1161 337 1190 habent
356 1161 561 1189 contritionem
582 1161 722 1197 proprie:
746 1161 828 1196 quus
848 1161 924 1189 ratio

148 1211 203 1244 est,
229 1208 300 1245 quia
320 1208 351 1236 in
373 1207 546 1236 contritione
571 1207 691 1244 proprie
720 1209 837 1244 sumpta
857 1209 925 1236 sunt

149 1255 217 1291 tria,
231 1255 342 1283 scilicet
355 1254 463 1290 gratia,
478 1254 576 1288 dolor,
596 1256 624 1282 et
638 1254 756 1282 effectus
771 1254 868 1282 meriti
880 1263 925 1283 sa-

148 1301 330 1337 tisfacientis3
352 1301 383 1329 in
400 1301 494 1329 beatis
515 1303 613 1329 autem
632 1309 694 1329 non
713 1303 755 1329 est
775 1301 876 1337 dolor3
893 1301 924 1330 in

149 1348 295 1376 damnatis
309 1356 381 1376 vero
401 1356 462 1376 non
477 1350 519 1376 est
533 1348 641 1383 gratia,
657 1350 686 1376 ct
699 1348 730 1376 hi
747 1347 798 1385 qui
813 1351 879 1377 sunt
893 1349 924 1376 in

147 1395 319 1432 purgatorio
334 1402 395 1422 non
408 1397 567 1422 merentur.

368 1490 392 1522 C
402 1490 431 1522 A
441 1490 467 1522 Ρ
478 1489 507 1522 U
519 1489 544 1521 T
579 1489 610 1522 X
620 1489 652 1522 X
662 1489 703 1523 V.

421 1561 459 1588 De
472 1561 652 1594 confessione.

186 1628 334 1658 Confessio
359 1630 415 1662 est,
437 1630 469 1656 ut
488 1628 528 1656 ait
546 1629 739 1664 Augustinus,
758 1636 812 1665 per
834 1637 926 1666 quam

151 1676 274 1704 morbus
296 1675 389 1703 latens
413 1683 465 1711 spe
491 1676 585 1703 veniae
607 1676 745 1712 aperitur.
771 1678 836 1704 Haec
859 1685 926 1704 con-

150 1723 237 1752 fessio
256 1723 490 1757 sacramentalis,
511 1731 576 1759 quae
597 1726 722 1760 estpars
736 1724 923 1760 poenitentiae,

151 1769 358 1798 convenienter
373 1769 547 1797 describitur
560 1778 613 1806 per
627 1770 792 1804 materiam,
804 1779 870 1807 quae
885 1773 926 1799 est

149 1818 298 1851 peccatum,
316 1818 344 1844 et
361 1824 414 1852 per
430 1817 538 1850 actum,
553 1816 606 1852 qui
626 1818 668 1844 est
691 1818 811 1852 aperire,
829 1820 856 1845 et
873 1825 926 1854 per

151 1863 252 1897 finem,
268 1863 320 1899 qui
335 1865 377 1890 est
390 1871 448 1898 spes
463 1865 556 1890 venz'ae.

188 1909 298 1945 Duplex
319 1911 361 1937 est
381 1909 524 1937 confessio
540 1918 546 1937 z
564 1909 701 1945 quaedam
718 1911 760 1937 est
773 1910 925 1945 mentalis,

154 1963 220 1991 quoe
235 1956 267 1983 fit
283 1957 357 1989 Deo,
373 1958 401 1983 et
414 1956 475 1983 haec
494 1958 537 1983 est
552 1956 589 1983 de
605 1957 671 1991 jure
686 1957 830 1992 naturali3
847 1966 927 1993 quae-

155 2004 225 2031 dam
239 2006 281 2030 est
294 2003 415 2038 vocalis,
432 2011 497 2039 quae
511 2004 542 2031 fit
557 2004 681 2038 homini,
698 2006 725 2032 et
739 2005 800 2032 haec
814 2013 876 2032 non
887 2008 929 2033 est

155 2050 192 2077 de
217 2050 283 2084 jure
313 2049 448 2076 naturali.
483 2050 570 2084 {gitur
598 2052 664 2077 ante
694 2050 928 2079 incarnationem

155 2095 257 2123 Christi
272 2095 435 2123 sufficiebat
451 2096 594 2123 confessio
609 2096 754 2130 mentalis,
769 2097 840 2132 quia
855 2099 929 2124 Deus

155 2142 290 2169 nondum
309 2143 371 2169 erat
392 2141 498 2176 homo;
522 2141 574 2169 sed
592 2144 751 2177 postquam
771 2142 864 2170 factus
889 2145 930 2171 est

155 2189 262 2223 homo,
288 2188 376 2215 debet
404 2188 547 2216 confessio
574 2188 638 2216 fieri
670 2188 784 2216 homini
819 2190 930 2218 vicario

155 2235 272 2262 Christi.
289 2237 319 2262 tn
332 2235 389 2262 hoc
409 2235 488 2262 enim
507 2235 590 2271 quod
606 2235 745 2263 ministris
764 2244 932 2264 sacramen-

156 2284 254 2309 torum
272 2281 400 2309 Christus
421 2281 503 2308 dedit
521 2283 694 2317 potestatem
710 2283 823 2316 ligandi
842 2286 930 2319 atque

157 2328 307 2362 solvendi,
322 2327 480 2356 insinuavit
498 2328 714 2356 confessionem
729 2329 770 2356 eis
790 2331 930 2365 tanquam

154 2375 305 2409 judicibus
321 2375 384 2402 fieri
404 2375 523 2403 debere.
544 2375 588 2403 Sic
608 2383 679 2411 ergo
701 2376 829 2403 Christus
848 2377 930 2405 insti-

155 2421 209 2448 tuit
222 2421 437 2449 confessionem
460 2421 544 2449 tacite
551 2431 558 2456 3
583 2422 635 2449 sed
653 2422 783 2458 Apostoli
798 2423 930 2458 promul-

155 2470 298 2502 gaverunt
312 2475 377 2495 eam
392 2476 537 2504 expresse.

191 2515 330 2548 Quamvis
344 2515 431 2550 igitur
443 2515 474 2542 in
492 2515 665 2543 contritione
682 2516 845 2544 remittatur
859 2526 930 2553 pec-

156 2563 255 2588 catum
267 2561 471 2596 communiter,
487 2564 584 2590 tamen
600 2562 744 2591 confessio
759 2563 871 2592 vocalis
886 2567 930 2592 est

160 2658 163 2660 -
191 2624 194 2635 ¹
218 2623 270 2646 huo
289 2625 377 2648 auctor
396 2624 437 2648 lib.
458 2624 488 2647 de
506 2632 556 2648 rer.
578 2626 600 2647 el
624 2625 684 2654 sals.
707 2626 804 2655 Poerzit„
827 2634 849 2650 c.
868 2633 927 2655 xm,

159 2660 223 2682 iuter
248 2661 294 2689 Op.
319 2660 345 2683 S.
370 2661 444 2690 Aug,
467 2660 578 2691 append.
598 2662 660 2685 tom.
677 2661 719 2685 Vl.
741 2675 771 2679 —
786 2662 793 2677 ²
810 2663 927 2693 Extrav„

1691 203 1751 232 2¹9

976 271 1142 300 necessaria
1158 281 1164 300 :
1179 271 1229 301 vel
1244 271 1274 300 in
1292 279 1342 307 re,
1364 270 1488 308 quando
1502 269 1629 299 habetur
1643 275 1752 305 oppor-

977 317 1085 346 tunitas
1093 327 1102 353 3
1118 318 1166 346 vel
1180 318 1210 346 in
1224 318 1393 354 proposito,
1410 317 1533 354 quando
1549 315 1690 345 articulus
1704 323 1753 344 ne-

977 365 1116 394 cessitatis
1133 373 1200 394 eam
1219 365 1359 398 excludit,
1375 367 1402 393 et
1424 373 1485 392 non
1507 364 1694 400 contemptus
1704 370 1752 390 re-

977 411 1105 447 ligionis.
1125 413 1157 440 Et
1177 412 1233 440 ista
1248 411 1404 440 necessitas
1425 410 1584 439 confitendi
1604 410 1672 446 post
1685 416 1754 437 con-

978 459 1141 493 tritionem,
1157 467 1218 487 uon
1239 460 1281 487 est
1293 458 1323 486 in
1343 457 1393 486 tali
1409 466 1479 486 casu
1492 459 1614 494 propter
1628 455 1754 485 necessi-

978 507 1067 534 tatem
1087 506 1227 542 remedii,
1248 513 1316 534 cum
1337 508 1491 541 peccatum
1509 505 1572 540 jam
1596 504 1632 532 sit
1655 502 1755 532 dimis-

977 561 1057 588 sum3
1074 553 1127 581 sed
1141 555 1262 589 propter
1281 551 1495 587 obligationem
1510 551 1655 588 praecepti.

1013 599 1163 628 Confessio
1177 601 1205 628 et
1218 599 1376 628 satisfactio
1391 598 1556 627 necessaria
1575 600 1617 625 est
1630 604 1690 624 non
1708 604 1756 625 so-

978 647 1041 674 lum
1065 648 1186 683 propter
1207 645 1480 674 reconciliatIonem
1501 644 1531 672 in
1553 643 1666 679 judicio
1690 643 1756 678 Dei,

979 694 1031 722 sed
1047 693 1135 722 etiam
1149 693 1179 721 in
1191 692 1306 728 judicio
1321 692 1465 721 Ecclesiae.

1014 741 1092 774 Quas
1104 740 1192 768 etiam
1203 739 1436 767 circumstantias
1450 741 1603 767 teneamur
1613 737 1756 765 confiteri.

979 789 1052 816 Nota
1067 786 1151 823 quod
1164 786 1449 814 circumstantiarum
1464 785 1603 822 quaedam
1617 786 1686 812 sunt
1699 786 1756 812 tra-

979 835 1081 862 hentes
1103 834 1134 862 in
1157 834 1239 862 aliud
1262 841 1356 869 genus
1376 832 1507 870 peccati,
1531 833 1563 860 ut
1586 831 1665 859 coire
1691 839 1759 858 cum

980 881 1104 909 muliere
1120 881 1294 916 conjugata:
1318 882 1346 908 et
1362 880 1415 908 has
1430 881 1544 907 tenetur
1558 878 1649 906 homo
1666 877 1757 905 consi-

981 928 1044 956 teri.
1061 927 1201 962 Quaedam
1220 929 1287 955 sunt
1302 928 1497 962 aggravantes
1518 925 1549 953 in
1569 924 1676 953 eadem
1695 932 1760 960 spe-

982 975 1041 1009 cie,
1062 976 1090 1002 et
1112 974 1219 1002 harum
1239 973 1376 1010 quaedam
1399 975 1467 1001 sunt
1485 980 1547 1000 non
1565 973 1759 1007 aggravantes

981 1021 1160 1056 notabiliter,
1182 1020 1256 1048 sicut
1276 1020 1411 1055 scientia,
1434 1022 1462 1047 et
1485 1018 1681 1054 hujusmodi:
1705 1017 1759 1046 has

982 1075 1043 1095 non
1057 1070 1170 1095 tenetur
1184 1067 1251 1104 quis
1270 1066 1418 1100 confiteri,
1436 1066 1506 1102 quia
1521 1067 1589 1093 sunt
1609 1064 1694 1100 quasi
1709 1072 1758 1092 ve-

980 1114 1071 1142 nialla
1084 1116 1212 1150 peccata.
1229 1113 1368 1147 Quaedam
1383 1115 1450 1140 sunt
1467 1114 1662 1148 aggravantes
1677 1112 1759 1139 nota-

980 1160 1087 1195 biliter,
1100 1163 1128 1188 et
1135 1161 1189 1188 has
1202 1160 1366 1188 secundum
1379 1159 1528 1196 quosdam
1538 1160 1654 1186 tenetur
1666 1157 1759 1185 homo

981 1207 1136 1234 confiteri:
1161 1215 1222 1234 non
1247 1207 1327 1234 enim
1352 1205 1459 1234 sufficit
1485 1205 1545 1239 illi,
1570 1205 1621 1241 qui
1647 1203 1760 1240 accepit

981 1256 1098 1281 centum
1121 1253 1257 1281 marchas
1280 1253 1318 1281 de
1337 1253 1452 1287 alieno,
1469 1252 1588 1280 dicere:
1607 1261 1621 1277 (ι
1636 1253 1697 1286 Ego
1712 1259 1760 1279 ac-

981 1300 1045 1336 cepi
1066 1300 1212 1334 alienum,
1233 1311 1247 1327 n
1265 1308 1334 1328 cum
1352 1300 1409 1327 hoc
1433 1300 1532 1335 posset
1553 1297 1716 1332 verificari,
1735 1297 1760 1325 si

980 1347 1078 1375 solum
1096 1347 1255 1383 accepisset
1277 1355 1371 1375 unum
1395 1345 1566 1380 denarium3
1593 1344 1758 1373 secundum

979 1393 1054 1421 alios
1083 1394 1286 1428 communius,
1316 1393 1369 1421 sed
1392 1400 1453 1420 non
1477 1391 1566 1419 tutius
1590 1391 1759 1427 opinantes,

979 1448 1046 1468 non
1056 1443 1180 1477 oportet.
1201 1440 1429 1470 Circumstantiae
1443 1441 1637 1474 aggravantes
1651 1446 1760 1474 pecca·

979 1489 1041 1514 tum
1057 1489 1196 1515 notantur
1208 1488 1253 1515 his
1268 1487 1402 1515 versibus
1415 1495 1421 1514 :

981 1544 1110 1576 Aggravat
1120 1546 1194 1576 ordo,
1206 1545 1288 1574 locus,
1299 1551 1380 1575 mora,
1392 1551 1478 1574 causa,
1489 1543 1603 1572 scientia.
1615 1545 1728 1573 tempus,

995 1584 1073 1606 Lucta
1086 1582 1187 1613 pusilla,
1200 1582 1302 1611 modus,
1318 1580 1402 1611 culpa,
1417 1587 1507 1611 genus,
1521 1581 1546 1603 et
1557 1581 1636 1603 status
1647 1578 1722 1609 altus,

993 1618 1120 1649 conditio,
1133 1624 1264 1647 uumerus,
1279 1618 1351 1647 aetas,
1366 1618 1391 1640 et
1404 1615 1533 1645 scandala,
1549 1621 1633 1638 sexus.

980 1676 1120 1711 Quamvis
1142 1677 1262 1711 peccata
1287 1674 1410 1709 alicujus
1429 1675 1501 1701 nota
1521 1673 1578 1700 sint
1597 1671 1758 1706 sacerdoti,

980 1727 1080 1753 tamen
1098 1725 1214 1759 oportet
1237 1730 1272 1750 ea
1292 1721 1440 1756 confiteri,
1465 1721 1536 1757 quia
1559 1729 1620 1749 non
1643 1723 1710 1749 sunt
1733 1721 1760 1750 ei

981 1774 1051 1800 nota
1067 1773 1098 1799 ut
1110 1770 1213 1806 judici.

1017 1818 1154 1852 Quandiu
1178 1817 1272 1853 possit
1296 1816 1361 1852 quis
1386 1815 1504 1842 differre
1531 1814 1757 1849 confessionem,

982 1866 1048 1893 duae
1059 1866 1126 1892 sunt
1139 1864 1308 1900 opiniones:
1323 1862 1446 1898 quidam
1460 1861 1538 1889 enim
1553 1861 1664 1896 dicunt,
1676 1861 1759 1897 quod

980 1914 1117 1948 peccator
1135 1911 1223 1938 debet
1241 1910 1339 1937 statim
1354 1908 1486 1936 confiteri
1500 1908 1601 1935 habita
1618 1910 1759 1944 opportu-

982 1960 1070 1987 nitate
1090 1957 1244 1985 sufficienti
1251 1966 1259 1991 3
1276 1956 1325 1984 alii
1341 1955 1529 1983 communius
1545 1955 1660 1988 dicunt,
1677 1955 1760 1990 quod

984 2015 1051 2034 cum
1076 2004 1219 2032 confessio
1249 2003 1285 2030 sit
1308 2002 1382 2030 inter
1406 2004 1551 2037 praecepta
1572 2001 1759 2035 affirmativa,

983 2060 1044 2080 non
1064 2051 1178 2085 obligat
1195 2049 1250 2077 nisi
1268 2057 1323 2084 pro
1345 2048 1411 2075 loco
1429 2050 1456 2074 et
1475 2050 1616 2082 tempore.
1634 2047 1761 2074 Ecclesia

984 2102 1082 2126 autem
1097 2096 1271 2124 determinat
1279 2095 1310 2122 in
1326 2094 1522 2121 Decretalibus
1533 2095 1553 2126 ὲ,
1567 2093 1649 2129 quod
1665 2093 1762 2121 omnis

984 2146 1075 2172 homo
1087 2142 1259 2171 confiteatur
1275 2140 1366 2168 semel
1380 2140 1411 2167 in
1427 2147 1517 2173 ann0‚
1529 2140 1599 2175 quia
1613 2141 1682 2167 tunc
1698 2139 1763 2176 qui-

984 2192 1057 2219 libet
1082 2190 1119 2217 de
1142 2188 1311 2216 necessitate
1334 2186 1553 2214 communicare
1578 2189 1700 2214 tenetur.
1729 2188 1761 2214 ln

986 2237 1101 2265 casibus
1122 2238 1221 2263 tamen
1245 2236 1373 2270 quatuor
1392 2234 1507 2261 tenetur
1528 2233 1594 2268 quis
1618 2235 1683 2261 ante
1703 2234 1761 2260 hoc

986 2287 1101 2320 tempus
1116 2281 1266 2311 confiteri:
1283 2289 1360 2308 unus
1381 2282 1424 2307 est
1441 2279 1554 2307 ratione
1575 2280 1760 2314 sacramenti,

987 2331 1108 2367 quando
1127 2329 1193 2366 quis
1211 2328 1274 2356 vult
1284 2326 1514 2361 communicare,
1531 2326 1580 2353 vel
1590 2326 1740 2354 celebrare
1750 2336 1758 2360 3

985 2378 1061 2405 alius
1074 2377 1185 2404 ratione
1199 2374 1333 2411 periculi,
1350 2375 1381 2401 ut
1396 2374 1419 2401 si
1435 2375 1477 2400 est
1491 2374 1521 2400 in
1535 2373 1668 2408 periculo
1684 2381 1761 2400 mor-

985 2425 1033 2459 tis;
1054 2424 1154 2451 tertius
1174 2424 1216 2450 est
1235 2422 1346 2449 ratione
1368 2420 1566 2454 conscientiae,
1587 2422 1618 2447 ut
1632 2420 1655 2446 si
1671 2419 1768 2446 dictat¹

984 2471 1040 2499 sibi
1049 2470 1236 2503 conscientia,
1246 2467 1328 2504 quod
1337 2467 1434 2494 statim
1441 2468 1572 2494 teneatur
1579 2467 1614 2501 (α)
1622 2476 1629 2501 3
1638 2468 1759 2502 quartus

985 2520 1026 2546 est
1039 2518 1152 2545 ratione
1168 2515 1262 2550 dubii,
1277 2516 1309 2542 ut
1321 2514 1344 2541 si
1357 2522 1417 2542 non
1429 2516 1527 2550 sperat
1540 2513 1592 2540 illo
1609 2521 1687 2540 anno
1698 2521 1759 2540 am-

982 2565 1059 2601 plius
1073 2564 1183 2592 habere
1198 2562 1409 2596 confessorem,
1428 2568 1518 2596 quem
1541 2559 1632 2587 modo
1654 2559 1757 2594 habet,

983 2628 1019 2652 tit.
1039 2633 1147 2655 xxxviu,
1162 2625 1191 2649 de
1207 2624 1294 2649 Paem't.
1310 2625 1333 2646 el
1351 2623 1461 2651 Rerum„
1485 2629 1507 2646 c.
1524 2622 1609 2645 (fineis
1630 2622 1759 2652 utriusque

979 2665 1074 2688 sea-tus.
1088 2676 1118 2681 —
1133 2662 1166 2694 (α)
1180 2661 1241 2687 Coet.
1257 2659 1318 2684 edit.
1335 2661 1478 2683 teneamur.
