2004 3037
247 177 308 208 610

247 250 350 273 rarum
360 240 533 271 sollicitudo
543 240 577 270 in
589 239 767 278 praesidente
781 239 929 274 causatur,
937 239 1028 272 Rom„

246 298 290 319 xu
297 310 307 326 ,
319 291 336 318 8
351 298 359 318 :
372 298 386 316 α
401 288 458 324 Qui
471 290 579 326 prceest
589 287 622 317 in
635 285 847 317 sollieitudine.
859 285 950 320 »Qua
963 284 1030 322 qui-

247 336 319 366 dem
339 335 541 366 sollicitudine
551 335 662 365 Paulus
680 334 836 372 proximos
857 331 1030 362 ardentissi-

247 392 297 413 me
319 383 516 420 hortabatur3
535 384 660 421 propter
675 382 712 420 (a)
727 381 813 419 quod
833 380 892 414 ait.
907 379 931 409 u
954 379 1030 416 Gor„

247 439 295 468 xi,
309 432 344 460 28
359 440 368 461 ;
387 441 402 458 α
413 432 518 460 Proeter
530 431 582 460 illa
608 438 676 468 quae
689 429 870 458 extrinsecus
882 428 968 463 sunt,
982 426 1030 455 in-

249 478 360 508 stantia
381 486 451 508 mea
473 478 650 516 quotidiana
667 497 678 512 ‚
699 475 871 505 sollicitudo
894 474 1032 504 omnium

250 525 458 555 Ecclesiarum.
476 536 491 554 ι»
508 528 597 561 ltem,
625 525 725 560 colos„
740 531 777 558 ιι,
792 525 804 551 t
823 531 832 551 ε
854 532 870 549 ι
888 521 964 550 Volo
976 529 1032 550 vos

249 573 325 602 scire
349 573 472 610 qualem
493 572 727 602 sollicitudinem
748 570 880 600 habeam
901 577 958 606 pro
977 576 1033 598 vo-

249 620 307 650 his.
322 631 337 648 ι)

286 669 328 697 Ex
341 668 438 697 tribus
449 667 599 705 proedictis
611 667 702 696 debet
712 665 798 704 sequi
811 665 964 694 instructio
978 664 1034 694 im·

250 715 433 754 peritorum5
445 715 527 744 unde
540 713 687 752 promittit
696 713 855 748 Dominus,
867 713 979 747 Jerem„
988 718 1032 746 ιιι,

251 763 310 792 15:
329 771 345 790 α
366 762 450 791 Dabo
471 763 606 799 pastores
628 760 819 796 vohisjuxta
838 766 892 788 cor
909 765 1033 793 meum,

252 810 305 847 qui
327 811 450 846 pascent
471 817 526 838 vos
546 807 670 838 scientia
693 808 724 836 et
745 806 895 842 doctrina,
916 816 930 833 ι
949 806 1036 842 juxta

251 857 328 886 illud
343 857 428 894 quod
443 856 517 886 dixit
529 859 705 886 Artaxerxes
717 862 771 884 rex
785 853 900 889 Esdrae,
914 854 943 882 et
953 852 1036 889 ,iudi-

252 905 337 934 cibus
359 904 465 942 populi
486 913 493 932 z
517 914 531 931 α
554 903 710 941 Imperitos
734 902 838 930 docete
859 900 975 935 libere,
992 909 1007 926 n
1025 901 1036 929 l

253 953 347 987 Esar„
372 960 415 980 vn
429 972 440 987 ,
462 953 506 980 25.
531 952 565 980 Et
585 950 644 978 hoc
667 949 802 986 protecto
826 947 921 984 liquet
935 947 1037 976 fecisse

252 999 378 1029 Paulum
392 1000 547 1028 Doctorem
561 997 707 1034 gentium,
717 996 769 1034 qui
780 996 874 1025 verbo
887 994 936 1024 vel
945 991 1044 1031 scrip-⁴

253 1050 283 1077 to
312 1048 413 1077 docuit
435 1047 607 1076 universum
632 1045 791 1074 mundum.
816 1045 824 1072 l
853 1044 934 1078 Tim„
950 1050 982 1078 ιι,
997 1045 1036 1071 7:

256 1104 271 1122 u
285 1097 392 1124 Doctor
407 1095 540 1131 gentium
559 1094 589 1121 in
611 1093 672 1121 fide
697 1096 726 1121 ct
746 1092 878 1120 veritate.
893 1101 907 1116 n
924 1093 945 1120 lt
963 1090 1037 1125 Corn,

254 1150 293 1178 ιι,
309 1144 362 1178 14,
379 1144 410 1171 ¹6
427 1151 434 1170 ε
454 1151 468 1168 α
483 1141 614 1170 Odorem
628 1147 690 1168 suae
702 1139 813 1168 notitioe
828 1140 902 1167 Deus
915 1145 970 1174 per
983 1145 1039 1166 nos

254 1189 423 1219 manifestat
445 1189 476 1217 in
497 1188 581 1218 omni
603 1187 672 1216 loco
688 1196 695 1215 :
712 1186 797 1216 etad
818 1185 876 1214 hoc
891 1185 959 1222 quis
979 1187 1040 1214 tam

255 1237 406 1266 idoneus?
422 1247 435 1263 »

293 1284 384 1314 Debet
398 1284 488 1312 etiam
500 1283 599 1312 bonus
614 1281 753 1319 praelatus
766 1280 865 1309 officia
880 1279 1040 1316 disponere

256 1332 332 1360 inter
356 1331 511 1366 subditos,
539 1329 702 1364 ordinare,
725 1327 801 1356 sicut
824 1330 938 1364 Moyses
953 1348 962 1362 ,
988 1327 1040 1363 qui

257 1379 382 1408 consilio
398 1378 497 1407 Jetliro
518 1377 642 1406 instituit
655 1377 686 1404 in
700 1375 817 1412 populo
833 1374 1021 1403 centuriones
1032 1395 1041 1408 ‚

258 1425 548 1464 quinquagenarios,
569 1427 597 1453 ct
623 1424 762 1451 decanos.
787 1422 896 1450 Paulus
919 1429 1042 1458 quoque

259 1474 290 1503 in
312 1474 441 1503 Ecclesia
464 1473 573 1501 similia
596 1471 744 1505 faciebat,
769 1470 789 1498 ΙΙ
813 1471 888 1502 Cor„
911 1477 958 1503 xi,
983 1470 1041 1497 ³4:

263 1531 277 1548 (ι
291 1523 400 1550 Cretera
413 1542 423 1556 ,
447 1528 516 1549 cum
538 1528 650 1548 venero
666 1540 675 1554 ,
701 1518 871 1553 disponam.
890 1527 904 1542 »ι
922 1517 1044 1552 Propter

262 1569 346 1606 quod
362 1568 495 1602 dicebat,
513 1569 581 1601 Tit„
594 1575 602 1596 1
615 1587 623 1602 ‚
639 1568 674 1594 35:
691 1577 704 1592 ιι
718 1564 835 1601 Reliqui
853 1567 877 1592 te
892 1566 1000 1598 Cretan,
1014 1566 1045 1592 ut

262 1624 329 1653 qua:
344 1616 468 1651 desunt,
483 1615 630 1649 corrigas,
647 1616 676 1642 ct
689 1613 849 1641 constituas
869 1620 923 1648 per
944 1611 1045 1640 civita-

263 1665 304 1692 tes
320 1663 527 1700 presbyteros,
543 1662 619 1689 sicut
633 1669 688 1696 ego
703 1659 838 1696 disposui
854 1658 917 1686 tibi.
933 1668 947 1684 n

299 1712 370 1739 ltcm
384 1710 473 1738 debet
485 1708 690 1745 pusillanimes
700 1729 707 1741 ,
724 1710 752 1735 ct
767 1706 887 1734 timidos
900 1706 1043 1740 animare,

264 1758 338 1786 sicut
352 1758 420 1785 lecit
435 1759 564 1792 Moyses,
579 1755 701 1791 quando
722 1754 795 1782 dixit
810 1754 924 1789 populo
941 1761 1044 1789 paves-

265 1805 339 1833 ccnti
350 1825 359 1840 ‚
376 1805 476 1838 liment,
489 1811 554 1837 xiv,
568 1805 597 1830 Η
615 1811 622 1828 :
637 1801 754 1829 «Nolite
771 1801 891 1834 timere,
905 1800 1046 1827 Dominus

264 1851 411 1889 pugnabit
425 1859 480 1887 pro
496 1850 614 1878 vobis.»
629 1851 660 1877 Et
674 1849 774 1884 utique
785 1848 892 1875 Paulus
907 1846 1045 1878 faciebat,

265 1901 348 1935 Eplz„
363 1899 456 1933 vr,10
472 1907 478 1925 :
498 1909 511 1923 α
531 1896 744 1925 confortamini
765 1897 795 1922 iu
812 1894 937 1923 Domino
949 1915 958 1928 ‚
973 1895 1002 1921 et
1017 1893 1048 1921 in

265 1946 398 1984 potentia
413 1944 528 1972 vii-tutis
552 1943 632 1979 ejus,
653 1943 766 1971 induite
789 1950 842 1969 vos
865 1942 1047 1969 armaturam

267 1994 333 2029 Dei,
350 2003 364 2019 »
379 1995 433 2022 etc.
449 1992 543 2025 ilcbr„
558 1999 599 2018 λιι
610 2012 617 2025 ,
633 1992 649 2017 3
667 1998 673 2017 ;
692 2000 705 2015 (ι
720 1989 886 2023 Recogitate
902 1996 981 2021 cuni,
996 1987 1048 2023 qui

266 2042 356 2070 talem
372 2040 508 2069 sustinuit
523 2039 667 2067 adversus
692 2037 884 2072 semetipsum
904 2044 922 2063 a
942 2043 1048 2071 pecca-

268 2089 382 2117 toribus
395 2086 676 2119 contradictionem,
689 2087 791 2113 utnon
807 2081 971 2119 fatigemini
984 2081 1048 2110 ani—

267 2136 323 2164 mis
337 2135 440 2163 vestris
456 2134 634 2162 deficientes.
653 2142 667 2157 n
987 2154 990 2155 γ

303 2185 374 2212 item
400 2183 430 2210 in
455 2182 536 2209 bono
562 2180 683 2216 praelato
711 2178 800 2207 debet
823 2186 884 2206 esse
912 2176 1047 2204 defensio

267 2237 478 2266 oppressorum
495 2250 501 2262 ‚
524 2228 597 2254 sicut
624 2227 711 2254 Onias
734 2234 869 2253 summus
891 2223 1046 2257 sacerdos,

267 2278 317 2314 qui
336 2278 505 2305 constanter
519 2274 643 2302 restitnit
660 2273 820 2300 Heliodoro
843 2271 955 2299 volenti
978 2274 1048 2298 tcm-

266 2325 350 2360 plum
366 2323 480 2351 Domini
496 2322 639 2358 spoliare,
658 2322 677 2348 ll
694 2321 792 2351 Man-li..
811 2327 851 2346 ιιι.
868 2320 963 2352 Quam
979 2317 1048 2345 viri-

265 2371 330 2399 liter
351 2374 449 2399 autem
474 2369 580 2397 Paulus
605 2368 705 2396 restitit
730 2365 1006 2402 pseudo-apostolis
1022 2367 1048 2392 ei

264 2419 375 2447 saumis
387 2440 394 2451 ‚
412 2420 506 2453 patet,
524 2418 595 2449 Λνικ,
611 2423 680 2449 xni,
698 2417 722 2441 rt
740 2414 882 2449 deinceps
897 2420 992 2448 usque
1009 2412 1048 2439 ad

266 2466 366 2493 tinem.
390 2467 410 2493 ll
433 2466 506 2497 Caua,
530 2472 580 2496 xi,
595 2464 625 2489 :21
647 2471 653 2489 :
673 2473 686 2487 α
713 2463 741 2488 ln
763 2469 824 2496 quo
852 2459 918 2495 quis
941 2459 1048 2493 audet,

264 2513 362 2540 audco
379 2514 407 2539 et
430 2519 496 2547 ego.
520 2521 532 2535 ι)
550 2512 582 2537 122t
606 2509 673 2537 idco
702 2508 819 2535 dicebat
843 2516 873 2534 sc
895 2514 1047 2542 pugnare,

264 2560 272 2586 Ι
299 2561 324 2587 (ἲν
336 2568 372 2595 r.‚
390 2568 417 2586 ix
431 2580 438 2586 .
453 2560 489 2585 26
509 2567 515 2584 z
533 2569 545 2583 u
561 2558 606 2584 sic
621 2564 740 2591 pugno,
758 2562 819 2583 non
841 2554 927 2590 quasi
948 2561 1048 2581 aerem

297 2660 328 2690 (a)
345 2660 407 2683 (ἴα-Ι.
422 2658 484 2682 edit.
501 2664 555 2688 per.

861 168 1000 204 BIBLIA
1020 166 1253 203 PAUPERUM.

1085 236 1260 267 verberans.
1283 246 1300 266 ιι
1319 238 1342 268 11
1364 238 1448 274 Rom,
1465 231 1515 274 iv,
1534 237 1552 266 ’1
1571 244 1620 266 z«
1639 226 1759 267 Bom'ffi
1777 235 1870 296 ΝΡ-

1086 291 1158 313 men
1170 284 1292 314 cei-tavi.
1307 295 1323 312 ι»
1435 320 1438 321 ⁷
1796 271 1834 310 Ἥ,
1862 280 1866 289 ’

1123 333 1268 362 praeterea
1285 331 1452 362 consolatio
1473 330 1670 367 afflictorum,
1690 330 1774 361 velut
1791 329 1870 360 mia-

1087 377 1183 415 chim,
1199 385 1269 408 cum
1281 377 1487 416 uolophernes
1504 377 1671 408 nethuliam
1684 376 1851 407 obsedisset
1858 375 1874 414 ‚'

1087 426 1202 460 Iudith,
1217 433 1258 456 iv.
1281 425 1392 455 Paulus
1414 427 1515 455 autem
1534 432 1598 454 non
1616 425 1681 454 erat
1696 423 1822 454 interior
1838 423 1878 454 in*

1087 473 1146 502 hac
1163 475 1271 510 parte3
1292 472 1375 502 unde
1398 472 1455 508 ait,
1475 473 1499 502 ΙΙ
1521 473 1594 508 θοι,
1608 479 1637 508 1,
1653 473 1685 508 ¹,
1698 472 1872 500 zume-

1089 519 1185 550 dictus
1200 522 1276 549 Deus
1291 521 1320 549 et
1333 522 1418 557 pater
1432 519 1550 548 Domini
1563 519 1656 548 nostri
1667 520 1737 548 lesu
1747 518 1872 555 Christi,

1088 569 1174 604 pater
1186 567 1478 602 misericordiarum,
1495 568 1523 596 et
1537 567 1614 595 Deus
1631 565 1722 595 totius
1738 565 1874 595 consola-

1087 613 1197 650 tionis,
1212 615 1265 652 qui
1281 613 1455 644 consolatur
1465 620 1523 643 nos
1535 613 1568 642 in
1581 613 1664 642 omni
1679 611 1873 642 tribulatione

1089 664 1210 700 nostra,
1222 663 1256 690 ut
1273 660 1427 698 possimus,
1437 663 1466 690 et
1490 659 1548 698 ipsi
1570 659 1719 690 consolari
1734 667 1805 694 eos,
1821 658 1874 697 qui

1090 708 1123 738 in
1136 709 1219 738 omni
1232 716 1373 745 pressura
1385 710 1486 737 sunt.»
1503 708 1600 743 mbr„
1610 715 1678 737 xm:
1690 708 1794 744 «Rogo
1806 715 1873 743 vos,

1090 754 1206 791 tratres,
1215 757 1250 784 ut
1260 755 1408 784 sufferatis
1416 754 1544 784 verbum
1553 754 1662 783 solatii.
1669 765 1684 780 υ
1694 753 1792 783 verba
1801 761 1874 783 vero

1092 801 1292 832 consolatoria
1307 801 1415 831 habuit
1427 801 1569 830 maxime'
1581 801 1620 829 ad
1638 801 1826 837 Philispemes
1846 801 1876 830 et

1095 851 1352 885 Thessalonicenses,
1367 849 1443 878 sicut
1453 850 1535 886 patet
1547 847 1681 877 intuenti.

1129 897 1221 926 Debet
1233 897 1355 934 insuper
1369 896 1470 925 bonus
1483 895 1625 933 praelatus
1638 894 1741 932 pigros
1759 896 1789 923 et
1800 893 1876 932 tepi-

1093 944 1150 974 dos
1164 944 1312 980 excitare3
1329 943 1415 981 quod
1432 943 1502 972 tecit
1515 941 1684 980 patriarcha
1699 940 1791 971 Jacob
1799 962 1810 977 ,
1823 941 1877 978 qui

1093 992 1234 1028 audiens,
1250 991 1335 1029 quod
1348 991 1490 1021 alimenta
1500 990 1711 1020 vendebantur
1725 989 1757 1018 in
1768 990 1879 1027 AEgyp-

1094 1042 1143 1075 to,
1164 1039 1239 1068 dixit
1259 1039 1328 1068 filiis
1350 1039 1428 1074 suis,
1444 1039 1524 1074 Gcn.‚
1538 1046 1613 1073 xm,
1627 1039 1646 1066 2
1662 1046 1670 1066 z
1689 1048 1703 1064 ι
1716 1038 1813 1072 Quare
1827 1044 1878 1066 ne-

1094 1087 1224 1123 gligitis?
1240 1096 1254 1113 n
1268 1090 1322 1115 etc.
1338 1088 1371 1115 Et
1392 1086 1452 1115 hoc
1473 1088 1611 1114 strenuus
1630 1087 1660 1114 et
1676 1084 1751 1121 vigil
1769 1083 1878 1113 Paulus

1095 1135 1206 1172 optime
1226 1137 1351 1164 noverat
1368 1134 1480 1166 tacere,
1502 1134 1593 1168 Rom„
1613 1139 1683 1166 xin,
1699 1133 1727 1160 tt
1748 1140 1755 1160 :
1772 1140 1787 1158 ι
1800 1131 1879 1160 flora

1096 1184 1138 1211 est
1148 1183 1213 1218 jam
1234 1189 1291 1210 nos
1305 1181 1344 1210 de
1357 1189 1466 1210 somno
1485 1187 1616 1216 surgere.
1631 1189 1646 1206 π
1664 1179 1735 1207 item
1745 1199 1754 1214 ,
1767 1177 1878 1215 Epium,

1096 1237 1127 1265 v,
1143 1231 1177 1258 Η
1191 1238 1198 1258 :
1216 1239 1231 1256 ι
1244 1230 1351 1265 Surge,
1373 1228 1424 1265 qui
1445 1227 1577 1262 dormis,
1593 1228 1622 1256 et
1640 1233 1751 1262 exurge
1766 1233 1785 1254 o.
1798 1232 1881 1254 mor-

1096 1277 1169 1312 tuis,
1185 1279 1213 1306 et
1227 1275 1409 1305 illuminabit
1430 1278 1456 1304 te
1471 1274 1620 1304 Christus:
1635 1283 1649 1299 υ
1667 1274 1701 1301 Et
1713 1273 1734 1301 ll
1753 1273 1836 1307 Tim„
1851 1279 1878 1308 1,

1096 1325 1114 1352 6
1130 1333 1137 1352 :
1156 1333 1172 1350 α
1185 1324 1342 1352 Admoneo
1363 1324 1409 1357 te,
1429 1324 1463 1351 ut
1485 1321 1641 1351 resuscites
1663 1319 1789 1356 gratiam
1809 1318 1859 1347 Dei
1870 1340 1880 1355 ,

1097 1380 1167 1409 quae
1183 1374 1226 1400 est
1240 1371 1271 1400 in
1286 1374 1313 1400 te
1327 1379 1381 1408 per
1396 1369 1621 1407 impositionem
1640 1375 1787 1397 manuum
1798 1373 1880 1395 mea—

1096 1427 1174 1448 rum.
1189 1429 1203 1446 ι»

1135 1468 1207 1496 ltem
1231 1465 1321 1494 debet
1347 1464 1552 1501 indigentibus
1568 1483 1578 1498 ,
1601 1470 1658 1500 pro
1685 1460 1881 1499 possibilitate

1099 1522 1168 1546 sua,
1184 1515 1332 1550 quantum
1347 1512 1387 1540 ad
1399 1510 1568 1540 necessaria
1581 1509 1741 1539 subvenire
1759 1517 1766 1536 :
1781 1515 1881 1537 exem-

1098 1561 1185 1597 plum
1213 1563 1253 1589 cst
1280 1560 1317 1588 de
1345 1559 1402 1588 hoc
1427 1559 1458 1587 in
1486 1558 1596 1593 misen,
1620 1557 1672 1593 qui
1693 1563 1787 1593 panes
1814 1554 1883 1584 fecit

1100 1608 1238 1637 distribui
1258 1607 1326 1635 liliis
1349 1606 1578 1643 prophetarum,
1595 1605 1627 1634 lV
1642 1605 1720 1639 Rey„
1736 1611 1776 1631 iv.
1796 1602 1883 1636 Quod

1100 1656 1189 1683 etiam
1214 1655 1323 1683 Paulus
1345 1654 1503 1689 diligenter
1527 1651 1691 1689 implebat,
1713 1658 1830 1679 memor
1850 1649 1883 1677 il-

1103 1702 1159 1730 lius
1188 1702 1271 1730 verbi
1297 1701 1416 1730 Domini
1436 1709 1443 1728 :
1462 1711 1476 1727 α
1492 1699 1606 1728 Bcutius
1625 1700 1668 1726 cst
1681 1697 1778 1733 magis
1792 1696 1881 1731 dare,

1101 1759 1192 1786 quam
1217 1750 1391 1785 accipere‚›»
1412 1749 1501 1784 prout
1523 1747 1586 1783 ipse
1605 1745 1708 1778 rel'ert,
1730 1746 1803 1780 Act„
1825 1751 1880 1779 xx,

1101 1798 1145 1824 35.
1176 1796 1302 1830 Quando
1335 1803 1408 1824 vero
1444 1801 1507 1823 non
1542 1792 1676 1822 habebat
1708 1790 1797 1830 quid,
1811 1790 1883 1820 dare

1102 1847 1217 1883 posset,
1232 1846 1271 1873 ab
1286 1844 1351 1873 aliis
1363 1843 1487 1872 sollicite
1501 1841 1702 1880 procuraba13
1719 1843 1747 1869 et
1760 1840 1819 1869 hoc
1833 1847 1886 1876 ap-

1102 1894 1217 1929 parct‚l
1232 1894 1306 1927 cor„
1321 1899 1383 1926 ni,
1396 1893 1407 1919 t
1426 1899 1434 1919 ε
1453 1899 1467 1916 α
1478 1891 1516 1918 De
1531 1888 1661 1918 collectis
1675 1890 1788 1922 autem,
1799 1896 1813 1914 ι
1826 1888 1882 1915 etc.
1909 1907 1913 1910 »

1102 1942 1189 1975 ltem,
1204 1940 1225 1968 ll
1241 1940 1318 1975 Corn,
1333 1947 1362 1968 u
1370 1959 1379 1974 ,
1392 1939 1408 1966 6
1421 1950 1428 1967 .-
1448 1948 1462 1965 α
1477 1937 1532 1972 Qui
1545 1944 1635 1974 parce
1645 1934 1783 1969 seminat,
1794 1941 1884 1972 parce

1103 1990 1200 2017 metet.
1218 1998 1232 2014 υ

1139 2037 1210 2063 Item
1231 2034 1270 2062 ad
1294 2041 1364 2062 eum
1389 2032 1516 2069 pertinet
1538 2029 1681 2067 superbos
1705 2030 1733 2057 et
1754 2027 1885 2057 tumidos

1102 2083 1259 2111 rcsraenare
1286 2084 1315 2110 et
1340 2079 1500 2109 humiliare
1517 2088 1524 2114 ;
1549 2077 1633 2115 quod
1658 2076 1763 2105 volens
1788 2075 1886 2104 facere

1103 2131 1234 2165 Moyses,
1261 2127 1447 2164 increpando
1477 2125 1616 2160 dicebat,
1643 2124 1738 2156 Num„
1764 2130 1831 2157 ΠΙ,
1846 2123 1863 2150 7
1876 2131 1884 2151 :

1106 2188 1121 2203 (ι
1135 2177 1257 2205 Multum
1271 2175 1419 2211 erigimini
1430 2194 1440 2209 ‚
1454 2173 1509 2201 filii
1530 2172 1610 2201 Levi.
1630 2181 1644 2196 n
1661 2169 1782 2199 Samuel
1796 2169 1886 2198 etiam

1104 2224 1178 2252 dixit
1193 2223 1288 2256 Sauli,
1304 2224 1312 2250 l
1325 2225 1402 2257 neq„
1417 2229 1467 2256 xv,
1483 2222 1516 2248 19
1529 2229 1535 2248 :
1555 2230 1569 2246 α
1584 2220 1680 2253 Quare
1695 2224 1755 2246 non
1770 2215 1879 2245 audisti

1103 2279 1209 2300 vocem
1226 2270 1362 2299 Domini?
1374 2280 1387 2296 ιι
1403 2271 1456 2297 etc.
1474 2269 1505 2297 ln
1518 2267 1574 2296 hac
1588 2268 1688 2295 autem
1703 2266 1764 2293 arte
1778 2262 1886 2291 Paulus

1104 2322 1167 2346 crat
1180 2318 1269 2346 valdo
1284 2318 1414 2354 peritus;
1431 2315 1512 2344 unde
1523 2316 1551 2350 ,l
1565 2315 1639 2348 Corn,
1653 2320 1698 2347 iv,
1715 2312 1749 2339 19
1765 2319 1772 2339 :
1785 2319 1798 2336 a
1809 2310 1884 2338 Tan-

1104 2374 1197 2402 quam
1212 2373 1274 2393 non
1289 2367 1431 2393 venturus
1447 2363 1503 2390 sim
1518 2361 1557 2390 ad
1571 2368 1642 2395 vos,
1657 2359 1698 2387 sic
1710 2357 1803 2386 inflati
1817 2358 1886 2384 sunt

1104 2413 1238 2449 quidam.
1256 2411 1378 2441 Veniam
1393 2413 1493 2439 autem
1503 2410 1560 2437 cito
1570 2430 1578 2443 ‚
1591 2410 1620 2436 et
1631 2412 1809 2442 cognoscam
1821 2411 1884 2431 non

1104 2468 1273 2488 sermonem
1288 2466 1412 2493 eorum,
1434 2457 1486 2494 qui
1511 2455 1602 2485 inssati
1623 2455 1710 2487 sunt,
1725 2451 1778 2480 sed
1794 2450 1885 2478 virtu-

1104 2508 1174 2534 tem.
1191 2517 1204 2532 n
1223 2508 1232 2535 l
1246 2507 1327 2541 Tim„
1344 2514 1373 2533 vr
1385 2526 1393 2540 ‚
1417 2507 1448 2533 Γ]
1464 2514 1472 2532 ε
1491 2514 1505 2530 ι(
1520 2501 1663 2531 Divitibus
1677 2499 1767 2535 hujus
1781 2496 1883 2526 saeculi

1104 2553 1230 2590 praecipe
1246 2561 1309 2581 non
1322 2552 1450 2580 sublime
1465 2557 1587 2587 sapere,
1601 2557 1616 2575 ι»
1630 2550 1685 2576 etc.

1141 2603 1251 2629 Rursus
1265 2599 1355 2628 etiam
1369 2599 1468 2628 bonus
1480 2597 1620 2635 praelatus
1635 2594 1787 2627 distantes,
1803 2592 1832 2620 et
1844 2589 1884 2619 ad

1105 2656 1174 2676 cum
1189 2647 1330 2676 accedere
1351 2654 1413 2675 non
1433 2646 1565 2674 valentes
1581 2642 1671 2671 debet
1688 2638 1885 2678 personaliter
