2004 3037
728 250 815 282 CAP.
840 249 895 281 111.
920 247 1143 280 PARTICULA
1168 247 1188 280 l.
1729 243 1768 274 ⁶23

154 334 256 357 amore
275 324 373 354 modis
395 321 541 360 praedictis
563 318 748 356 disponitur3
765 318 818 346 sed
842 317 930 345 etiam

153 375 289 411 respectu
320 369 514 408 jubilantium
554 367 713 395 beatorum
751 364 783 392 in
815 363 930 400 gloria,

155 420 259 459 quoad
280 419 338 448 hoc
366 416 450 454 quod
471 415 552 449 vita,
571 413 690 449 requies
717 413 844 447 oeterna,
867 419 934 447 quae

156 470 198 496 est
212 469 286 495 Deus
299 463 488 494 beatissimus
497 483 506 497 ,
524 460 592 489 finis
605 459 728 494 unicus,
744 457 933 486 desideratis-

155 515 264 548 simus,
287 510 476 540 immediatus
500 507 684 536 constituitur
707 506 851 541 utrisque.
876 503 934 532 Sed

156 562 186 590 in
199 561 257 588 hoc
270 560 384 587 tantum
406 558 448 585 est
463 554 644 588 differentia,
659 552 742 590 quod
764 559 848 580 mens
868 551 933 586 glo-

156 608 269 637 rificata
286 606 350 641 Jam
363 604 394 632 in
415 611 450 631 eo
473 610 527 639 per
549 599 743 629 assistentiam
765 597 934 635 praesentia-

156 655 221 684 liter
244 650 445 688 conquiescit3
469 649 548 683 haec,
570 647 602 675 id
626 648 682 681 est,
707 654 791 674 mens
815 645 934 681 corpori

157 701 253 736 unita,
269 697 487 728 insatiabilibus
508 693 676 728 desideriis,
692 692 784 721 veluti
806 692 933 727 absens,

157 756 274 777 sursum
296 745 419 774 trahitur
441 741 588 771 ineffabili
611 741 718 768 ardore
733 761 742 774 ‚
766 741 798 767 ut
821 741 934 767 tantum

156 795 213 823 sibi
235 793 366 822 intimius
386 791 519 824 uniatur,
535 788 645 825 aspirat
662 797 668 816 :
686 789 714 815 et
737 787 791 814 ista
805 786 884 814 dicat
899 787 907 804 ¹
926 794 932 813 :

158 843 242 870 Trahe
256 849 297 868 me
310 842 371 876 post
389 841 428 871 te,
444 840 474 865 in
487 837 594 864 odorem
610 837 807 870 unquentorum
828 835 935 860 tuorum

156 895 308 922 curremus,
327 886 393 920 illa,
409 884 440 912 id
456 885 513 918 cst,
529 890 613 910 mens
624 881 798 917 glorificata,
815 879 912 907 dicat²
927 888 933 906 :

156 935 312 964 Introduxit
322 941 362 960 me
373 933 427 959 Rea:
438 932 467 958 in
476 931 569 958 cellam
579 930 728 963 vinariam,
739 929 791 955 etc.
804 929 874 954 ltem
883 926 936 954 illa

156 990 240 1010 mens
254 987 382 1016 superna
403 976 612 1013 conjunctione
636 983 704 1002 cum
725 981 853 1010 sponso,
868 981 935 1008 pcr-

157 1022 312 1057 fe'ctissime
337 1026 400 1061 jam
422 1025 542 1053 obtenta
566 1021 703 1054 felicitate
725 1020 872 1048 indicibili
889 1019 938 1046 de-

157 1075 298 1108 lectatur;
318 1080 403 1100 mens
425 1078 497 1099 vero
521 1071 577 1098 ista
602 1069 761 1104 conjuncta
778 1088 788 1101 ,
810 1067 866 1094 hac
890 1074 936 1093 sa-

158 1121 269 1158 pientia
291 1120 359 1148 licet
382 1118 484 1146 tendat
504 1115 640 1152 superius
650 1136 659 1150 ,
676 1117 776 1142 tamen
791 1115 937 1149 quantum

160 1171 202 1198 est
216 1168 253 1196 de
268 1167 328 1195 suis
346 1165 478 1194 motibus
500 1162 686 1199 anagogicis,
701 1162 732 1189 in
747 1161 812 1197 ipso
829 1160 936 1188 actuali

160 1215 298 1244 exercitio
320 1214 383 1242 sine
398 1211 480 1240 omni
502 1210 648 1239 mulcebri
660 1209 698 1246 (a)
712 1208 852 1236 unctione
865 1227 874 1242 ,
889 1206 938 1234 vel

161 1261 355 1291 delectatione
370 1259 521 1293 consistit3
545 1257 598 1285 sed
620 1256 720 1293 potius
738 1257 781 1283 est
804 1254 846 1282 ibi
860 1254 937 1282 miro

160 1308 253 1337 modo
281 1306 445 1343 corporalis
466 1304 605 1338 afflictio,
630 1303 684 1331 sed
707 1303 738 1330 in
762 1302 820 1329 hoc
840 1301 938 1329 solum

161 1355 274 1390 laetitia,
291 1353 375 1390 quod
395 1353 427 1380 in
444 1352 499 1380 ista
518 1350 627 1379 actuali
645 1349 796 1378 tendentia
807 1369 814 1382 ‚
829 1348 938 1375 directe

162 1405 189 1431 et
215 1402 277 1430 sine
299 1400 401 1436 aliqua
424 1398 629 1434 obliquatione
656 1395 824 1431 consurgit,
849 1394 940 1422 veluti

162 1449 238 1485 lapis
253 1448 292 1476 ad
305 1449 438 1475 centrum
454 1445 576 1473 inferius
589 1444 633 1479 (b),
649 1444 680 1471 in
691 1443 789 1479 ipsum
805 1441 940 1469 beatissi-

163 1504 246 1524 mum
257 1516 265 1529 ,
282 1495 333 1530 qui
348 1495 390 1521 est
404 1501 464 1520 suae
479 1491 614 1526 dignitati
635 1490 719 1517 locus
741 1489 845 1516 unicus
858 1490 942 1515 natu-

163 1542 263 1571 raliter
277 1539 523 1576 correspondens.

199 1588 281 1617 Unde
302 1587 387 1615 multi
409 1585 596 1621 decipiuntur
619 1583 650 1610 in
669 1583 725 1610 hac
746 1581 938 1618 philosophia

164 1636 262 1664 minus
276 1632 406 1670 experti,
422 1631 619 1659 existimantes
634 1630 665 1657 in
679 1628 811 1656 motibus
826 1635 940 1662 anago-

167 1682 239 1718 gicis
264 1680 374 1709 coelesti
401 1678 524 1706 dulcore
555 1678 685 1705 mentem
714 1676 942 1709 consurgentem

166 1728 367 1764 multipliciter
389 1725 509 1754 irrorari
531 1734 537 1752 :
562 1732 630 1751 cum
652 1731 667 1750 e
691 1722 839 1750 contrario
859 1729 943 1748 mens

166 1775 400 1805 laboriosissima
426 1780 543 1800 sursum
569 1770 683 1799 actione
705 1771 823 1804 agatur,
852 1771 880 1796 et
907 1776 943 1795 ex

168 1822 337 1851 extensione
353 1820 470 1856 spiritus
489 1819 525 1846 sit
544 1817 682 1854 quaedam
705 1815 838 1852 corporis
858 1823 943 1842 ener-

168 1869 264 1903 vatio,
281 1870 309 1896 ct
323 1866 481 1903 spiritualis
500 1864 664 1901 separatio,
691 1865 718 1891 et
736 1863 944 1890 membrorum

170 1917 258 1944 etiam
279 1913 480 1950 corporalium
507 1920 543 1939 ex
568 1909 784 1946 impetuositatc
809 1911 945 1936 motuum

170 1962 401 1998 anagogicorum
413 1959 574 1996 protensio,
586 1957 751 1985 secundum
762 1955 838 1983 illud
851 1957 863 1983 J
867 1955 905 1982 ob
916 1956 942 1990 ³⁵:

170 2010 349 2044 Suspendtum
364 2009 443 2042 elegit
458 2008 550 2033 anima
564 2013 633 2038 mea,
650 2007 675 2031 et
686 2005 797 2031 mortem
805 2011 865 2030 ossa
877 2010 944 2030 mea.

172 2057 253 2084 Unde
268 2056 395 2090 impetus
409 2052 590 2088 anagogicos
605 2059 713 2086 eorpus
729 2050 870 2077 sustinere
886 2057 947 2076 non

172 2104 272 2140 posset
296 2102 357 2129 sine
379 2107 489 2134 magna
513 2098 671 2125 afflictione
685 2119 693 2132 ,
723 2097 778 2124 nisi
805 2096 947 2131 gaudium

173 2150 290 2186 spiritus
306 2148 343 2175 de
358 2146 449 2182 ipsius
464 2145 575 2172 directa
590 2143 741 2171 tendentia
762 2144 946 2178 temperaret.

174 2200 243 2226 Item
259 2202 342 2223 mens
354 2194 442 2222 beata
457 2191 597 2219 continuo
608 2192 636 2217 et
651 2189 823 2216 indivisibili
839 2188 950 2215 exerci-

174 2245 215 2272 tio
231 2244 262 2271 in
276 2243 340 2278 ipso
362 2248 479 2268 summo
495 2239 577 2266 bono
592 2237 683 2265 veluti
704 2238 813 2264 aeterno
830 2235 950 2262 dulcore

177 2290 319 2324 afficitur,
345 2288 407 2315 haec
427 2288 526 2314 tamen
546 2285 579 2321 (c)
602 2283 695 2311 niodo
720 2281 902 2310 interscalari
924 2283 952 2308 et

177 2336 313 2366 interciso
335 2334 365 2361 in
379 2334 477 2369 ipsum
492 2331 659 2365 consurgit,
679 2330 762 2365 cujus
777 2330 874 2356 motus
890 2336 952 2355 rec-

177 2384 286 2412 tissime
301 2383 342 2409 est
361 2380 400 2408 ad
418 2380 509 2407 instar
531 2377 695 2406 emissionis
710 2376 819 2403 'sideris
843 2375 952 2402 scintil-

179 2431 281 2464 lautis,
307 2430 331 2456 si
353 2429 410 2456 illae
432 2427 603 2455 emissiones
626 2433 661 2453 ex
686 2424 781 2451 libera
802 2422 953 2450 voluntate

179 2477 373 2515 procederent
401 2484 406 2502 :
431 2474 501 2510 quia
520 2473 563 2500 illi
585 2475 682 2500 motus
707 2470 862 2505 anagogici
888 2470 955 2496 sunt

181 2524 266 2562 quasi
280 2522 437 2556 subitanei,
448 2524 480 2548 ut
493 2520 589 2547 statim
603 2520 670 2554 post
685 2516 955 2546 consurrectionem

216 2600 323 2627 ἱειυιί.1
342 2603 359 2626 1,
379 2598 400 2620 3.
417 2609 447 2613 -—
465 2595 472 2609 ²
493 2594 648 2624 1bid.,11‚4.
668 2606 699 2610 —
713 2593 721 2607 ³
737 2592 790 2621 Job,
811 2598 857 2620 vn,
875 2592 911 2615 15.
927 2605 957 2609 —

184 2636 194 2651 δ
208 2635 312 2665 Philip„
329 2639 346 2664 1,
359 2634 397 2656 21.

219 2681 254 2711 (a)
269 2680 311 2704 Al.
329 2678 449 2703 illecebri.
464 2691 495 2695 —
511 2677 544 2708 (b)
561 2677 656 2700 Forsan
668 2675 796 2705 leqemlum
812 2675 958 2698 interius.—

190 2718 218 2747 (c)
234 2717 291 2747 Leq.
307 2716 401 2739 autem.
417 2713 452 2744 (d)
468 2714 525 2743 Ley.
541 2712 660 2742 erigetur.
677 2724 706 2727 —
726 2711 753 2740 (e)
774 2710 828 2740 [σῃ.
845 2712 879 2733 ut.

989 323 1074 344 mens
1090 316 1166 344 infra
1180 315 1309 352 seipsam
1324 314 1445 342 inferius
1459 312 1646 349 prolabatur,
1662 310 1769 338 iterum

990 365 1018 391 et
1038 363 1144 392 iterum
1168 362 1339 398 consurgit,
1366 363 1395 390 et
1412 361 1520 389 iterum
1541 359 1618 388 infra
1639 358 1769 395 seipsam

991 410 1079 439 cadit.

1026 459 1097 486 Item
1108 465 1193 485 mens
1203 455 1368 492 glorificata
1378 456 1408 483 in
1418 455 1484 491 ipso
1492 476 1500 489 ,
1513 453 1596 489 qu'us
1607 452 1770 489 pulchritu-

991 504 1092 533 dinem
1106 504 1180 532 facie
1195 503 1234 531 ad
1253 502 1359 530 faciem
1373 501 1602 536 contemplatur,
1623 498 1768 527 ardentis-

992 551 1066 579 sima
1082 550 1213 579 unitione
1228 548 1435 584 conjungitur3
1452 549 1479 575 et
1493 547 1560 575 licet
1573 546 1615 574 ibi
1631 546 1688 574 sint
1702 554 1770 581 cog-

991 598 1064 626 nitio
1079 597 1168 626 simul
1183 599 1211 625 et
1226 595 1344 624 dilectio
1355 617 1364 630 ,
1386 597 1485 623 tamen
1503 593 1633 629 cognitio
1653 594 1772 621 natura-

991 645 1056 673 liter
1070 644 1210 680 praecedit
1227 643 1426 671 dilectionem.
1445 641 1501 669 Sed
1516 648 1600 668 mens
1620 640 1683 667 haec
1702 638 1771 667 huic

992 691 1225 721 consurrectioni
1246 690 1399 719 actualiter
1422 689 1597 722 intendens,
1618 689 1708 724 prout
1731 688 1773 714 est

991 740 1039 768 hic
1054 738 1190 774 intentio,
1207 737 1304 766 omnis
1318 736 1441 765 rationis
1456 738 1484 763 et
1499 734 1696 770 intelligentiae
1711 733 1772 761 suis

992 787 1123 815 motibus
1143 785 1285 814 radicitus
1305 783 1445 812 rescindit
1460 782 1568 810 officia.
1589 782 1663 809 Nam
1686 779 1772 808 intel-

992 834 1083 862 lcctus
1096 853 1104 868 ,
1128 841 1164 861 ex
1189 830 1458 860 communicatione
1490 828 1586 856 carnis
1606 829 1770 863 corruptae,

993 879 1155 917 phantasiis
1171 881 1213 907 est
1228 878 1377 907 admixtus
1394 887 1400 904 ε
1417 876 1486 904 ideo
1502 875 1592 904 debet
1607 874 1638 902 in
1652 881 1774 902 consur-

992 927 1121 955 rectione
1137 926 1247 954 amoris
1263 924 1407 953 amoveri.
1430 923 1488 952 Sed
1501 923 1532 950 in
1551 921 1647 958 patria
1665 928 1774 957 purga-

993 974 1083 1008 bitur,
1098 974 1129 1001 in
1144 981 1205 1009 qua
1220 972 1316 1000 carnis
1337 970 1487 1006 corruptio
1503 969 1686 1005 deponetur;
1704 966 1772 994 ideo

993 1029 1047 1058 per
1061 1020 1158 1048 solam
1178 1019 1299 1047 affectus
1318 1018 1401 1053 igniti
1423 1015 1693 1045 consurrectionem
1715 1013 1771 1042 eri-

994 1068 1071 1103 gitur
1089 1067 1145 1103 (d),
1161 1067 1233 1103 quia
1246 1065 1288 1093 ibi
1303 1064 1439 1093 affectiva
1456 1062 1648 1098 intelligentia
1662 1061 1772 1088 incom-

993 1114 1165 1151 parabiliter
1177 1112 1373 1149 praeexcellit,
1388 1113 1421 1139 ut
1432 1111 1495 1146 jam
1511 1110 1568 1137 cito
1583 1107 1771 1145 probabitur.

1030 1162 1063 1189 Et
1075 1161 1143 1188 licet
1157 1160 1188 1187 in
1209 1159 1273 1194 his,
1289 1160 1318 1186 et
1331 1157 1434 1186 multis
1457 1156 1537 1191 aliiS,
1558 1163 1642 1183 mens
1661 1162 1774 1189 anago-

995 1209 1060 1245 gice
1074 1214 1256 1242 consurgens
1271 1214 1289 1233 a
1301 1204 1452 1233 mentibus
1473 1202 1643 1238 glorificatis
1659 1201 1773 1229 incom-

994 1254 1167 1291 parabiliter
1191 1252 1353 1281 excedatur
1367 1261 1376 1286 3
1398 1252 1499 1278 tamen
1509 1270 1518 1283 ,
1542 1248 1693 1276 mediante
1720 1248 1776 1275 ista

995 1301 1156 1337 sapientia,
1173 1301 1299 1335 utraque
1315 1297 1422 1326 eadem
1436 1297 1497 1324 vita
1514 1294 1717 1332 supercoelesti
1731 1294 1775 1322 vi-

995 1348 1142 1382 vificatur,
1162 1349 1191 1375 et
1212 1346 1321 1375 eodem
1341 1352 1419 1381 pane
1439 1342 1632 1371 desiderabili
1650 1343 1776 1377 utraque

996 1394 1136 1423 reficitur.
1159 1393 1217 1422 Sed
1234 1395 1262 1421 et
1276 1401 1329 1429 per
1343 1392 1430 1420 istam
1446 1389 1585 1419 eamdem
1599 1387 1777 1425 sapientiam

997 1442 1037 1470 ad
1051 1440 1304 1474 conformitatem,
1325 1440 1415 1475 prout
1435 1436 1578 1473 possibile
1598 1438 1641 1463 est
1663 1434 1778 1470 spiritui

997 1488 1114 1522 viatori,
1125 1487 1275 1515 mentibus
1285 1485 1427 1521 angelicis
1440 1483 1574 1512 ordinate
1589 1480 1775 1518 disponitur:

999 1535 1070 1572 quia
1084 1535 1147 1571 ipse
1161 1533 1285 1569 angelus
1305 1534 1348 1560 est
1370 1530 1532 1559 substantia
1557 1527 1777 1562 intellectualis,

998 1582 1037 1610 ab
1046 1582 1128 1610 omni
1139 1579 1289 1616 corporali
1301 1578 1494 1614 depressione
1504 1576 1621 1612 penitus
1630 1575 1778 1608 absoluta,

998 1628 1179 1664 gaudiorum
1190 1627 1265 1654 lucis
1277 1628 1392 1653 aeternae
1402 1622 1637 1660 impermutabili
1648 1621 1779 1649 claritate

1000 1675 1167 1710 absorptus.
1184 1674 1241 1701 Sed
1254 1681 1323 1701 cum
1335 1672 1435 1699 divina
1448 1669 1602 1706 sapientia,
1619 1669 1700 1696 dono
1714 1675 1780 1704 gra-

999 1722 1071 1750 tuito
1086 1730 1145 1749 suae
1159 1719 1318 1748 ineffabilis
1333 1717 1491 1751 bonitatis,
1512 1716 1603 1744 menti
1624 1715 1715 1743 vianti
1739 1714 1781 1741 at-

1000 1769 1161 1797 fectionum
1176 1769 1364 1795 extensarum
1376 1765 1480 1792 notitia
1494 1761 1719 1799 experimentali
1735 1769 1780 1788 se-

1001 1817 1097 1852 ipsam
1111 1816 1285 1851 praesentem
1301 1811 1474 1845 denuntiat,
1493 1809 1595 1837 oculos
1610 1808 1780 1843 intelligen-

1002 1863 1047 1891 tiae
1061 1862 1155 1898 aperit
1167 1861 1282 1888 ratione
1298 1856 1599 1895 appropinquationis
1614 1855 1652 1883 ad
1663 1855 1759 1890 ipsam
1774 1864 1779 1881 :

1004 1910 1074 1946 quia
1089 1909 1153 1945 ipsa
1168 1909 1199 1935 in
1215 1916 1244 1935 se
1260 1905 1462 1943 propriissime
1479 1905 1522 1931 est
1536 1903 1589 1930 lux
1605 1905 1634 1930 et
1648 1901 1763 1929 claritas
1774 1923 1782 1935 ,

1004 1960 1031 1985 et
1046 1955 1151 1984 exinde
1163 1975 1171 1989 ,
1197 1962 1230 1981 ex
1263 1961 1298 1981 eo
1321 1952 1404 1988 quod
1429 1950 1547 1986 spiritus
1578 1949 1650 1985 ipsi,
1670 1949 1720 1984 qui
1744 1951 1786 1975 est

1005 2003 1150 2040 superior,
1172 2001 1296 2029 strictius
1315 2007 1368 2035 per
1389 1997 1499 2026 amoris
1520 1998 1689 2024 contactum
1715 2002 1785 2021 con-

1002 2049 1147 2085 jungitur,
1163 2056 1225 2075 non
1245 2045 1391 2074 immerito
1407 2045 1475 2080 plus
1490 2042 1667 2071 rescinditur
1682 2049 1786 2068 carna-

1006 2097 1041 2124 lis
1061 2095 1194 2129 affectio,
1218 2096 1245 2121 et
1267 2092 1373 2120 exinde
1394 2092 1424 2118 in
1446 2098 1533 2117 carne
1556 2097 1644 2124 super
1667 2095 1787 2114 carnem

1008 2145 1147 2175 extensa,
1162 2140 1257 2175 magis
1283 2147 1316 2166 ac
1332 2138 1430 2172 magis
1452 2136 1639 2168 absorbetur,
1656 2137 1684 2162 et
1701 2135 1730 2169 (e)
1747 2133 1788 2160 sic

1008 2197 1061 2225 per
1077 2187 1224 2216 desideria
1240 2185 1350 2214 amoris
1365 2184 1458 2211 vitam
1473 2183 1584 2210 ducens
1605 2180 1787 2216 angelicam,

1011 2236 1088 2263 dicat
1099 2243 1167 2262 cum
1180 2232 1322 2269 Apostolo
1336 2230 1345 2246 ἢ
1360 2240 1367 2257 z
1380 2231 1452 2258 Mihi
1465 2231 1554 2256 vivere
1567 2229 1688 2256 Clu-istus
1704 2230 1752 2261 est,
1765 2230 1790 2254 et

1009 2284 1079 2310 mori
1095 2284 1207 2309 lucrum.
1224 2281 1255 2308 In
1278 2280 1423 2315 quantum
1438 2284 1509 2311 ergo
1532 2283 1616 2303 mens
1629 2282 1683 2310 per
1697 2274 1789 2309 pedes

1011 2329 1201 2357 affectionum
1217 2327 1247 2355 in
1262 2326 1343 2362 ipso,
1363 2325 1414 2361 qui
1431 2327 1473 2352 est
1488 2332 1559 2351 vera
1578 2323 1638 2350 vita
1649 2343 1658 2355 ,
1681 2321 1791 2357 aspirat

1013 2376 1163 2404 ardentius
1179 2372 1303 2410 quietari
1316 2394 1324 2406 ,
1336 2372 1367 2399 in
1382 2373 1497 2399 tantum
1513 2370 1611 2397 minus
1626 2367 1737 2396 carnali
1752 2367 1791 2394 af-

1012 2422 1133 2451 fectioni
1153 2420 1358 2456 conjungitur,
1375 2426 1442 2445 cum
1464 2417 1569 2444 sentiat
1591 2424 1625 2443 ea
1641 2423 1706 2451 quae
1725 2416 1792 2441 sunt

1014 2471 1147 2508 spirituS,
1168 2470 1195 2496 et
1216 2475 1270 2503 per
1287 2473 1472 2501 consequens
1487 2463 1581 2498 magis
1597 2471 1630 2490 ac
1646 2461 1741 2496 magis
1762 2460 1792 2487 in

1015 2520 1073 2545 Deo
1097 2516 1284 2547 absorbetur,
1315 2515 1341 2540 et
1372 2512 1413 2539 sic
1434 2509 1660 2546 quodammodo
1685 2515 1739 2543 per
1753 2507 1791 2534 is<

1015 2568 1076 2593 tam
1089 2562 1279 2599 sapientiam,
1302 2560 1370 2588 licet
1385 2558 1508 2592 misera,
1527 2556 1627 2593 quoad
1643 2555 1698 2583 tria
1719 2563 1793 2591 pree<

1017 2612 1112 2645 dicta,
1127 2610 1158 2638 in
1172 2616 1282 2643 magna
1296 2609 1393 2635 tamen
1409 2604 1563 2639 distantia,
1576 2603 1668 2630 vitam
1683 2601 1794 2637 angeli-

1019 2667 1085 2686 cam
1098 2657 1239 2685 imitatur.

1055 2704 1110 2732 Scd
1124 2711 1178 2741 per
1193 2702 1278 2729 istam
1293 2699 1430 2728 camdem
1448 2696 1622 2732 sapientiam
1643 2694 1794 2723 rationalis
