2004 3037
486 287 536 319 DE
559 283 912 319 SAGRAMENTORUM
933 279 1123 314 VlRTUTE.
1147 279 1234 312 cat).
1257 279 1492 312 xxviii-xxx.

185 363 247 384 non
266 357 365 384 tamen
387 355 511 392 possunt
533 361 637 383 omnes
664 352 758 389 ligare
780 354 808 380 et
833 350 963 385 solvere,

185 402 261 431 sicut
289 400 554 436 excommunicati,
584 400 739 438 suspensi,
761 397 910 434 haeretici,
937 398 966 426 ct

187 449 329 478 damnati.
345 449 404 478 Hoc
420 450 519 477 autem
537 455 598 476 non
622 449 665 476 est
678 447 801 484 propter
816 445 965 474 defectum

187 495 316 530 ordinis,
335 495 387 523 sed
407 495 477 531 quia
494 502 556 522 non
574 494 686 522 liabent
707 492 862 521 materiam
877 491 963 520 debi-

186 543 258 576 tam,
281 541 391 570 scilicet
415 540 562 575 subditos,
587 540 638 578 qui
659 540 831 568 auferuntur
858 539 896 567 ab
923 538 965 566 eis

187 596 255 618 cum
282 587 585 617 excommunicantur.
617 589 737 615 Possunt
766 589 865 615 tamen
893 585 966 614 tales

186 635 351 672 baptizare,
373 635 445 671 quia
460 634 518 663 hoo
538 636 580 662 est
601 635 819 662 sacramentum
841 633 967 662 necessi·

187 682 263 711 tatis.
284 683 408 710 Possunt
425 681 514 710 etiam
536 681 608 710 tales
628 681 839 709 Eucharistiam
863 688 967 709 conse-

188 736 284 763 crare,
300 728 371 765 quia
389 728 447 756 hoc
461 727 691 756 substantialiter
711 727 841 756 adhoeret
857 727 966 756 ordini.

224 775 385 804 Dicendum
398 775 486 803 etiam
500 775 583 811 quod
593 774 693 803 nullus
703 776 800 811 potest
812 774 967 803 absolvere

190 821 396 855 confitentem,
420 822 476 849 nisi
497 822 635 858 proprius
656 821 805 850 sacerdos.
830 821 968 858 Proprius

189 876 262 897 vcro
276 868 414 896 sacerdos
429 868 536 896 dicitur
555 876 604 896 sex
620 868 717 896 modis
733 877 739 896 :
760 868 857 904 primo
874 867 968 896 modo

191 915 254 951 ipse
270 917 368 943 Pastor
388 915 538 950 Ecclesiae;
555 915 702 950 secundo,
723 923 776 951 per
791 915 968 943 determina-

191 961 301 990 tionem
317 961 488 998 superioris,
508 963 540 989 ut
557 954 678 997 vicarii3
695 962 789 997 tertio,
809 970 862 998 per
879 961 969 997 privi-

190 1008 302 1044 legium
325 1007 507 1044 quibusdam
531 1008 692 1042 indultum,
715 1010 746 1036 ut
767 1011 835 1036 sunt
857 1009 969 1037 Fratres

191 1054 409 1089 praedicatores,
421 1056 449 1082 et
462 1054 586 1082 Minores
597 1064 606 1090 ς
623 1057 740 1091 quarto,
755 1063 809 1091 per
821 1055 969 1083 licentiam

189 1101 302 1138 proprii
318 1100 496 1135 sacerdotis,
513 1101 586 1129 dum
602 1103 698 1129 tamen
721 1109 783 1129 non
806 1101 971 1130 licentietur

189 1148 245 1177 nisi
261 1148 306 1176 vir
322 1147 474 1183 discretus,
488 1149 515 1176 et
528 1149 678 1183 honestus,
691 1151 718 1176 et
734 1157 801 1176 vere
815 1149 967 1185 sacerdos;

190 1197 316 1233 quinto,
345 1199 466 1234 propter
494 1198 716 1232 necessitatem,
745 1198 816 1234 quia
844 1198 969 1226 instante

190 1244 294 1272 mortis
312 1244 445 1280 periculo
464 1244 589 1280 quilibet
602 1244 741 1272 sacerdos
760 1246 855 1280 potest
869 1245 970 1273 absol-

191 1298 271 1326 verc,
293 1293 320 1319 et
342 1290 492 1327 peregrini
511 1291 708 1319 absolvuntur
732 1291 770 1318 ab
793 1291 861 1326 illis,
889 1291 970 1327 apud

191 1340 359 1374 quos-sunt.
376 1339 477 1374 Sexto,
496 1340 618 1375 propter
640 1338 787 1366 defectum
809 1339 854 1366 sui
873 1347 969 1367 saeer-

191 1384 284 1420 dotis,
302 1385 423 1422 quando
445 1385 556 1414 scilicet
575 1387 617 1414 est
640 1385 749 1420 idiota,
772 1386 820 1413 vel
836 1386 972 1421 proditor

192 1431 396 1467 confessionis,
419 1432 467 1460 vcl
490 1433 612 1468 quando
631 1433 705 1460 solet
723 1433 861 1460 mulieres
879 1433 970 1460 conti-

191 1478 283 1505 tentes
303 1478 438 1514 procari:
463 1480 531 1506 tuuc
553 1478 648 1512 enim,
663 1479 687 1506 si
708 1487 770 1507 non
791 1479 903 1507 invenit
917 1479 971 1507 ali-

191 1532 282 1560 quem
297 1524 349 1560 qui
369 1525 572 1553 auctoritatem
594 1525 713 1560 habeat,
738 1525 863 1554 efficitur
886 1526 911 1553 ei
927 1534 972 1554 sa-

191 1570 296 1598 cerdos
312 1571 451 1607 proprius
471 1579 532 1599 non
551 1571 686 1607 quilibet,
702 1571 755 1599 sed
776 1571 929 1607 discretus,
945 1575 973 1601 et

191 1615 342 1653 honestus,
369 1619 396 1645 et
412 1621 514 1654 notus,
531 1618 578 1646 vel
594 1626 629 1646 ex
651 1618 772 1653 ordine,
791 1618 839 1646 vet
854 1626 889 1647 ex
909 1627 973 1655 per-

192 1672 275 1693 sona.

420 1717 562 1751 CAPUT
586 1718 740 1752 XXVIII.

395 1786 432 1814 Dc
456 1788 549 1822 siyz'llo
577 1787 769 1821 Confessionis.

228 1856 267 1882 Ea
281 1862 347 1890 quae
360 1855 502 1889 geruntur
517 1854 643 1882 exterius
656 1855 686 1882 in
701 1855 890 1883 sacramentis
905 1857 973 1883 sunt

193 1900 278 1935 signa
291 1909 407 1935 rerum,
423 1909 489 1937 qnoe
509 1901 630 1929 interius
650 1902 824 1936 contingunt
840 1911 845 1929 :
862 1904 889 1929 et
904 1902 971 1930 ideo

194 1947 349 1982 confessio,
362 1956 421 1983 qua
435 1948 500 1983 quis
515 1948 660 1976 sacerdoti
671 1957 700 1975 sc
715 1949 841 1984 subjicit,
853 1949 972 1984 signum

195 1995 237 2021 est
263 1993 418 2027 interioris,
448 2003 508 2030 qua
529 1995 596 2030 quis
619 1996 677 2022 Deo
707 1995 869 2030 subjicitur·
898 1997 972 2023 Deus

195 2041 293 2067 antem
311 2043 464 2076 peccatum
485 2041 583 2076 illius,
605 2042 656 2077 qui
677 2050 707 2069 sc
729 2042 786 2069 sibi
808 2051 861 2078 per
879 2042 973 2079 poeni-

196 2086 316 2114 tentiam
339 2087 471 2122 subjicit,
488 2088 568 2122 tegit.
594 2089 674 2115 Unde
691 2090 806 2123 oportet
821 2089 857 2116 dc
872 2097 971 2117 neces-

194 2132 277 2160 sitate
299 2134 490 2167 sacramenti,
507 2134 590 2169 quod
610 2134 748 2161 sacerdos
769 2134 841 2162 celet
858 2136 971 2163 conses-

194 2179 318 2207 sionem.
333 2180 405 2207 Sunt
423 2182 451 2208 et
470 2180 534 2208 aliae
548 2180 636 2216 hujus
651 2181 802 2209 celationis
813 2181 947 2210 utilitates
964 2191 971 2210 :

194 2225 265 2262 quia
283 2234 337 2262 per
357 2226 416 2255 hoc
432 2227 568 2255 homines
586 2227 681 2263 magis
700 2227 739 2256 ad
757 2228 972 2257 confessionem

193 2272 393 2307 attrahuntur,
416 2275 444 2301 et
463 2274 625 2310 simplicius
646 2276 767 2310 peccata
786 2275 971 2303 confitentur.

194 2319 336 2347 Sacerdos
353 2322 451 2348 autem
469 2328 531 2348 non
553 2321 651 2348 solum
674 2321 762 2349 debet
785 2321 881 2349 celare
904 2329 972 2357 pec-

195 2367 292 2393 catum
314 2367 397 2402 quod
421 2367 452 2394 in
471 2367 654 2395 confessione
679 2368 795 2403 recipit,
816 2368 972 2395 sedetiam

195 2412 295 2440 omnia
312 2413 370 2440 alia
387 2413 472 2448 signa
492 2422 545 2449 per
561 2422 626 2450 quae
642 2417 741 2450 posset
765 2417 902 2450 peccator
923 2417 974 2442 aut

195 2460 348 2493 peccatum
364 2460 587 2496 comprehendi.
603 2462 697 2489 Potest
712 2463 810 2489 autem
827 2461 972 2497 paenitens

194 2505 301 2540 facere,
313 2506 430 2534 utillud
444 2507 527 2543 quod
541 2508 679 2536 sacerdos
690 2517 744 2544 per
756 2508 972 2536 consessionem

195 2551 251 2579 sibi
264 2552 372 2580 factam
391 2553 502 2582 sciebat
521 2556 551 2581 ut
566 2555 656 2589 Deus,
672 2555 745 2582 sciat
768 2557 800 2582 ut
820 2555 922 2582 homo.
941 2555 973 2582 Et

195 2596 252 2625 hoc
266 2598 349 2633 facit,
370 2599 442 2627 dum
457 2600 586 2628 licentiat
608 2609 676 2629 eum
696 2602 734 2629 ad
752 2601 928 2629 dicendum:
945 2603 973 2629 et

196 2643 265 2672 ideo
279 2645 303 2672 si
318 2645 396 2679 dicit,
413 2655 475 2674 non
496 2646 605 2683 frangit
622 2648 752 2684 sigillum
769 2648 970 2677 confessionis.

197 2690 225 2718 Si
239 2693 338 2719 autem
348 2695 504 2728 quaeratur,
516 2696 615 2722 utrum
623 2694 655 2722 id
668 2695 752 2732 quod
765 2695 817 2724 scit
833 2695 972 2723 sacerdos

198 2745 250 2772 per
264 2737 488 2775 confessionem,
504 2743 531 2769 et
545 2741 599 2769 scit
618 2742 677 2770 alio
694 2742 802 2778 modo,
821 2741 913 2778 possit
928 2749 970 2769 re-

1737 281 1791 311 2⁶2¹

1021 347 1118 376 velare
1130 356 1139 384 3
1155 355 1244 384 super
1258 347 1316 376 hoc
1332 347 1456 375 diversoe
1474 348 1543 376 sunt
1557 346 1728 384 opiniones,
1745 347 1799 376 sed

1019 394 1082 424 hoec
1099 396 1141 423 est
1160 394 1275 427 verior,
1296 394 1367 431 quia
1389 394 1451 423 sive
1469 394 1608 423 sacerdos
1629 393 1702 423 sciat
1722 393 1799 423 illud

1019 443 1173 478 peccatum
1195 443 1263 470 ante
1285 440 1502 470 confessionem
1522 441 1579 469 sibi
1599 440 1723 476 factam,
1737 441 1798 469 sive

1019 490 1102 524 post,
1117 497 1179 517 non
1194 490 1308 518 tenetur
1328 488 1438 523 celare,
1453 489 1598 524 quantum
1617 487 1656 516 ad
1671 487 1702 515 id
1716 487 1800 524 quod

1020 536 1073 564 scit
1085 538 1116 564 ut
1125 536 1228 564 homo.
1239 537 1313 564 Nota
1323 535 1406 571 quod
1415 534 1468 562 iste
1481 536 1524 562 est
1535 534 1644 563 modus
1658 533 1776 563 dicendi
1791 544 1798 563 :

1023 593 1037 609 «
1050 583 1118 611 Dico
1129 582 1182 611 tibi
1192 583 1223 610 in
1231 581 1414 611 confessione
1423 591 1431 617 ς
1441 591 1455 608 n
1472 583 1499 610 et
1513 589 1573 609 non
1585 581 1733 610 clauditur
1744 580 1800 610 talc

1022 629 1135 658 dictum
1157 629 1254 665 sigillo
1276 628 1483 664 confessionis,
1500 629 1571 665 quia
1589 636 1650 657 non
1668 630 1801 658 servatur

1021 676 1064 705 ibi
1077 676 1187 705 modus
1203 676 1397 705 confessionis
1408 675 1457 705 vel
1471 675 1558 704 ordo.

1229 770 1409 805 CAPUT
1446 769 1597 804 XXIX.

1285 845 1323 871 De
1338 844 1542 877 Satisfactioue.

1059 914 1136 942 Sicut
1156 913 1186 941 in
1201 912 1288 942 bellis
1303 915 1331 941 et
1345 912 1567 947 controversiis,
1583 911 1713 940 restituta
1728 913 1802 941 ami-

1024 961 1101 995 citia,
1116 969 1178 989 non
1192 960 1290 988 statim
1306 960 1466 988 restituitur
1481 959 1614 987 debitum
1627 958 1700 987 illati
1715 959 1802 987 dam-

1023 1007 1072 1043 ni;
1088 1008 1128 1036 ita
1145 1009 1213 1043 post
1231 1007 1436 1036 remissionem
1457 1007 1551 1043 culpae
1568 1006 1598 1034 in
1616 1006 1802 1041 contritione,

1024 1062 1076 1082 seu
1094 1054 1295 1087 confessione,
1309 1056 1442 1082 remanet
1462 1053 1595 1081 debitum
1612 1061 1708 1089 poenae
1721 1053 1804 1081 satis-

1023 1099 1162 1129 factoriae.
1182 1101 1309 1136 injungit
1329 1102 1427 1128 autem
1447 1099 1586 1128 sacerdos
1607 1100 1746 1136 quaedam
1763 1099 1804 1128 ad

1025 1147 1230 1176 satisfactionis
1251 1147 1496 1181 fundamentum,
1520 1147 1593 1175 sicut
1615 1147 1761 1175 abstinere
1785 1154 1803 1174 a

1026 1196 1160 1230 peccato,
1185 1197 1212 1222 ct
1238 1195 1388 1222 restituere
1417 1194 1551 1222 ablatum
1560 1203 1567 1228 ;
1596 1193 1736 1230 quaedam
1763 1193 1804 1221 ad

1025 1240 1231 1269 satisfactionis
1250 1241 1488 1277 expeditionem,
1504 1242 1536 1268 ut
1555 1243 1598 1268 est
1619 1240 1711 1268 vitare
1734 1233 1805 1268 con-

1025 1287 1116 1315 sortia
1130 1288 1295 1322 malorum;
1312 1287 1450 1324 quaedam
1470 1287 1598 1322 injungit
1612 1287 1652 1314 ad
1669 1286 1805 1314 substan-

1025 1334 1097 1362 tiam
1120 1333 1339 1369 satisfactionis,
1354 1337 1387 1362 ut
1406 1334 1555 1370 jejunare,
1570 1333 1712 1369 vigilare,
1733 1334 1804 1361 dare

1026 1380 1259 1416 eleemosynam,
1274 1381 1468 1417 peregrinari,
1486 1383 1514 1408 et
1526 1380 1698 1416 hujusmodi
1714 1388 1804 1416 opera

1026 1428 1172 1463 poenalia;
1195 1428 1332 1464 quaedain
1347 1428 1473 1463 injungit
1493 1427 1532 1455 ad
1552 1427 1762 1463 perfectionem
1777 1430 1805 1455 et

1026 1475 1211 1503 securitatem
1227 1475 1439 1510 satisfactionis,
1455 1476 1487 1502 ut
1502 1477 1568 1502 sunt
1581 1483 1672 1511 opera
1686 1483 1805 1511 superc-

1025 1522 1198 1556 rogationis.

1063 1568 1223 1596 satisfactio
1241 1568 1329 1596 debet
1343 1568 1524 1604 respondere
1539 1568 1632 1604 culpas
1647 1568 1677 1596 in
1699 1567 1803 1603 tribus,

1028 1615 1138 1642 scilicet
1161 1617 1184 1642 t.
1216 1615 1246 1642 in
1274 1623 1399 1642 numero
1422 1614 1427 1630 ¹
1449 1625 1454 1642 :
1485 1616 1589 1642 Lavabo
1612 1623 1660 1650 per
1682 1616 1803 1650 singulas

1027 1664 1130 1696 noctes,
1150 1664 1203 1689 eto.
1225 1664 1251 1689 2.
1273 1664 1305 1690 ln
1327 1661 1477 1697 pondere3
1497 1661 1674 1697 Augustinus
1691 1671 1697 1690 :
1724 1672 1738 1688 «
1758 1662 1802 1690 Li-

1027 1707 1130 1736 benter
1145 1709 1234 1736 debet
1256 1708 1352 1736 tacere
1374 1708 1550 1735 immortalis
1575 1708 1704 1743 futurus,
1720 1717 1801 1745 quae-

1028 1762 1156 1791 cumque
1172 1755 1279 1783 faceret
1298 1763 1353 1790 pro
1378 1754 1544 1783 differenda
1564 1757 1658 1782 morte
1680 1755 1802 1783 moritu-

1027 1810 1086 1830 rus.
1113 1812 1127 1827 »
1156 1804 1181 1829 3.
1214 1803 1245 1829 ln
1273 1810 1430 1836 mensura3
1460 1802 1637 1837 Gregorius:
1671 1813 1685 1828 «
1713 1804 1803 1831 Tanto

1027 1850 1160 1885 tempore
1182 1849 1270 1876 debet
1294 1857 1355 1876 esse
1380 1849 1547 1877 amaritudo
1566 1849 1596 1876 in
1616 1849 1802 1885 poenitentia,

1028 1897 1140 1931 quanto
1155 1895 1209 1923 fuit
1225 1895 1255 1923 in
1276 1896 1373 1931 culpa.
1389 1906 1403 1922 »
1421 1897 1476 1924 Ista
1494 1896 1548 1924 tria
1568 1897 1759 1933 requiruntur
1773 1898 1803 1926 in

1027 1942 1199 1978 poenitentia
1222 1942 1386 1970 secundum
1405 1943 1656 1978 convenientiam,
1677 1951 1738 1972 non
1761 1951 1804 1971 sc·

1029 1989 1161 2017 cundum
1175 1989 1388 2018 necessitatem.

1276 2083 1418 2117 CAPUT
1442 2084 1550 2117 XXX.

1048 2156 1084 2181 De
1101 2155 1213 2188 stimulis
1231 2155 1358 2189 partibus
1375 2155 1575 2189 Satisfaetz'om's
1595 2157 1623 2183 in
1642 2160 1783 2186 communi.

1065 2223 1271 2251 satisfactionis
1282 2223 1420 2260 quaedam
1430 2226 1601 2261 suntpartes
1614 2226 1802 2263 principales,

1029 2270 1138 2298 scilicet
1154 2270 1266 2304 oratio,
1280 2270 1426 2305 jejunium
1438 2291 1446 2306 ,
1463 2274 1490 2298 et
1506 2272 1712 2309 eleemosyna,
1727 2282 1804 2310 quae-

1029 2318 1100 2345 dam
1114 2325 1183 2345 vero
1198 2317 1394 2352 secundariae,
1410 2326 1476 2354 quae
1491 2318 1530 2346 ad
1544 2319 1597 2347 bas
1612 2320 1803 2354 reducuntur,

1029 2367 1060 2393 ut
1080 2365 1203 2400 vigilite,
1221 2365 1490 2401 peregrinationes,
1513 2366 1683 2402 disciplinae.
1706 2367 1804 2395 Dicen-

1029 2412 1102 2440 dum
1121 2421 1193 2447 ergo
1214 2412 1295 2448 quod
1312 2412 1413 2440 omnia
1431 2420 1522 2448 opera
1540 2421 1659 2441 carnem
1673 2413 1804 2449 affligen-

1028 2459 1066 2486 tia
1081 2459 1261 2487 reducuntur
1276 2459 1315 2486 ad
1331 2459 1495 2494 jejunium3
1512 2460 1612 2487 omnia
1628 2468 1719 2495 opera
1732 2450 1803 2489 v'ero

1028 2505 1207 2541 spiritualia,
1227 2505 1265 2532 ad
1284 2506 1464 2540 orationen1;
1485 2506 1586 2534 omnia
1603 2509 1697 2534 autem
1713 2515 1803 2543 opera

1028 2552 1247 2585 misericordiae,
1258 2551 1297 2579 ad
1312 2551 1544 2588 eleemosynam.

1064 2598 1242 2627 sufficientia
1264 2598 1393 2634 partium
1414 2598 1622 2634 principalIum
1640 2601 1736 2635 potest
1754 2607 1803 2628 ac-

1029 2645 1087 2680 cipi
1105 2647 1239 2682 respectu
1254 2644 1371 2673 termini
1386 2653 1403 2674 a
1423 2653 1482 2682 quo
1503 2647 1545 2673 est
1562 2647 1659 2675 motus
1672 2647 1802 2676 satisfac-

1064 2745 1152 2769 ¹Psul.
1170 2751 1202 2775 vx,
1219 2747 1240 2768 7.
