2004 3037
253 247 292 277 48
845 241 1018 276 MYSTicA
1037 238 1275 294 THEOLOGla.

250 312 339 348 dum,
360 315 476 341 terrena
493 311 604 348 gaudia
626 312 656 340 et
671 318 798 347 regnum
822 309 939 340 diaboli
957 316 1028 338 con-

250 359 387 389 culcavit.
406 361 440 388 Et
465 359 535 387 ideo
556 358 613 388 sibi
636 367 690 396 per
711 359 890 396 Prophetam
911 357 1028 387 deside-

248 407 326 435 ranti
353 406 477 434 dilectus
503 405 692 442 repromisit,
718 408 752 434 ut
777 405 917 434 videlicet
943 413 1029 434 suam

248 453 421 490 petitionem
439 460 501 480 non
521 452 620 480 solum
644 452 827 488 exaudiens,
847 453 901 481 sed
921 453 952 480 in
975 460 1029 480 sua

247 499 408 528 tentatione
433 501 576 536 tanquam
603 499 674 528 felix
697 499 760 528 dux
784 502 812 528 et
837 508 955 534 comes,
975 507 1029 527 sua

244 546 380 582 jucunda
393 546 549 583 praesentia
563 546 659 583 ipsam
684 547 812 575 totaliter
835 546 986 582 liberabit,
1002 548 1030 574 et

246 601 302 629 pro
317 593 441 621 victoria
461 595 490 621 et
512 592 652 621 fidelitate
673 593 767 630 ipsius
786 593 966 629 pugnando,
983 593 1028 630 ip-

246 647 311 668 sam
331 648 444 668 corona
469 640 572 675 gloriae
594 640 772 676 proemiabit,
801 640 842 668 sic
868 640 970 668 dicens
993 642 1027 668 ¹:

248 686 382 714 clamabit
401 687 438 714 ad
457 695 510 718 me.
527 690 553 715 et
574 695 620 722 29⁰
639 687 786 716 eaeaudiam
805 695 879 723 eum,
895 695 953 715 cum
968 689 1028 723 ipso

245 741 305 760 sum
319 735 350 760 in
366 734 556 769 tribulatione,
573 736 628 762 etc.

281 780 375 808 Tertia
388 780 463 808 ratio
477 782 530 814 est,
540 783 663 817 propter
678 789 769 817 quam
779 781 852 818 petit
864 790 881 809 a
893 781 1027 818 periculo

245 828 387 863 liberari,
407 828 479 865 quia
493 836 576 858 mens
589 829 672 857 unita
690 830 749 857 Deo
765 829 829 864 jam
843 836 905 856 non
925 828 1029 865 quaerit

245 883 312 911 quae
335 883 388 903 sua
411 878 495 910 sunt,
520 875 636 904 felicem
658 875 818 912 insequens
836 875 1027 911 magistrum,

246 924 294 957 qui
307 921 318 937 ²
336 924 406 956 facit
422 924 503 950 solem
515 931 594 950 suum
613 923 684 950 oriri
700 930 781 958 super
796 923 875 950 bonos
890 925 915 950 et
931 923 1025 954 malos,

246 972 271 997 et
283 971 358 1005 pluit
376 978 456 1006 super
467 971 556 1005 justos
573 973 598 998 et
614 971 744 1005 injustos,
764 971 796 998 id
810 973 866 1006 est,
886 970 1027 998 bonitatis

245 1024 307 1044 suoe
323 1016 425 1044 radios
446 1017 477 1045 in
491 1017 579 1045 bonis
591 1017 783 1052 submittens,
803 1020 832 1045 et
850 1017 958 1045 deinde
973 1025 1028 1054 per

245 1063 326 1100 ipsos
341 1063 379 1091 ad
394 1063 524 1100 seipsum
539 1064 704 1099 attrahens,
723 1072 810 1100 super
827 1064 924 1092 malos
939 1064 1027 1092 etiam

246 1112 405 1146 expectans
420 1110 582 1139 forinsecus
588 1131 596 1145 ,
610 1111 685 1138 sicut
698 1111 800 1139 radius
812 1111 917 1139 solaris
931 1111 970 1139 ad
983 1111 1027 1139 fe-

245 1159 376 1185 nestram
392 1157 523 1185 clausam
544 1159 693 1193 expectat,
712 1157 750 1185 de
765 1160 872 1185 natura
887 1157 1027 1186 bonitatis

245 1211 305 1231 suae
321 1203 490 1232 nullatenus
505 1204 709 1238 retrocedens,
723 1204 774 1232 sed
796 1204 918 1240 pulsans
933 1205 1027 1232 conti-

245 1258 320 1285 nue,
341 1258 378 1278 ne
397 1258 451 1287 per
467 1250 614 1278 desectum
634 1249 726 1286 ipsius
740 1251 931 1286 conterentis,
948 1251 1027 1279 nllus

244 1297 363 1333 spiritus
391 1297 559 1332 rationalis,
582 1297 761 1325 Christianus
782 1298 935 1333 videlicet,
960 1298 1026 1326 infi-

245 1343 319 1371 delis
341 1343 465 1380 aliquis,
486 1344 533 1371 vel
557 1343 690 1378 Judaeus,
712 1344 805 1372 divini
833 1345 943 1372 amoris
963 1345 1027 1373 ino-

243 1390 325 1426 piam
338 1391 476 1426 patiatur.
488 1390 542 1424 Qui
558 1398 629 1425 ergo
645 1390 773 1418 fideliter
788 1391 897 1427 diligit,
913 1391 1030 1420 laboret

243 1437 380 1464 attentius
405 1439 464 1464 tam
489 1437 622 1465 oratione
647 1437 795 1471 interiori,
822 1446 913 1474 quam
937 1439 1026 1466 etiam

243 1483 387 1519 spirituali
403 1484 536 1519 quodam
552 1483 707 1517 exercitio,
722 1492 790 1512 cum
806 1484 913 1512 viderit
929 1485 1027 1512 multi-

242 1530 362 1566 plicem,
376 1531 434 1565 vel,
450 1533 482 1558 ut
496 1530 615 1566 planius
628 1533 656 1558 et
670 1531 769 1558 verius
784 1531 945 1567 proferam,
962 1532 1027 1559 infi-

243 1577 335 1604 nitam
353 1579 480 1612 stragem
502 1577 686 1610 animarum,
706 1579 738 1604 ut
753 1585 857 1605 omnes
877 1578 915 1605 ad
935 1578 1026 1606 vitam

243 1624 353 1651 amoris
368 1623 460 1651 mutui
477 1624 663 1657 suscitentur,
679 1626 706 1651 et
726 1625 859 1651 exciecati
877 1625 970 1652 oculis
984 1625 1027 1652 in-

243 1670 417 1703 terioribus,
440 1670 478 1697 ad
499 1671 699 1705 cognitionem
720 1671 893 1706 perveniant
909 1672 1027 1699 lucidis-

243 1717 324 1744 simae
346 1717 488 1744 veritatis.
506 1717 580 1750 Quia
604 1725 675 1751 crgo
699 1725 782 1744 mens
797 1718 878 1745 unita
895 1719 967 1752 Deo,
983 1726 1026 1746 ra-

243 1763 321 1791 tione
337 1763 487 1798 amicitiae,
505 1771 522 1790 a
544 1763 650 1791 dilecto
670 1765 766 1798 potest
785 1772 875 1799 quam
896 1764 1026 1799 plurima

243 1810 389 1837 beneficia
405 1809 609 1845 peccatoribus
626 1809 795 1845 impetrare,
809 1810 880 1846 quia
891 1810 1026 1838 fidelium

243 1865 277 1884 ac
298 1857 450 1884 veracium
478 1856 643 1884 amicorum
667 1859 710 1884 cst
737 1865 791 1892 pcr
817 1858 919 1885 omnia
945 1858 1025 1885 idem

242 1903 329 1938 velle,
341 1906 369 1931 et
383 1903 463 1931 idem
479 1903 569 1937 nolle,
583 1905 608 1931 et
625 1912 694 1931 cum
709 1903 747 1931 ad
762 1904 819 1931 hoc
839 1904 890 1932 dat
903 1913 1025 1940 operam

242 1950 409 1984 sollicitam,
419 1952 515 1986 potest
526 1950 659 1984 multam,
670 1950 786 1977 orando
798 1953 826 1978 et
839 1951 1024 1979 obsecrando

243 1997 394 2031 dilectum,
406 1997 520 2024 auferre
532 1996 662 2032 proedam
677 1997 714 2024 ab
729 1997 875 2032 hostilius,
885 2000 911 2025 et
927 1998 956 2025 in
968 1998 1024 2026 hoc

243 2044 478 2079 indignationem
503 2043 697 2071 furibundam
724 2044 888 2078 incurrere,
914 2045 1024 2073 etideo

242 2091 314 2126 petit
327 2099 381 2126 pro
398 2090 539 2118 omnibus
554 2090 592 2117 ab
614 2090 748 2126 ipsorum
764 2090 879 2126 laqueis
891 2091 1022 2118 liberari.

279 2137 335 2165 Sed
352 2137 454 2164 ultima
469 2139 511 2164 cst
532 2137 623 2171 ratio,
646 2136 811 2164 secundum
831 2137 913 2172 quod
929 2138 1025 2172 magis

244 2184 381 2211 convenit
402 2184 537 2219 praesenti
558 2183 706 2217 tractatui,
729 2183 800 2219 quia
821 2184 1024 2219 experimento

243 2230 458 2266 prteeognovit,
485 2238 576 2265 quam
603 2238 690 2257 suave
715 2230 768 2257 fuit
797 2230 937 2258 dilectum
964 2233 1024 2259 tam

243 2277 407 2311 benignum
423 2276 557 2311 diligere,
572 2276 627 2303 hoc
644 2279 737 2303 morte
753 2277 882 2303 amarius
897 2280 1023 2313 reputat,

243 2323 326 2359 quod
346 2323 376 2350 in
399 2323 518 2350 modico
544 2323 658 2350 tantillo
681 2323 859 2357 consentiat,
880 2326 912 2350 ut
931 2332 948 2351 a
964 2326 1023 2352 tam

242 2370 319 2397 t'elici
335 2370 499 2402 consortio,
516 2377 570 2397 nec
595 2369 702 2403 modo,
720 2377 774 2396 nec
793 2369 822 2396 in
846 2373 1022 2405 perpetuum

243 2420 404 2453 separetur,
420 2417 480 2444 imo
503 2417 590 2443 etiam
612 2415 799 2443 intolerabile
820 2415 966 2450 dedecus,
992 2420 1023 2444 ut

243 2471 345 2497 meus,
370 2472 435 2499 quae.
456 2463 540 2490 sentit
558 2463 605 2498 pie
622 2471 687 2498 quae
707 2463 741 2489 sit
767 2462 819 2490 ista
838 2463 1022 2498 jucunditas,

243 2519 345 2538 aurem
358 2511 499 2539 inclinare
514 2511 552 2538 ad
565 2511 754 2538 inimicorum
765 2510 928 2546 colloquia,
939 2519 1022 2538 mun-

244 2557 321 2585 dana
350 2557 474 2592 gaudia.
502 2557 549 2583 vot
576 2559 706 2584 terrenas
733 2557 849 2584 divitias
872 2557 1020 2592 dignetur,

275 2621 282 2636 ¹
305 2621 372 2646 I’sat'.
397 2627 442 2651 (c,
467 2621 503 2644 ΗΞ.
525 2633 552 2637 -
574 2621 584 2636 ²
609 2620 709 2648 illultli„
737 2626 760 2649 V,
786 2621 822 2643 35.
843 2633 874 2636 —
891 2619 901 2635 ³
919 2620 1020 2649 Jt'1·t'm.,

244 2662 272 2686 11,
292 2658 328 2680 1¹).

1084 308 1246 344 tanquam,
1268 307 1343 344 quid
1363 307 1401 336 sit
1419 315 1489 336 vere
1511 307 1644 344 honum,
1662 316 1727 338 non
1751 308 1865 346 experi-

1083 354 1251 382 mentaliter
1265 354 1470 390 cognovisset:
1491 363 1560 383 cum
1579 355 1645 391 ipsa
1657 355 1787 384 maxime
1801 355 1864 384 teli-

1085 400 1156 429 citer
1171 400 1288 436 edocta,
1297 401 1413 430 animas
1424 401 1601 438 peccatrices
1610 402 1783 438 iurgaverit,
1793 402 1865 440 quia

1084 447 1122 475 ab
1129 447 1186 476 ista
1194 447 1300 476 tontdi
1310 448 1444 476 bonitate
1455 448 1662 477 miserabiliter
1671 451 1864 484 recesserunt,

1085 493 1127 522 sic
1142 494 1245 522 dicens
1259 496 1286 523 ³:
1302 495 1407 531 Arquet
1422 499 1448 523 te
1459 497 1568 524 malitia
1582 498 1644 528 tua,
1660 499 1687 524 et
1699 498 1803 524 aversio
1817 498 1865 524 tua

1083 541 1237 577 increpabit
1251 545 1286 570 te.
1309 543 1414 570 Postea
1435 542 1537 571 subdit
1557 542 1720 578 ralionem,
1743 542 1862 571 dicens:

1083 586 1155 615 Scito
1165 608 1172 620 ,
1189 591 1214 616 et
1228 589 1304 622 vide,
1320 591 1388 624 quia
1405 589 1502 617 durum
1517 592 1543 617 et
1557 597 1681 625 asperum
1695 589 1733 626 (α)
1749 592 1788 618 est
1801 590 1865 618 reli-

1083 635 1173 668 quisse
1194 637 1217 662 te
1241 635 1383 663 Dominum
1401 637 1484 664 Deum
1499 638 1593 671 tuum,
1606 636 1756 673 duplicem
1770 636 1866 664 infeli-

1083 680 1202 709 citatem
1216 681 1312 718 ipsam
1326 682 1496 718 significans
1509 682 1666 711 incurrisse
1679 690 1686 709 :
1706 683 1794 719 quia,
1811 691 1865 719 per

1083 727 1238 763 malitiam,
1249 731 1389 757 creaturoe
1398 729 1529 758 interiori
1537 729 1738 758 inverecunde
1744 729 1866 758 adhoesit

1082 776 1204 813 propter
1214 777 1457 804 momentaneam
1470 775 1706 811 delectationem,
1717 777 1796 812 justo
1811 776 1862 804 Dei

1080 824 1210 860 judicio,
1226 831 1288 851 non
1304 823 1549 858 oblectationem,
1564 823 1617 852 sed
1634 823 1864 852 amaritudinem

1082 871 1182 907 potius
1200 870 1382 906 reportabit,
1403 872 1436 898 ut
1454 870 1506 907 qui
1525 862 1623 898 satiari
1638 869 1731 898 voluit
1748 870 1779 898 in
1793 869 1864 906 ipsis

1083 917 1331 946 delectationibus
1352 918 1570 951 creaturarum,
1584 916 1706 944 infinitis
1722 917 1863 944 amaritu—

1083 965 1204 993 dinibus
1219 964 1378 1001 repleatur,
1394 964 1465 1000 quia
1479 965 1592 1000 quanto
1607 963 1763 993 delectatio
1778 972 1863 992 mun-

1083 1012 1162 1040 dana
1182 1011 1301 1047 spiritus
1323 1013 1434 1039 secreta
1454 1010 1627 1046 ingreditur,
1647 1013 1728 1039 tanto
1746 1019 1862 1040 veneno

1082 1058 1221 1095 pestifero
1236 1057 1466 1086 lamentabiliter
1480 1057 1581 1086 anima
1595 1057 1785 1094 adimpletur,
1800 1066 1862 1086 non

1082 1107 1198 1133 tantum
1217 1104 1345 1139 malitia,
1366 1112 1427 1140 qua
1448 1105 1546 1140 spreto
1564 1105 1699 1132 creatore
1721 1107 1862 1133 creaturae

1083 1152 1216 1186 adhaesit,
1227 1159 1280 1180 sua
1295 1151 1426 1179 interiori
1439 1150 1550 1179 vilitate
1566 1151 1673 1186 arguIt,
1687 1151 1740 1179 sed
1755 1151 1861 1181 divisio

1083 1207 1100 1227 a
1114 1199 1194 1227 fonte
1212 1198 1300 1227 totius
1318 1197 1510 1227 beatitudinis
1528 1198 1680 1234 increpat:
1699 1199 1770 1235 quia
1787 1198 1863 1227 sicut

1082 1247 1144 1283 ipse
1164 1249 1207 1274 est
1229 1254 1380 1274 summum
1404 1244 1518 1272 bonum
1543 1247 1571 1272 et
1597 1244 1710 1279 solum,
1740 1248 1768 1273 et
1793 1245 1862 1274 ideo

1083 1294 1185 1322 omnia
1199 1293 1338 1321 dicuntur
1351 1293 1447 1327 bona,
1456 1292 1495 1332 in
1509 1294 1653 1328 quantum
1667 1292 1766 1328 ipsum
1781 1300 1862 1320 com—

1082 1341 1189 1376 pletius
1211 1340 1398 1376 participant.
1419 1338 1506 1373 Quod
1528 1346 1588 1366 non
1613 1338 1689 1367 bene
1707 1339 1862 1375 participat

1083 1387 1215 1420 bonum,
1230 1395 1291 1415 non
1311 1387 1401 1414 debet
1419 1385 1534 1422 aliquid
1549 1385 1708 1422 appellari,
1725 1385 1809 1421 quod
1823 1388 1863 1414 ta-

1083 1442 1152 1461 men
1171 1433 1355 1470 impossibile
1371 1435 1433 1460 est:
1456 1435 1483 1460 ct
1504 1432 1545 1460 sic
1565 1432 1626 1468 ipse
1645 1431 1710 1460 sons
1721 1432 1863 1468 jucundi-

1083 1481 1148 1508 tatis
1160 1483 1187 1508 et
1198 1480 1303 1507 laetitiae
1313 1480 1426 1508 rivulos
1439 1488 1498 1507 suoe
1509 1478 1701 1507 beatitudinis
1712 1479 1862 1507 mentibus

1083 1527 1259 1563 impartitur,
1275 1529 1302 1554 et
1315 1526 1481 1554 secundum
1495 1525 1699 1562 recipientium
1713 1521 1862 1562 pfaepara-

1083 1574 1210 1607 tionem,
1233 1573 1415 1608 quibusdam
1431 1573 1544 1606 minuS,
1570 1572 1752 1608 quibusdam
1767 1572 1863 1608 magis

1083 1620 1312 1648 misericorditer
1331 1628 1361 1647 se
1376 1619 1513 1647 infundit.
1531 1618 1656 1653 Quando
1675 1627 1747 1654 ergo
1762 1619 1861 1648 anima

1083 1666 1225 1694 dividitur
1240 1675 1257 1694 a
1271 1667 1350 1694 sonte
1365 1666 1428 1700 illo,
1444 1666 1506 1694 sine
1525 1674 1585 1702 quo
1604 1665 1677 1693 nihil
1692 1669 1733 1694 est
1747 1666 1860 1702 gaudii,

1083 1713 1138 1740 nisi
1153 1713 1183 1740 in
1199 1716 1343 1749 quantum
1358 1713 1396 1741 ab
1411 1713 1477 1749 ipso
1491 1712 1611 1741 inferius
1627 1713 1788 1747 derivatur,
1800 1721 1862 1741 non

1083 1763 1125 1788 est
1146 1760 1271 1794 mirum,
1291 1760 1314 1787 si
1335 1760 1434 1788 anima
1450 1760 1545 1788 divisa
1559 1759 1597 1787 ab
1612 1760 1677 1796 ipso
1695 1760 1781 1788 tristis
1796 1760 1860 1788 effi—

1083 1807 1175 1834 citur:
1193 1807 1264 1842 quia
1279 1807 1471 1843 aquoeductus
1490 1807 1614 1840 amoris,
1637 1815 1690 1843 per
1710 1815 1800 1842 quem
1815 1807 1861 1840 ju-

1084 1853 1247 1881 cundanter
1270 1853 1370 1881 anima
1392 1861 1410 1881 a
1433 1854 1568 1881 creatore
1595 1852 1861 1888 experimentaliter

1083 1900 1213 1928 laetitiam
1228 1900 1397 1933 obtinebat,
1414 1900 1567 1928 intercisus
1582 1899 1738 1935 rumpitur,
1749 1902 1776 1927 et
1791 1899 1859 1927 ideo

1083 1947 1223 1975 continuo
1240 1955 1380 1982 corpore,
1397 1955 1464 1974 cum
1484 1955 1513 1974 se
1529 1953 1613 1974 mens
1634 1946 1709 1973 infra
1732 1946 1859 1982 seipsam

1083 1994 1205 2029 colligit,
1228 1994 1414 2029 increpatur:
1441 1993 1511 2029 quia
1537 1993 1666 2020 abscissa
1689 2000 1750 2020 non
1774 1993 1860 2021 sentit

1082 2041 1183 2075 illum,
1208 2049 1225 2068 a
1250 2049 1310 2076 quo
1335 2043 1395 2068 tota
1415 2039 1586 2075 jucunditas
1605 2041 1723 2067 emanat
1744 2042 1772 2067 et
1795 2039 1858 2067 des-

1082 2087 1195 2121 cendit,
1225 2088 1252 2114 et
1279 2087 1378 2114 anima
1407 2086 1462 2114 ista
1491 2086 1698 2120 considerans,
1727 2086 1860 2113 inaudita

1081 2134 1179 2161 laetitia
1200 2133 1410 2168 circumdatur,
1433 2136 1460 2161 et
1479 2133 1629 2168 singulare
1648 2133 1791 2168 gaudium
1810 2141 1858 2160 co-

1082 2181 1212 2213 mitatur,
1227 2188 1244 2207 a
1260 2188 1320 2216 quo
1341 2179 1475 2215 periculo
1491 2188 1543 2215 per
1559 2179 1745 2213 affectiones,
1767 2181 1796 2206 et
1812 2179 1857 2206 di-

1081 2227 1146 2254 lecti
1169 2226 1316 2254 desideria
1337 2226 1462 2254 totaliter
1483 2225 1648 2261 expeditur,
1672 2227 1699 2253 et
1722 2225 1857 2253 victorio-

1080 2273 1191 2301 sissime
1202 2273 1354 2306 liberatur,
1367 2272 1437 2307 quia
1449 2274 1571 2308 propter
1580 2271 1654 2299 illud
1668 2272 1750 2307 quod
1760 2272 1856 2307 sentit,

1081 2319 1226 2354 subjectas
1243 2319 1298 2346 sibi
1319 2318 1439 2346 delicias
1454 2318 1626 2354 vilipendit,
1641 2319 1671 2346 in
1686 2322 1798 2347 tantum
1819 2319 1856 2347 de

1081 2366 1206 2394 inimicis
1227 2365 1427 2401 triumphans,
1444 2368 1474 2393 ut
1489 2366 1572 2402 quod
1593 2366 1651 2393 sibi
1673 2366 1795 2394 credunt
1814 2367 1856 2394 in-

1080 2413 1153 2440 ferre
1168 2412 1206 2440 ad
1231 2412 1441 2447 ignominiam,
1463 2413 1526 2448 ipsa
1548 2413 1655 2440 exinde
1674 2421 1727 2448 per
1741 2413 1854 2441 virilem

1080 2459 1323 2487 insurrectionem
1338 2460 1367 2486 in
1383 2459 1468 2495 ipsis,
1484 2459 1660 2495 ampliorem
1677 2459 1775 2487 dilecti
1791 2468 1854 2494 gra-

1079 2506 1160 2540 tiam,
1171 2508 1199 2533 et
1209 2506 1350 2533 unionem
1363 2506 1546 2540 strictiorem,
1559 2509 1586 2533 et
1596 2514 1738 2534 coronam
1753 2505 1854 2541 glorioe

1079 2555 1286 2588 consequatur.

1110 2652 1141 2682 (ει)
1160 2650 1234 2681 Vulg.
1251 2651 1346 2674 malum
1361 2653 1383 2675 et
1398 2658 1521 2675 amarum.
