<?xml version="1.0" encoding="UTF-8"?>
<!DOCTYPE html PUBLIC "-//W3C//DTD XHTML 1.0 Transitional//EN"
    "http://www.w3.org/TR/xhtml1/DTD/xhtml1-transitional.dtd">
<html xmlns="http://www.w3.org/1999/xhtml" xml:lang="en" lang="en">
 <head>
  <title>
</title>
<meta http-equiv="Content-Type" content="text/html;charset=utf-8" />
  <meta name='ocr-system' content='tesseract 3.04.00' />
  <meta name='ocr-capabilities' content='ocr_page ocr_carea ocr_par ocr_line ocrx_word'/>
</head>
<body>
  <div class='ocr_page' id='page_1' title='image "./operaomniasixtiv08bonauoft/operaomniasixtiv08bonauoft_0363.png"; bbox 0 0 2004 3037; ppageno 0'>
   <div class='ocr_carea' id='block_1_1' title="bbox 95 497 205 582">
    <p class='ocr_par' dir='ltr' id='par_1_1' title="bbox 95 497 205 582">
     <span class='ocr_line' id='line_1_1' title="bbox 97 497 202 518; baseline 0 0"><span class='ocrx_word' id='word_1_1' title='bbox 97 497 202 518; x_wconf 73' lang='lat' dir='ltr'><strong>coutem-</strong></span> 
     </span>
     <span class='ocr_line' id='line_1_2' title="bbox 95 527 205 556; baseline 0.018 -8"><span class='ocrx_word' id='word_1_2' title='bbox 95 527 163 556; x_wconf 72' lang='lat' dir='ltr'><strong>plulio</strong></span> <span class='ocrx_word' id='word_1_3' title='bbox 169 529 205 550; x_wconf 81' lang='lat' dir='ltr'><strong>de-</strong></span> 
     </span>
     <span class='ocr_line' id='line_1_3' title="bbox 97 562 156 582; baseline 0.034 -2"><span class='ocrx_word' id='word_1_4' title='bbox 97 562 156 582; x_wconf 76' lang='lat' dir='ltr'><strong>vota.</strong></span> 
     </span>
    </p>
   </div>
   <div class='ocr_carea' id='block_1_2' title="bbox 98 734 205 822">
    <p class='ocr_par' dir='ltr' id='par_1_2' title="bbox 98 734 205 822">
     <span class='ocr_line' id='line_1_4' title="bbox 111 734 205 758; baseline 0.032 -3"><span class='ocrx_word' id='word_1_5' title='bbox 111 734 205 758; x_wconf 85' lang='lat' dir='ltr'><strong>Conver-</strong></span> 
     </span>
     <span class='ocr_line' id='line_1_5' title="bbox 98 767 203 790; baseline 0.01 -1"><span class='ocrx_word' id='word_1_6' title='bbox 98 767 153 789; x_wconf 75' lang='lat' dir='ltr'><strong>ntio</strong></span> <span class='ocrx_word' id='word_1_7' title='bbox 163 770 203 790; x_wconf 84' lang='lat' dir='ltr'><strong>ho-</strong></span> 
     </span>
     <span class='ocr_line' id='line_1_6' title="bbox 98 802 168 822; baseline 0.014 -1"><span class='ocrx_word' id='word_1_8' title='bbox 98 802 168 822; x_wconf 75' lang='lat' dir='ltr'><strong>nesta.</strong></span> 
     </span>
    </p>
   </div>
   <div class='ocr_carea' id='block_1_3' title="bbox 98 974 205 1058">
    <p class='ocr_par' dir='ltr' id='par_1_3' title="bbox 98 974 205 1058">
     <span class='ocr_line' id='line_1_7' title="bbox 125 974 205 1000; baseline 0.013 -6"><span class='ocrx_word' id='word_1_9' title='bbox 125 974 205 1000; x_wconf 73' lang='lat' dir='ltr'><strong>Opere-</strong></span> 
     </span>
     <span class='ocr_line' id='line_1_8' title="bbox 98 1005 203 1026; baseline 0 0"><span class='ocrx_word' id='word_1_10' title='bbox 98 1005 127 1026; x_wconf 83' lang='lat' dir='ltr'><strong>tio</strong></span> <span class='ocrx_word' id='word_1_11' title='bbox 144 1005 203 1026; x_wconf 77' lang='lat' dir='ltr'><strong>truc-</strong></span> 
     </span>
     <span class='ocr_line' id='line_1_9' title="bbox 98 1039 169 1058; baseline 0 0"><span class='ocrx_word' id='word_1_12' title='bbox 98 1039 169 1058; x_wconf 76' lang='lat' dir='ltr'><strong>tunsa.</strong></span> 
     </span>
    </p>
   </div>
   <div class='ocr_carea' id='block_1_4' title="bbox 96 1258 203 1436">
    <p class='ocr_par' dir='ltr' id='par_1_4' title="bbox 96 1258 203 1436">
     <span class='ocr_line' id='line_1_10' title="bbox 117 1258 201 1279; baseline -0.012 0"><span class='ocrx_word' id='word_1_13' title='bbox 117 1258 201 1279; x_wconf 82' lang='lat' dir='ltr'><strong>Circui-</strong></span> 
     </span>
     <span class='ocr_line' id='line_1_11' title="bbox 97 1289 203 1310; baseline -0.009 0"><span class='ocrx_word' id='word_1_14' title='bbox 97 1289 203 1310; x_wconf 86' lang='lat' dir='ltr'><strong>tusinter·</strong></span> 
     </span>
     <span class='ocr_line' id='line_1_12' title="bbox 105 1320 196 1341; baseline 0 -1"><span class='ocrx_word' id='word_1_15' title='bbox 105 1320 196 1341; x_wconf 79' lang='lat' dir='ltr'><strong>minabi-</strong></span> 
     </span>
     <span class='ocr_line' id='line_1_13' title="bbox 96 1352 202 1373; baseline 0 -1"><span class='ocrx_word' id='word_1_16' title='bbox 96 1352 123 1373; x_wconf 74' lang='lat' dir='ltr'><strong>lis</strong></span> <span class='ocrx_word' id='word_1_17' title='bbox 148 1352 202 1372; x_wconf 86' lang='lat' dir='ltr'><strong>cho-</strong></span> 
     </span>
     <span class='ocr_line' id='line_1_14' title="bbox 97 1390 202 1404; baseline 0 0"><span class='ocrx_word' id='word_1_18' title='bbox 97 1390 140 1404; x_wconf 78' lang='lat' dir='ltr'><strong>reae</strong></span> <span class='ocrx_word' id='word_1_19' title='bbox 161 1390 202 1404; x_wconf 75' lang='grc' dir='ltr'><strong>οω-</strong></span> 
     </span>
     <span class='ocr_line' id='line_1_15' title="bbox 96 1415 165 1436; baseline 0 0"><span class='ocrx_word' id='word_1_20' title='bbox 96 1415 165 1436; x_wconf 81' lang='lat' dir='ltr'><strong>lestis.</strong></span> 
     </span>
    </p>
   </div>
   <div class='ocr_carea' id='block_1_5' title="bbox 94 2249 201 2392">
    <p class='ocr_par' dir='ltr' id='par_1_5' title="bbox 94 2249 201 2330">
     <span class='ocr_line' id='line_1_16' title="bbox 118 2249 201 2269; baseline -0.012 0"><span class='ocrx_word' id='word_1_21' title='bbox 118 2249 201 2269; x_wconf 80' lang='lat' dir='ltr'><strong>Cantus</strong></span> 
     </span>
     <span class='ocr_line' id='line_1_17' title="bbox 99 2279 194 2299; baseline 0 0"><span class='ocrx_word' id='word_1_22' title='bbox 99 2279 194 2299; x_wconf 75' lang='lat' dir='ltr'><strong>admira--</strong></span> 
     </span>
     <span class='ocr_line' id='line_1_18' title="bbox 94 2310 201 2330; baseline 0 0"><span class='ocrx_word' id='word_1_23' title='bbox 94 2310 144 2330; x_wconf 81' lang='lat' dir='ltr'><strong>bilis</strong></span> <span class='ocrx_word' id='word_1_24' title='bbox 160 2316 201 2330; x_wconf 86' lang='lat' dir='ltr'><strong>cce-</strong></span> 
     </span>
    </p>

    <p class='ocr_par' dir='ltr' id='par_1_6' title="bbox 95 2340 186 2392">
     <span class='ocr_line' id='line_1_19' title="bbox 118 2340 178 2360; baseline 0.017 -1"><span class='ocrx_word' id='word_1_25' title='bbox 118 2340 178 2360; x_wconf 81' lang='lat' dir='ltr'><strong>lestis</strong></span> 
     </span>
     <span class='ocr_line' id='line_1_20' title="bbox 95 2371 186 2392; baseline 0.022 -2"><span class='ocrx_word' id='word_1_26' title='bbox 95 2371 186 2392; x_wconf 62' lang='lat' dir='ltr'><strong>chorea.</strong></span> 
     </span>
    </p>
   </div>
   <div class='ocr_carea' id='block_1_6' title="bbox 458 231 1585 271">
    <p class='ocr_par' dir='ltr' id='par_1_7' title="bbox 458 231 1585 271">
     <span class='ocr_line' id='line_1_21' title="bbox 458 231 1585 271; baseline 0.007 -8"><span class='ocrx_word' id='word_1_27' title='bbox 458 231 509 263; x_wconf 87' lang='lat' dir='ltr'><strong>DE</strong></span> <span class='ocrx_word' id='word_1_28' title='bbox 529 231 664 266; x_wconf 87' lang='lat' dir='ltr'>POENIS</span> <span class='ocrx_word' id='word_1_29' title='bbox 687 232 856 271; x_wconf 84' lang='lat' dir='ltr'><strong>lNFERNl,</strong></span> <span class='ocrx_word' id='word_1_30' title='bbox 878 232 1012 271; x_wconf 79' lang='lat' dir='ltr'><strong>A&#39;rQUE</strong></span> <span class='ocrx_word' id='word_1_31' title='bbox 1033 233 1179 268; x_wconf 81' lang='lat' dir='ltr'><strong>GLORIA</strong></span> <span class='ocrx_word' id='word_1_32' title='bbox 1202 237 1399 271; x_wconf 87' lang='lat' dir='ltr'><strong>PARADISI.</strong></span> <span class='ocrx_word' id='word_1_33' title='bbox 1423 238 1509 270; x_wconf 89' lang='lat' dir='ltr'>CAP.</span> <span class='ocrx_word' id='word_1_34' title='bbox 1533 239 1585 270; x_wconf 83' lang='lat' dir='ltr'><strong>Vt.</strong></span> 
     </span>
    </p>
   </div>
   <div class='ocr_carea' id='block_1_7' title="bbox 208 297 997 669">
    <p class='ocr_par' dir='ltr' id='par_1_8' title="bbox 208 297 997 669">
     <span class='ocr_line' id='line_1_22' title="bbox 208 297 997 338; baseline 0.004 -12"><span class='ocrx_word' id='word_1_35' title='bbox 208 299 249 331; x_wconf 27' lang='lat' dir='ltr'><strong>,Et</strong></span> <span class='ocrx_word' id='word_1_36' title='bbox 266 297 405 327; x_wconf 86' lang='lat' dir='ltr'><strong>videmus</strong></span> <span class='ocrx_word' id='word_1_37' title='bbox 425 299 510 336; x_wconf 87' lang='lat' dir='ltr'><strong>quod</strong></span> <span class='ocrx_word' id='word_1_38' title='bbox 531 299 679 338; x_wconf 89' lang='lat' dir='ltr'><strong>populus,</strong></span> <span class='ocrx_word' id='word_1_39' title='bbox 700 300 733 329; x_wconf 89' lang='lat' dir='ltr'><strong>id</strong></span> <span class='ocrx_word' id='word_1_40' title='bbox 755 301 798 329; x_wconf 89' lang='lat' dir='ltr'><strong>est</strong></span> <span class='ocrx_word' id='word_1_41' title='bbox 815 300 997 330; x_wconf 79' lang='lat' dir='ltr'>habitatores</span> 
     </span>
     <span class='ocr_line' id='line_1_23' title="bbox 217 345 995 383; baseline 0.004 -10"><span class='ocrx_word' id='word_1_42' title='bbox 217 345 340 374; x_wconf 83' lang='lat' dir='ltr'><strong>civitatis</strong></span> <span class='ocrx_word' id='word_1_43' title='bbox 356 346 525 383; x_wconf 83' lang='lat' dir='ltr'><strong>populosae,</strong></span> <span class='ocrx_word' id='word_1_44' title='bbox 549 348 656 377; x_wconf 85' lang='lat' dir='ltr'><strong>melius</strong></span> <span class='ocrx_word' id='word_1_45' title='bbox 673 350 891 376; x_wconf 86' lang='lat' dir='ltr'><strong>consueverunt</strong></span> <span class='ocrx_word' id='word_1_46' title='bbox 909 347 995 377; x_wconf 86' lang='lat' dir='ltr'><strong>resis-</strong></span> 
     </span>
     <span class='ocr_line' id='line_1_24' title="bbox 217 393 997 433; baseline 0.004 -12"><span class='ocrx_word' id='word_1_47' title='bbox 217 394 289 428; x_wconf 87' lang='lat' dir='ltr'><strong>tere,</strong></span> <span class='ocrx_word' id='word_1_48' title='bbox 304 393 410 422; x_wconf 89' lang='lat' dir='ltr'><strong>melius</strong></span> <span class='ocrx_word' id='word_1_49' title='bbox 425 395 589 431; x_wconf 83' lang='lat' dir='ltr'><strong>acquirere,</strong></span> <span class='ocrx_word' id='word_1_50' title='bbox 604 397 632 424; x_wconf 89' lang='lat' dir='ltr'><strong>et</strong></span> <span class='ocrx_word' id='word_1_51' title='bbox 646 395 741 431; x_wconf 80' lang='lat' dir='ltr'><strong>magis</strong></span> <span class='ocrx_word' id='word_1_52' title='bbox 756 403 817 424; x_wconf 82' lang='lat' dir='ltr'><strong>esse</strong></span> <span class='ocrx_word' id='word_1_53' title='bbox 834 396 955 433; x_wconf 85' lang='lat' dir='ltr'><strong>superbi</strong></span> <span class='ocrx_word' id='word_1_54' title='bbox 968 398 997 424; x_wconf 87' lang='lat' dir='ltr'><strong>et</strong></span> 
     </span>
     <span class='ocr_line' id='line_1_25' title="bbox 217 441 995 479; baseline 0.004 -11"><span class='ocrx_word' id='word_1_55' title='bbox 217 441 366 477; x_wconf 87' lang='lat' dir='ltr'>pomposi.</span> <span class='ocrx_word' id='word_1_56' title='bbox 383 442 435 470; x_wconf 86' lang='lat' dir='ltr'><strong>Per</strong></span> <span class='ocrx_word' id='word_1_57' title='bbox 449 443 556 477; x_wconf 68' lang='lat' dir='ltr'><strong>linquas</strong></span> <span class='ocrx_word' id='word_1_58' title='bbox 567 441 700 478; x_wconf 82' lang='lat' dir='ltr'><strong>signatur</strong></span> <span class='ocrx_word' id='word_1_59' title='bbox 708 444 863 479; x_wconf 89' lang='lat' dir='ltr'><strong>peccatum</strong></span> <span class='ocrx_word' id='word_1_60' title='bbox 875 442 995 478; x_wconf 82' lang='lat' dir='ltr'><strong>linguae.</strong></span> 
     </span>
     <span class='ocr_line' id='line_1_26' title="bbox 218 487 996 526; baseline 0.003 -11"><span class='ocrx_word' id='word_1_61' title='bbox 218 487 433 524; x_wconf 83' lang='lat' dir='ltr'><strong>Contemplatio</strong></span> <span class='ocrx_word' id='word_1_62' title='bbox 452 488 562 518; x_wconf 87' lang='lat' dir='ltr'><strong>devota</strong></span> <span class='ocrx_word' id='word_1_63' title='bbox 579 491 760 518; x_wconf 84' lang='lat' dir='ltr'><strong>monstratur</strong></span> <span class='ocrx_word' id='word_1_64' title='bbox 773 489 804 518; x_wconf 89' lang='lat' dir='ltr'><strong>in</strong></span> <span class='ocrx_word' id='word_1_65' title='bbox 822 489 891 525; x_wconf 92' lang='lat' dir='ltr'><strong>hoc,</strong></span> <span class='ocrx_word' id='word_1_66' title='bbox 912 489 996 526; x_wconf 88' lang='lat' dir='ltr'><strong>quod</strong></span> 
     </span>
     <span class='ocr_line' id='line_1_27' title="bbox 218 535 997 574; baseline 0.003 -11"><span class='ocrx_word' id='word_1_67' title='bbox 218 535 295 564; x_wconf 85' lang='lat' dir='ltr'><strong>stant</strong></span> <span class='ocrx_word' id='word_1_68' title='bbox 314 537 381 564; x_wconf 88' lang='lat' dir='ltr'><strong>ante</strong></span> <span class='ocrx_word' id='word_1_69' title='bbox 400 535 557 571; x_wconf 82' lang='lat' dir='ltr'><strong>thronum,</strong></span> <span class='ocrx_word' id='word_1_70' title='bbox 580 537 652 573; x_wconf 84' lang='lat' dir='ltr'><strong>quia</strong></span> <span class='ocrx_word' id='word_1_71' title='bbox 672 537 912 574; x_wconf 79' lang='lat' dir='ltr'>contemplantur</span> <span class='ocrx_word' id='word_1_72' title='bbox 930 538 997 565; x_wconf 86' lang='lat' dir='ltr'><strong>ante</strong></span> 
     </span>
     <span class='ocr_line' id='line_1_28' title="bbox 218 583 996 620; baseline 0.001 -9"><span class='ocrx_word' id='word_1_73' title='bbox 218 584 310 611; x_wconf 90' lang='lat' dir='ltr'><strong>Deum</strong></span> <span class='ocrx_word' id='word_1_74' title='bbox 324 583 486 619; x_wconf 79' lang='lat' dir='ltr'><strong>cogitantes</strong></span> <span class='ocrx_word' id='word_1_75' title='bbox 508 583 643 619; x_wconf 77' lang='lat' dir='ltr'><strong>assidue,</strong></span> <span class='ocrx_word' id='word_1_76' title='bbox 664 584 792 620; x_wconf 75' lang='lat' dir='ltr'><strong>qualiter</strong></span> <span class='ocrx_word' id='word_1_77' title='bbox 808 585 925 620; x_wconf 82' lang='lat' dir='ltr'><strong>oportet</strong></span> <span class='ocrx_word' id='word_1_78' title='bbox 943 592 996 612; x_wconf 92' lang='lat' dir='ltr'><strong>ve-</strong></span> 
     </span>
     <span class='ocr_line' id='line_1_29' title="bbox 216 631 997 669; baseline 0.003 -10"><span class='ocrx_word' id='word_1_79' title='bbox 216 632 281 660; x_wconf 88' lang='lat' dir='ltr'><strong>nire</strong></span> <span class='ocrx_word' id='word_1_80' title='bbox 294 631 334 660; x_wconf 83' lang='lat' dir='ltr'><strong>ad</strong></span> <span class='ocrx_word' id='word_1_81' title='bbox 345 631 493 667; x_wconf 86' lang='lat' dir='ltr'><strong>judicium</strong></span> <span class='ocrx_word' id='word_1_82' title='bbox 506 639 605 667; x_wconf 87' lang='lat' dir='ltr'><strong>suum,</strong></span> <span class='ocrx_word' id='word_1_83' title='bbox 618 632 703 668; x_wconf 85' lang='lat' dir='ltr'><strong>juxta</strong></span> <span class='ocrx_word' id='word_1_84' title='bbox 717 632 802 669; x_wconf 88' lang='lat' dir='ltr'><strong>quod</strong></span> <span class='ocrx_word' id='word_1_85' title='bbox 818 632 890 660; x_wconf 86' lang='lat' dir='ltr'><strong>dicit</strong></span> <span class='ocrx_word' id='word_1_86' title='bbox 903 634 997 669; x_wconf 86' lang='lat' dir='ltr'><strong>Apos-</strong></span> 
     </span>
    </p>
   </div>
   <div class='ocr_carea' id='block_1_8' title="bbox 166 679 997 716">
    <p class='ocr_par' dir='ltr' id='par_1_9' title="bbox 166 679 997 716">
     <span class='ocr_line' id='line_1_30' title="bbox 166 679 997 716; baseline 0 -8"><span class='ocrx_word' id='word_1_87' title='bbox 166 704 172 708; x_wconf 83' lang='lat'>.</span> <span class='ocrx_word' id='word_1_88' title='bbox 218 679 296 708; x_wconf 89' lang='lat' dir='ltr'><strong>tolus</strong></span> <span class='ocrx_word' id='word_1_89' title='bbox 308 679 335 706; x_wconf 76' lang='lat'><strong>¹:</strong></span> <span class='ocrx_word' id='word_1_90' title='bbox 354 679 450 708; x_wconf 81' lang='lat' dir='ltr'><strong>Omnes</strong></span> <span class='ocrx_word' id='word_1_91' title='bbox 463 687 511 707; x_wconf 78' lang='lat' dir='ltr'><strong>nos</strong></span> <span class='ocrx_word' id='word_1_92' title='bbox 526 681 698 714; x_wconf 74' lang='lat' dir='ltr'><strong>manifestari</strong></span> <span class='ocrx_word' id='word_1_93' title='bbox 714 681 819 716; x_wconf 76' lang='lat' dir='ltr'><strong>oportet</strong></span> <span class='ocrx_word' id='word_1_94' title='bbox 833 683 894 708; x_wconf 77' lang='lat' dir='ltr'><strong>ante</strong></span> <span class='ocrx_word' id='word_1_95' title='bbox 912 681 997 709; x_wconf 76' lang='lat' dir='ltr'><strong>tribu—</strong></span> 
     </span>
    </p>
   </div>
   <div class='ocr_carea' id='block_1_9' title="bbox 214 725 1000 2603">
    <p class='ocr_par' dir='ltr' id='par_1_10' title="bbox 215 725 1000 1236">
     <span class='ocr_line' id='line_1_31' title="bbox 219 725 999 764; baseline 0.003 -10"><span class='ocrx_word' id='word_1_96' title='bbox 219 727 266 754; x_wconf 80' lang='lat' dir='ltr'><strong>nal</strong></span> <span class='ocrx_word' id='word_1_97' title='bbox 290 725 401 754; x_wconf 77' lang='lat' dir='ltr'><strong>Christi.</strong></span> <span class='ocrx_word' id='word_1_98' title='bbox 429 726 619 755; x_wconf 85' lang='lat' dir='ltr'><strong>Conversatio</strong></span> <span class='ocrx_word' id='word_1_99' title='bbox 646 727 772 756; x_wconf 86' lang='lat' dir='ltr'><strong>honesta</strong></span> <span class='ocrx_word' id='word_1_100' title='bbox 800 729 920 756; x_wconf 84' lang='lat' dir='ltr'><strong>notatur</strong></span> <span class='ocrx_word' id='word_1_101' title='bbox 944 735 999 764; x_wconf 91' lang='lat' dir='ltr'><strong>per</strong></span> 
     </span>
     <span class='ocr_line' id='line_1_32' title="bbox 217 773 998 810; baseline 0.003 -9"><span class='ocrx_word' id='word_1_102' title='bbox 217 773 290 809; x_wconf 88' lang='lat' dir='ltr'><strong>hoc,</strong></span> <span class='ocrx_word' id='word_1_103' title='bbox 305 773 390 810; x_wconf 89' lang='lat' dir='ltr'><strong>quod</strong></span> <span class='ocrx_word' id='word_1_104' title='bbox 404 774 504 802; x_wconf 83' lang='lat' dir='ltr'><strong>amicti</strong></span> <span class='ocrx_word' id='word_1_105' title='bbox 517 775 586 802; x_wconf 86' lang='lat' dir='ltr'><strong>sunt</strong></span> <span class='ocrx_word' id='word_1_106' title='bbox 599 775 680 803; x_wconf 89' lang='lat' dir='ltr'><strong>stolis</strong></span> <span class='ocrx_word' id='word_1_107' title='bbox 699 775 790 810; x_wconf 81' lang='lat' dir='ltr'><strong>albis,</strong></span> <span class='ocrx_word' id='word_1_108' title='bbox 807 775 839 803; x_wconf 90' lang='lat' dir='ltr'><strong>id</strong></span> <span class='ocrx_word' id='word_1_109' title='bbox 855 777 897 803; x_wconf 87' lang='lat' dir='ltr'><strong>est</strong></span> <span class='ocrx_word' id='word_1_110' title='bbox 910 775 998 803; x_wconf 89' lang='lat' dir='ltr'><strong>vesti-</strong></span> 
     </span>
     <span class='ocr_line' id='line_1_33' title="bbox 217 820 999 858; baseline 0.003 -9"><span class='ocrx_word' id='word_1_111' title='bbox 217 820 274 849; x_wconf 90' lang='lat' dir='ltr'><strong>bus</strong></span> <span class='ocrx_word' id='word_1_112' title='bbox 289 821 424 849; x_wconf 84' lang='lat' dir='ltr'><strong>candidae</strong></span> <span class='ocrx_word' id='word_1_113' title='bbox 437 822 680 857; x_wconf 84' lang='lat' dir='ltr'><strong>conversationis,</strong></span> <span class='ocrx_word' id='word_1_114' title='bbox 693 822 778 858; x_wconf 84' lang='lat' dir='ltr'><strong>juxta</strong></span> <span class='ocrx_word' id='word_1_115' title='bbox 793 822 876 858; x_wconf 89' lang='lat' dir='ltr'><strong>quod</strong></span> <span class='ocrx_word' id='word_1_116' title='bbox 892 822 999 851; x_wconf 85' lang='lat' dir='ltr'><strong>dicitur</strong></span> 
     </span>
     <span class='ocr_line' id='line_1_34' title="bbox 217 867 1000 897; baseline 0.001 -1"><span class='ocrx_word' id='word_1_117' title='bbox 217 867 249 896; x_wconf 87' lang='lat' dir='ltr'><strong>in</strong></span> <span class='ocrx_word' id='word_1_118' title='bbox 268 868 387 896; x_wconf 81' lang='lat' dir='ltr'><strong>Canticis</strong></span> <span class='ocrx_word' id='word_1_119' title='bbox 399 868 409 884; x_wconf 81' lang='lat'><strong>²</strong></span> <span class='ocrx_word' id='word_1_120' title='bbox 423 878 429 896; x_wconf 89' lang='lat'>:</span> <span class='ocrx_word' id='word_1_121' title='bbox 451 869 572 897; x_wconf 63' lang='lat' dir='ltr'><strong>Dilectus</strong></span> <span class='ocrx_word' id='word_1_122' title='bbox 593 876 665 897; x_wconf 83' lang='lat' dir='ltr'><strong>meus</strong></span> <span class='ocrx_word' id='word_1_123' title='bbox 679 869 813 897; x_wconf 70' lang='lat' dir='ltr'><strong>candidus</strong></span> <span class='ocrx_word' id='word_1_124' title='bbox 827 872 852 897; x_wconf 84' lang='lat' dir='ltr'><strong>ct</strong></span> <span class='ocrx_word' id='word_1_125' title='bbox 868 867 1000 897; x_wconf 77' lang='lat' dir='ltr'><strong>rubicun-</strong></span> 
     </span>
     <span class='ocr_line' id='line_1_35' title="bbox 219 915 997 951; baseline 0.004 -9"><span class='ocrx_word' id='word_1_126' title='bbox 219 915 269 942; x_wconf 85' lang='lat' dir='ltr'><strong>dus</strong></span> <span class='ocrx_word' id='word_1_127' title='bbox 279 924 289 943; x_wconf 89' lang='lat'><em>:</em></span> <span class='ocrx_word' id='word_1_128' title='bbox 303 915 449 944; x_wconf 85' lang='lat' dir='ltr'><strong>candidus</strong></span> <span class='ocrx_word' id='word_1_129' title='bbox 463 916 630 951; x_wconf 85' lang='lat' dir='ltr'><strong>honestate,</strong></span> <span class='ocrx_word' id='word_1_130' title='bbox 645 916 831 944; x_wconf 89' lang='lat' dir='ltr'><strong>rubicundus</strong></span> <span class='ocrx_word' id='word_1_131' title='bbox 846 917 997 946; x_wconf 81' lang='lat' dir='ltr'><strong>charitate.</strong></span> 
     </span>
     <span class='ocr_line' id='line_1_36' title="bbox 219 963 1000 1000; baseline 0.003 -9"><span class='ocrx_word' id='word_1_132' title='bbox 219 963 353 999; x_wconf 78' lang='lat' dir='ltr'><strong>Operatio</strong></span> <span class='ocrx_word' id='word_1_133' title='bbox 363 963 514 992; x_wconf 84' lang='lat' dir='ltr'><strong>fructuosa</strong></span> <span class='ocrx_word' id='word_1_134' title='bbox 524 963 655 999; x_wconf 87' lang='lat' dir='ltr'><strong>signatur</strong></span> <span class='ocrx_word' id='word_1_135' title='bbox 666 972 718 1000; x_wconf 88' lang='lat' dir='ltr'><strong>per</strong></span> <span class='ocrx_word' id='word_1_136' title='bbox 728 964 796 999; x_wconf 89' lang='lat' dir='ltr'><strong>hoc,</strong></span> <span class='ocrx_word' id='word_1_137' title='bbox 807 964 891 1000; x_wconf 85' lang='lat' dir='ltr'><strong>quod</strong></span> <span class='ocrx_word' id='word_1_138' title='bbox 899 966 1000 1000; x_wconf 80' lang='lat' dir='ltr'><strong>palmoe</strong></span> 
     </span>
     <span class='ocr_line' id='line_1_37' title="bbox 217 1011 999 1048; baseline 0.004 -10"><span class='ocrx_word' id='word_1_139' title='bbox 217 1012 300 1039; x_wconf 87' lang='lat' dir='ltr'><strong>erant</strong></span> <span class='ocrx_word' id='word_1_140' title='bbox 319 1013 350 1038; x_wconf 79' lang='lat' dir='ltr'><strong>in</strong></span> <span class='ocrx_word' id='word_1_141' title='bbox 374 1012 497 1038; x_wconf 79' lang='lat' dir='ltr'><strong>manibus</strong></span> <span class='ocrx_word' id='word_1_142' title='bbox 515 1019 616 1039; x_wconf 85' lang='lat' dir='ltr'><strong>eoram.</strong></span> <span class='ocrx_word' id='word_1_143' title='bbox 636 1011 744 1038; x_wconf 77' lang='lat' dir='ltr'><strong>Palmae</strong></span> <span class='ocrx_word' id='word_1_144' title='bbox 761 1019 910 1047; x_wconf 81' lang='lat' dir='ltr'><strong>namque,</strong></span> <span class='ocrx_word' id='word_1_145' title='bbox 933 1020 999 1048; x_wconf 79' lang='lat' dir='ltr'><strong>quae</strong></span> 
     </span>
     <span class='ocr_line' id='line_1_38' title="bbox 216 1058 998 1094; baseline 0.004 -9"><span class='ocrx_word' id='word_1_146' title='bbox 216 1059 371 1093; x_wconf 86' lang='lat' dir='ltr'><strong>portantur</strong></span> <span class='ocrx_word' id='word_1_147' title='bbox 384 1058 416 1086; x_wconf 88' lang='lat' dir='ltr'><strong>in</strong></span> <span class='ocrx_word' id='word_1_148' title='bbox 430 1058 570 1087; x_wconf 87' lang='lat' dir='ltr'><strong>manibus</strong></span> <span class='ocrx_word' id='word_1_149' title='bbox 594 1058 771 1092; x_wconf 86' lang='lat' dir='ltr'><strong>electorum,</strong></span> <span class='ocrx_word' id='word_1_150' title='bbox 787 1059 906 1094; x_wconf 85' lang='lat' dir='ltr'><strong>signant</strong></span> <span class='ocrx_word' id='word_1_151' title='bbox 920 1059 998 1088; x_wconf 82' lang='lat' dir='ltr'><strong>sruc-</strong></span> 
     </span>
     <span class='ocr_line' id='line_1_39' title="bbox 215 1105 999 1142; baseline 0.004 -10"><span class='ocrx_word' id='word_1_152' title='bbox 215 1106 262 1132; x_wconf 81' lang='lat' dir='ltr'><strong>tus</strong></span> <span class='ocrx_word' id='word_1_153' title='bbox 281 1105 433 1133; x_wconf 89' lang='lat' dir='ltr'><strong>bonorum</strong></span> <span class='ocrx_word' id='word_1_154' title='bbox 447 1113 588 1142; x_wconf 85' lang='lat' dir='ltr'><strong>operum,</strong></span> <span class='ocrx_word' id='word_1_155' title='bbox 605 1105 771 1133; x_wconf 89' lang='lat' dir='ltr'><strong>secundum</strong></span> <span class='ocrx_word' id='word_1_156' title='bbox 794 1107 877 1142; x_wconf 88' lang='lat' dir='ltr'><strong>quod</strong></span> <span class='ocrx_word' id='word_1_157' title='bbox 892 1107 999 1136; x_wconf 70' lang='lat' dir='ltr'><strong>dIcitur</strong></span> 
     </span>
     <span class='ocr_line' id='line_1_40' title="bbox 215 1151 999 1189; baseline 0.004 -10"><span class='ocrx_word' id='word_1_158' title='bbox 215 1151 247 1179; x_wconf 90' lang='lat' dir='ltr'><strong>in</strong></span> <span class='ocrx_word' id='word_1_159' title='bbox 261 1152 380 1180; x_wconf 78' lang='lat' dir='ltr'><strong>Cantz&#39;cz‘s</strong></span> <span class='ocrx_word' id='word_1_160' title='bbox 393 1154 403 1170; x_wconf 81' lang='lat'>³</span> <span class='ocrx_word' id='word_1_161' title='bbox 413 1161 424 1180; x_wconf 87' lang='grc'><strong>.·</strong></span> <span class='ocrx_word' id='word_1_162' title='bbox 442 1153 594 1181; x_wconf 76' lang='lat' dir='ltr'><strong>Ascendam</strong></span> <span class='ocrx_word' id='word_1_163' title='bbox 608 1155 638 1180; x_wconf 83' lang='lat' dir='ltr'><strong>in</strong></span> <span class='ocrx_word' id='word_1_164' title='bbox 651 1154 785 1188; x_wconf 80' lang='lat' dir='ltr'><strong>palmam,</strong></span> <span class='ocrx_word' id='word_1_165' title='bbox 803 1156 829 1180; x_wconf 87' lang='lat' dir='ltr'><strong>et</strong></span> <span class='ocrx_word' id='word_1_166' title='bbox 849 1155 999 1189; x_wconf 79' lang='lat' dir='ltr'><strong>apprehen-</strong></span> 
     </span>
     <span class='ocr_line' id='line_1_41' title="bbox 217 1199 492 1236; baseline 0.007 -9"><span class='ocrx_word' id='word_1_167' title='bbox 217 1199 280 1227; x_wconf 84' lang='lat' dir='ltr'><strong>dam</strong></span> <span class='ocrx_word' id='word_1_168' title='bbox 291 1201 410 1234; x_wconf 79' lang='lat' dir='ltr'><strong>fructum</strong></span> <span class='ocrx_word' id='word_1_169' title='bbox 425 1202 492 1236; x_wconf 79' lang='lat' dir='ltr'><strong>ejus.</strong></span> 
     </span>
    </p>

    <p class='ocr_par' dir='ltr' id='par_1_11' title="bbox 214 1248 999 2225">
     <span class='ocr_line' id='line_1_42' title="bbox 252 1248 997 1283; baseline 0.003 -8"><span class='ocrx_word' id='word_1_170' title='bbox 252 1248 404 1283; x_wconf 88' lang='lat' dir='ltr'><strong>Secundo,</strong></span> <span class='ocrx_word' id='word_1_171' title='bbox 425 1248 456 1276; x_wconf 91' lang='lat' dir='ltr'><strong>in</strong></span> <span class='ocrx_word' id='word_1_172' title='bbox 477 1248 529 1276; x_wconf 88' lang='lat' dir='ltr'><strong>illa</strong></span> <span class='ocrx_word' id='word_1_173' title='bbox 544 1249 654 1276; x_wconf 86' lang='lat' dir='ltr'><strong>coelesti</strong></span> <span class='ocrx_word' id='word_1_174' title='bbox 669 1249 778 1276; x_wconf 86' lang='lat' dir='ltr'><strong>chorea</strong></span> <span class='ocrx_word' id='word_1_175' title='bbox 796 1250 840 1277; x_wconf 90' lang='lat' dir='ltr'><strong>est</strong></span> <span class='ocrx_word' id='word_1_176' title='bbox 861 1249 997 1278; x_wconf 85' lang='lat' dir='ltr'><strong>conside-</strong></span> 
     </span>
     <span class='ocr_line' id='line_1_43' title="bbox 216 1295 999 1333; baseline 0.004 -11"><span class='ocrx_word' id='word_1_177' title='bbox 216 1295 329 1323; x_wconf 84' lang='lat' dir='ltr'><strong>randus</strong></span> <span class='ocrx_word' id='word_1_178' title='bbox 351 1295 578 1324; x_wconf 87' lang='lat' dir='ltr'><strong>interminabilis</strong></span> <span class='ocrx_word' id='word_1_179' title='bbox 594 1295 743 1330; x_wconf 89' lang='lat' dir='ltr'><strong>circuitus,</strong></span> <span class='ocrx_word' id='word_1_180' title='bbox 760 1296 831 1332; x_wconf 83' lang='lat' dir='ltr'><strong>quia</strong></span> <span class='ocrx_word' id='word_1_181' title='bbox 855 1297 999 1333; x_wconf 87' lang='lat' dir='ltr'><strong>supererit</strong></span> 
     </span>
     <span class='ocr_line' id='line_1_44' title="bbox 216 1335 998 1379; baseline 0.001 -9"><span class='ocrx_word' id='word_1_182' title='bbox 216 1341 248 1370; x_wconf 91' lang='lat' dir='ltr'><strong>in</strong></span> <span class='ocrx_word' id='word_1_183' title='bbox 262 1342 357 1370; x_wconf 87' lang='lat' dir='ltr'><strong>beatis</strong></span> <span class='ocrx_word' id='word_1_184' title='bbox 376 1335 545 1378; x_wconf 73' lang='lat' dir='ltr'><strong>ingressus,</strong></span> <span class='ocrx_word' id='word_1_185' title='bbox 562 1351 696 1379; x_wconf 83' lang='lat' dir='ltr'><strong>egressus</strong></span> <span class='ocrx_word' id='word_1_186' title='bbox 719 1345 747 1371; x_wconf 89' lang='lat' dir='ltr'><strong>et</strong></span> <span class='ocrx_word' id='word_1_187' title='bbox 761 1351 912 1379; x_wconf 83' lang='lat' dir='ltr'><strong>regressus</strong></span> <span class='ocrx_word' id='word_1_188' title='bbox 929 1353 935 1371; x_wconf 94' lang='lat'><strong>:</strong></span> <span class='ocrx_word' id='word_1_189' title='bbox 953 1343 998 1372; x_wconf 80' lang='lat' dir='ltr'><strong>in-</strong></span> 
     </span>
     <span class='ocr_line' id='line_1_45' title="bbox 217 1389 998 1426; baseline 0.004 -10"><span class='ocrx_word' id='word_1_190' title='bbox 217 1397 350 1424; x_wconf 85' lang='lat' dir='ltr'><strong>gressus,</strong></span> <span class='ocrx_word' id='word_1_191' title='bbox 375 1389 415 1417; x_wconf 86' lang='lat' dir='ltr'><strong>ad</strong></span> <span class='ocrx_word' id='word_1_192' title='bbox 437 1390 575 1418; x_wconf 90' lang='lat' dir='ltr'><strong>intuitum</strong></span> <span class='ocrx_word' id='word_1_193' title='bbox 599 1390 774 1426; x_wconf 79' lang='lat' dir='ltr'><strong>divinitatis3</strong></span> <span class='ocrx_word' id='word_1_194' title='bbox 792 1398 942 1426; x_wconf 81' lang='lat' dir='ltr'><strong>egressuS,</strong></span> <span class='ocrx_word' id='word_1_195' title='bbox 959 1392 998 1420; x_wconf 86' lang='lat' dir='ltr'><strong>ad</strong></span> 
     </span>
     <span class='ocr_line' id='line_1_46' title="bbox 216 1437 997 1473; baseline 0.004 -9"><span class='ocrx_word' id='word_1_196' title='bbox 216 1437 368 1472; x_wconf 82' lang='lat' dir='ltr'><strong>aspectum</strong></span> <span class='ocrx_word' id='word_1_197' title='bbox 382 1437 576 1465; x_wconf 84' lang='lat' dir='ltr'><strong>humanitatis</strong></span> <span class='ocrx_word' id='word_1_198' title='bbox 596 1438 689 1465; x_wconf 88' lang='lat' dir='ltr'><strong>nostri</strong></span> <span class='ocrx_word' id='word_1_199' title='bbox 704 1437 878 1473; x_wconf 87' lang='lat' dir='ltr'><strong>Salvatoris,</strong></span> <span class='ocrx_word' id='word_1_200' title='bbox 894 1440 926 1466; x_wconf 91' lang='lat' dir='ltr'><strong>ut</strong></span> <span class='ocrx_word' id='word_1_201' title='bbox 943 1439 997 1468; x_wconf 82' lang='lat' dir='ltr'><strong>ha-</strong></span> 
     </span>
     <span class='ocr_line' id='line_1_47' title="bbox 216 1483 999 1514; baseline 0.004 -3"><span class='ocrx_word' id='word_1_202' title='bbox 216 1483 303 1511; x_wconf 90' lang='lat' dir='ltr'><strong>betur</strong></span> <span class='ocrx_word' id='word_1_203' title='bbox 316 1483 348 1512; x_wconf 90' lang='lat' dir='ltr'><strong>in</strong></span> <span class='ocrx_word' id='word_1_204' title='bbox 365 1485 469 1512; x_wconf 78' lang='lat' dir='ltr'><strong>Joanne</strong></span> <span class='ocrx_word' id='word_1_205' title='bbox 483 1484 504 1512; x_wconf 51' lang='lat'><strong>4.</strong></span> <span class='ocrx_word' id='word_1_206' title='bbox 528 1486 561 1512; x_wconf 86' lang='lat' dir='ltr'><strong>Et</strong></span> <span class='ocrx_word' id='word_1_207' title='bbox 580 1484 654 1512; x_wconf 92' lang='lat' dir='ltr'><strong>sicut</strong></span> <span class='ocrx_word' id='word_1_208' title='bbox 675 1485 707 1512; x_wconf 92' lang='lat' dir='ltr'><strong>in</strong></span> <span class='ocrx_word' id='word_1_209' title='bbox 728 1484 793 1513; x_wconf 85' lang='lat' dir='ltr'><strong>aliis</strong></span> <span class='ocrx_word' id='word_1_210' title='bbox 817 1485 933 1513; x_wconf 84' lang='lat' dir='ltr'><strong>choreis</strong></span> <span class='ocrx_word' id='word_1_211' title='bbox 957 1488 999 1514; x_wconf 86' lang='lat' dir='ltr'><strong>est</strong></span> 
     </span>
     <span class='ocr_line' id='line_1_48' title="bbox 216 1530 998 1566; baseline 0.005 -9"><span class='ocrx_word' id='word_1_212' title='bbox 216 1538 293 1558; x_wconf 90' lang='lat' dir='ltr'><strong>unus</strong></span> <span class='ocrx_word' id='word_1_213' title='bbox 306 1530 418 1558; x_wconf 90' lang='lat' dir='ltr'><strong>ducens</strong></span> <span class='ocrx_word' id='word_1_214' title='bbox 433 1532 526 1559; x_wconf 80' lang='lat' dir='ltr'><strong>totam</strong></span> <span class='ocrx_word' id='word_1_215' title='bbox 541 1531 693 1566; x_wconf 87' lang='lat' dir='ltr'><strong>choream,</strong></span> <span class='ocrx_word' id='word_1_216' title='bbox 709 1531 749 1560; x_wconf 87' lang='lat' dir='ltr'><strong>ita</strong></span> <span class='ocrx_word' id='word_1_217' title='bbox 769 1532 898 1560; x_wconf 87' lang='lat' dir='ltr'><strong>Christus</strong></span> <span class='ocrx_word' id='word_1_218' title='bbox 913 1535 956 1561; x_wconf 86' lang='lat' dir='ltr'><strong>est</strong></span> <span class='ocrx_word' id='word_1_219' title='bbox 970 1536 998 1561; x_wconf 93' lang='lat' dir='ltr'><strong>et</strong></span> 
     </span>
     <span class='ocr_line' id='line_1_49' title="bbox 216 1577 998 1615; baseline 0.004 -10"><span class='ocrx_word' id='word_1_220' title='bbox 216 1577 270 1606; x_wconf 89' lang='lat' dir='ltr'><strong>erit</strong></span> <span class='ocrx_word' id='word_1_221' title='bbox 283 1577 333 1606; x_wconf 91' lang='lat' dir='ltr'><strong>ille</strong></span> <span class='ocrx_word' id='word_1_222' title='bbox 348 1578 495 1606; x_wconf 86' lang='lat' dir='ltr'><strong>chorealis</strong></span> <span class='ocrx_word' id='word_1_223' title='bbox 509 1578 626 1613; x_wconf 87' lang='lat' dir='ltr'><strong>ductor,</strong></span> <span class='ocrx_word' id='word_1_224' title='bbox 650 1579 762 1606; x_wconf 88' lang='lat' dir='ltr'><strong>ducens</strong></span> <span class='ocrx_word' id='word_1_225' title='bbox 777 1587 811 1606; x_wconf 88' lang='lat' dir='ltr'><strong>ac</strong></span> <span class='ocrx_word' id='word_1_226' title='bbox 825 1580 998 1615; x_wconf 86' lang='lat' dir='ltr'><strong>praecedens</strong></span> 
     </span>
     <span class='ocr_line' id='line_1_50' title="bbox 215 1625 997 1655; baseline 0.003 -2"><span class='ocrx_word' id='word_1_227' title='bbox 215 1625 299 1653; x_wconf 82' lang='lat' dir='ltr'><strong>illam</strong></span> <span class='ocrx_word' id='word_1_228' title='bbox 319 1625 489 1653; x_wconf 83' lang='lat' dir='ltr'><strong>societatem</strong></span> <span class='ocrx_word' id='word_1_229' title='bbox 513 1625 726 1653; x_wconf 83' lang='lat' dir='ltr'><strong>beatissimam.</strong></span> <span class='ocrx_word' id='word_1_230' title='bbox 744 1627 777 1653; x_wconf 86' lang='lat' dir='ltr'><strong>Et</strong></span> <span class='ocrx_word' id='word_1_231' title='bbox 797 1626 866 1654; x_wconf 89' lang='lat' dir='ltr'><strong>ideo</strong></span> <span class='ocrx_word' id='word_1_232' title='bbox 891 1627 997 1655; x_wconf 90' lang='lat' dir='ltr'><strong>dicitur</strong></span> 
     </span>
     <span class='ocr_line' id='line_1_51' title="bbox 215 1672 994 1709; baseline 0.004 -10"><span class='ocrx_word' id='word_1_233' title='bbox 215 1672 299 1707; x_wconf 89' lang='lat' dir='ltr'><strong>quod</strong></span> <span class='ocrx_word' id='word_1_234' title='bbox 312 1673 322 1689; x_wconf 68' lang='lat'>⁵</span> <span class='ocrx_word' id='word_1_235' title='bbox 337 1680 432 1707; x_wconf 71' lang='lat' dir='ltr'><strong>aqnus,</strong></span> <span class='ocrx_word' id='word_1_236' title='bbox 450 1674 499 1707; x_wconf 77' lang='lat' dir='ltr'><strong>qai</strong></span> <span class='ocrx_word' id='word_1_237' title='bbox 513 1674 544 1699; x_wconf 79' lang='lat' dir='ltr'><strong>in</strong></span> <span class='ocrx_word' id='word_1_238' title='bbox 557 1673 646 1700; x_wconf 75' lang='lat' dir='ltr'><strong>medio</strong></span> <span class='ocrx_word' id='word_1_239' title='bbox 672 1673 763 1700; x_wconf 79' lang='lat' dir='ltr'><strong>throni</strong></span> <span class='ocrx_word' id='word_1_240' title='bbox 776 1675 829 1705; x_wconf 82' lang='lat' dir='ltr'><strong>est,</strong></span> <span class='ocrx_word' id='word_1_241' title='bbox 853 1677 928 1709; x_wconf 66' lang='grc' dir='ltr'><em>τοροῦ</em></span> <span class='ocrx_word' id='word_1_242' title='bbox 942 1683 994 1707; x_wconf 85' lang='lat' dir='ltr'><strong>eos,</strong></span> 
     </span>
     <span class='ocr_line' id='line_1_52' title="bbox 215 1719 997 1755; baseline 0.003 -8"><span class='ocrx_word' id='word_1_243' title='bbox 215 1720 243 1747; x_wconf 80' lang='lat' dir='ltr'><strong>et</strong></span> <span class='ocrx_word' id='word_1_244' title='bbox 262 1719 337 1747; x_wconf 79' lang='lat' dir='ltr'><strong>alii⁶</strong></span> <span class='ocrx_word' id='word_1_245' title='bbox 360 1722 505 1754; x_wconf 77' lang='lat' dir='ltr'><strong>sequemur</strong></span> <span class='ocrx_word' id='word_1_246' title='bbox 529 1727 629 1754; x_wconf 65' lang='lat' dir='ltr'><strong>agnum</strong></span> <span class='ocrx_word' id='word_1_247' title='bbox 653 1728 818 1755; x_wconf 77' lang='lat' dir='ltr'><strong>quocumque</strong></span> <span class='ocrx_word' id='word_1_248' title='bbox 841 1722 916 1749; x_wconf 76' lang='lat' dir='ltr'><strong>ierit.</strong></span> <span class='ocrx_word' id='word_1_249' title='bbox 940 1722 997 1750; x_wconf 90' lang='lat' dir='ltr'><strong>Sed</strong></span> 
     </span>
     <span class='ocr_line' id='line_1_53' title="bbox 214 1765 998 1802; baseline 0.004 -8"><span class='ocrx_word' id='word_1_250' title='bbox 214 1765 369 1794; x_wconf 89' lang='lat' dir='ltr'><strong>sciendum</strong></span> <span class='ocrx_word' id='word_1_251' title='bbox 383 1768 435 1801; x_wconf 87' lang='lat' dir='ltr'><strong>est,</strong></span> <span class='ocrx_word' id='word_1_252' title='bbox 450 1765 533 1802; x_wconf 87' lang='lat' dir='ltr'><strong>quod</strong></span> <span class='ocrx_word' id='word_1_253' title='bbox 547 1766 600 1794; x_wconf 87' lang='lat' dir='ltr'><strong>illa</strong></span> <span class='ocrx_word' id='word_1_254' title='bbox 613 1766 701 1794; x_wconf 84' lang='lat' dir='ltr'><strong>beata</strong></span> <span class='ocrx_word' id='word_1_255' title='bbox 716 1767 824 1794; x_wconf 87' lang='lat' dir='ltr'><strong>chorea</strong></span> <span class='ocrx_word' id='word_1_256' title='bbox 839 1775 900 1795; x_wconf 94' lang='lat' dir='ltr'><strong>non</strong></span> <span class='ocrx_word' id='word_1_257' title='bbox 914 1768 998 1798; x_wconf 85' lang='lat' dir='ltr'><strong>vadit</strong></span> 
     </span>
     <span class='ocr_line' id='line_1_54' title="bbox 214 1813 996 1849; baseline 0.004 -9"><span class='ocrx_word' id='word_1_258' title='bbox 214 1813 255 1841; x_wconf 87' lang='lat' dir='ltr'><strong>ad</strong></span> <span class='ocrx_word' id='word_1_259' title='bbox 277 1813 425 1841; x_wconf 80' lang='lat' dir='ltr'><strong>sinistram</strong></span> <span class='ocrx_word' id='word_1_260' title='bbox 443 1816 577 1849; x_wconf 84' lang='lat' dir='ltr'><strong>partem,</strong></span> <span class='ocrx_word' id='word_1_261' title='bbox 601 1814 676 1841; x_wconf 86' lang='lat' dir='ltr'><strong>sicut</strong></span> <span class='ocrx_word' id='word_1_262' title='bbox 702 1814 810 1841; x_wconf 84' lang='lat' dir='ltr'><strong>chorea</strong></span> <span class='ocrx_word' id='word_1_263' title='bbox 831 1815 937 1842; x_wconf 89' lang='lat' dir='ltr'><strong>mundi</strong></span> <span class='ocrx_word' id='word_1_264' title='bbox 965 1816 996 1844; x_wconf 90' lang='lat' dir='ltr'><strong>in</strong></span> 
     </span>
     <span class='ocr_line' id='line_1_55' title="bbox 215 1860 994 1899; baseline 0.004 -12"><span class='ocrx_word' id='word_1_265' title='bbox 215 1860 333 1895; x_wconf 87' lang='lat' dir='ltr'><strong>signum</strong></span> <span class='ocrx_word' id='word_1_266' title='bbox 348 1860 431 1896; x_wconf 86' lang='lat' dir='ltr'><strong>quod</strong></span> <span class='ocrx_word' id='word_1_267' title='bbox 448 1862 490 1888; x_wconf 88' lang='lat' dir='ltr'><strong>est</strong></span> <span class='ocrx_word' id='word_1_268' title='bbox 512 1863 540 1888; x_wconf 90' lang='lat' dir='ltr'><strong>et</strong></span> <span class='ocrx_word' id='word_1_269' title='bbox 553 1860 636 1888; x_wconf 85' lang='lat' dir='ltr'><strong>vadit</strong></span> <span class='ocrx_word' id='word_1_270' title='bbox 654 1860 694 1888; x_wconf 88' lang='lat' dir='ltr'><strong>ad</strong></span> <span class='ocrx_word' id='word_1_271' title='bbox 709 1861 856 1890; x_wconf 81' lang='lat' dir='ltr'><strong>sinistram</strong></span> <span class='ocrx_word' id='word_1_272' title='bbox 870 1862 977 1891; x_wconf 73' lang='lat' dir='ltr'><strong>inferni</strong></span> <span class='ocrx_word' id='word_1_273' title='bbox 986 1874 994 1899; x_wconf 84' lang='lat'>3</span> 
     </span>
     <span class='ocr_line' id='line_1_56' title="bbox 215 1906 995 1944; baseline 0.006 -11"><span class='ocrx_word' id='word_1_274' title='bbox 215 1906 268 1934; x_wconf 86' lang='lat' dir='ltr'><strong>sed</strong></span> <span class='ocrx_word' id='word_1_275' title='bbox 291 1906 344 1934; x_wconf 84' lang='lat' dir='ltr'><strong>ista</strong></span> <span class='ocrx_word' id='word_1_276' title='bbox 368 1907 540 1942; x_wconf 84' lang='lat' dir='ltr'><strong>supervadit</strong></span> <span class='ocrx_word' id='word_1_277' title='bbox 564 1907 603 1934; x_wconf 91' lang='lat' dir='ltr'><strong>ad</strong></span> <span class='ocrx_word' id='word_1_278' title='bbox 628 1907 782 1935; x_wconf 64' lang='lat' dir='ltr'><strong>dexteram</strong></span> <span class='ocrx_word' id='word_1_279' title='bbox 806 1911 937 1944; x_wconf 75' lang='lat' dir='ltr'><strong>partem,</strong></span> <span class='ocrx_word' id='word_1_280' title='bbox 964 1911 995 1938; x_wconf 81' lang='lat' dir='ltr'><strong>ln</strong></span> 
     </span>
     <span class='ocr_line' id='line_1_57' title="bbox 215 1953 994 1990; baseline 0.005 -10"><span class='ocrx_word' id='word_1_281' title='bbox 215 1953 335 1988; x_wconf 87' lang='lat' dir='ltr'><strong>signum</strong></span> <span class='ocrx_word' id='word_1_282' title='bbox 346 1953 428 1989; x_wconf 86' lang='lat' dir='ltr'><strong>quod</strong></span> <span class='ocrx_word' id='word_1_283' title='bbox 436 1955 478 1981; x_wconf 89' lang='lat' dir='ltr'><strong>est</strong></span> <span class='ocrx_word' id='word_1_284' title='bbox 489 1953 528 1981; x_wconf 85' lang='lat' dir='ltr'><strong>ad</strong></span> <span class='ocrx_word' id='word_1_285' title='bbox 545 1953 695 1981; x_wconf 75' lang='lat' dir='ltr'><strong>dexteram</strong></span> <span class='ocrx_word' id='word_1_286' title='bbox 705 1954 764 1988; x_wconf 88' lang='lat' dir='ltr'><strong>Dei,</strong></span> <span class='ocrx_word' id='word_1_287' title='bbox 777 1955 849 1990; x_wconf 85' lang='lat' dir='ltr'><strong>quia</strong></span> <span class='ocrx_word' id='word_1_288' title='bbox 864 1956 994 1984; x_wconf 86' lang='lat' dir='ltr'><strong>adsinis-</strong></span> 
     </span>
     <span class='ocr_line' id='line_1_58' title="bbox 215 2000 995 2038; baseline 0.005 -11"><span class='ocrx_word' id='word_1_289' title='bbox 215 2001 291 2028; x_wconf 86' lang='lat' dir='ltr'><strong>tram</strong></span> <span class='ocrx_word' id='word_1_290' title='bbox 305 2002 453 2035; x_wconf 91' lang='lat' dir='ltr'><strong>ponentur</strong></span> <span class='ocrx_word' id='word_1_291' title='bbox 462 2000 594 2036; x_wconf 85' lang='lat' dir='ltr'><strong>reprobi,</strong></span> <span class='ocrx_word' id='word_1_292' title='bbox 610 2002 638 2028; x_wconf 88' lang='lat' dir='ltr'><strong>et</strong></span> <span class='ocrx_word' id='word_1_293' title='bbox 652 2001 690 2028; x_wconf 88' lang='lat' dir='ltr'><strong>ad</strong></span> <span class='ocrx_word' id='word_1_294' title='bbox 707 2001 860 2029; x_wconf 77' lang='lat' dir='ltr'><strong>dexteram</strong></span> <span class='ocrx_word' id='word_1_295' title='bbox 880 2011 995 2038; x_wconf 84' lang='lat' dir='ltr'><strong>ponen-</strong></span> 
     </span>
     <span class='ocr_line' id='line_1_59' title="bbox 215 2047 995 2087; baseline 0.008 -13"><span class='ocrx_word' id='word_1_296' title='bbox 215 2048 263 2074; x_wconf 86' lang='lat' dir='ltr'><strong>tur</strong></span> <span class='ocrx_word' id='word_1_297' title='bbox 277 2047 370 2081; x_wconf 81' lang='lat' dir='ltr'><strong>electi,</strong></span> <span class='ocrx_word' id='word_1_298' title='bbox 385 2048 417 2074; x_wconf 92' lang='lat' dir='ltr'><strong>ut</strong></span> <span class='ocrx_word' id='word_1_299' title='bbox 431 2047 538 2075; x_wconf 85' lang='lat' dir='ltr'><strong>dicitur</strong></span> <span class='ocrx_word' id='word_1_300' title='bbox 552 2048 583 2075; x_wconf 87' lang='lat' dir='ltr'><strong>in</strong></span> <span class='ocrx_word' id='word_1_301' title='bbox 598 2049 725 2076; x_wconf 72' lang='lat' dir='ltr'><strong>Matthaeo</strong></span> <span class='ocrx_word' id='word_1_302' title='bbox 742 2050 762 2076; x_wconf 88' lang='lat'><strong>⁷.</strong></span> <span class='ocrx_word' id='word_1_303' title='bbox 775 2051 895 2086; x_wconf 77' lang='lat' dir='ltr'><strong>Propter</strong></span> <span class='ocrx_word' id='word_1_304' title='bbox 912 2053 995 2087; x_wconf 85' lang='lat' dir='ltr'><strong>quod</strong></span> 
     </span>
     <span class='ocr_line' id='line_1_60' title="bbox 216 2095 992 2132; baseline 0.006 -10"><span class='ocrx_word' id='word_1_305' title='bbox 216 2095 323 2123; x_wconf 87' lang='lat' dir='ltr'><strong>dicitur</strong></span> <span class='ocrx_word' id='word_1_306' title='bbox 337 2095 369 2123; x_wconf 88' lang='lat' dir='ltr'><strong>in</strong></span> <span class='ocrx_word' id='word_1_307' title='bbox 389 2096 542 2123; x_wconf 75' lang='lat' dir='ltr'><strong>Proverbiis</strong></span> <span class='ocrx_word' id='word_1_308' title='bbox 554 2096 564 2113; x_wconf 81' lang='lat'>⁸</span> <span class='ocrx_word' id='word_1_309' title='bbox 577 2106 585 2123; x_wconf 90' lang='grc'><strong>.·</strong></span> <span class='ocrx_word' id='word_1_310' title='bbox 605 2097 672 2123; x_wconf 82' lang='lat' dir='ltr'><strong>Vias</strong></span> <span class='ocrx_word' id='word_1_311' title='bbox 687 2105 746 2131; x_wconf 79' lang='lat' dir='ltr'><strong>quae</strong></span> <span class='ocrx_word' id='word_1_312' title='bbox 761 2105 777 2124; x_wconf 87' lang='lat' dir='ltr'><strong>a</strong></span> <span class='ocrx_word' id='word_1_313' title='bbox 798 2097 904 2125; x_wconf 78' lang='lat' dir='ltr'><strong>deoetrz&#39;s</strong></span> <span class='ocrx_word' id='word_1_314' title='bbox 920 2103 992 2132; x_wconf 80' lang='lat' dir='ltr'><strong>sunt,</strong></span> 
     </span>
     <span class='ocr_line' id='line_1_61' title="bbox 215 2142 994 2179; baseline 0.005 -10"><span class='ocrx_word' id='word_1_315' title='bbox 215 2143 300 2174; x_wconf 79' lang='lat' dir='ltr'><strong>novit,</strong></span> <span class='ocrx_word' id='word_1_316' title='bbox 316 2142 347 2170; x_wconf 89' lang='lat' dir='ltr'><strong>id</strong></span> <span class='ocrx_word' id='word_1_317' title='bbox 362 2143 414 2176; x_wconf 84' lang='lat' dir='ltr'><strong>est,</strong></span> <span class='ocrx_word' id='word_1_318' title='bbox 428 2142 575 2178; x_wconf 87' lang='lat' dir='ltr'><strong>approbat</strong></span> <span class='ocrx_word' id='word_1_319' title='bbox 593 2144 668 2171; x_wconf 89' lang='lat' dir='ltr'><strong>Deus</strong></span> <span class='ocrx_word' id='word_1_320' title='bbox 683 2152 690 2171; x_wconf 90' lang='lat'>:</span> <span class='ocrx_word' id='word_1_321' title='bbox 705 2152 763 2179; x_wconf 78' lang='lat' dir='ltr'><strong>quoe</strong></span> <span class='ocrx_word' id='word_1_322' title='bbox 777 2147 867 2172; x_wconf 79' lang='lat' dir='ltr'><strong>autem</strong></span> <span class='ocrx_word' id='word_1_323' title='bbox 881 2154 898 2173; x_wconf 87' lang='lat' dir='ltr'><strong>a</strong></span> <span class='ocrx_word' id='word_1_324' title='bbox 910 2147 994 2173; x_wconf 74' lang='lat' dir='ltr'><strong>sinis-</strong></span> 
     </span>
     <span class='ocr_line' id='line_1_62' title="bbox 216 2190 586 2225; baseline 0.005 -10"><span class='ocrx_word' id='word_1_325' title='bbox 216 2190 266 2217; x_wconf 76' lang='lat' dir='ltr'><strong>tris</strong></span> <span class='ocrx_word' id='word_1_326' title='bbox 281 2191 355 2221; x_wconf 78' lang='lat' dir='ltr'><strong>sunt,</strong></span> <span class='ocrx_word' id='word_1_327' title='bbox 369 2197 501 2225; x_wconf 71' lang='lat' dir='ltr'><strong>perversae</strong></span> <span class='ocrx_word' id='word_1_328' title='bbox 513 2192 586 2218; x_wconf 77' lang='lat' dir='ltr'><strong>sunt.</strong></span> 
     </span>
    </p>

    <p class='ocr_par' dir='ltr' id='par_1_12' title="bbox 215 2235 995 2603">
     <span class='ocr_line' id='line_1_63' title="bbox 250 2235 995 2270; baseline 0.005 -7"><span class='ocrx_word' id='word_1_329' title='bbox 250 2236 356 2270; x_wconf 89' lang='lat' dir='ltr'><strong>Tertio,</strong></span> <span class='ocrx_word' id='word_1_330' title='bbox 381 2236 412 2263; x_wconf 90' lang='lat' dir='ltr'><strong>in</strong></span> <span class='ocrx_word' id='word_1_331' title='bbox 426 2235 478 2264; x_wconf 84' lang='lat' dir='ltr'><strong>illa</strong></span> <span class='ocrx_word' id='word_1_332' title='bbox 498 2236 608 2264; x_wconf 87' lang='lat' dir='ltr'><strong>coelesti</strong></span> <span class='ocrx_word' id='word_1_333' title='bbox 623 2236 732 2265; x_wconf 83' lang='lat' dir='ltr'><strong>chorea</strong></span> <span class='ocrx_word' id='word_1_334' title='bbox 747 2239 789 2266; x_wconf 85' lang='lat' dir='ltr'><strong>est</strong></span> <span class='ocrx_word' id='word_1_335' title='bbox 803 2239 995 2267; x_wconf 86' lang='lat' dir='ltr'><strong>consideran-</strong></span> 
     </span>
     <span class='ocr_line' id='line_1_64' title="bbox 215 2282 994 2315; baseline 0.008 -6"><span class='ocrx_word' id='word_1_336' title='bbox 215 2282 272 2310; x_wconf 89' lang='lat' dir='ltr'><strong>dus</strong></span> <span class='ocrx_word' id='word_1_337' title='bbox 284 2282 496 2311; x_wconf 71' lang='lat' dir='ltr'><strong>inaestimabilis</strong></span> <span class='ocrx_word' id='word_1_338' title='bbox 511 2286 614 2312; x_wconf 87' lang='lat' dir='ltr'><strong>cantus</strong></span> <span class='ocrx_word' id='word_1_339' title='bbox 627 2287 654 2312; x_wconf 88' lang='lat' dir='ltr'><strong>et</strong></span> <span class='ocrx_word' id='word_1_340' title='bbox 666 2285 862 2313; x_wconf 88' lang='lat' dir='ltr'><strong>admirabilis.</strong></span> <span class='ocrx_word' id='word_1_341' title='bbox 879 2288 911 2314; x_wconf 85' lang='lat' dir='ltr'><strong>Et</strong></span> <span class='ocrx_word' id='word_1_342' title='bbox 925 2287 994 2315; x_wconf 87' lang='lat' dir='ltr'><strong>ideo</strong></span> 
     </span>
     <span class='ocr_line' id='line_1_65' title="bbox 215 2330 995 2368; baseline 0.006 -11"><span class='ocrx_word' id='word_1_343' title='bbox 215 2331 296 2364; x_wconf 88' lang='lat' dir='ltr'><strong>nota,</strong></span> <span class='ocrx_word' id='word_1_344' title='bbox 311 2330 395 2365; x_wconf 84' lang='lat' dir='ltr'><strong>quod</strong></span> <span class='ocrx_word' id='word_1_345' title='bbox 410 2330 484 2359; x_wconf 86' lang='lat' dir='ltr'><strong>sicut</strong></span> <span class='ocrx_word' id='word_1_346' title='bbox 505 2331 634 2359; x_wconf 88' lang='lat' dir='ltr'><strong>Christus</strong></span> <span class='ocrx_word' id='word_1_347' title='bbox 655 2333 799 2368; x_wconf 80' lang='lat' dir='ltr'><strong>praeeedit</strong></span> <span class='ocrx_word' id='word_1_348' title='bbox 818 2341 930 2368; x_wconf 88' lang='lat' dir='ltr'><strong>gressu,</strong></span> <span class='ocrx_word' id='word_1_349' title='bbox 955 2335 995 2364; x_wconf 86' lang='lat' dir='ltr'><strong>ita</strong></span> 
     </span>
     <span class='ocr_line' id='line_1_66' title="bbox 215 2377 994 2416; baseline 0.006 -13"><span class='ocrx_word' id='word_1_350' title='bbox 215 2377 362 2411; x_wconf 75' lang='lat' dir='ltr'><strong>praecedet</strong></span> <span class='ocrx_word' id='word_1_351' title='bbox 376 2379 473 2405; x_wconf 87' lang='lat' dir='ltr'><strong>cantu.</strong></span> <span class='ocrx_word' id='word_1_352' title='bbox 497 2379 529 2405; x_wconf 89' lang='lat' dir='ltr'><strong>Et</strong></span> <span class='ocrx_word' id='word_1_353' title='bbox 542 2377 640 2414; x_wconf 89' lang='lat' dir='ltr'><strong>primo</strong></span> <span class='ocrx_word' id='word_1_354' title='bbox 656 2379 787 2407; x_wconf 82' lang='lat' dir='ltr'><strong>cantabit</strong></span> <span class='ocrx_word' id='word_1_355' title='bbox 806 2388 865 2407; x_wconf 65' lang='lat' dir='ltr'><strong>sure</strong></span> <span class='ocrx_word' id='word_1_356' title='bbox 885 2381 994 2416; x_wconf 80' lang='lat' dir='ltr'><strong>virgini</strong></span> 
     </span>
     <span class='ocr_line' id='line_1_67' title="bbox 215 2423 994 2464; baseline 0.008 -14"><span class='ocrx_word' id='word_1_357' title='bbox 215 2423 317 2458; x_wconf 87' lang='lat' dir='ltr'><strong>matri,</strong></span> <span class='ocrx_word' id='word_1_358' title='bbox 334 2423 474 2452; x_wconf 73' lang='lat' dir='ltr'><strong>dicens⁹z</strong></span> <span class='ocrx_word' id='word_1_359' title='bbox 492 2425 565 2458; x_wconf 69' lang='lat' dir='ltr'><strong>Quid</strong></span> <span class='ocrx_word' id='word_1_360' title='bbox 575 2426 643 2452; x_wconf 80' lang='lat' dir='ltr'><strong>mihi</strong></span> <span class='ocrx_word' id='word_1_361' title='bbox 651 2429 682 2453; x_wconf 79' lang='lat' dir='ltr'><strong>et</strong></span> <span class='ocrx_word' id='word_1_362' title='bbox 698 2427 760 2462; x_wconf 72' lang='lat' dir='ltr'><strong>tibi,</strong></span> <span class='ocrx_word' id='word_1_363' title='bbox 775 2428 894 2455; x_wconf 70' lang='lat' dir='ltr'><strong>multer?</strong></span> <span class='ocrx_word' id='word_1_364' title='bbox 909 2429 994 2464; x_wconf 83' lang='lat' dir='ltr'><strong>quasi</strong></span> 
     </span>
     <span class='ocr_line' id='line_1_68' title="bbox 215 2469 994 2506; baseline 0.008 -9"><span class='ocrx_word' id='word_1_365' title='bbox 215 2469 340 2498; x_wconf 86' lang='lat' dir='ltr'><strong>diceret:</strong></span> <span class='ocrx_word' id='word_1_366' title='bbox 352 2471 418 2499; x_wconf 88' lang='lat' dir='ltr'><strong>Mihi</strong></span> <span class='ocrx_word' id='word_1_367' title='bbox 434 2474 477 2500; x_wconf 89' lang='lat' dir='ltr'><strong>est</strong></span> <span class='ocrx_word' id='word_1_368' title='bbox 490 2472 639 2506; x_wconf 87' lang='lat' dir='ltr'><strong>divinitas,</strong></span> <span class='ocrx_word' id='word_1_369' title='bbox 648 2475 676 2501; x_wconf 90' lang='lat' dir='ltr'><strong>et</strong></span> <span class='ocrx_word' id='word_1_370' title='bbox 689 2473 858 2502; x_wconf 87' lang='lat' dir='ltr'><strong>humanitas</strong></span> <span class='ocrx_word' id='word_1_371' title='bbox 874 2484 881 2502; x_wconf 76' lang='lat' dir='ltr'><em>z</em></span> <span class='ocrx_word' id='word_1_372' title='bbox 899 2478 926 2502; x_wconf 90' lang='lat' dir='ltr'><strong>et</strong></span> <span class='ocrx_word' id='word_1_373' title='bbox 940 2475 994 2503; x_wconf 89' lang='lat' dir='ltr'><strong>tibi</strong></span> 
     </span>
     <span class='ocr_line' id='line_1_69' title="bbox 216 2517 994 2553; baseline 0.009 -9"><span class='ocrx_word' id='word_1_374' title='bbox 216 2519 258 2544; x_wconf 82' lang='lat' dir='ltr'><strong>est</strong></span> <span class='ocrx_word' id='word_1_375' title='bbox 276 2517 446 2553; x_wconf 86' lang='lat' dir='ltr'><strong>virginitas,</strong></span> <span class='ocrx_word' id='word_1_376' title='bbox 470 2520 498 2546; x_wconf 87' lang='lat' dir='ltr'><strong>et</strong></span> <span class='ocrx_word' id='word_1_377' title='bbox 518 2519 693 2547; x_wconf 63' lang='lat' dir='ltr'><strong>fecunditas</strong></span> <span class='ocrx_word' id='word_1_378' title='bbox 716 2521 784 2548; x_wconf 88' lang='lat' dir='ltr'><strong>Mihi</strong></span> <span class='ocrx_word' id='word_1_379' title='bbox 807 2522 946 2550; x_wconf 87' lang='lat' dir='ltr'><strong>divinitas</strong></span> <span class='ocrx_word' id='word_1_380' title='bbox 966 2525 994 2551; x_wconf 84' lang='lat' dir='ltr'><strong>et</strong></span> 
     </span>
     <span class='ocr_line' id='line_1_70' title="bbox 215 2563 992 2603; baseline 0.009 -12"><span class='ocrx_word' id='word_1_381' title='bbox 215 2563 392 2600; x_wconf 86' lang='lat' dir='ltr'><strong>humanitas,</strong></span> <span class='ocrx_word' id='word_1_382' title='bbox 409 2565 481 2601; x_wconf 85' lang='lat' dir='ltr'><strong>quia</strong></span> <span class='ocrx_word' id='word_1_383' title='bbox 496 2567 569 2594; x_wconf 89' lang='lat' dir='ltr'><strong>Deus</strong></span> <span class='ocrx_word' id='word_1_384' title='bbox 585 2574 652 2594; x_wconf 88' lang='lat' dir='ltr'><strong>sum</strong></span> <span class='ocrx_word' id='word_1_385' title='bbox 666 2568 694 2595; x_wconf 88' lang='lat' dir='ltr'><strong>et</strong></span> <span class='ocrx_word' id='word_1_386' title='bbox 707 2566 815 2603; x_wconf 86' lang='lat' dir='ltr'><strong>hom03</strong></span> <span class='ocrx_word' id='word_1_387' title='bbox 842 2571 869 2597; x_wconf 90' lang='lat' dir='ltr'><strong>et</strong></span> <span class='ocrx_word' id='word_1_388' title='bbox 884 2569 935 2597; x_wconf 89' lang='lat' dir='ltr'><strong>tibi</strong></span> <span class='ocrx_word' id='word_1_389' title='bbox 950 2569 992 2597; x_wconf 83' lang='lat' dir='ltr'><strong>se—</strong></span> 
     </span>
    </p>
   </div>
   <div class='ocr_carea' id='block_1_10' title="bbox 218 2637 991 2745">
    <p class='ocr_par' dir='ltr' id='par_1_13' title="bbox 218 2637 991 2745">
     <span class='ocr_line' id='line_1_71' title="bbox 250 2637 990 2675; baseline 0.011 -15"><span class='ocrx_word' id='word_1_390' title='bbox 250 2638 254 2650; x_wconf 83' lang='lat'><strong>¹</strong></span> <span class='ocrx_word' id='word_1_391' title='bbox 269 2637 290 2661; x_wconf 85' lang='lat' dir='ltr'><strong>il</strong></span> <span class='ocrx_word' id='word_1_392' title='bbox 305 2638 372 2667; x_wconf 62' lang='lat' dir='ltr'><strong>Con,</strong></span> <span class='ocrx_word' id='word_1_393' title='bbox 387 2645 411 2668; x_wconf 82' lang='grc' dir='ltr'><strong>ν,</strong></span> <span class='ocrx_word' id='word_1_394' title='bbox 428 2641 465 2664; x_wconf 80' lang='lat' dir='ltr'><strong>to.</strong></span> <span class='ocrx_word' id='word_1_395' title='bbox 480 2653 510 2658; x_wconf 90' lang='lat'>—</span> <span class='ocrx_word' id='word_1_396' title='bbox 522 2641 532 2657; x_wconf 78' lang='lat'>¹</span> <span class='ocrx_word' id='word_1_397' title='bbox 548 2640 631 2671; x_wconf 61' lang='lat' dir='ltr'><strong>Cant„</strong></span> <span class='ocrx_word' id='word_1_398' title='bbox 648 2644 722 2671; x_wconf 75' lang='lat' dir='ltr'><strong>v,10.</strong></span> <span class='ocrx_word' id='word_1_399' title='bbox 739 2655 768 2660; x_wconf 97' lang='lat'><strong>—</strong></span> <span class='ocrx_word' id='word_1_400' title='bbox 782 2643 882 2673; x_wconf 77' lang='lat' dir='ltr'><strong>³1hid.,</strong></span> <span class='ocrx_word' id='word_1_401' title='bbox 899 2650 932 2668; x_wconf 77' lang='lat' dir='ltr'><strong>vti</strong></span> <span class='ocrx_word' id='word_1_402' title='bbox 944 2663 951 2675; x_wconf 89' lang='lat'><strong>,</strong></span> <span class='ocrx_word' id='word_1_403' title='bbox 967 2647 990 2668; x_wconf 83' lang='grc'><strong>8.</strong></span> 
     </span>
     <span class='ocr_line' id='line_1_72' title="bbox 218 2673 991 2711; baseline 0.01 -14"><span class='ocrx_word' id='word_1_404' title='bbox 218 2687 243 2690; x_wconf 92' lang='grc'>-</span> <span class='ocrx_word' id='word_1_405' title='bbox 260 2673 270 2689; x_wconf 70' lang='lat'><strong>⁴</strong></span> <span class='ocrx_word' id='word_1_406' title='bbox 284 2673 367 2703; x_wconf 84' lang='lat' dir='ltr'><strong>Joan.,</strong></span> <span class='ocrx_word' id='word_1_407' title='bbox 382 2681 435 2704; x_wconf 74' lang='lat' dir='ltr'><strong>xv¹¹</strong></span> <span class='ocrx_word' id='word_1_408' title='bbox 452 2677 487 2700; x_wconf 82' lang='lat'><strong>17.</strong></span> <span class='ocrx_word' id='word_1_409' title='bbox 500 2689 529 2694; x_wconf 92' lang='lat'><em>-</em></span> <span class='ocrx_word' id='word_1_410' title='bbox 541 2677 551 2693; x_wconf 76' lang='lat'>⁵</span> <span class='ocrx_word' id='word_1_411' title='bbox 564 2677 651 2707; x_wconf 60' lang='lat' dir='ltr'><strong>Apoc„</strong></span> <span class='ocrx_word' id='word_1_412' title='bbox 667 2683 712 2707; x_wconf 86' lang='grc' dir='ltr'>νιι,</span> <span class='ocrx_word' id='word_1_413' title='bbox 730 2680 768 2703; x_wconf 82' lang='grc' dir='ltr'><strong>Π.</strong></span> <span class='ocrx_word' id='word_1_414' title='bbox 781 2692 810 2697; x_wconf 84' lang='grc'><strong>-</strong></span> <span class='ocrx_word' id='word_1_415' title='bbox 826 2680 834 2694; x_wconf 80' lang='lat'>⁸</span> <span class='ocrx_word' id='word_1_416' title='bbox 848 2680 922 2711; x_wconf 63' lang='lat' dir='ltr'><strong>ibid„</strong></span> <span class='ocrx_word' id='word_1_417' title='bbox 937 2687 991 2711; x_wconf 77' lang='lat' dir='ltr'><strong>xiv,</strong></span> 
     </span>
     <span class='ocr_line' id='line_1_73' title="bbox 218 2710 990 2745; baseline 0.01 -12"><span class='ocrx_word' id='word_1_418' title='bbox 218 2711 239 2733; x_wconf 87' lang='lat' dir='ltr'><strong>l.</strong></span> <span class='ocrx_word' id='word_1_419' title='bbox 253 2723 283 2727; x_wconf 90' lang='lat'><strong>--</strong></span> <span class='ocrx_word' id='word_1_420' title='bbox 295 2710 302 2724; x_wconf 89' lang='lat'><em>⁷</em></span> <span class='ocrx_word' id='word_1_421' title='bbox 317 2710 420 2740; x_wconf 76' lang='lat' dir='ltr'><strong>Matth.,</strong></span> <span class='ocrx_word' id='word_1_422' title='bbox 436 2717 496 2742; x_wconf 82' lang='lat' dir='ltr'><strong>xxv,</strong></span> <span class='ocrx_word' id='word_1_423' title='bbox 514 2713 553 2736; x_wconf 84' lang='lat'><strong>33.</strong></span> <span class='ocrx_word' id='word_1_424' title='bbox 567 2725 596 2731; x_wconf 92' lang='lat'>—</span> <span class='ocrx_word' id='word_1_425' title='bbox 612 2714 619 2725; x_wconf 72' lang='lat'><strong>‘¹</strong></span> <span class='ocrx_word' id='word_1_426' title='bbox 631 2713 716 2745; x_wconf 57' lang='lat' dir='ltr'><strong>Prov„</strong></span> <span class='ocrx_word' id='word_1_427' title='bbox 733 2720 767 2745; x_wconf 86' lang='lat' dir='ltr'><strong>iv,</strong></span> <span class='ocrx_word' id='word_1_428' title='bbox 785 2716 824 2739; x_wconf 79' lang='lat'><strong>27.</strong></span> <span class='ocrx_word' id='word_1_429' title='bbox 841 2728 871 2734; x_wconf 89' lang='lat'><strong>—</strong></span> <span class='ocrx_word' id='word_1_430' title='bbox 885 2717 895 2732; x_wconf 74' lang='lat'>⁹</span> <span class='ocrx_word' id='word_1_431' title='bbox 909 2717 990 2743; x_wconf 69' lang='lat' dir='ltr'><strong>joan..</strong></span> 
     </span>
    </p>
   </div>
   <div class='ocr_carea' id='block_1_11' title="bbox 1771 243 1830 273">
    <p class='ocr_par' dir='ltr' id='par_1_14' title="bbox 1771 243 1830 273">
     <span class='ocr_line' id='line_1_74' title="bbox 1771 243 1830 273; baseline -0.017 0"><span class='ocrx_word' id='word_1_432' title='bbox 1771 243 1830 273; x_wconf 68' lang='lat'><strong>343</strong></span> 
     </span>
    </p>
   </div>
   <div class='ocr_carea' id='block_1_12' title="bbox 1050 303 1838 2561">
    <p class='ocr_par' dir='ltr' id='par_1_15' title="bbox 1051 303 1835 625">
     <span class='ocr_line' id='line_1_75' title="bbox 1052 303 1829 344; baseline 0.009 -13"><span class='ocrx_word' id='word_1_433' title='bbox 1052 303 1189 333; x_wconf 83' lang='lat' dir='ltr'><strong>cunditas</strong></span> <span class='ocrx_word' id='word_1_434' title='bbox 1210 308 1238 335; x_wconf 85' lang='lat' dir='ltr'><strong>et</strong></span> <span class='ocrx_word' id='word_1_435' title='bbox 1253 307 1423 343; x_wconf 83' lang='lat' dir='ltr'><strong>virginitas,</strong></span> <span class='ocrx_word' id='word_1_436' title='bbox 1441 306 1512 344; x_wconf 83' lang='lat' dir='ltr'><strong>quia</strong></span> <span class='ocrx_word' id='word_1_437' title='bbox 1526 308 1620 336; x_wconf 88' lang='lat' dir='ltr'><strong>mater</strong></span> <span class='ocrx_word' id='word_1_438' title='bbox 1641 315 1672 336; x_wconf 91' lang='lat' dir='ltr'><strong>es</strong></span> <span class='ocrx_word' id='word_1_439' title='bbox 1687 309 1715 336; x_wconf 87' lang='lat' dir='ltr'><strong>et</strong></span> <span class='ocrx_word' id='word_1_440' title='bbox 1733 308 1829 344; x_wconf 77' lang='lat' dir='ltr'><strong>vlrgo.</strong></span> 
     </span>
     <span class='ocr_line' id='line_1_76' title="bbox 1051 350 1833 391; baseline 0.008 -13"><span class='ocrx_word' id='word_1_441' title='bbox 1051 350 1119 379; x_wconf 89' lang='lat' dir='ltr'><strong>Mihi</strong></span> <span class='ocrx_word' id='word_1_442' title='bbox 1134 351 1272 382; x_wconf 82' lang='lat' dir='ltr'><strong>divinitas</strong></span> <span class='ocrx_word' id='word_1_443' title='bbox 1287 362 1323 383; x_wconf 82' lang='lat' dir='ltr'><strong>ex</strong></span> <span class='ocrx_word' id='word_1_444' title='bbox 1333 355 1448 391; x_wconf 84' lang='lat' dir='ltr'><strong>virgine</strong></span> <span class='ocrx_word' id='word_1_445' title='bbox 1462 356 1556 391; x_wconf 86' lang='lat' dir='ltr'><strong>patre,</strong></span> <span class='ocrx_word' id='word_1_446' title='bbox 1572 356 1600 383; x_wconf 89' lang='lat' dir='ltr'><strong>et</strong></span> <span class='ocrx_word' id='word_1_447' title='bbox 1614 355 1783 384; x_wconf 86' lang='lat' dir='ltr'><strong>humanitas</strong></span> <span class='ocrx_word' id='word_1_448' title='bbox 1796 363 1833 385; x_wconf 83' lang='lat' dir='ltr'><strong>ex</strong></span> 
     </span>
     <span class='ocr_line' id='line_1_77' title="bbox 1051 398 1832 439; baseline 0.006 -13"><span class='ocrx_word' id='word_1_449' title='bbox 1051 398 1166 434; x_wconf 84' lang='lat' dir='ltr'><strong>virgine</strong></span> <span class='ocrx_word' id='word_1_450' title='bbox 1181 403 1288 430; x_wconf 83' lang='lat' dir='ltr'><strong>matre:</strong></span> <span class='ocrx_word' id='word_1_451' title='bbox 1304 401 1358 430; x_wconf 90' lang='lat' dir='ltr'><strong>tibi</strong></span> <span class='ocrx_word' id='word_1_452' title='bbox 1378 402 1532 437; x_wconf 82' lang='lat' dir='ltr'><strong>virginitas</strong></span> <span class='ocrx_word' id='word_1_453' title='bbox 1555 402 1618 430; x_wconf 88' lang='lat' dir='ltr'><strong>sine</strong></span> <span class='ocrx_word' id='word_1_454' title='bbox 1641 402 1726 439; x_wconf 84' lang='lat' dir='ltr'><strong>labe,</strong></span> <span class='ocrx_word' id='word_1_455' title='bbox 1747 405 1777 432; x_wconf 89' lang='lat' dir='ltr'><strong>et</strong></span> <span class='ocrx_word' id='word_1_456' title='bbox 1791 403 1832 432; x_wconf 86' lang='lat' dir='ltr'><strong>fe-</strong></span> 
     </span>
     <span class='ocr_line' id='line_1_78' title="bbox 1052 446 1834 486; baseline 0.008 -14"><span class='ocrx_word' id='word_1_457' title='bbox 1052 446 1188 474; x_wconf 87' lang='lat' dir='ltr'><strong>cunditas</strong></span> <span class='ocrx_word' id='word_1_458' title='bbox 1204 447 1266 476; x_wconf 90' lang='lat' dir='ltr'><strong>sine</strong></span> <span class='ocrx_word' id='word_1_459' title='bbox 1286 449 1409 477; x_wconf 88' lang='lat' dir='ltr'><strong>semine.</strong></span> <span class='ocrx_word' id='word_1_460' title='bbox 1432 449 1476 477; x_wconf 86' lang='lat' dir='ltr'><strong>Ad</strong></span> <span class='ocrx_word' id='word_1_461' title='bbox 1499 448 1562 476; x_wconf 83' lang='lat' dir='ltr'><strong>haec</strong></span> <span class='ocrx_word' id='word_1_462' title='bbox 1577 449 1666 478; x_wconf 82' lang='lat' dir='ltr'><strong>Maria</strong></span> <span class='ocrx_word' id='word_1_463' title='bbox 1689 452 1834 486; x_wconf 87' lang='lat' dir='ltr'><strong>tanquam</strong></span> 
     </span>
     <span class='ocr_line' id='line_1_79' title="bbox 1053 491 1834 532; baseline 0.008 -13"><span class='ocrx_word' id='word_1_464' title='bbox 1053 491 1148 520; x_wconf 89' lang='lat' dir='ltr'><strong>dulcis</strong></span> <span class='ocrx_word' id='word_1_465' title='bbox 1175 495 1381 531; x_wconf 85' lang='lat' dir='ltr'><strong>tympanistria</strong></span> <span class='ocrx_word' id='word_1_466' title='bbox 1409 495 1604 532; x_wconf 82' lang='lat' dir='ltr'><strong>respondebit</strong></span> <span class='ocrx_word' id='word_1_467' title='bbox 1630 496 1834 526; x_wconf 86' lang='lat' dir='ltr'><strong>dulcissimam</strong></span> 
     </span>
     <span class='ocr_line' id='line_1_80' title="bbox 1053 541 1835 582; baseline 0.008 -14"><span class='ocrx_word' id='word_1_468' title='bbox 1053 541 1230 570; x_wconf 84' lang='lat' dir='ltr'><strong>cantilenam</strong></span> <span class='ocrx_word' id='word_1_469' title='bbox 1241 544 1263 561; x_wconf 90' lang='lat'><strong>¹⁰</strong></span> <span class='ocrx_word' id='word_1_470' title='bbox 1274 552 1281 571; x_wconf 91' lang='grc'>;</span> <span class='ocrx_word' id='word_1_471' title='bbox 1293 544 1455 578; x_wconf 70' lang='lat' dir='ltr'><strong>Maqnz&#39;sicat</strong></span> <span class='ocrx_word' id='word_1_472' title='bbox 1469 544 1560 571; x_wconf 74' lang='lat' dir='ltr'><strong>anima</strong></span> <span class='ocrx_word' id='word_1_473' title='bbox 1574 550 1632 571; x_wconf 84' lang='lat' dir='ltr'><strong>mea</strong></span> <span class='ocrx_word' id='word_1_474' title='bbox 1645 545 1798 582; x_wconf 80' lang='lat' dir='ltr'><strong>Dominum,</strong></span> <span class='ocrx_word' id='word_1_475' title='bbox 1809 549 1835 574; x_wconf 83' lang='lat' dir='ltr'><strong>et</strong></span> 
     </span>
     <span class='ocr_line' id='line_1_81' title="bbox 1054 589 1487 625; baseline 0.007 -10"><span class='ocrx_word' id='word_1_476' title='bbox 1054 589 1188 617; x_wconf 76' lang='lat' dir='ltr'><strong>exultavit</strong></span> <span class='ocrx_word' id='word_1_477' title='bbox 1202 592 1321 625; x_wconf 78' lang='lat' dir='ltr'><strong>spiritus</strong></span> <span class='ocrx_word' id='word_1_478' title='bbox 1333 598 1416 623; x_wconf 80' lang='lat' dir='ltr'><strong>meas,</strong></span> <span class='ocrx_word' id='word_1_479' title='bbox 1432 592 1487 619; x_wconf 90' lang='lat' dir='ltr'><strong>etc.</strong></span> 
     </span>
    </p>

    <p class='ocr_par' dir='ltr' id='par_1_16' title="bbox 1053 636 1838 1467">
     <span class='ocr_line' id='line_1_82' title="bbox 1089 636 1836 675; baseline 0.007 -12"><span class='ocrx_word' id='word_1_480' title='bbox 1089 636 1227 665; x_wconf 87' lang='lat' dir='ltr'><strong>Secundo</strong></span> <span class='ocrx_word' id='word_1_481' title='bbox 1242 637 1371 665; x_wconf 86' lang='lat' dir='ltr'><strong>Christus</strong></span> <span class='ocrx_word' id='word_1_482' title='bbox 1382 636 1514 666; x_wconf 83' lang='lat' dir='ltr'><strong>cantabit</strong></span> <span class='ocrx_word' id='word_1_483' title='bbox 1526 636 1668 673; x_wconf 84' lang='lat' dir='ltr'><strong>angelicis</strong></span> <span class='ocrx_word' id='word_1_484' title='bbox 1682 638 1836 675; x_wconf 88' lang='lat' dir='ltr'><strong>spiritibus</strong></span> 
     </span>
     <span class='ocr_line' id='line_1_83' title="bbox 1054 683 1835 724; baseline 0.008 -14"><span class='ocrx_word' id='word_1_485' title='bbox 1054 683 1184 717; x_wconf 89' lang='lat' dir='ltr'><strong>cantum,</strong></span> <span class='ocrx_word' id='word_1_486' title='bbox 1209 683 1260 720; x_wconf 84' lang='lat' dir='ltr'><strong>qui</strong></span> <span class='ocrx_word' id='word_1_487' title='bbox 1275 684 1414 713; x_wconf 86' lang='lat' dir='ltr'><strong>scribitur</strong></span> <span class='ocrx_word' id='word_1_488' title='bbox 1428 685 1460 712; x_wconf 88' lang='lat' dir='ltr'><strong>in</strong></span> <span class='ocrx_word' id='word_1_489' title='bbox 1474 684 1594 713; x_wconf 86' lang='lat' dir='ltr'><strong>Psalmo</strong></span> <span class='ocrx_word' id='word_1_490' title='bbox 1610 685 1630 703; x_wconf 80' lang='lat'><strong>¹¹</strong></span> <span class='ocrx_word' id='word_1_491' title='bbox 1648 693 1655 713; x_wconf 76' lang='grc' dir='ltr'><strong><em>ε</em></strong></span> <span class='ocrx_word' id='word_1_492' title='bbox 1671 687 1835 724; x_wconf 72' lang='lat' dir='ltr'><strong>Benedicite,</strong></span> 
     </span>
     <span class='ocr_line' id='line_1_84' title="bbox 1054 725 1837 770; baseline 0.005 -12"><span class='ocrx_word' id='word_1_493' title='bbox 1054 731 1153 765; x_wconf 62' lang='lat' dir='ltr'><strong>angeli,</strong></span> <span class='ocrx_word' id='word_1_494' title='bbox 1169 733 1288 767; x_wconf 76' lang='lat' dir='ltr'><strong>potentes</strong></span> <span class='ocrx_word' id='word_1_495' title='bbox 1302 733 1414 764; x_wconf 80' lang='lat' dir='ltr'><strong>virtute,</strong></span> <span class='ocrx_word' id='word_1_496' title='bbox 1430 725 1571 766; x_wconf 57' lang='lat' dir='ltr'><strong>‘facientes</strong></span> <span class='ocrx_word' id='word_1_497' title='bbox 1585 733 1693 760; x_wconf 85' lang='lat' dir='ltr'><strong>verbum</strong></span> <span class='ocrx_word' id='word_1_498' title='bbox 1711 734 1778 770; x_wconf 71' lang='lat' dir='ltr'><strong>ejtts,</strong></span> <span class='ocrx_word' id='word_1_499' title='bbox 1800 735 1837 762; x_wconf 86' lang='lat' dir='ltr'><strong>ad</strong></span> 
     </span>
     <span class='ocr_line' id='line_1_85' title="bbox 1054 776 1838 818; baseline 0.006 -13"><span class='ocrx_word' id='word_1_500' title='bbox 1054 779 1274 806; x_wconf 78' lang='lat' dir='ltr'><strong>annuntiandum</strong></span> <span class='ocrx_word' id='word_1_501' title='bbox 1295 779 1329 815; x_wconf 87' lang='lat' dir='ltr'><strong>(a)</strong></span> <span class='ocrx_word' id='word_1_502' title='bbox 1346 776 1434 807; x_wconf 79' lang='lat' dir='ltr'><strong>vocem</strong></span> <span class='ocrx_word' id='word_1_503' title='bbox 1455 787 1606 808; x_wconf 74' lang='lat' dir='ltr'><strong>sermonum</strong></span> <span class='ocrx_word' id='word_1_504' title='bbox 1630 780 1699 815; x_wconf 79' lang='lat' dir='ltr'><strong>ejus.</strong></span> <span class='ocrx_word' id='word_1_505' title='bbox 1714 781 1772 809; x_wconf 83' lang='lat' dir='ltr'><strong>vos</strong></span> <span class='ocrx_word' id='word_1_506' title='bbox 1785 782 1838 818; x_wconf 85' lang='lat' dir='ltr'><strong>qui</strong></span> 
     </span>
     <span class='ocr_line' id='line_1_86' title="bbox 1055 825 1838 865; baseline 0.006 -13"><span class='ocrx_word' id='word_1_507' title='bbox 1055 826 1123 852; x_wconf 71' lang='lat' dir='ltr'><strong>estIS</strong></span> <span class='ocrx_word' id='word_1_508' title='bbox 1137 826 1238 860; x_wconf 64' lang='lat' dir='ltr'><strong>angeli,</strong></span> <span class='ocrx_word' id='word_1_509' title='bbox 1253 825 1285 854; x_wconf 92' lang='lat' dir='ltr'><strong>id</strong></span> <span class='ocrx_word' id='word_1_510' title='bbox 1300 828 1342 854; x_wconf 89' lang='lat' dir='ltr'><strong>est</strong></span> <span class='ocrx_word' id='word_1_511' title='bbox 1357 826 1454 854; x_wconf 91' lang='lat' dir='ltr'><strong>nuntii</strong></span> <span class='ocrx_word' id='word_1_512' title='bbox 1477 825 1692 863; x_wconf 80' lang='lat' dir='ltr'><strong>discurrentes3</strong></span> <span class='ocrx_word' id='word_1_513' title='bbox 1715 835 1769 856; x_wconf 84' lang='lat' dir='ltr'><strong>vos</strong></span> <span class='ocrx_word' id='word_1_514' title='bbox 1786 829 1838 865; x_wconf 88' lang='lat' dir='ltr'><strong>qui</strong></span> 
     </span>
     <span class='ocr_line' id='line_1_87' title="bbox 1055 871 1838 911; baseline 0.006 -12"><span class='ocrx_word' id='word_1_515' title='bbox 1055 871 1123 900; x_wconf 88' lang='lat' dir='ltr'><strong>estis</strong></span> <span class='ocrx_word' id='word_1_516' title='bbox 1141 874 1280 908; x_wconf 80' lang='lat' dir='ltr'><strong>potentes,</strong></span> <span class='ocrx_word' id='word_1_517' title='bbox 1302 872 1334 901; x_wconf 89' lang='lat' dir='ltr'><strong>id</strong></span> <span class='ocrx_word' id='word_1_518' title='bbox 1356 875 1398 902; x_wconf 88' lang='lat' dir='ltr'><strong>est</strong></span> <span class='ocrx_word' id='word_1_519' title='bbox 1418 873 1569 902; x_wconf 87' lang='lat' dir='ltr'><strong>mirabilia</strong></span> <span class='ocrx_word' id='word_1_520' title='bbox 1593 876 1764 911; x_wconf 84' lang='lat' dir='ltr'><strong>operantes;</strong></span> <span class='ocrx_word' id='word_1_521' title='bbox 1791 878 1838 911; x_wconf 76' lang='lat' dir='ltr'><strong>qui</strong></span> 
     </span>
     <span class='ocr_line' id='line_1_88' title="bbox 1054 920 1838 960; baseline 0.005 -13"><span class='ocrx_word' id='word_1_522' title='bbox 1054 920 1149 952; x_wconf 79' lang='lat' dir='ltr'><strong>facitis</strong></span> <span class='ocrx_word' id='word_1_523' title='bbox 1163 921 1270 948; x_wconf 81' lang='lat' dir='ltr'><strong>verbum</strong></span> <span class='ocrx_word' id='word_1_524' title='bbox 1281 921 1433 954; x_wconf 88' lang='lat' dir='ltr'><strong>meum,id</strong></span> <span class='ocrx_word' id='word_1_525' title='bbox 1441 923 1484 949; x_wconf 82' lang='lat' dir='ltr'><strong>est</strong></span> <span class='ocrx_word' id='word_1_526' title='bbox 1497 921 1571 949; x_wconf 85' lang='lat' dir='ltr'><strong>meis</strong></span> <span class='ocrx_word' id='word_1_527' title='bbox 1581 921 1755 960; x_wconf 87' lang='lat' dir='ltr'><strong>imperiis(b)</strong></span> <span class='ocrx_word' id='word_1_528' title='bbox 1767 922 1838 952; x_wconf 89' lang='lat' dir='ltr'><strong>obe-</strong></span> 
     </span>
     <span class='ocr_line' id='line_1_89' title="bbox 1055 966 1837 1001; baseline 0.005 -7"><span class='ocrx_word' id='word_1_529' title='bbox 1055 966 1178 1001; x_wconf 84' lang='lat' dir='ltr'><strong>dientes,</strong></span> <span class='ocrx_word' id='word_1_530' title='bbox 1194 968 1222 995; x_wconf 90' lang='lat' dir='ltr'><strong>et</strong></span> <span class='ocrx_word' id='word_1_531' title='bbox 1232 967 1306 996; x_wconf 86' lang='lat' dir='ltr'><strong>alios</strong></span> <span class='ocrx_word' id='word_1_532' title='bbox 1321 968 1445 996; x_wconf 88' lang='lat' dir='ltr'><strong>obedire</strong></span> <span class='ocrx_word' id='word_1_533' title='bbox 1460 968 1609 996; x_wconf 87' lang='lat' dir='ltr'><strong>facientes.</strong></span> <span class='ocrx_word' id='word_1_534' title='bbox 1621 969 1666 997; x_wconf 77' lang='lat' dir='ltr'><strong>Ad</strong></span> <span class='ocrx_word' id='word_1_535' title='bbox 1680 969 1759 998; x_wconf 90' lang='lat' dir='ltr'><strong>hunc</strong></span> <span class='ocrx_word' id='word_1_536' title='bbox 1770 979 1837 999; x_wconf 85' lang='lat' dir='ltr'><strong>can-</strong></span> 
     </span>
     <span class='ocr_line' id='line_1_90' title="bbox 1054 1014 1838 1052; baseline 0.005 -11"><span class='ocrx_word' id='word_1_537' title='bbox 1054 1014 1118 1041; x_wconf 88' lang='lat' dir='ltr'><strong>tum</strong></span> <span class='ocrx_word' id='word_1_538' title='bbox 1133 1014 1236 1042; x_wconf 85' lang='lat' dir='ltr'><strong>Christi</strong></span> <span class='ocrx_word' id='word_1_539' title='bbox 1252 1015 1478 1051; x_wconf 84' lang='lat' dir='ltr'><strong>respondebunt</strong></span> <span class='ocrx_word' id='word_1_540' title='bbox 1492 1016 1583 1043; x_wconf 88' lang='lat' dir='ltr'><strong>sancti</strong></span> <span class='ocrx_word' id='word_1_541' title='bbox 1599 1017 1698 1052; x_wconf 83' lang='lat' dir='ltr'><strong>angeli</strong></span> <span class='ocrx_word' id='word_1_542' title='bbox 1719 1017 1838 1046; x_wconf 86' lang='lat' dir='ltr'><strong>cantile-</strong></span> 
     </span>
     <span class='ocr_line' id='line_1_91' title="bbox 1054 1063 1835 1098; baseline 0.005 -10"><span class='ocrx_word' id='word_1_543' title='bbox 1054 1068 1125 1089; x_wconf 85' lang='lat' dir='ltr'><strong>nam</strong></span> <span class='ocrx_word' id='word_1_544' title='bbox 1140 1071 1207 1098; x_wconf 81' lang='lat' dir='ltr'><strong>quae</strong></span> <span class='ocrx_word' id='word_1_545' title='bbox 1224 1063 1362 1091; x_wconf 86' lang='lat' dir='ltr'><strong>scribitur</strong></span> <span class='ocrx_word' id='word_1_546' title='bbox 1376 1063 1407 1090; x_wconf 89' lang='lat' dir='ltr'><strong>in</strong></span> <span class='ocrx_word' id='word_1_547' title='bbox 1422 1063 1594 1098; x_wconf 72' lang='lat' dir='ltr'><strong>Apocalypsi</strong></span> <span class='ocrx_word' id='word_1_548' title='bbox 1609 1063 1628 1080; x_wconf 77' lang='lat'><strong>¹²</strong></span> <span class='ocrx_word' id='word_1_549' title='bbox 1645 1073 1653 1091; x_wconf 87' lang='lat'><strong>.·</strong></span> <span class='ocrx_word' id='word_1_550' title='bbox 1670 1065 1835 1098; x_wconf 78' lang='lat' dir='ltr'><strong>Benedictio,</strong></span> 
     </span>
     <span class='ocr_line' id='line_1_92' title="bbox 1054 1110 1837 1148; baseline 0.005 -13"><span class='ocrx_word' id='word_1_551' title='bbox 1054 1111 1080 1135; x_wconf 86' lang='lat' dir='ltr'><strong>et</strong></span> <span class='ocrx_word' id='word_1_552' title='bbox 1095 1110 1218 1144; x_wconf 73' lang='lat' dir='ltr'><strong>claritas,</strong></span> <span class='ocrx_word' id='word_1_553' title='bbox 1232 1112 1257 1137; x_wconf 82' lang='lat' dir='ltr'><strong>et</strong></span> <span class='ocrx_word' id='word_1_554' title='bbox 1272 1112 1420 1145; x_wconf 79' lang='lat' dir='ltr'><strong>sapientia,</strong></span> <span class='ocrx_word' id='word_1_555' title='bbox 1438 1113 1463 1138; x_wconf 82' lang='lat' dir='ltr'><strong>et</strong></span> <span class='ocrx_word' id='word_1_556' title='bbox 1479 1112 1727 1146; x_wconf 61' lang='lat' dir='ltr'><strong>gratiarumactio,</strong></span> <span class='ocrx_word' id='word_1_557' title='bbox 1744 1113 1837 1148; x_wconf 81' lang='lat' dir='ltr'><strong>honor,</strong></span> 
     </span>
     <span class='ocr_line' id='line_1_93' title="bbox 1053 1157 1835 1191; baseline 0.005 -8"><span class='ocrx_word' id='word_1_558' title='bbox 1053 1157 1143 1184; x_wconf 82' lang='lat' dir='ltr'><strong>vz&#39;rtas</strong></span> <span class='ocrx_word' id='word_1_559' title='bbox 1155 1161 1178 1184; x_wconf 88' lang='lat' dir='ltr'><strong>et</strong></span> <span class='ocrx_word' id='word_1_560' title='bbox 1192 1158 1330 1191; x_wconf 78' lang='lat' dir='ltr'><strong>fortitudo</strong></span> <span class='ocrx_word' id='word_1_561' title='bbox 1344 1160 1395 1185; x_wconf 84' lang='lat' dir='ltr'><strong>Deo</strong></span> <span class='ocrx_word' id='word_1_562' title='bbox 1406 1160 1496 1185; x_wconf 68' lang='lat' dir='ltr'><strong>nostro</strong></span> <span class='ocrx_word' id='word_1_563' title='bbox 1510 1159 1540 1185; x_wconf 78' lang='lat' dir='ltr'><strong>in</strong></span> <span class='ocrx_word' id='word_1_564' title='bbox 1554 1159 1654 1185; x_wconf 79' lang='lat' dir='ltr'><strong>saecula</strong></span> <span class='ocrx_word' id='word_1_565' title='bbox 1668 1160 1835 1188; x_wconf 77' lang='lat' dir='ltr'><strong>soeculorum.</strong></span> 
     </span>
     <span class='ocr_line' id='line_1_94' title="bbox 1054 1203 1837 1239; baseline 0.006 -9"><span class='ocrx_word' id='word_1_566' title='bbox 1054 1203 1149 1232; x_wconf 81' lang='lat' dir='ltr'><strong>Amen.</strong></span> <span class='ocrx_word' id='word_1_567' title='bbox 1170 1204 1250 1239; x_wconf 87' lang='lat' dir='ltr'><strong>Tibi,</strong></span> <span class='ocrx_word' id='word_1_568' title='bbox 1271 1204 1402 1239; x_wconf 67' lang='lat' dir='ltr'><strong>Christe,</strong></span> <span class='ocrx_word' id='word_1_569' title='bbox 1420 1205 1456 1232; x_wconf 89' lang='lat' dir='ltr'><strong>sit</strong></span> <span class='ocrx_word' id='word_1_570' title='bbox 1479 1205 1628 1233; x_wconf 73' lang='lat' dir='ltr'><strong>benedictio</strong></span> <span class='ocrx_word' id='word_1_571' title='bbox 1652 1205 1683 1233; x_wconf 87' lang='lat' dir='ltr'><strong>in</strong></span> <span class='ocrx_word' id='word_1_572' title='bbox 1701 1205 1837 1235; x_wconf 86' lang='lat' dir='ltr'><strong>incarna-</strong></span> 
     </span>
     <span class='ocr_line' id='line_1_95' title="bbox 1054 1250 1837 1289; baseline 0.005 -11"><span class='ocrx_word' id='word_1_573' title='bbox 1054 1250 1146 1285; x_wconf 89' lang='lat' dir='ltr'><strong>tione,</strong></span> <span class='ocrx_word' id='word_1_574' title='bbox 1162 1252 1274 1279; x_wconf 74' lang='lat' dir='ltr'><strong>clarc&#39;cas</strong></span> <span class='ocrx_word' id='word_1_575' title='bbox 1290 1251 1320 1278; x_wconf 89' lang='lat' dir='ltr'><strong>in</strong></span> <span class='ocrx_word' id='word_1_576' title='bbox 1335 1252 1497 1286; x_wconf 82' lang='lat' dir='ltr'><strong>nativitate,</strong></span> <span class='ocrx_word' id='word_1_577' title='bbox 1519 1253 1661 1287; x_wconf 77' lang='lat' dir='ltr'><strong>sapientia</strong></span> <span class='ocrx_word' id='word_1_578' title='bbox 1683 1253 1714 1280; x_wconf 88' lang='lat' dir='ltr'><strong>in</strong></span> <span class='ocrx_word' id='word_1_579' title='bbox 1729 1253 1837 1289; x_wconf 78' lang='lat' dir='ltr'><strong>praedi-</strong></span> 
     </span>
     <span class='ocr_line' id='line_1_96' title="bbox 1055 1298 1837 1337; baseline 0.004 -12"><span class='ocrx_word' id='word_1_580' title='bbox 1055 1298 1187 1333; x_wconf 86' lang='lat' dir='ltr'><strong>catione,</strong></span> <span class='ocrx_word' id='word_1_581' title='bbox 1210 1300 1451 1333; x_wconf 63' lang='lat' dir='ltr'><strong>gratiarumactio</strong></span> <span class='ocrx_word' id='word_1_582' title='bbox 1473 1299 1505 1326; x_wconf 92' lang='lat' dir='ltr'><strong>in</strong></span> <span class='ocrx_word' id='word_1_583' title='bbox 1525 1299 1744 1335; x_wconf 82' lang='lat' dir='ltr'><strong>redemptione,</strong></span> <span class='ocrx_word' id='word_1_584' title='bbox 1768 1309 1837 1337; x_wconf 73' lang='lat' dir='ltr'><strong>pas-</strong></span> 
     </span>
     <span class='ocr_line' id='line_1_97' title="bbox 1055 1345 1838 1382; baseline 0.005 -10"><span class='ocrx_word' id='word_1_585' title='bbox 1055 1345 1137 1373; x_wconf 88' lang='lat' dir='ltr'><strong>sione</strong></span> <span class='ocrx_word' id='word_1_586' title='bbox 1158 1347 1187 1373; x_wconf 91' lang='lat' dir='ltr'><strong>et</strong></span> <span class='ocrx_word' id='word_1_587' title='bbox 1208 1347 1320 1380; x_wconf 69' lang='lat' dir='ltr'><strong>morte,</strong></span> <span class='ocrx_word' id='word_1_588' title='bbox 1343 1347 1427 1374; x_wconf 79' lang='lat' dir='ltr'><strong>honor</strong></span> <span class='ocrx_word' id='word_1_589' title='bbox 1450 1346 1481 1373; x_wconf 91' lang='lat' dir='ltr'><strong>in</strong></span> <span class='ocrx_word' id='word_1_590' title='bbox 1503 1346 1735 1382; x_wconf 84' lang='lat' dir='ltr'><strong>resurrectione,</strong></span> <span class='ocrx_word' id='word_1_591' title='bbox 1752 1349 1838 1376; x_wconf 81' lang='lat' dir='ltr'><strong>virtus</strong></span> 
     </span>
     <span class='ocr_line' id='line_1_98' title="bbox 1054 1392 1838 1430; baseline 0.005 -10"><span class='ocrx_word' id='word_1_592' title='bbox 1054 1392 1289 1428; x_wconf 82' lang='lat' dir='ltr'><strong>inascensione,</strong></span> <span class='ocrx_word' id='word_1_593' title='bbox 1304 1393 1441 1427; x_wconf 73' lang='lat' dir='ltr'><strong>fortitudo</strong></span> <span class='ocrx_word' id='word_1_594' title='bbox 1466 1393 1497 1421; x_wconf 91' lang='lat' dir='ltr'><strong>in</strong></span> <span class='ocrx_word' id='word_1_595' title='bbox 1519 1393 1625 1430; x_wconf 77' lang='lat' dir='ltr'><strong>Judicii</strong></span> <span class='ocrx_word' id='word_1_596' title='bbox 1648 1402 1838 1424; x_wconf 87' lang='lat' dir='ltr'><strong>consumma-</strong></span> 
     </span>
     <span class='ocr_line' id='line_1_99' title="bbox 1055 1439 1146 1467; baseline 0.011 -1"><span class='ocrx_word' id='word_1_597' title='bbox 1055 1439 1146 1467; x_wconf 85' lang='lat' dir='ltr'><strong>tione.</strong></span> 
     </span>
    </p>

    <p class='ocr_par' dir='ltr' id='par_1_17' title="bbox 1050 1486 1838 2561">
     <span class='ocr_line' id='line_1_100' title="bbox 1090 1486 1838 1526; baseline 0.007 -13"><span class='ocrx_word' id='word_1_598' title='bbox 1090 1486 1199 1522; x_wconf 82' lang='lat' dir='ltr'><strong>Tertio,</strong></span> <span class='ocrx_word' id='word_1_599' title='bbox 1223 1487 1352 1515; x_wconf 87' lang='lat' dir='ltr'><strong>Christus</strong></span> <span class='ocrx_word' id='word_1_600' title='bbox 1377 1488 1508 1516; x_wconf 85' lang='lat' dir='ltr'><strong>cantabit</strong></span> <span class='ocrx_word' id='word_1_601' title='bbox 1523 1489 1698 1524; x_wconf 85' lang='lat' dir='ltr'><strong>patriarchis</strong></span> <span class='ocrx_word' id='word_1_602' title='bbox 1722 1491 1750 1517; x_wconf 86' lang='lat' dir='ltr'><strong>et</strong></span> <span class='ocrx_word' id='word_1_603' title='bbox 1769 1498 1838 1526; x_wconf 83' lang='lat' dir='ltr'><strong>pro-</strong></span> 
     </span>
     <span class='ocr_line' id='line_1_101' title="bbox 1054 1533 1838 1573; baseline 0.006 -13"><span class='ocrx_word' id='word_1_604' title='bbox 1054 1533 1150 1570; x_wconf 88' lang='lat' dir='ltr'><strong>phetis</strong></span> <span class='ocrx_word' id='word_1_605' title='bbox 1174 1534 1370 1569; x_wconf 85' lang='lat' dir='ltr'><strong>cantilenam,</strong></span> <span class='ocrx_word' id='word_1_606' title='bbox 1385 1543 1477 1570; x_wconf 87' lang='lat' dir='ltr'><strong>quam</strong></span> <span class='ocrx_word' id='word_1_607' title='bbox 1493 1536 1621 1563; x_wconf 87' lang='lat' dir='ltr'><strong>cantavit</strong></span> <span class='ocrx_word' id='word_1_608' title='bbox 1641 1537 1734 1573; x_wconf 69' lang='lat' dir='ltr'><strong>Moysi</strong></span> <span class='ocrx_word' id='word_1_609' title='bbox 1749 1537 1780 1564; x_wconf 89' lang='lat' dir='ltr'><strong>in</strong></span> <span class='ocrx_word' id='word_1_610' title='bbox 1794 1537 1838 1565; x_wconf 86' lang='lat' dir='ltr'><strong>vi-</strong></span> 
     </span>
     <span class='ocr_line' id='line_1_102' title="bbox 1054 1580 1837 1618; baseline 0.005 -10"><span class='ocrx_word' id='word_1_611' title='bbox 1054 1580 1137 1608; x_wconf 89' lang='lat' dir='ltr'><strong>sione</strong></span> <span class='ocrx_word' id='word_1_612' title='bbox 1151 1580 1219 1609; x_wconf 91' lang='lat' dir='ltr'><strong>rubi</strong></span> <span class='ocrx_word' id='word_1_613' title='bbox 1231 1582 1252 1598; x_wconf 76' lang='lat'><strong>¹³</strong></span> <span class='ocrx_word' id='word_1_614' title='bbox 1268 1591 1275 1609; x_wconf 78' lang='lat' dir='ltr'>z</span> <span class='ocrx_word' id='word_1_615' title='bbox 1292 1582 1363 1609; x_wconf 80' lang='lat' dir='ltr'><strong>Deus</strong></span> <span class='ocrx_word' id='word_1_616' title='bbox 1378 1582 1528 1615; x_wconf 79' lang='lat' dir='ltr'><strong>Abraham,</strong></span> <span class='ocrx_word' id='word_1_617' title='bbox 1539 1584 1609 1610; x_wconf 80' lang='lat' dir='ltr'><strong>Deus</strong></span> <span class='ocrx_word' id='word_1_618' title='bbox 1624 1584 1712 1618; x_wconf 80' lang='lat' dir='ltr'><strong>Isaac,</strong></span> <span class='ocrx_word' id='word_1_619' title='bbox 1727 1586 1752 1611; x_wconf 77' lang='lat' dir='ltr'><strong>et</strong></span> <span class='ocrx_word' id='word_1_620' title='bbox 1765 1585 1837 1613; x_wconf 86' lang='lat' dir='ltr'><strong>Deus</strong></span> 
     </span>
     <span class='ocr_line' id='line_1_103' title="bbox 1053 1629 1838 1664; baseline 0.005 -8"><span class='ocrx_word' id='word_1_621' title='bbox 1053 1629 1144 1662; x_wconf 87' lang='lat' dir='ltr'><strong>Jacob,</strong></span> <span class='ocrx_word' id='word_1_622' title='bbox 1156 1630 1226 1656; x_wconf 85' lang='lat' dir='ltr'><strong>Deus</strong></span> <span class='ocrx_word' id='word_1_623' title='bbox 1234 1631 1348 1664; x_wconf 80' lang='lat' dir='ltr'><strong>patrum</strong></span> <span class='ocrx_word' id='word_1_624' title='bbox 1358 1632 1513 1657; x_wconf 79' lang='lat' dir='ltr'><strong>nostrorum</strong></span> <span class='ocrx_word' id='word_1_625' title='bbox 1524 1632 1601 1657; x_wconf 78' lang='lat' dir='ltr'><strong>misit</strong></span> <span class='ocrx_word' id='word_1_626' title='bbox 1613 1638 1654 1658; x_wconf 85' lang='lat' dir='ltr'><strong>me</strong></span> <span class='ocrx_word' id='word_1_627' title='bbox 1666 1631 1703 1658; x_wconf 79' lang='lat' dir='ltr'><strong>ad</strong></span> <span class='ocrx_word' id='word_1_628' title='bbox 1714 1640 1769 1659; x_wconf 81' lang='lat' dir='ltr'><strong>vos.</strong></span> <span class='ocrx_word' id='word_1_629' title='bbox 1781 1633 1838 1660; x_wconf 86' lang='lat' dir='ltr'><strong>Hoc</strong></span> 
     </span>
     <span class='ocr_line' id='line_1_104' title="bbox 1053 1677 1838 1711; baseline 0.004 -7"><span class='ocrx_word' id='word_1_630' title='bbox 1053 1684 1147 1704; x_wconf 81' lang='lat' dir='ltr'><strong>nomen</strong></span> <span class='ocrx_word' id='word_1_631' title='bbox 1163 1678 1201 1703; x_wconf 81' lang='lat' dir='ltr'><strong>est</strong></span> <span class='ocrx_word' id='word_1_632' title='bbox 1212 1677 1280 1703; x_wconf 74' lang='lat' dir='ltr'><strong>milti</strong></span> <span class='ocrx_word' id='word_1_633' title='bbox 1290 1678 1319 1704; x_wconf 78' lang='lat' dir='ltr'><strong>in</strong></span> <span class='ocrx_word' id='word_1_634' title='bbox 1335 1678 1474 1711; x_wconf 80' lang='lat' dir='ltr'><strong>aeternum,</strong></span> <span class='ocrx_word' id='word_1_635' title='bbox 1484 1680 1509 1704; x_wconf 81' lang='lat' dir='ltr'><strong>et</strong></span> <span class='ocrx_word' id='word_1_636' title='bbox 1525 1678 1572 1705; x_wconf 81' lang='lat' dir='ltr'><strong>hoc</strong></span> <span class='ocrx_word' id='word_1_637' title='bbox 1585 1679 1739 1706; x_wconf 73' lang='lat' dir='ltr'><strong>memoriale</strong></span> <span class='ocrx_word' id='word_1_638' title='bbox 1751 1687 1838 1707; x_wconf 82' lang='lat' dir='ltr'><strong>meum</strong></span> 
     </span>
     <span class='ocr_line' id='line_1_105' title="bbox 1054 1724 1838 1759; baseline 0.006 -9"><span class='ocrx_word' id='word_1_639' title='bbox 1054 1724 1085 1750; x_wconf 80' lang='lat' dir='ltr'><strong>in</strong></span> <span class='ocrx_word' id='word_1_640' title='bbox 1099 1725 1271 1758; x_wconf 71' lang='lat' dir='ltr'><strong>qeneratz&#39;one</strong></span> <span class='ocrx_word' id='word_1_641' title='bbox 1286 1726 1311 1752; x_wconf 81' lang='lat' dir='ltr'><strong>et</strong></span> <span class='ocrx_word' id='word_1_642' title='bbox 1326 1725 1535 1759; x_wconf 66' lang='lat' dir='ltr'><strong>generationem.</strong></span> <span class='ocrx_word' id='word_1_643' title='bbox 1552 1724 1681 1753; x_wconf 82' lang='lat' dir='ltr'><strong>Christus</strong></span> <span class='ocrx_word' id='word_1_644' title='bbox 1703 1726 1784 1754; x_wconf 88' lang='lat' dir='ltr'><strong>enim</strong></span> <span class='ocrx_word' id='word_1_645' title='bbox 1798 1727 1838 1755; x_wconf 84' lang='lat' dir='ltr'><strong>ad</strong></span> 
     </span>
     <span class='ocr_line' id='line_1_106' title="bbox 1054 1771 1836 1810; baseline 0.005 -12"><span class='ocrx_word' id='word_1_646' title='bbox 1054 1772 1171 1798; x_wconf 83' lang='lat' dir='ltr'><strong>sanctos</strong></span> <span class='ocrx_word' id='word_1_647' title='bbox 1184 1772 1283 1807; x_wconf 85' lang='lat' dir='ltr'><strong>patres</strong></span> <span class='ocrx_word' id='word_1_648' title='bbox 1296 1773 1323 1798; x_wconf 91' lang='lat' dir='ltr'><strong>et</strong></span> <span class='ocrx_word' id='word_1_649' title='bbox 1332 1771 1526 1807; x_wconf 82' lang='lat' dir='ltr'><strong>patriarchaS,</strong></span> <span class='ocrx_word' id='word_1_650' title='bbox 1543 1774 1570 1799; x_wconf 92' lang='lat' dir='ltr'><strong>et</strong></span> <span class='ocrx_word' id='word_1_651' title='bbox 1584 1773 1755 1808; x_wconf 77' lang='lat' dir='ltr'><strong>prophetas,</strong></span> <span class='ocrx_word' id='word_1_652' title='bbox 1770 1782 1836 1810; x_wconf 89' lang='lat' dir='ltr'><strong>spe-</strong></span> 
     </span>
     <span class='ocr_line' id='line_1_107' title="bbox 1053 1817 1836 1856; baseline 0.005 -12"><span class='ocrx_word' id='word_1_653' title='bbox 1053 1817 1166 1845; x_wconf 83' lang='lat' dir='ltr'><strong>cialiter</strong></span> <span class='ocrx_word' id='word_1_654' title='bbox 1180 1818 1234 1845; x_wconf 85' lang='lat' dir='ltr'><strong>t&#39;uit</strong></span> <span class='ocrx_word' id='word_1_655' title='bbox 1255 1818 1371 1853; x_wconf 83' lang='lat' dir='ltr'><strong>missus,</strong></span> <span class='ocrx_word' id='word_1_656' title='bbox 1389 1818 1459 1854; x_wconf 84' lang='lat' dir='ltr'><strong>quia</strong></span> <span class='ocrx_word' id='word_1_657' title='bbox 1478 1819 1514 1846; x_wconf 89' lang='lat' dir='ltr'><strong>de</strong></span> <span class='ocrx_word' id='word_1_658' title='bbox 1530 1819 1642 1847; x_wconf 84' lang='lat' dir='ltr'><strong>semine</strong></span> <span class='ocrx_word' id='word_1_659' title='bbox 1658 1820 1762 1856; x_wconf 81' lang='lat' dir='ltr'><strong>electo,</strong></span> <span class='ocrx_word' id='word_1_660' title='bbox 1782 1821 1836 1848; x_wconf 84' lang='lat' dir='ltr'><strong>sci-</strong></span> 
     </span>
     <span class='ocr_line' id='line_1_108' title="bbox 1053 1865 1837 1903; baseline 0.005 -11"><span class='ocrx_word' id='word_1_661' title='bbox 1053 1865 1121 1893; x_wconf 89' lang='lat' dir='ltr'><strong>licet</strong></span> <span class='ocrx_word' id='word_1_662' title='bbox 1131 1867 1299 1893; x_wconf 83' lang='lat' dir='ltr'><strong>sanctorum</strong></span> <span class='ocrx_word' id='word_1_663' title='bbox 1307 1866 1554 1902; x_wconf 84' lang='lat' dir='ltr'><strong>patriarcharum,</strong></span> <span class='ocrx_word' id='word_1_664' title='bbox 1569 1868 1596 1894; x_wconf 90' lang='lat' dir='ltr'><strong>et</strong></span> <span class='ocrx_word' id='word_1_665' title='bbox 1610 1867 1732 1903; x_wconf 86' lang='lat' dir='ltr'><strong>Spiritus</strong></span> <span class='ocrx_word' id='word_1_666' title='bbox 1744 1869 1837 1897; x_wconf 79' lang='lat' dir='ltr'><strong>sancti</strong></span> 
     </span>
     <span class='ocr_line' id='line_1_109' title="bbox 1054 1913 1837 1951; baseline 0.004 -11"><span class='ocrx_word' id='word_1_667' title='bbox 1054 1913 1242 1948; x_wconf 82' lang='lat' dir='ltr'><strong>operatione,</strong></span> <span class='ocrx_word' id='word_1_668' title='bbox 1265 1922 1302 1941; x_wconf 73' lang='lat' dir='ltr'><strong>ex</strong></span> <span class='ocrx_word' id='word_1_669' title='bbox 1326 1913 1415 1941; x_wconf 84' lang='lat' dir='ltr'><strong>Maria</strong></span> <span class='ocrx_word' id='word_1_670' title='bbox 1438 1913 1557 1949; x_wconf 78' lang='lat' dir='ltr'><strong>Virgine</strong></span> <span class='ocrx_word' id='word_1_671' title='bbox 1584 1916 1689 1949; x_wconf 85' lang='lat' dir='ltr'><strong>natus,</strong></span> <span class='ocrx_word' id='word_1_672' title='bbox 1716 1917 1743 1942; x_wconf 89' lang='lat' dir='ltr'><strong>et</strong></span> <span class='ocrx_word' id='word_1_673' title='bbox 1765 1916 1837 1951; x_wconf 84' lang='lat' dir='ltr'><strong>quia</strong></span> 
     </span>
     <span class='ocr_line' id='line_1_110' title="bbox 1053 1960 1836 1997; baseline 0.005 -10"><span class='ocrx_word' id='word_1_674' title='bbox 1053 1960 1160 1988; x_wconf 85' lang='lat' dir='ltr'><strong>sanctis</strong></span> <span class='ocrx_word' id='word_1_675' title='bbox 1175 1961 1327 1996; x_wconf 88' lang='lat' dir='ltr'><strong>prophetis</strong></span> <span class='ocrx_word' id='word_1_676' title='bbox 1342 1961 1405 1995; x_wconf 87' lang='lat' dir='ltr'><strong>ejus</strong></span> <span class='ocrx_word' id='word_1_677' title='bbox 1420 1960 1566 1988; x_wconf 86' lang='lat' dir='ltr'><strong>adventus</strong></span> <span class='ocrx_word' id='word_1_678' title='bbox 1580 1961 1633 1989; x_wconf 82' lang='lat' dir='ltr'><strong>fuit</strong></span> <span class='ocrx_word' id='word_1_679' title='bbox 1648 1962 1836 1997; x_wconf 86' lang='lat' dir='ltr'><strong>singulariter</strong></span> 
     </span>
     <span class='ocr_line' id='line_1_111' title="bbox 1051 2007 1836 2042; baseline 0.004 -8"><span class='ocrx_word' id='word_1_680' title='bbox 1051 2007 1209 2034; x_wconf 83' lang='lat' dir='ltr'><strong>revelatus.</strong></span> <span class='ocrx_word' id='word_1_681' title='bbox 1231 2007 1282 2034; x_wconf 75' lang='lat' dir='ltr'><strong>Vel</strong></span> <span class='ocrx_word' id='word_1_682' title='bbox 1304 2008 1402 2042; x_wconf 84' lang='lat' dir='ltr'><strong>potius</strong></span> <span class='ocrx_word' id='word_1_683' title='bbox 1422 2009 1507 2035; x_wconf 88' lang='lat' dir='ltr'><strong>canet</strong></span> <span class='ocrx_word' id='word_1_684' title='bbox 1526 2009 1676 2036; x_wconf 88' lang='lat' dir='ltr'><strong>nascendo</strong></span> <span class='ocrx_word' id='word_1_685' title='bbox 1702 2009 1743 2036; x_wconf 88' lang='lat' dir='ltr'><strong>eis</strong></span> <span class='ocrx_word' id='word_1_686' title='bbox 1768 2018 1836 2037; x_wconf 88' lang='lat' dir='ltr'><strong>can-</strong></span> 
     </span>
     <span class='ocr_line' id='line_1_112' title="bbox 1052 2054 1834 2091; baseline 0.005 -10"><span class='ocrx_word' id='word_1_687' title='bbox 1052 2055 1116 2082; x_wconf 87' lang='lat' dir='ltr'><strong>tum</strong></span> <span class='ocrx_word' id='word_1_688' title='bbox 1136 2054 1223 2081; x_wconf 90' lang='lat' dir='ltr'><strong>illum</strong></span> <span class='ocrx_word' id='word_1_689' title='bbox 1238 2055 1417 2089; x_wconf 84' lang='lat' dir='ltr'><strong>gratiosum,</strong></span> <span class='ocrx_word' id='word_1_690' title='bbox 1444 2055 1495 2090; x_wconf 86' lang='lat' dir='ltr'><strong>qui</strong></span> <span class='ocrx_word' id='word_1_691' title='bbox 1518 2055 1643 2091; x_wconf 85' lang='lat' dir='ltr'><strong>scriptus</strong></span> <span class='ocrx_word' id='word_1_692' title='bbox 1659 2058 1700 2083; x_wconf 90' lang='lat' dir='ltr'><strong>est</strong></span> <span class='ocrx_word' id='word_1_693' title='bbox 1713 2057 1756 2084; x_wconf 58' lang='lat'><strong>¹⁶:</strong></span> <span class='ocrx_word' id='word_1_694' title='bbox 1781 2057 1834 2085; x_wconf 92' lang='lat' dir='ltr'><strong>Vos</strong></span> 
     </span>
     <span class='ocr_line' id='line_1_113' title="bbox 1052 2101 1834 2139; baseline 0.005 -12"><span class='ocrx_word' id='word_1_695' title='bbox 1052 2103 1108 2136; x_wconf 73' lang='lat' dir='ltr'><strong>ipsi</strong></span> <span class='ocrx_word' id='word_1_696' title='bbox 1122 2102 1243 2134; x_wconf 72' lang='lat' dir='ltr'><strong>vidistis,</strong></span> <span class='ocrx_word' id='word_1_697' title='bbox 1258 2101 1327 2136; x_wconf 76' lang='lat' dir='ltr'><strong>qaid</strong></span> <span class='ocrx_word' id='word_1_698' title='bbox 1340 2102 1448 2134; x_wconf 77' lang='lat' dir='ltr'><strong>fecerim</strong></span> <span class='ocrx_word' id='word_1_699' title='bbox 1461 2103 1612 2136; x_wconf 69' lang='lat' dir='ltr'><strong>AEqyptz&#39;z&#39;s,</strong></span> <span class='ocrx_word' id='word_1_700' title='bbox 1627 2103 1757 2138; x_wconf 79' lang='lat' dir='ltr'><strong>quomodo</strong></span> <span class='ocrx_word' id='word_1_701' title='bbox 1772 2111 1834 2139; x_wconf 82' lang='lat' dir='ltr'><strong>por-</strong></span> 
     </span>
     <span class='ocr_line' id='line_1_114' title="bbox 1053 2149 1831 2186; baseline 0.006 -12"><span class='ocrx_word' id='word_1_702' title='bbox 1053 2149 1165 2175; x_wconf 73' lang='lat' dir='ltr'><strong>taverim</strong></span> <span class='ocrx_word' id='word_1_703' title='bbox 1179 2155 1224 2175; x_wconf 71' lang='lat' dir='ltr'><strong>vos</strong></span> <span class='ocrx_word' id='word_1_704' title='bbox 1244 2155 1325 2183; x_wconf 76' lang='lat' dir='ltr'><strong>super</strong></span> <span class='ocrx_word' id='word_1_705' title='bbox 1336 2149 1394 2175; x_wconf 79' lang='lat' dir='ltr'><strong>alas</strong></span> <span class='ocrx_word' id='word_1_706' title='bbox 1409 2149 1575 2183; x_wconf 71' lang='lat' dir='ltr'><strong>aquilarum.</strong></span> <span class='ocrx_word' id='word_1_707' title='bbox 1591 2150 1624 2177; x_wconf 87' lang='lat' dir='ltr'><strong>Et</strong></span> <span class='ocrx_word' id='word_1_708' title='bbox 1640 2150 1773 2186; x_wconf 81' lang='lat' dir='ltr'><strong>sequitur</strong></span> <span class='ocrx_word' id='word_1_709' title='bbox 1789 2151 1808 2168; x_wconf 81' lang='lat'><strong>¹⁵</strong></span> <span class='ocrx_word' id='word_1_710' title='bbox 1824 2160 1831 2179; x_wconf 76' lang='grc' dir='ltr'>ε</span> 
     </span>
     <span class='ocr_line' id='line_1_115' title="bbox 1055 2194 1831 2231; baseline 0.005 -10"><span class='ocrx_word' id='word_1_711' title='bbox 1055 2194 1106 2221; x_wconf 89' lang='lat' dir='ltr'><strong>Vos</strong></span> <span class='ocrx_word' id='word_1_712' title='bbox 1121 2196 1198 2221; x_wconf 68' lang='lat' dir='ltr'><strong>eritis</strong></span> <span class='ocrx_word' id='word_1_713' title='bbox 1213 2195 1282 2222; x_wconf 76' lang='lat' dir='ltr'><strong>mihi</strong></span> <span class='ocrx_word' id='word_1_714' title='bbox 1296 2203 1404 2229; x_wconf 62' lang='lat' dir='ltr'><strong>reanum</strong></span> <span class='ocrx_word' id='word_1_715' title='bbox 1413 2196 1590 2231; x_wconf 78' lang='lat' dir='ltr'><strong>sacerdotale,</strong></span> <span class='ocrx_word' id='word_1_716' title='bbox 1606 2199 1632 2224; x_wconf 81' lang='lat' dir='ltr'><strong>et</strong></span> <span class='ocrx_word' id='word_1_717' title='bbox 1647 2205 1710 2231; x_wconf 74' lang='lat' dir='ltr'><strong>qens</strong></span> <span class='ocrx_word' id='word_1_718' title='bbox 1725 2200 1831 2226; x_wconf 79' lang='lat' dir='ltr'><strong>sancta.</strong></span> 
     </span>
     <span class='ocr_line' id='line_1_116' title="bbox 1052 2241 1832 2278; baseline 0.005 -10"><span class='ocrx_word' id='word_1_719' title='bbox 1052 2241 1109 2269; x_wconf 92' lang='lat' dir='ltr'><strong>Vos</strong></span> <span class='ocrx_word' id='word_1_720' title='bbox 1134 2241 1222 2276; x_wconf 88' lang='lat' dir='ltr'><strong>enim,</strong></span> <span class='ocrx_word' id='word_1_721' title='bbox 1240 2242 1402 2270; x_wconf 83' lang='lat' dir='ltr'><strong>submersis</strong></span> <span class='ocrx_word' id='word_1_722' title='bbox 1424 2242 1585 2278; x_wconf 85' lang='lat' dir='ltr'><strong>AEgyptiis,</strong></span> <span class='ocrx_word' id='word_1_723' title='bbox 1609 2243 1641 2271; x_wconf 88' lang='lat' dir='ltr'><strong>id</strong></span> <span class='ocrx_word' id='word_1_724' title='bbox 1665 2246 1708 2272; x_wconf 83' lang='lat' dir='ltr'><strong>est</strong></span> <span class='ocrx_word' id='word_1_725' title='bbox 1726 2245 1832 2272; x_wconf 89' lang='lat' dir='ltr'><strong>mundi</strong></span> 
     </span>
     <span class='ocr_line' id='line_1_117' title="bbox 1052 2288 1832 2326; baseline 0.005 -11"><span class='ocrx_word' id='word_1_726' title='bbox 1052 2288 1236 2316; x_wconf 75' lang='lat' dir='ltr'><strong>amatoribus</strong></span> <span class='ocrx_word' id='word_1_727' title='bbox 1249 2288 1280 2316; x_wconf 92' lang='lat' dir='ltr'><strong>in</strong></span> <span class='ocrx_word' id='word_1_728' title='bbox 1294 2289 1364 2316; x_wconf 85' lang='lat' dir='ltr'><strong>Mari</strong></span> <span class='ocrx_word' id='word_1_729' title='bbox 1379 2289 1492 2324; x_wconf 85' lang='lat' dir='ltr'><strong>Rubro,</strong></span> <span class='ocrx_word' id='word_1_730' title='bbox 1509 2289 1541 2317; x_wconf 89' lang='lat' dir='ltr'><strong>id</strong></span> <span class='ocrx_word' id='word_1_731' title='bbox 1557 2291 1599 2317; x_wconf 85' lang='lat' dir='ltr'><strong>est</strong></span> <span class='ocrx_word' id='word_1_732' title='bbox 1613 2290 1643 2317; x_wconf 90' lang='lat' dir='ltr'><strong>in</strong></span> <span class='ocrx_word' id='word_1_733' title='bbox 1657 2294 1790 2326; x_wconf 85' lang='lat' dir='ltr'><strong>peccato,</strong></span> <span class='ocrx_word' id='word_1_734' title='bbox 1804 2294 1832 2319; x_wconf 89' lang='lat' dir='ltr'><strong>et</strong></span> 
     </span>
     <span class='ocr_line' id='line_1_118' title="bbox 1051 2336 1831 2373; baseline 0.004 -10"><span class='ocrx_word' id='word_1_735' title='bbox 1051 2336 1171 2364; x_wconf 78' lang='lat' dir='ltr'><strong>tandem</strong></span> <span class='ocrx_word' id='word_1_736' title='bbox 1186 2336 1216 2364; x_wconf 89' lang='lat' dir='ltr'><strong>in</strong></span> <span class='ocrx_word' id='word_1_737' title='bbox 1236 2336 1351 2364; x_wconf 80' lang='lat' dir='ltr'><strong>inferno</strong></span> <span class='ocrx_word' id='word_1_738' title='bbox 1361 2357 1369 2370; x_wconf 90' lang='lat'><strong>,</strong></span> <span class='ocrx_word' id='word_1_739' title='bbox 1384 2336 1422 2364; x_wconf 87' lang='lat' dir='ltr'><strong>ad</strong></span> <span class='ocrx_word' id='word_1_740' title='bbox 1438 2338 1547 2364; x_wconf 84' lang='lat' dir='ltr'><strong>terram</strong></span> <span class='ocrx_word' id='word_1_741' title='bbox 1561 2338 1784 2373; x_wconf 87' lang='lat' dir='ltr'><strong>promissionis,</strong></span> <span class='ocrx_word' id='word_1_742' title='bbox 1799 2339 1831 2367; x_wconf 90' lang='lat' dir='ltr'><strong>id</strong></span> 
     </span>
     <span class='ocr_line' id='line_1_119' title="bbox 1052 2383 1831 2420; baseline 0.003 -9"><span class='ocrx_word' id='word_1_743' title='bbox 1052 2385 1095 2411; x_wconf 88' lang='lat' dir='ltr'><strong>est</strong></span> <span class='ocrx_word' id='word_1_744' title='bbox 1116 2383 1155 2411; x_wconf 83' lang='lat' dir='ltr'><strong>ad</strong></span> <span class='ocrx_word' id='word_1_745' title='bbox 1176 2384 1254 2411; x_wconf 89' lang='lat' dir='ltr'><strong>hanc</strong></span> <span class='ocrx_word' id='word_1_746' title='bbox 1268 2385 1378 2411; x_wconf 86' lang='lat' dir='ltr'><strong>terram</strong></span> <span class='ocrx_word' id='word_1_747' title='bbox 1396 2384 1558 2412; x_wconf 90' lang='lat' dir='ltr'><strong>viventium</strong></span> <span class='ocrx_word' id='word_1_748' title='bbox 1573 2385 1751 2420; x_wconf 86' lang='lat' dir='ltr'><strong>promissam</strong></span> <span class='ocrx_word' id='word_1_749' title='bbox 1776 2385 1831 2413; x_wconf 88' lang='lat' dir='ltr'><strong>ad-</strong></span> 
     </span>
     <span class='ocr_line' id='line_1_120' title="bbox 1052 2430 1830 2467; baseline 0.001 -9"><span class='ocrx_word' id='word_1_750' title='bbox 1052 2430 1132 2458; x_wconf 87' lang='lat' dir='ltr'><strong>duxi.</strong></span> <span class='ocrx_word' id='word_1_751' title='bbox 1157 2433 1190 2459; x_wconf 88' lang='lat' dir='ltr'><strong>Et</strong></span> <span class='ocrx_word' id='word_1_752' title='bbox 1208 2439 1297 2467; x_wconf 85' lang='lat' dir='ltr'><strong>super</strong></span> <span class='ocrx_word' id='word_1_753' title='bbox 1312 2431 1374 2458; x_wconf 84' lang='lat' dir='ltr'><strong>alas</strong></span> <span class='ocrx_word' id='word_1_754' title='bbox 1389 2431 1559 2466; x_wconf 85' lang='lat' dir='ltr'><strong>aquilarum</strong></span> <span class='ocrx_word' id='word_1_755' title='bbox 1574 2440 1628 2459; x_wconf 90' lang='lat' dir='ltr'><strong>vos</strong></span> <span class='ocrx_word' id='word_1_756' title='bbox 1650 2432 1781 2467; x_wconf 86' lang='lat' dir='ltr'><strong>portavi,</strong></span> <span class='ocrx_word' id='word_1_757' title='bbox 1798 2431 1830 2460; x_wconf 91' lang='lat' dir='ltr'><strong>id</strong></span> 
     </span>
     <span class='ocr_line' id='line_1_121' title="bbox 1051 2478 1829 2514; baseline 0.001 -9"><span class='ocrx_word' id='word_1_758' title='bbox 1051 2478 1134 2505; x_wconf 83' lang='lat' dir='ltr'><strong>estin</strong></span> <span class='ocrx_word' id='word_1_759' title='bbox 1148 2478 1254 2514; x_wconf 87' lang='lat' dir='ltr'><strong>pennis</strong></span> <span class='ocrx_word' id='word_1_760' title='bbox 1269 2478 1526 2514; x_wconf 87' lang='lat' dir='ltr'><strong>contemplationis</strong></span> <span class='ocrx_word' id='word_1_761' title='bbox 1546 2478 1687 2513; x_wconf 64' lang='lat' dir='ltr'><strong>angelicae</strong></span> <span class='ocrx_word' id='word_1_762' title='bbox 1701 2486 1755 2506; x_wconf 88' lang='lat' dir='ltr'><strong>vos</strong></span> <span class='ocrx_word' id='word_1_763' title='bbox 1770 2478 1829 2507; x_wconf 89' lang='lat' dir='ltr'><strong>ele—</strong></span> 
     </span>
     <span class='ocr_line' id='line_1_122' title="bbox 1050 2525 1829 2561; baseline 0.003 -8"><span class='ocrx_word' id='word_1_764' title='bbox 1050 2525 1120 2553; x_wconf 86' lang='lat' dir='ltr'><strong>vavi</strong></span> <span class='ocrx_word' id='word_1_765' title='bbox 1134 2525 1174 2553; x_wconf 92' lang='lat' dir='ltr'><strong>ad</strong></span> <span class='ocrx_word' id='word_1_766' title='bbox 1188 2525 1405 2561; x_wconf 80' lang='lat' dir='ltr'><strong>speculandum</strong></span> <span class='ocrx_word' id='word_1_767' title='bbox 1420 2525 1583 2554; x_wconf 88' lang='lat' dir='ltr'><strong>adventum</strong></span> <span class='ocrx_word' id='word_1_768' title='bbox 1597 2533 1710 2560; x_wconf 84' lang='lat' dir='ltr'><strong>meum,</strong></span> <span class='ocrx_word' id='word_1_769' title='bbox 1726 2527 1754 2554; x_wconf 88' lang='lat' dir='ltr'><strong>et</strong></span> <span class='ocrx_word' id='word_1_770' title='bbox 1767 2533 1829 2555; x_wconf 89' lang='lat' dir='ltr'><strong>om—</strong></span> 
     </span>
    </p>
   </div>
   <div class='ocr_carea' id='block_1_13' title="bbox 1050 2600 1829 2702">
    <p class='ocr_par' dir='ltr' id='par_1_18' title="bbox 1050 2600 1829 2702">
     <span class='ocr_line' id='line_1_123' title="bbox 1051 2600 1828 2631; baseline 0 -7"><span class='ocrx_word' id='word_1_771' title='bbox 1051 2605 1084 2630; x_wconf 81' lang='lat'><strong>11,</strong></span> <span class='ocrx_word' id='word_1_772' title='bbox 1100 2601 1122 2624; x_wconf 88' lang='lat'><strong>4.</strong></span> <span class='ocrx_word' id='word_1_773' title='bbox 1134 2613 1165 2618; x_wconf 88' lang='lat'><strong>—</strong></span> <span class='ocrx_word' id='word_1_774' title='bbox 1182 2601 1198 2615; x_wconf 84' lang='lat'><strong>¹⁰</strong></span> <span class='ocrx_word' id='word_1_775' title='bbox 1212 2600 1278 2629; x_wconf 62' lang='lat' dir='ltr'><strong>Lac,</strong></span> <span class='ocrx_word' id='word_1_776' title='bbox 1293 2606 1314 2629; x_wconf 89' lang='lat'><strong>1,</strong></span> <span class='ocrx_word' id='word_1_777' title='bbox 1331 2600 1368 2624; x_wconf 71' lang='lat'><strong>46.</strong></span> <span class='ocrx_word' id='word_1_778' title='bbox 1386 2613 1417 2617; x_wconf 92' lang='lat'>—</span> <span class='ocrx_word' id='word_1_779' title='bbox 1433 2600 1449 2616; x_wconf 91' lang='lat'><strong>¹¹</strong></span> <span class='ocrx_word' id='word_1_780' title='bbox 1467 2600 1531 2624; x_wconf 73' lang='lat' dir='ltr'><strong>Psal.</strong></span> <span class='ocrx_word' id='word_1_781' title='bbox 1549 2605 1595 2628; x_wconf 66' lang='lat' dir='ltr'><strong>cii,</strong></span> <span class='ocrx_word' id='word_1_782' title='bbox 1612 2601 1651 2623; x_wconf 69' lang='grc' dir='ltr'><strong>ΞΟ.</strong></span> <span class='ocrx_word' id='word_1_783' title='bbox 1667 2613 1692 2617; x_wconf 90' lang='grc'>-</span> <span class='ocrx_word' id='word_1_784' title='bbox 1713 2600 1730 2616; x_wconf 79' lang='lat'><strong>¹2</strong></span> <span class='ocrx_word' id='word_1_785' title='bbox 1743 2600 1828 2631; x_wconf 68' lang='lat' dir='ltr'><strong>Apoc„</strong></span> 
     </span>
     <span class='ocr_line' id='line_1_124' title="bbox 1050 2635 1829 2666; baseline 0.003 -8"><span class='ocrx_word' id='word_1_786' title='bbox 1050 2641 1093 2664; x_wconf 83' lang='lat' dir='ltr'><strong>vii,</strong></span> <span class='ocrx_word' id='word_1_787' title='bbox 1113 2638 1151 2660; x_wconf 75' lang='lat'><strong>12.</strong></span> <span class='ocrx_word' id='word_1_788' title='bbox 1166 2650 1196 2654; x_wconf 93' lang='lat'>—</span> <span class='ocrx_word' id='word_1_789' title='bbox 1214 2636 1233 2652; x_wconf 70' lang='lat'><strong>¹5</strong></span> <span class='ocrx_word' id='word_1_790' title='bbox 1246 2635 1336 2665; x_wconf 68' lang='lat' dir='ltr'><strong>Exod„</strong></span> <span class='ocrx_word' id='word_1_791' title='bbox 1358 2641 1395 2666; x_wconf 82' lang='grc' dir='ltr'>ιιι,</span> <span class='ocrx_word' id='word_1_792' title='bbox 1415 2636 1450 2665; x_wconf 83' lang='lat'><strong>13,</strong></span> <span class='ocrx_word' id='word_1_793' title='bbox 1470 2637 1504 2659; x_wconf 75' lang='lat'>1:¹5.</span> <span class='ocrx_word' id='word_1_794' title='bbox 1519 2648 1549 2653; x_wconf 84' lang='lat'><strong>-—</strong></span> <span class='ocrx_word' id='word_1_795' title='bbox 1569 2636 1584 2649; x_wconf 70' lang='lat'><strong>&#39;⁵</strong></span> <span class='ocrx_word' id='word_1_796' title='bbox 1601 2635 1672 2665; x_wconf 57' lang='lat' dir='ltr'><strong>ibini,</strong></span> <span class='ocrx_word' id='word_1_797' title='bbox 1692 2642 1744 2664; x_wconf 71' lang='lat' dir='ltr'><strong>xix,</strong></span> <span class='ocrx_word' id='word_1_798' title='bbox 1760 2638 1785 2660; x_wconf 75' lang='grc'><strong>4.</strong></span> <span class='ocrx_word' id='word_1_799' title='bbox 1799 2649 1829 2653; x_wconf 88' lang='grc'><strong>-</strong></span> 
     </span>
     <span class='ocr_line' id='line_1_125' title="bbox 1052 2670 1194 2702; baseline -0.007 -7"><span class='ocrx_word' id='word_1_800' title='bbox 1052 2670 1071 2686; x_wconf 71' lang='lat'><strong>¹⁵</strong></span> <span class='ocrx_word' id='word_1_801' title='bbox 1086 2671 1158 2702; x_wconf 68' lang='lat' dir='ltr'><strong>thid„</strong></span> <span class='ocrx_word' id='word_1_802' title='bbox 1172 2673 1194 2695; x_wconf 88' lang='grc'><strong>6.</strong></span> 
     </span>
    </p>
   </div>
   <div class='ocr_carea' id='block_1_14' title="bbox 1082 2717 1812 2749">
    <p class='ocr_par' dir='ltr' id='par_1_19' title="bbox 1082 2717 1812 2749">
     <span class='ocr_line' id='line_1_126' title="bbox 1082 2717 1812 2749; baseline -0.001 -6"><span class='ocrx_word' id='word_1_803' title='bbox 1082 2718 1111 2747; x_wconf 78' lang='lat' dir='ltr'><strong>(a)</strong></span> <span class='ocrx_word' id='word_1_804' title='bbox 1126 2719 1200 2748; x_wconf 41' lang='lat' dir='ltr'><strong>virg.</strong></span> <span class='ocrx_word' id='word_1_805' title='bbox 1216 2717 1374 2742; x_wconf 71' lang='lat' dir='ltr'><strong>audiendam,</strong></span> <span class='ocrx_word' id='word_1_806' title='bbox 1389 2731 1417 2736; x_wconf 96' lang='lat'>—</span> <span class='ocrx_word' id='word_1_807' title='bbox 1431 2717 1465 2748; x_wconf 86' lang='lat' dir='ltr'><strong>(b)</strong></span> <span class='ocrx_word' id='word_1_808' title='bbox 1484 2717 1543 2742; x_wconf 76' lang='lat' dir='ltr'><strong>Coet.</strong></span> <span class='ocrx_word' id='word_1_809' title='bbox 1558 2717 1616 2741; x_wconf 80' lang='lat' dir='ltr'><strong>edit.</strong></span> <span class='ocrx_word' id='word_1_810' title='bbox 1633 2718 1683 2742; x_wconf 85' lang='lat' dir='ltr'><strong>mei</strong></span> <span class='ocrx_word' id='word_1_811' title='bbox 1699 2718 1812 2749; x_wconf 77' lang='lat' dir='ltr'><strong>imperii.</strong></span> 
     </span>
    </p>
   </div>
  </div>
 </body>
</html>
