2004 3037
749 179 836 211 CAP.
861 179 912 211 ΙΙΙ.
938 179 1156 213 PARTIGULA
1182 183 1229 214 tv.
1451 202 1454 205 -
1755 182 1794 212 39

186 249 285 278 susum
308 250 336 277 et
358 248 561 277 inordinatum
582 255 618 276 eo
640 247 706 284 ipso
730 246 920 284 corruptibile
936 249 964 276 et

187 295 322 325 instabile
334 295 492 331 judicatur.
514 293 646 322 similiter
663 302 679 322 e
696 301 858 329 converso,
874 301 963 322 omne

188 343 358 371 ordinatum
372 341 476 370 stabile
498 343 526 369 et
543 349 603 369 suae
617 340 813 369 ordinationis
828 340 964 369 decentia

185 390 367 426 judicabitur
384 388 556 417 stabilitum.
580 388 691 416 Idcirco
713 387 865 424 discipulis
888 387 964 415 veri-

188 437 267 465 tatis*
284 438 327 465 est
353 443 419 464 cum
453 435 631 463 diuturniori
658 434 795 463 exercitio
823 434 966 469 sagaciter

187 483 403 518 laborandum,
419 491 488 511 cum
504 491 572 511 suas
584 483 744 517 orationes,
759 482 806 510 vel
821 482 964 519 psalmos,

187 531 236 559 vel
249 531 392 567 hymnos,
409 529 457 558 vel
478 537 672 566 quaecumque
691 529 750 558 alia
771 529 919 564 dixerint,
934 531 967 557 ut

188 577 337 606 stabiliant
357 577 389 604 in
412 584 442 605 se
467 584 627 605 numerum
650 576 866 611 dicendorum;
896 576 967 604 item

188 623 262 660 quid
276 623 384 660 primo,
399 623 474 660 quid
487 623 630 657 secundo,
641 623 716 659 quid
727 623 811 651 tertio
822 633 828 651 :
839 623 895 650 nisi
909 623 967 650 fra-

187 673 270 699 terna
284 670 434 704 charitate,
447 670 496 698 vel
511 670 679 698 necessitate
695 669 796 706 aliqua
806 691 815 704 ,
830 670 878 697 vel
893 670 965 697 obe-

189 717 298 746 dientia
329 717 450 752 majoris
461 738 469 752 ,
506 717 726 753 aliquantulum
758 716 946 744 retardentur
957 738 966 751 ,

189 772 305 801 semper
322 764 370 799 id,
386 766 414 792 et
434 772 470 792 eo
489 764 582 792 modo
601 772 662 800 quo
685 763 884 798 decreverint,
909 766 968 791 stu-

189 811 280 839 deant
301 811 486 847 adimplere,
509 811 580 847 quia
603 819 640 839 ex
661 811 716 838 isto
730 811 808 838 felici
829 810 968 838 exercitio

189 858 367 894 relinquitur
389 858 526 893 quaedam
552 857 717 885 habilitatio
739 857 769 884 in
792 859 910 891 mente,
933 857 969 885 de

191 913 253 941 quo
274 912 351 940 saepe
366 905 482 932 animus
506 913 569 932 non
589 904 743 932 modicum
765 904 968 938 contristatur,

192 953 216 980 si
243 952 345 988 aliqua
372 952 553 987 negligentia
581 951 628 979 vel
661 951 767 979 inertia
796 953 971 979 consuetum

191 999 363 1027 exercitium
382 998 578 1034 derelinquat.
599 999 661 1026 imo
677 997 760 1034 quod
778 998 809 1025 in
824 997 970 1033 principio

191 1045 283 1082 ipsius
293 1045 424 1073 exercitii
435 1045 594 1080 spiritualis
604 1045 790 1072 laboriosum
800 1045 969 1079 videbatur,

192 1092 306 1128 spiritui
330 1091 524 1128 postmodum
548 1091 635 1127 quasi
655 1099 775 1119 versum
794 1091 825 1119 in
846 1100 970 1119 consue-

191 1138 327 1166 tudinem
337 1147 392 1166 suo
403 1139 511 1166 decore
522 1138 631 1166 alliciet
648 1139 682 1174 (a)
697 1147 703 1166 :
716 1139 747 1166 ut
754 1138 817 1173 jam
828 1138 973 1174 frigiditas

191 1193 278 1213 versa
298 1185 329 1212 in
343 1185 489 1219 calorem,
505 1185 626 1213 tarditas
640 1185 671 1212 in
685 1185 888 1219 velocitatem,
908 1193 971 1212 ina-

192 1233 271 1259 xime
287 1232 358 1268 quia
372 1240 473 1260 amore
488 1232 601 1260 unitivo
616 1231 751 1266 trahitur,
768 1231 971 1268 experimento

192 1278 342 1307 infallibili
357 1279 577 1314 comprobetur.
592 1279 673 1306 Unde
683 1278 714 1306 in
727 1279 847 1306 Canticis
862 1286 972 1314 sponsa

194 1326 266 1361 petit
280 1326 365 1361 trahi,
383 1326 483 1353 dicens
494 1327 502 1343 ¹
523 1335 529 1352 :
547 1326 632 1353 Trahe
644 1333 685 1353 me
698 1329 758 1360 post
775 1328 809 1353 te.
826 1327 858 1353 Et
878 1325 975 1353 statim

195 1372 347 1400 subditur:
370 1374 403 1400 In
418 1373 523 1400 odorem
539 1380 673 1400 curremus
693 1375 891 1407 unquentorum
914 1374 972 1399 luo-

194 1427 271 1453 rum,
286 1419 357 1454 quia
372 1427 407 1447 ex
422 1427 482 1454 quo
506 1427 590 1446 amor
611 1419 779 1453 attractivus
791 1439 799 1452 ,
815 1421 842 1446 ct
856 1427 975 1445 sursum

196 1466 317 1500 activus,
332 1466 363 1492 in
373 1473 544 1501 supremum
558 1465 677 1492 affectus
685 1465 748 1499 jam
758 1465 974 1492 inflammando

196 1512 361 1540 immittitur
383 1513 414 1540 in
438 1513 533 1548 ipsam
556 1520 714 1548 sponsam,
744 1513 774 1539 in
803 1513 848 1540 sui
876 1513 975 1540 dilecti

196 1559 478 1588 desideratissimum
497 1560 596 1586 sinum
614 1559 808 1593 collocando,
823 1560 884 1595 Jam
900 1559 976 1586 mira

195 1606 324 1642 agilitate
353 1614 470 1634 currere
499 1606 617 1642 incipit,
648 1609 698 1641 ut,
728 1606 976 1642 quotiescumque

193 1653 337 1687 voluerit,
352 1653 456 1681 unitivi
475 1653 585 1681 amoris
606 1653 754 1681 desiderio
764 1673 772 1686 ,
787 1653 877 1680 veluti
901 1661 976 1688 quo-

195 1700 265 1728 dam
292 1700 399 1728 ardore
423 1699 480 1727 sibi
507 1708 610 1735 sparso
639 1699 790 1735 divinitus,
821 1700 851 1727 in
878 1699 976 1735 ipsam

195 1746 398 1774 ardentissime
413 1754 443 1773 se
458 1746 597 1774 extendit.

461 1824 639 1849 PARTICULA
668 1825 709 1849 tv.

283 1879 413 1910 Sapientia
429 1879 516 1903 divina
533 1886 548 1902 a
564 1879 618 1903 Deo
636 1878 728 1903 edocta
745 1879 827 1909 qualis
844 1879 884 1903 sit.

233 1936 311 1963 Dicto
332 1935 368 1962 de
382 1934 625 1970 persuasionibus
638 1936 665 1962 et
679 1934 844 1969 industriis,
862 1934 973 1970 quibus

197 1990 281 2009 mens
295 1989 383 2016 super
396 1981 577 2008 intellectum
592 1981 630 2008 ad
644 1980 867 2016 percipiendam
882 1982 975 2008 scien-

198 2028 267 2055 tiam
283 2027 426 2054 unitivam
448 2027 575 2062 attingit,
591 2027 727 2054 subditur
747 2027 810 2063 ipsa
830 2027 974 2063 sapientia

197 2082 214 2101 a
230 2075 289 2101 Deo
307 2073 477 2100 immediate
492 2073 614 2106 edocta,
631 2081 648 2099 a
663 2073 804 2107 magistro
819 2074 974 2101 hierarcha

196 2120 286 2148 Paulo
301 2119 441 2155 Apostolo
460 2119 585 2153 tradita,
603 2127 620 2146 a
639 2119 777 2154 Dionysio
797 2119 973 2154 Areopagita

196 2167 273 2203 stylo
288 2166 451 2201 anagogico
463 2168 491 2194 et
504 2165 619 2193 occulto
631 2165 806 2201 conscripta,
822 2165 917 2201 ipsam
935 2166 974 2192 ad

196 2214 380 2242 Timotheum
398 2213 526 2241 veritatis
546 2212 726 2248 discipulum
747 2212 908 2239 destinante
920 2233 928 2245 ,
945 2214 973 2239 et

197 2261 237 2288 sic
257 2261 370 2288 dicente
386 2262 396 2276 ἲ
419 2269 426 2286 ;
453 2270 466 2284 «
487 2261 528 2286 Tu
550 2261 664 2292 autem,
687 2259 835 2286 Timothee
859 2259 971 2291 amice,

197 2307 275 2334 circa
288 2307 426 2342 mysticas
443 2305 571 2333 visiones
586 2305 653 2332 forti
671 2305 886 2332 concertatione
904 2313 972 2332 sen-

197 2361 245 2380 sus
261 2353 432 2388 derelinque
442 2374 450 2387 ,
466 2355 493 2379 et
507 2352 718 2379 intellectuales
734 2352 929 2387 operationes,
946 2354 974 2379 et

197 2399 298 2426 omnia
324 2399 474 2426 sensibilia
508 2401 535 2426 et
562 2398 789 2431 intellectualia,
819 2401 846 2425 et
871 2399 972 2426 omnia

197 2445 349 2474 existentia
367 2448 394 2473 et
414 2453 476 2472 non
490 2445 656 2479 existentia,
673 2447 719 2478 et,
734 2445 809 2472 sicut
830 2445 971 2480 possibile

230 2521 234 2533 '
251 2520 334 2550 Cant,
350 2525 372 2549 1,
390 2520 411 2542 3.
427 2533 458 2536 —
474 2520 485 2535 ‘³
504 2519 589 2549 Dion„
609 2519 638 2543 sla]
658 2520 731 2549 Mysl.
753 2519 844 2549 Thoas„
867 2526 889 2542 e.
912 2525 927 2542 ¹.
943 2532 973 2536 —

197 2556 206 2569 ³
223 2556 357 2585 Cant.,1v,
373 2557 396 2579 9.

228 2603 261 2632 (a)
277 2603 336 2627 Caet.
350 2602 410 2626 alit.
426 2602 525 2626 alliciat.
536 2616 566 2619 —
576 2602 608 2632 (b)
620 2603 659 2626 Al.
671 2602 935 2626 indeinonstrahiliter.
944 2615 974 2620 —

198 2638 228 2667 (e)
243 2637 301 2661 Coet.
316 2637 377 2663 edit.
393 2644 491 2668 quae.—-
504 2637 539 2668 (d)
556 2637 597 2661 Al.
608 2645 653 2668 per
665 2638 771 2662 liberam
783 2640 807 2662 et
822 2637 972 2667 absolutam,

1017 251 1078 284 est,
1103 250 1203 285 ignote
1229 250 1266 286 (b)
1289 257 1434 285 consurge
1458 249 1497 277 ad
1522 250 1586 284 ejus
1613 248 1796 281 unitionem,

1017 295 1069 331 qui
1088 295 1118 331 (c)
1135 298 1280 333 estsuper
1298 303 1418 324 omnem
1437 295 1632 324 substantiam
1652 297 1679 322 et
1695 295 1797 329 cogui-

1018 341 1129 370 tionem
1142 352 1148 370 :
1161 343 1268 371 etenim
1278 350 1398 370 excessu
1414 343 1455 370 tui
1468 343 1560 379 ipsius
1575 342 1613 370 ab
1628 342 1709 370 omni
1724 341 1797 369 irre-

1019 388 1143 417 tentibili
1163 391 1191 417 et
1205 389 1359 424 absoluto,
1380 389 1492 417 munde
1515 390 1554 417 ad
1571 388 1798 425 supersubstan-

1019 435 1121 463 tialem
1144 436 1314 464 divinarum
1333 436 1523 464 tenebrarum
1541 436 1660 464 radium
1683 443 1800 463 sursum

1021 482 1116 517 ageris
1137 483 1185 519 (d).
1206 482 1310 510 Videas
1325 483 1438 514 autem,
1454 484 1487 510 ut
1499 483 1599 510 nullus
1613 482 1802 510 indoctorum

1020 528 1075 557 ista
1089 529 1209 564 audiat,
1223 539 1236 555 »
1255 530 1309 557 etc.
1327 529 1358 556 ln
1373 529 1431 556 hoc
1453 529 1546 556 verbo
1567 529 1648 556 Pauli
1667 528 1800 565 Apostoli

1021 576 1164 612 sapientia
1179 568 1319 612 suprema
1335 575 1510 610 includitur,
1530 577 1558 602 et
1579 575 1696 602 culmen
1712 574 1801 602 totius

1021 623 1219 659 perfectionis,
1234 625 1266 651 ut
1279 623 1421 660 possibile
1436 625 1479 651 est
1493 623 1523 651 in
1541 623 1601 657 via,
1618 625 1646 650 ct
1658 624 1718 650 tota
1731 630 1804 658 pro—

1022 670 1152 698 funditas
1179 670 1324 698 librorum
1351 670 1481 706 Dionysii
1505 669 1687 705 Areopagitce
1704 678 1710 696 :
1739 677 1800 704 quo

1022 717 1148 754 perfecte
1164 717 1293 752 cognito,
1311 717 1459 753 quidquid
1469 719 1609 752 estsuper
1622 716 1802 744 intellectum

1024 764 1053 791 in
1066 764 1152 801 libris
1167 763 1307 800 Dionysii,
1323 763 1419 791 levius
1434 763 1516 791 omni
1530 763 1722 791 (estimatione
1738 763 1800 790 eiii-

1025 811 1107 838 citur.
1131 810 1212 838 Unde
1233 810 1288 838 ista
1313 810 1530 845 consurrectio,
1555 818 1620 846 quae
1635 817 1695 846 ⁴per
1718 810 1802 844 igno-

1000 879 1003 882 >
1024 858 1151 885 rantiam
1166 857 1289 891 dicitur,
1305 857 1379 885 nihil
1398 857 1481 884 aliud
1501 859 1543 884 est
1561 856 1617 884 nisi
1632 856 1802 884 immediate

1026 904 1140 932 moveri
1163 913 1216 940 per
1236 904 1375 932 ardorem
1391 903 1501 931 amoris
1521 903 1584 931 sine
1605 903 1702 931 omnis
1724 910 1805 930 erca-

1025 953 1097 979 turae
1115 951 1252 988 speculo,
1271 951 1385 987 absque
1403 951 1513 987 praevia
1533 951 1726 986 cogitatione,
1743 950 1805 977 sine

1027 999 1115 1026 etiam
1126 1001 1209 1026 motu
1219 998 1417 1034 intelligentiae
1432 997 1667 1025 concomitante:
1682 999 1712 1024 ut
1724 997 1806 1024 solus

1028 1046 1150 1073 affectus
1163 1046 1276 1080 tangat,
1292 1047 1320 1072 et
1334 1045 1364 1072 in
1378 1045 1443 1080 ipso
1460 1044 1566 1072 actuali
1582 1044 1719 1071 exercitio
1734 1043 1807 1070 nihil

1028 1093 1189 1128 cognoseat
1203 1091 1384 1127 speculativa
1396 1091 1536 1126 cognitio,
1548 1093 1575 1118 et
1588 1090 1638 1118 illc».
1651 1093 1693 1118 est
1703 1090 1808 1118 oculus

1029 1148 1089 1175 quo
1105 1146 1232 1175 sponsus
1246 1138 1276 1165 in
1292 1139 1411 1166 Canticis
1429 1146 1447 1165 a
1461 1145 1569 1174 sponsa
1583 1137 1689 1164 dieitur
1703 1137 1807 1164 vulne-

1028 1186 1106 1220 rari;
1124 1185 1207 1221 quod
1223 1186 1250 1212 et
1262 1193 1346 1212 unum
1363 1192 1426 1212 esse
1441 1183 1613 1220 perhibetur
1626 1183 1719 1220 ipsius
1732 1183 1808 1211 testi-

1028 1233 1131 1260 monio
1158 1231 1282 1259 dicentis
1300 1232 1333 1258 ³:
1359 1232 1518 1259 Vulnerastc·
1539 1239 1583 1258 cor
1607 1238 1711 1262 meum,
1734 1237 1808 1257 soror

1029 1288 1087 1307 mea
1101 1287 1209 1314 sponsa,
1226 1280 1256 1305 in
1269 1286 1320 1305 uno
1335 1279 1470 1305 oculorum
1486 1280 1601 1304 tuorum.

1065 1326 1147 1354 Unde
1165 1334 1233 1353 cum
1249 1325 1284 1352 sit
1303 1324 1409 1360 triplex
1425 1324 1571 1359 cognitio,
1591 1331 1651 1351 una
1671 1323 1810 1351 videlicet

1031 1382 1097 1409 quae
1125 1381 1178 1409 per
1206 1372 1363 1408 speculum
1390 1372 1592 1398 creaturarum
1625 1370 1810 1398 sensibilium

1030 1420 1163 1456 respicit,
1187 1427 1254 1455 quas
1283 1419 1405 1446 docetur
1431 1426 1448 1445 a
1474 1417 1621 1445 Richardo
1647 1417 1684 1445 de
1704 1418 1809 1445 Sancto

1030 1467 1143 1494 Victore
1167 1466 1198 1493 in
1218 1466 1290 1492 Arca
1313 1466 1445 1499 mystica,
1463 1464 1515 1491 ubi
1538 1472 1591 1500 per
1613 1463 1812 1499 quadraginta

1032 1513 1106 1540 duas
1121 1511 1372 1539 considerationes
1392 1511 1465 1538 olim
1479 1510 1509 1537 in
1524 1510 1638 1546 populo
1653 1509 1810 1537 Israelitico

1031 1560 1069 1587 ab
1093 1560 1220 1594 AEgypto
1247 1558 1285 1585 ad
1309 1560 1417 1585 terram
1445 1556 1652 1592 promissionis
1675 1556 1811 1583 veniente

1031 1604 1251 1641 expressissime
1269 1604 1410 1639 figuratas
1425 1603 1512 1631 docet
1529 1603 1701 1639 pervenire,
1718 1604 1745 1630 et
1758 1610 1812 1638 per

1031 1660 1083 1680 sex
1098 1652 1209 1687 gradus
1226 1651 1385 1678 ascendere
1410 1650 1449 1677 ad
1468 1650 1602 1677 omnium
1622 1651 1790 1677 Creatorem
1801 1658 1809 1683 ,-

1031 1699 1091 1727 alia
1104 1701 1146 1726 est
1161 1706 1227 1734 quae
1243 1698 1443 1733 intelligentiae
1458 1696 1614 1730 exercitio,
1629 1704 1682 1732 per
1701 1695 1811 1723 immis-

1031 1747 1145 1775 sionem
1168 1745 1365 1782 spiritualium
1384 1745 1554 1778 radiorum,
1578 1744 1664 1771 docet
1683 1743 1811 1779 primam

1032 1801 1152 1821 causam
1169 1801 1223 1829 per
1245 1793 1382 1820 effectum
1402 1799 1598 1827 cognoscere,
1623 1793 1650 1818 et
1669 1790 1699 1817 in
1723 1797 1811 1817 omne

1032 1839 1231 1875 exemplatum
1258 1847 1311 1875 per
1337 1839 1605 1866 considerationem
1634 1836 1810 1872 exemplaris

1031 1887 1070 1914 ad
1093 1886 1246 1914 veritatem
1264 1886 1481 1913 immutabilem
1502 1884 1675 1920 pervenire,
1699 1883 1736 1910 de
1752 1891 1812 1918 qua

1030 1933 1208 1968 Augustinus
1223 1933 1253 1960 in
1265 1933 1348 1960 libris
1357 1933 1388 1959 de
1404 1933 1536 1965 Maqz'scre
1555 1931 1599 1967 (e),
1614 1934 1639 1957 ct
1654 1931 1724 1957 Vera
1739 1931 1812 1956 Reli-

1030 1983 1119 2015 9z'0ne,
1134 1979 1203 2007 facit
1216 1987 1278 2006 non
1297 1979 1448 2006 modicam
1468 1977 1678 2011 intentioncm;
1696 1976 1754 2003 alia
1769 1978 1811 2002 est

1030 2027 1090 2053 istis
1114 2026 1208 2053 multo
1234 2025 1433 2058 excellentior,
1462 2033 1514 2059 per
1543 2031 1676 2050 amorem
1706 2022 1809 2049 arden-

1030 2073 1174 2100 tissimum
1188 2072 1349 2105 unitivum,
1373 2079 1439 2106 quae
1455 2069 1621 2102 actualiter,
1645 2069 1706 2095 sine
1728 2068 1809 2095 omni

1030 2118 1129 2145 medio
1152 2118 1284 2144 animum
1305 2117 1498 2152 disponente,
1515 2115 1718 2142 ardentissime
1740 2114 1810 2141 facit

1030 2164 1060 2190 in
1079 2164 1219 2191 dilectum
1238 2163 1297 2190 suis
1321 2162 1543 2190 extensionibus
1569 2169 1686 2188 sursum
1708 2161 1809 2188 activis

1030 2219 1205 2246 consurgere
1223 2220 1229 2237 :
1251 2218 1316 2246 quse
1335 2210 1452 2245 Mystica
1471 2209 1630 2244 Theologia
1651 2209 1759 2236 tradita
1778 2208 1808 2235 in

1029 2259 1112 2295 apice
1141 2257 1281 2285 affectivae
1311 2256 1480 2292 consurgit,
1511 2265 1577 2292 quae
1607 2255 1806 2283 consurrectio

1028 2305 1179 2340 ignorata,
1201 2304 1249 2331 vel
1272 2312 1324 2339 per
1347 2303 1545 2338 ignorantiam
1566 2302 1689 2334 dicitnr,
1715 2303 1747 2328 ut
1762 2309 1807 2327 re-

1029 2353 1110 2379 moto
1127 2351 1223 2378 omnis
1237 2350 1467 2384 imaginationis,
1482 2348 1615 2381 rationis,
1628 2347 1804 2380 intellectus,

1028 2398 1076 2425 vel
1086 2397 1284 2432 intelligentiae
1299 2396 1447 2430 exercitio,
1461 2404 1513 2431 per
1523 2395 1686 2422 unitionem
1701 2393 1806 2424 arden-

1028 2444 1131 2471 tissimi
1155 2443 1265 2471 amoris
1292 2443 1323 2470 id
1353 2442 1456 2470 sentiat
1483 2442 1513 2468 in
1538 2440 1693 2477 praesenti,
1722 2439 1804 2475 quod

1029 2533 1054 2555 et
1067 2537 1158 2561 puram
1173 2529 1209 2552 tui
1222 2529 1302 2559 ipsius
1317 2536 1330 2551 a
1345 2528 1421 2551 relius
1437 2527 1554 2551 omnibus
1568 2525 1755 2555 avocationem,
1771 2526 1802 2549 ad

1028 2564 1248 2597 supernaturalem
1271 2564 1340 2587 illum
1368 2563 1481 2589 caliginis
1504 2562 1596 2585 diviua·
1618 2561 1732 2588 radium,
1755 2562 1802 2584 do-

1029 2602 1113 2625 tractis
1132 2601 1267 2630 omuibus,
1283 2601 1307 2623 et
1328 2599 1441 2622 acunctis
1462 2597 1610 2627 expeditus,
1633 2597 1755 2620 eveheris.
1771 2609 1801 2613 -

1031 2638 1064 2668 (e)
1081 2637 1142 2661 Coet.
1154 2635 1214 2659 edit.
1228 2635 1293 2659 libro
1308 2634 1337 2657 cle
1354 2634 1505 2664 Mayixterz'o.
