2004 3037
243 241 303 272 434

242 314 298 339 vos,
305 306 370 341 tilioe
375 305 533 337 Jerusalem,
540 312 573 332 ne
579 305 715 338 ece-citetis,
722 312 806 340 neque
813 305 952 340 evigilare,
962 305 1017 332 etc.

241 352 327 386 Quod
340 359 493 388 exponens
502 351 642 387 Origenes
652 351 723 379 dicit
733 361 741 378 :
753 359 767 377 ι(
777 351 1017 387 conjurationem

241 399 324 427 tuam
337 397 456 434 audivi,
468 398 606 432 Domine,
621 406 727 435 quam,
742 398 774 426 ni
788 397 886 431 fallor,
902 405 1018 433 sponsae

241 447 299 474 tuoe
313 447 394 474 actus
416 447 443 473 et
465 447 555 474 status
579 445 737 480 causabat,
757 446 847 473 status
868 445 1016 481 optimus,

240 494 322 521 actus
343 492 629 529 praecellentissimus
645 513 654 527 ,
678 491 732 520 tibi
753 491 930 520 incumbens
952 491 1014 520 sine

239 539 357 574 medio,
373 541 399 567 te
416 539 522 567 videns
540 539 602 567 sine
622 538 740 573 nubilo,
758 538 788 566 in
810 541 837 566 te
861 538 1015 575 quiescens

239 586 301 615 sine
317 586 420 620 taedio,
436 585 473 614 de
497 587 525 614 te
549 585 730 613 hilarescens
749 585 811 613 sine
831 585 939 620 modo,
956 593 974 613 a
989 586 1015 613 te

237 633 473 670 permanentiam
496 632 644 670 accipiens
666 631 729 660 sine
755 631 889 660 termino.
910 642 924 658 »
951 633 1014 660 llaec

237 680 298 709 ille.

272 728 380 761 Quarto
400 726 564 755 videndum
587 728 647 761 est,
664 726 790 763 qualiter
813 725 933 762 spiritus
957 726 1013 754 hu-

235 782 342 803 manus
356 773 514 802 ambulans
529 781 582 810 per
598 773 787 801 itineravitoe
806 772 1012 809 contemplati-

234 829 279 850 vae
301 821 375 849 facie
397 820 619 858 pulchrificetur
629 841 636 854 ‚
651 822 678 848 et
693 820 758 848 visu
773 819 948 847 clarificetur
964 819 1011 854 (a).

234 868 397 896 Richardus
412 867 522 896 dieit·:
542 877 555 893 «
578 868 672 902 DuaS,
693 869 725 894 ut
746 866 888 902 legimus.
906 873 1012 894 uxores

232 915 324 943 Jacob
338 914 478 942 habuisse
493 914 665 950 cogebatur.
682 914 744 941 Una
763 913 826 948 Lia,
847 913 939 940 altera
954 914 1010 940 Ra-

233 962 298 990 chel
311 961 481 990 vocabatur.
498 960 545 989 Lia
559 960 613 988 fuit
632 959 815 994 soeeuudior,
837 959 943 987 Rachel
959 959 1013 987 fuit

231 1008 400 1037 formosior.
418 1008 467 1036 Lia
482 1007 635 1040 foecunda,
648 1007 701 1034 sed
716 1007 812 1043 lippa;
831 1006 940 1034 Rachel
952 1008 1009 1034 ste-

231 1056 308 1091 rilis,
324 1055 377 1084 sed
387 1055 520 1084 formosa
534 1055 702 1090 singularis
720 1056 772 1082 Per
786 1055 866 1082 Liam
879 1054 1011 1089 signatur

230 1103 292 1131 vita
305 1103 416 1137 activa,
430 1110 483 1138 per
498 1101 608 1130 Rachel
625 1102 685 1129 vita
706 1101 950 1137 contemplativa.
967 1101 1010 1129 Ad

231 1150 311 1178 Liam
331 1149 456 1186 pertinet
477 1149 561 1183 ssere,
579 1148 699 1183 dolere,
716 1155 850 1183 gemere,
866 1151 893 1175 ct
914 1148 1009 1184 suspi-

229 1205 294 1224 rare
318 1206 324 1224 :
350 1198 378 1224 et
403 1196 472 1224 ideo
501 1197 577 1223 reete
606 1195 672 1223 talis
694 1203 769 1222 uxor
789 1196 838 1222 Lia
853 1216 861 1230 ‚
887 1195 943 1223 hoe
967 1197 1010 1223 est

229 1243 380 1272 laboriosa
398 1264 406 1277 ,
428 1245 566 1276 vocatur,
587 1245 614 1270 et
639 1242 735 1269 minus
757 1241 870 1269 videns.
890 1242 947 1269 sed
969 1242 1007 1269 ad

229 1290 352 1324 Rachel,
367 1298 432 1326 quse
447 1289 652 1325 interpretatur
664 1291 749 1315 risum
764 1289 943 1324 principiwn,
960 1288 1008 1316 vel

229 1339 331 1371 otium,
355 1337 481 1372 pertinet
507 1335 642 1363 meditari
664 1337 692 1362 et
717 1335 930 1371 contemplari,
946 1335 1005 1362 dis-

229 1391 347 1412 cernere
368 1385 395 1411 et
414 1383 613 1418 intelligere.»
634 1382 772 1418 Sequitur
790 1391 796 1409 :
813 1392 825 1407 «
850 1382 906 1409 Sed
933 1382 1006 1418 quid

229 1431 359 1466 dulcius,
376 1430 508 1466 quidque
521 1429 682 1464 jucundius
706 1431 802 1464 potest
817 1437 878 1456 esse
889 1450 897 1463 ,
913 1437 1005 1465 quam

228 1477 349 1506 oculum
373 1477 480 1504 mentis
505 1475 543 1503 ad
573 1484 696 1503 summu:
721 1475 1004 1511 contemplationem

227 1523 376 1560 sapientia:
391 1523 521 1558 erigere?
535 1522 578 1550 Ad
600 1523 675 1550 hanc
699 1522 796 1558 itaque
818 1522 1004 1558 contempla-

227 1572 337 1600 tionem
351 1579 418 1598 cum
439 1570 513 1598 ratio
530 1569 686 1604 dilatatur,
703 1570 807 1597 merito
824 1570 931 1597 Rachel
947 1578 1002 1598 no-

226 1619 306 1646 mine
320 1618 493 1645 honoratur.
509 1627 522 1642 »
539 1619 601 1644 llaec
616 1617 674 1644 ille.
692 1619 732 1644 lix
746 1617 800 1644 hae
816 1619 914 1644 autem
930 1626 1002 1645 con-

226 1665 414 1701 templatione
438 1672 561 1691 summm
586 1664 756 1699 sapienti-e,
784 1664 870 1692 savies
897 1665 1002 1692 mentis

224 1712 457 1748 pulchrificatur.
471 1711 644 1746 Exemplum
660 1711 806 1738 habemus
817 1711 853 1738 dc
872 1716 968 1747 Moyse
980 1711 999 1746 ²,

225 1759 308 1794 cujus
326 1759 414 1785 facies
437 1757 593 1793 splendida
618 1757 670 1783 l'uit
693 1757 766 1784 sacta
789 1767 822 1785 ex
851 1759 999 1786 consortio

223 1806 369 1833 sermonis
390 1803 521 1836 Domini,
536 1806 566 1830 ut
585 1803 676 1830 Judwi
692 1811 751 1830 nou
774 1807 893 1839 possent
907 1805 1000 1832 inten-

223 1852 294 1880 dere
310 1852 338 1879 in
354 1859 429 1879 eam.
450 1850 588 1878 Similiter
613 1858 647 1877 ex
672 1850 727 1877 liae
750 1852 999 1887 contemplatione

222 1898 301 1928 visus
326 1899 432 1927 mentis
453 1898 640 1925 clarificatur.
658 1898 832 1933 Exemplum
848 1898 883 1926 de
907 1901 934 1926 S.
952 1901 1000 1926 lle-

221 1947 339 1975 aedicto
355 1967 363 1980 ,
389 1946 426 1973 de
456 1953 516 1981 quo
543 1947 642 1972 narrat
667 1946 695 1971 li.
722 1945 896 1979 Gregorius,
921 1945 998 1974 libro

220 1993 351 2022 secundo
376 1992 569 2026 Βιάἶοῃογιιηῑ3
585 2013 593 2023 ,
610 1991 691 2027 quod
716 1999 783 2018 cum
807 1991 837 2018 iu
864 1992 997 2020 oratioue

220 2041 407 2074 constitutus,
425 2038 587 2075 quemdam
611 2038 729 2065 radium
745 2038 837 2065 divini
863 2038 933 2065 solis
953 2048 996 2066 as-

219 2088 338 2124 piceret,
349 2089 426 2114 totus
438 2086 566 2113 mundus
578 2087 644 2112 ante
657 2085 759 2111 oculos
771 2093 839 2112 suos·
850 2085 996 2114 adductus

219 2135 390 2167 videbatur,
407 2133 458 2160 ubi
483 2132 558 2159 vidit
585 2132 672 2159 ctiam
700 2132 830 2159 animam
860 2133 995 2161 Gennani

218 2180 353 2216 Episcopi
376 2179 525 2215 capuani,
547 2178 575 2205 in
596 2178 710 2213 sphznra
727 2178 812 2211 ignea
837 2179 865 2205 in
887 2179 994 2206 cwluui

217 2226 286 2254 ferri
310 2227 347 2254 ab
374 2226 496 2261 angelis.
524 2227 554 2252 Et
582 2225 738 2259 Gregorius
761 2225 829 2252 dicit
857 2226 992 2253 ibidem:

219 2284 232 2299 (ι
247 2273 323 2306 Quid
340 2272 466 2305 mirum,
483 2271 566 2307 quod
581 2271 729 2298 mundum
751 2274 816 2298 ante
841 2280 870 2299 se
886 2272 993 2300 collec-

216 2322 278 2348 tum
299 2320 394 2353 vidit,
411 2319 461 2354 qui
486 2319 657 2345 sublevatus
679 2319 707 2345 in
731 2319 836 2345 mentis
861 2319 992 2354 lumine,

215 2369 243 2395 et
264 2365 529 2402 contemplatione,
546 2368 626 2392 extra
648 2365 794 2391 mundum
811 2366 885 2393 luit?
903 2377 914 2391 »
930 2369 991 2395 theo,

214 2414 273 2441 ille.
296 2413 416 2449 Spiritus
442 2412 531 2447 igitur
552 2413 582 2440 in
609 2412 710 2438 itinere
735 2413 991 2448 contemplationis

213 2460 287 2489 facie
312 2459 548 2496 puleliriticatur,
573 2459 638 2485 visu
662 2459 849 2486 clarificatur.
874 2462 910 2486 lte
934 2461 989 2488 hae

212 2507 460 2543 contemplatione
494 2506 666 2541 purificante
688 2527 697 2540 ‚
733 2505 803 2533 dicit
840 2508 921 2541 Ilugo
948 2507 956 2521 '⁴
981 2517 986 2522 ·

242 2593 249 2608 ¹
273 2592 400 2622 theban-d„
419 2591 448 2615 tle
469 2591 547 2615 Duod.
570 2591 721 2620 ΙΗιιίιίινυΙι.ν
744 2591 797 2613 sive
823 2591 889 2621 limj.
914 2593 985 2621 min„

209 2634 231 2651 c.
249 2634 311 2650 1.-
325 2629 335 2644 ’Β
350 2628 442 2655 Hand„
461 2633 549 2656 xxxiv,
568 2630 607 2650 110.
622 2641 652 2644 —
667 2628 676 2642 ³
692 2628 778 2654 tire-4,
799 2626 875 2651 mal..
893 2627 935 2650 lili.
954 2629 983 2657 ll,

209 2669 231 2685 c.
252 2668 327 2686 xxxv.
341 2676 369 2680 -
384 2663 394 2679 Β
410 2664 486 2693 nug„
502 2663 527 2686 iu
543 2665 606 2693 sept.
624 2670 678 2692 cup.
697 2663 756 2686 mvl.
772 2662 850 2687 ufer..
868 2662 911 2686 lib.
930 2664 983 2692 ΥΙΙ,

208 2698 265 2721 ante
286 2698 352 2721 med.
369 2711 399 2715 —-
414 2699 422 2714 ¹⁴
437 2701 512 2729 ‹ii-eg.
531 2699 579 2722 hoe
598 2698 653 2721 dii-il
666 2715 671 2723 ,
688 2698 711 2720 ,fu
730 2697 826 2725 Μαι-ΚΜ
843 2698 912 2721 honi.
930 2705 982 2729 xiv,

655 237 706 270 DE
725 236 880 269 SEPTEM
903 235 1127 270 lTlNERIBUS
1147 237 1437 270 AETERNITATJS.

1075 314 1090 331 α
1116 305 1330 342 Contemplatio
1353 306 1397 333 est
1427 303 1535 333 deifica
1562 303 1750 341 similitudo,
1774 306 1847 343 quia

1073 351 1145 380 dum
1159 360 1213 388 per
1227 360 1294 380 eam
1307 350 1466 380 illuminati
1477 350 1609 380 lucentes
1619 350 1704 386 flunt,
1713 351 1847 388 quodam

1071 398 1164 427 modo
1179 399 1272 436 ipsius
1284 399 1405 427 luminis
1418 398 1543 427 lucentis
1560 396 1786 427 similitudinem
1798 406 1848 428 ac—

1071 445 1221 482 cipiunt.»
1239 447 1303 475 Haec
1324 445 1384 474 ille.
1407 447 1439 474 Et
1456 445 1612 482 Gregorius
1626 466 1634 481 ,
1659 445 1737 474 libro
1762 446 1846 475 sexto

1071 493 1219 521 Moralium
1230 493 1240 510 ⁵
1256 503 1264 520 :
1282 502 1296 519 «
1311 493 1374 521 Vita
1396 491 1627 528 contemplativa
1649 491 1784 529 spectosa.
1800 492 1848 521 est

1070 539 1102 567 in
1116 540 1217 568 anima
1238 539 1475 576 contemplantis
1491 540 1616 576 Proptur
1636 538 1720 575 quod
1739 538 1848 568 dieitur

1070 586 1176 615 animoe
1190 586 1424 623 contemplativae
1437 586 1447 603 ⁶
1463 595 1469 613 :
1488 587 1556 614 Tota
1569 586 1683 621 pulchra
1696 593 1740 620 es,
1757 587 1846 614 amica

1069 641 1139 661 mea.

1103 680 1210 714 Quinto
1221 701 1230 715 ‚
1244 680 1362 717 spiritus
1379 680 1527 708 humanus
1542 679 1699 708 ambulans
1716 679 1747 708 in
1761 679 1846 708 itine-

1067 727 1232 755 ribus-vitre
1247 726 1498 763 contemplativae,
1515 725 1640 754 dulciter
1658 728 1686 755 et
1704 726 1846 763 multipli-

1068 773 1139 802 citer
1158 773 1298 802 reficitur.
1319 775 1392 802 Nam
1411 773 1526 802 cibatur
1548 773 1664 810 primo,
1686 775 1719 802 ut
1743 773 1846 802 fortifi-

1067 821 1158 848 cetur.
1189 819 1351 848 Comedere
1377 822 1476 848 autem
1499 819 1606 848 animae
1628 819 1780 856 spirituale
1802 822 1846 849 est

1067 873 1202 902 supernae
1214 866 1288 894 lucis
1303 866 1604 903 contemplationibus
1617 865 1714 903 pasci,
1727 866 1768 894 ait
1778 867 1845 896 Gre-

1067 913 1168 948 gorius
1182 914 1207 948 ⁷,
1231 914 1334 950 quinto
1360 914 1519 942 Moralium.
1544 915 1582 941 De
1608 913 1663 942 hac
1687 913 1845 942 refectione

1067 959 1137 988 dicit
1157 961 1329 996 Gregorius,
1345 968 1426 996 super
1444 961 1605 988 Ezechielem
1619 960 1629 978 ⁸
1644 969 1651 988 τ
1675 970 1690 986 (ι
1709 960 1844 989 Contem—

1064 1006 1176 1043 plativa
1197 1007 1256 1035 vita
1275 1007 1414 1035 amabilis
1434 1007 1522 1035 valde
1544 1006 1673 1035 dulcedo
1694 1009 1756 1042 est,
1778 1014 1845 1043 quoe

1065 1061 1155 1090 supra
1168 1054 1356 1090 semetipsam
1370 1054 1501 1082 animam
1515 1053 1610 1090 rapit,
1627 1053 1756 1082 coelestia
1770 1061 1842 1090 ape-

1064 1100 1120 1135 rit,
1156 1103 1271 1129 terrcna
1299 1103 1397 1129 autem
1429 1101 1538 1129 debere
1573 1108 1635 1128 esse
1663 1101 1842 1136 contemptui

1065 1147 1210 1181 ostendit,
1237 1147 1402 1184 spiritualia
1430 1148 1523 1176 oculis
1552 1148 1659 1176 mentis
1685 1147 1841 1184 patefacit,

1873 687 1953 710 Anima

1859 720 1959 740 contem-

1873 750 1955 777 platin

1858 781 1966 808 multipli-

1859 812 1912 834 citer
1918 811 1966 832 retl-

1879 843 1943 864 citur.

1063 1194 1231 1230 corporalia
1257 1194 1431 1235 abscondit,
1460 1197 1492 1222 ut
1521 1195 1588 1222 talis
1615 1194 1841 1231 contemplatrix
1873 1221 1877 1224 .

1063 1240 1142 1268 dicat
1167 1241 1241 1269 illud
1265 1241 1475 1269 Canticorum⁹
1499 1250 1505 1269 :
1529 1242 1586 1276 qu
1607 1241 1726 1274 dormio,
1745 1243 1771 1268 et
1797 1248 1842 1269 cor

1062 1296 1146 1315 mcum
1168 1289 1277 1322 vigilat.
1299 1288 1435 1324 Vigilanti
1459 1287 1539 1316 enim
1553 1287 1643 1316 corde
1665 1287 1774 1316 dormit
1787 1295 1842 1324 per

1062 1334 1134 1366 hoc,
1160 1335 1243 1370 quod
1273 1334 1346 1362 dum
1370 1334 1490 1362 interius
1517 1334 1748 1370 contemplando
1771 1341 1840 1370 pro-

1062 1381 1138 1414 ficit,
1155 1381 1193 1409 ab
1210 1381 1341 1417 inquieto
1357 1381 1490 1418 corporis
1509 1389 1599 1418 opere
1619 1380 1690 1409 foris
1704 1381 1837 1417 quiescit.

1061 1429 1159 1463 Neque
1180 1428 1277 1455 adhuc
1293 1430 1392 1456 tamen
1407 1435 1537 1464 prtrsens
1553 1429 1627 1456 Deus
1641 1428 1672 1455 in
1686 1435 1740 1456 sua
1755 1427 1840 1456 clari-

1060 1476 1115 1501 tate
1136 1474 1326 1511 conspicitur,
1343 1475 1395 1503 sed
1411 1474 1549 1511 quaedam
1563 1475 1618 1502 sub
1629 1475 1693 1511 ipsa
1706 1474 1839 1511 specula-

1060 1523 1106 1548 tur
1126 1522 1236 1556 anima,
1261 1521 1339 1550 unde
1363 1522 1471 1550 refecta
1492 1522 1637 1558 proficiat,
1661 1523 1689 1550 et
1711 1524 1779 1558 post
1798 1521 1838 1550 ad

1060 1568 1178 1595 visionis
1206 1569 1332 1603 gloriam
1359 1569 1516 1605 pertingat.
1542 1579 1556 1594 n
1582 1569 1646 1597 lloee
1670 1568 1728 1596 ille.
1759 1569 1837 1596 Hauc

1058 1615 1248 1643 resectionem
1270 1616 1370 1644 anima
1394 1615 1622 1652 contemplativa
1644 1615 1787 1650 gloriatur
1805 1622 1836 1643 se

1058 1671 1119 1690 esse
1144 1665 1313 1699 expertam,
1340 1663 1440 1690 dicens
1462 1663 1482 1680 ¹⁰
1506 1672 1512 1690 ε
1538 1664 1649 1690 Fructus
1670 1663 1725 1697 ejus
1748 1663 1837 1690 dulcis

1058 1712 1165 1743 quitari
1181 1718 1246 1737 meo.
1263 1709 1314 1737 Ubi
1331 1709 1469 1744 Origenes
1490 1709 1531 1736 sie
1547 1709 1617 1737 dicit
1633 1718 1639 1736 :
1664 1720 1677 1735 «
1696 1711 1736 1737 Da
1751 1709 1833 1744 mihi,

1059 1756 1178 1783 Domine
1190 1778 1198 1790 ,
1216 1756 1340 1784 fructum
1357 1756 1491 1790 dulcem,
1508 1755 1634 1783 fructum
1649 1755 1714 1783 viloe
1729 1756 1835 1784 animoe

1056 1812 1128 1831 meze
1145 1813 1150 1831 :
1169 1804 1244 1831 altus
1259 1812 1306 1838 σε,
1325 1803 1423 1831 attolle
1440 1803 1621 1830 desiderium
1637 1811 1644 1830 ε
1660 1802 1834 1831 benedictus

1055 1858 1096 1883 es,
1111 1850 1261 1878 sanctifica
1277 1850 1473 1885 obsequium:
1491 1849 1679 1886 imputribilis
1692 1857 1740 1884 es,
1754 1849 1835 1886 puri-

1054 1898 1110 1925 fica
1133 1898 1271 1925 affectum
1296 1907 1302 1924 :
1324 1897 1422 1925 suavis
1445 1905 1496 1932 es,
1522 1896 1638 1924 laetifica
1660 1897 1830 1924 animam.»

1055 1947 1123 1972 ilem
1141 1945 1170 1972 in
1184 1945 1241 1972 hoc
1256 1945 1357 1972 itinere
1379 1945 1445 1972 vitae
1460 1943 1695 1979 contemplativae
1715 1944 1833 1980 spiritus

1052 1992 1182 2019 relicitur
1202 1994 1273 2028 potu
1296 1991 1467 2019 inebriantis
1497 1991 1606 2027 gralioe.
1628 1991 1709 2019 Unde
1733 1991 1832 2019 anima

1053 2039 1282 2074 contemplativa
1318 2039 1347 2066 in
1378 2039 1498 2066 Canticis
1533 2037 1660 2066 ostendit
1697 2045 1727 2065 se
1755 2037 1832 2066 hanc

1052 2086 1233 2121 potationem
1258 2085 1454 2113 inebriantem
1478 2086 1630 2120 expertam
1656 2092 1736 2119 esse,
1763 2092 1831 2112 cum

1052 2133 1124 2160 dixit
1141 2133 1158 2149 ¹¹
1175 2141 1180 2159 :
1199 2133 1356 2159 Introduxit
1377 2140 1416 2159 me
1437 2133 1495 2159 Rea:
1516 2133 1545 2159 in
1565 2132 1657 2159 cellum
1671 2132 1828 2166 vinariam;

1050 2179 1102 2206 ubi
1124 2179 1225 2206 (llossa
1250 2179 1341 2206 dicit:
1369 2189 1382 2204 «
1407 2179 1501 2212 Quam
1524 2178 1581 2205 cito
1606 2179 1706 2213 guttur
1728 2185 1829 2206 meum

1050 2225 1239 2253 dulcedinem
1254 2225 1354 2259 gratiae
1377 2225 1438 2259 ejus
1453 2224 1584 2259 attingit!
1600 2225 1641 2252 lta
1654 2232 1702 2252 me
1716 2231 1829 2252 recrea-

1050 2274 1108 2300 tam
1123 2272 1236 2308 spiritu,
1249 2274 1277 2299 et
1290 2272 1327 2299 ab
1340 2279 1441 2299 amore
1454 2274 1639 2299 terrenorum
1650 2270 1679 2298 in
1689 2277 1828 2306 suprema

1048 2319 1218 2347 translatam
1232 2319 1326 2346 sentio
1339 2340 1347 2353 ,
1361 2327 1395 2346 ae
1409 2318 1432 2345 si
1448 2318 1478 2345 in
1501 2317 1606 2346 cellam
1621 2316 1764 2344 vinariam
1780 2316 1826 2344 in-

1049 2366 1182 2393 troducta
1204 2373 1282 2393 novo
1308 2365 1352 2392 sui
1369 2366 1401 2400 (b)
1432 2365 1504 2392 meri
1529 2364 1643 2398 odore,
1665 2366 1692 2391 et
1715 2363 1824 2399 poculo

1046 2413 1190 2440 inebriata
1204 2412 1270 2439 sim.
1293 2423 1305 2437 ι)
1325 2412 1381 2439 Sed
1403 2412 1479 2439 hane
1496 2410 1686 2439 refectionem
1707 2409 1824 2446 spiritus

1046 2458 1203 2486 ambulans
1222 2458 1252 2485 in
1271 2458 1326 2485 viis
1342 2458 1406 2486 vitm
1422 2458 1522 2486 aclivae
1538 2457 1587 2484 vix
1608 2458 1635 2484 et
1650 2464 1717 2484 raro
1734 2464 1822 2492 expe-

1045 2546 1101 2575 [ιω-ἱ
1115 2544 1181 2568 nied.
1195 2557 1223 2560 —
1240 2544 1248 2557 ⁰
1265 2544 1348 2572 Cant„
1364 2550 1398 2574 iv,
1415 2545 1437 2567 7.
1450 2556 1478 2560 —
1491 2544 1597 2573 ⁷13reg.‚
1611 2542 1711 2569 ,tim-aL,
1728 2542 1772 2566 lib.
1789 2542 1819 2572 V,

1043 2589 1065 2604 e.
1082 2587 1121 2607 γι,
1141 2580 1166 2603 iu
1187 2579 1268 2609 prinr.
1283 2593 1312 2597 —
1326 2581 1334 2591 ⁸
1352 2579 1397 2608 111„
1419 2579 1443 2601 ιἰι
1468 2578 1567 2608 ebech„
1583 2578 1654 2602 hom.
1670 2584 1743 2607 xxvi,
1762 2580 1821 2608 post

1042 2616 1109 2640 med.
1125 2629 1156 2633 —
1171 2617 1179 2629 ²*
1195 2615 1278 2639 Cant..
1297 2621 1319 2643 v,
1337 2615 1360 2638 2.
1377 2627 1406 2632 —
1424 2613 1528 2644 ¹⁰1hid.‚
1545 2619 1573 2644 Η,
1589 2615 1612 2637 3.
1625 2627 1655 2632 -
1674 2615 1689 2630 ¹¹
1706 2613 1781 2642 ibid..
1795 2614 1818 2636 4.

1073 2663 1104 2692 (a)
1119 2663 1178 2686 (vet.
1191 2662 1250 2685 edil.
1264 2661 1484 2693 pulchrificatur...
1496 2660 1696 2685 clariticatur.—
1708 2659 1741 2691 (b)
1755 2658 1817 2683 Caee.

1039 2699 1098 2722 «illl.
1115 2706 1168 2721 suu.
