2004 3037
169 729 241 753 Argu-

136 759 210 779 menta
220 758 242 778 in

144 789 234 817 opposi—

137 824 192 843 tum.

256 226 296 256 48

255 292 418 320 modorum
430 291 524 328 possit
537 291 740 328 apprehendi,
753 292 811 320 nisi
823 301 878 329 per
891 293 1033 329 cognitio-

255 347 341 374 nem,
355 347 425 367 num
449 338 474 366 si
496 338 753 375 apprehenderem
767 341 800 368 ut
814 347 908 368 unum
916 361 927 376 ,
948 348 1035 377 opor-

255 387 329 414 teret
341 394 390 413 me
409 385 538 421 cogitare
556 385 594 414 de
616 386 744 422 unitate;
767 389 796 415 et
809 387 834 415 si
847 395 972 423 verum,
996 388 1034 416 de

256 430 376 458 veritate
387 440 395 466 ;
409 430 433 458 si
447 431 480 457 ut
492 430 619 466 bonum,
631 431 669 459 de
678 431 811 459 bonitate
828 441 835 459 :
851 432 950 468 igitur,
966 441 1035 460 cum

256 477 366 505 amoris
377 477 576 513 apprehensio
586 477 792 514 apprehendat
798 479 892 507 Deum
901 479 932 507 in
943 487 1036 516 quan-

255 525 319 551 tum
342 525 384 552 est
404 524 541 558 bonum,
561 526 678 561 oportet
700 525 879 562 necessario,
900 528 932 554 ut
953 526 1036 563 prius

255 570 298 598 ibi
313 570 349 599 sit
363 570 503 607 cogitatio
518 571 630 608 praevia
644 571 682 600 de
697 571 762 608 ipsa
775 573 925 608 bonitate,
943 581 1036 610 quam

255 618 287 645 in
301 618 399 654 ipsum
414 617 566 646 actualiter
578 626 633 654 per
647 619 757 647 amoris
770 619 959 648 affectionem
973 628 1036 648 mo-

256 664 318 692 veri
334 674 342 692 =
355 672 426 700 ergo
436 686 446 699 ,
462 667 516 693 ete.

292 713 400 748 Contra
416 722 423 740 :
439 712 570 746 Videtur,
585 712 669 748 quod
683 713 747 741 sine
762 713 942 749 cogitatione
961 722 1036 750 proe-

257 760 323 794 via,
346 760 395 788 vel
420 760 655 796 concomitante,
682 761 803 789 affectus
825 770 878 798 per
900 770 1035 790 amorem

258 806 418 843 dispositus
431 807 524 835 libere
540 809 696 836 moveatur
712 808 742 836 in
756 809 866 845 Deum;
881 811 909 837 et
922 809 1037 845 primo,

258 855 430 883 auctoritate
445 856 546 890 magni
561 856 721 884 hierarchae
737 856 887 893 Dionysii,
910 857 942 884 in
955 856 1038 893 prin-

258 901 336 938 cipio
351 903 475 936 Mysticae
489 903 638 938 Theoloyiae
652 903 775 931 dicentis
796 903 836 931 ad
850 903 1036 931 Timotheum

258 948 298 977 sic
315 959 321 976 :
340 958 354 975 ι(
368 951 408 977 Tu
424 952 533 985 autem,
548 951 643 978 amice
658 951 826 985 timothee,
841 950 918 978 circa
935 950 1037 986 mysti-

258 1004 307 1024 cas
316 996 445 1024 visiones
459 996 527 1024 sorti
539 997 713 1025 contritione
729 1005 833 1025 sensus
848 997 1035 1034 derelinque,

258 1045 286 1071 et
300 1043 513 1071 intellectuales
533 1044 737 1080 operationes,
754 1046 782 1072 et
797 1045 899 1072 omnia
912 1044 1037 1072 sensibi-

258 1090 298 1118 lia
309 1112 317 1125 ,
332 1092 360 1118 et
374 1090 593 1126 intelligibilia,
609 1093 636 1118 et
651 1091 753 1118 omnia
768 1092 922 1119 existentia
937 1094 964 1119 et
976 1099 1037 1120 non

258 1137 410 1165 existentia
421 1159 430 1173 ,
447 1139 474 1165 et
487 1137 561 1165 sicut
574 1131 715 1174 possibile
731 1140 783 1171 est,
799 1138 898 1174 ignote
913 1138 950 1174 (a)
967 1146 1037 1166 con-

258 1192 346 1219 surge
361 1184 400 1211 ad
415 1184 478 1219 ejus
488 1184 652 1211 unitionem
662 1206 670 1219 ,
683 1193 748 1220 quac
760 1187 801 1212 est
815 1193 905 1221 super
916 1193 1037 1213 omnem

259 1231 454 1259 substantiam
469 1233 505 1258 etr
516 1231 734 1266 cognitionem,
753 1242 766 1257 n
784 1234 837 1259 etc.
855 1233 928 1259 Cum
951 1232 1038 1267 igitur

259 1278 422 1306 secundum
437 1278 494 1305 hoc
504 1299 513 1312 ,
534 1279 564 1305 in
579 1279 817 1307 consurrectione
833 1279 943 1307 amoris
958 1287 1036 1314 mys-

259 1326 332 1359 tica,
354 1327 468 1361 opertet
486 1325 693 1361 derelinquere
709 1334 830 1353 omnem
855 1326 1038 1354 intellectua-

259 1372 319 1400 lem
334 1372 555 1409 operationem,
578 1372 625 1400 vel
645 1373 864 1408 cognitionem,
888 1375 915 1400 et
940 1373 1038 1401 solum

260 1419 425 1447 secundum
445 1419 611 1447 unitionem
626 1420 736 1448 amoris
751 1420 903 1447 affectuosi
920 1427 1038 1447 consur-

260 1474 339 1501 gere,
356 1474 423 1502 quoe
440 1469 482 1494 est
496 1475 584 1502 super
599 1475 719 1494 omnem
734 1467 917 1495 intellectum
931 1469 958 1494 et
969 1458 1038 1501 cog-

259 1513 403 1541 nitionem
419 1522 426 1540 :
443 1513 530 1548 igitur
552 1513 614 1541 sine
630 1513 808 1548 cogitatione
827 1514 938 1550 praevia
970 1521 1038 1541 rere

261 1567 364 1587 amans
379 1561 489 1588 amoris
505 1560 660 1588 affectione
676 1561 836 1595 consurgit.

296 1609 327 1635 ln
342 1607 426 1635 tertia
448 1607 638 1635 translatione
656 1607 785 1643 Dionysii
802 1607 908 1635 «licitur
922 1607 963 1634 im
979 1608 1040 1641 llly-

260 1657 330 1682 stica
355 1656 497 1690 Theoloyia
510 1651 528 1683 'z
558 1666 571 1680 ι(
586 1657 638 1682 t‘er
662 1655 824 1682 unitionem
855 1655 1020 1682 dilectionis
1030 1677 1038 1690 ,

262 1710 327 1737 quae
341 1704 382 1728 est
399 1701 534 1729 affectiva
551 1710 626 1729 verte
645 1702 838 1736 cognitionis,
859 1702 958 1729 unitur
980 1703 1038 1729 Deo

262 1747 497 1776 intellectualiter
520 1748 621 1783 ignota
647 1749 815 1783 cognitione
840 1748 933 1776 multo
954 1748 1039 1776 nobi-

262 1794 345 1829 liori,
362 1803 452 1830 quam
469 1795 505 1822 sit
520 1795 659 1830 cogitatio
676 1795 899 1829 intellectualis,
916 1797 943 1822 et
958 1795 987 1822 in
1003 1803 1038 1823 eo

263 1841 346 1876 quod
361 1841 569 1876 cogitationem
586 1842 813 1870 intellectualem
839 1842 1038 1878 derelinquit,

263 1896 351 1923 super
379 1888 558 1916 intellectum
588 1891 613 1915 et
643 1891 771 1916 mentem
807 1891 897 1916 Deum
928 1897 1039 1923 cogno-

263 1935 349 1962 scit.»
367 1937 420 1962 etc.
443 1937 516 1963 Cum
535 1935 634 1969 igitur,
653 1939 684 1963 ut
705 1936 818 1963 ibidem
834 1936 950 1970 dicitur,
966 1937 1040 1963 Deus

264 1989 324 2009 non
338 1982 429 2017 possit
443 1982 580 2017 cognosci
593 1991 646 2018 per
659 1983 887 2010 intellectualem
902 1982 1039 2017 cogitatio

263 2036 342 2062 nem,
358 2029 545 2064 cognoscitur
560 2029 711 2057 verissime
727 2038 780 2065 per
794 2032 892 2057 actum
908 2029 944 2065 (b)
960 2037 1041 2057 amo-

264 2076 312 2102 ris.
329 2076 426 2110 Igitur,
444 2078 475 2103 ut
489 2076 577 2112 plane
594 2076 711 2110 dicitur,
729 2084 846 2104 neccsse
863 2079 905 2104 est
919 2084 1039 2104 omnem

265 2122 445 2150 intellectum
461 2122 667 2159 derelinquere
679 2145 687 2157 ,
705 2125 732 2150 et
745 2123 842 2151 solum
857 2131 911 2159 per
929 2123 1039 2151 amoris

265 2169 400 2196 affectum
418 2170 447 2196 iu
464 2172 555 2197 Deum
570 2178 757 2203 consurgere.

302 2218 370 2243 ttem
384 2216 489 2243 ‹licitur
502 2217 532 2243 iu
545 2217 669 2252 septimo
689 2218 721 2243 de
742 2219 846 2244 Diri'nis
861 2218 1038 2246 Nominatum:

269 2274 281 2287 u
298 2263 415 2298 Oportet
437 2265 533 2290 autem
549 2263 649 2290 videre
661 2285 669 2297 ,
686 2265 816 2290 nostram
836 2266 965 2290 mentem
990 2264 1041 2290 hu-

266 2309 337 2336 bcre
352 2310 489 2336 virtutem
504 2309 543 2336 ad
557 2309 800 2344 intelligendum,
815 2318 869 2345 per
884 2319 974 2346 quam
998 2311 1040 2337 in-

266 2355 425 2390 telligenda
444 2356 579 2391 inspicit,
602 2356 766 2383 unitionem
782 2359 881 2384 autem
897 2357 1040 2384 exceden-

266 2404 325 2429 tem
340 2405 476 2430 naturam
492 2403 614 2436 mentis,
630 2412 682 2438 per
697 2412 788 2439 quam
801 2404 991 2438 conjungitur
1003 2404 1042 2431 ad

267 2456 302 2476 ea
316 2458 382 2485 quae
397 2452 464 2477 sunt
478 2458 567 2485 supra
582 2450 677 2485 ipsam
693 2459 699 2477 ε
717 2451 882 2477 secundum
897 2451 973 2477 hanc
990 2451 1043 2485 igi-

268 2498 313 2523 tur
333 2497 434 2524 divina
458 2499 572 2532 oportet
591 2496 774 2532 intelligere,
799 2506 859 2525 non
879 2498 1043 2526 secuudum

268 2551 338 2577 nos,
354 2543 405 2571 scd
421 2551 475 2571 nos
490 2545 583 2578 totos,
600 2546 676 2571 totos
692 2544 761 2579 ipsis
777 2547 912 2578 statutos,
929 2548 956 2572 et
968 2547 1043 2572 totos

269 2589 390 2617 deiticos
406 2590 439 2626 (ιτ)
454 2601 467 2616 »
485 2593 539 2618 etc.
556 2590 643 2625 igitur
662 2590 729 2618 licet
748 2592 778 2618 in
792 2591 930 2619 humanis
946 2592 1041 2627 primo

303 2652 335 2681 (ιι)
351 2653 390 2675 ΑΙ.
408 2655 511 2683 interpr.
525 2653 794 2678 iudemoustrubiliter.
805 2667 834 2671 —-
850 2654 882 2685 (lt)
901 2654 962 2678 Cret.
981 2655 1041 2677 «let.

270 2690 404 2711 tactum.—
417 2689 446 2718 (c)
462 2688 503 2712 At.
525 2689 629 2719 interpr.
645 2689 689 2712 scd
705 2691 830 2719 quatenus
847 2696 894 2714 uos
914 2689 961 2720 ipsi
975 2691 1042 2714 totos

847 222 1026 258 MYSthA
1046 212 1284 258 TtlEOLOGtA.

1091 296 1228 331 oporteat
1243 293 1408 331 intelligere
1423 302 1517 332 quam
1531 294 1610 323 affici
1618 304 1628 330 3
1642 295 1675 324 in
1687 303 1760 325 vera
1774 296 1872 325 tamen

1093 342 1123 369 et
1137 341 1363 378 experimentali
1377 341 1545 377 cognitione
1566 341 1738 371 divinorum
1750 363 1760 378 ‚
1781 350 1872 380 opor-

1094 389 1134 416 tet
1147 388 1280 424 primum
1293 388 1402 416 sentire
1419 396 1474 425 per
1489 396 1639 423 amorem,
1659 397 1751 425 quam
1773 389 1872 426 ipsum

1090 436 1200 469 Deum,
1216 435 1268 471 qui
1283 435 1416 469 sentitur,
1430 435 1625 471 intelligendo
1640 435 1781 471 cogitare.
1797 437 1872 471 Ergo

1094 483 1212 518 oportet
1237 489 1416 517 consurgere
1438 490 1494 518 per
1517 490 1671 517 amorem,
1697 483 1730 509 ut
1755 490 1793 510 ex
1817 481 1873 510 isto

1094 530 1172 556 statu
1185 528 1364 564 cognitionis
1376 528 1408 556 in
1418 528 1485 565 ipsa
1495 531 1594 557 mente
1603 537 1675 557 vera
1686 528 1816 564 cognitio
1830 536 1874 556 re-

1090 574 1245 611 linquatur
1260 585 1268 603 :
1284 583 1355 603 nam
1370 575 1457 611 illud,
1472 576 1585 604 scilicet
1598 576 1636 604 de
1653 575 1774 611 divinis,
1789 574 1872 611 quod

1092 622 1362 658 experimentaliter
1376 623 1462 651 sentit
1477 622 1618 658 affectus,
1633 631 1703 652 vere
1718 623 1808 651 etiam
1826 622 1872 651 in-

1091 668 1196 704 telligit
1208 669 1384 698 intellectus.

1126 717 1196 744 ltem
1218 716 1250 744 in
1271 715 1380 744 eodem
1402 716 1532 752 capitulo
1555 716 1662 745 dicitur
1686 717 1723 745 de
1747 717 1871 754 mystica

1092 763 1235 799 sapientia
1248 763 1290 791 sic
1302 772 1309 791 :
1324 773 1338 789 «
1348 765 1426 791 Hanc
1438 763 1527 799 igitur
1540 763 1786 800 irrationabilem,
1801 764 1871 792 stul-

1090 811 1171 844 tam,
1187 812 1215 838 et
1238 812 1387 839 amentem
1410 811 1586 848 sapientiam
1606 811 1782 840 excedenter
1804 810 1869 839 lau-

1093 855 1196 884 dantes
1211 856 1354 892 dicimus,
1371 857 1455 894 quod
1470 860 1514 885 est
1532 858 1630 886 omnis
1642 858 1749 886 mentis
1772 859 1801 886 et
1824 865 1873 886 ra-

1092 902 1194 938 tionis,
1211 906 1239 931 et
1254 903 1351 931 omnis
1365 904 1516 940 sapientise
1530 907 1557 932 et
1571 904 1736 941 prudentiae
1760 912 1849 932 causa
1862 925 1871 939 ‚

1093 952 1121 978 et
1134 951 1165 978 in
1177 950 1241 987 ipsa
1254 953 1297 979 est
1312 959 1402 979 omne
1417 951 1585 986 consilium,
1601 953 1629 979 et
1643 951 1681 979 ab
1695 951 1760 988 ipsa
1774 951 1872 979 omnis

1093 997 1223 1033 cognitio
1235 1019 1243 1032 ,
1259 1000 1287 1025 et
1300 997 1476 1034 prudentia,
1499 1001 1527 1026 et
1541 998 1573 1026 in
1593 998 1657 1034 ipsa
1674 998 1804 1026 thesauri
1822 1006 1870 1026 sa-

1091 1044 1208 1080 pientiae
1221 1047 1248 1072 et
1265 1045 1393 1073 scientiae
1408 1045 1587 1080 absconditi,
1599 1055 1613 1070 n
1631 1047 1684 1073 etc.
1701 1046 1774 1072 Cum
1784 1044 1872 1080 igitur

1092 1091 1188 1127 ipsam
1203 1092 1419 1120 irrationabilem
1435 1094 1540 1127 vocet,
1556 1100 1616 1120 non
1631 1100 1703 1128 ergo
1718 1099 1772 1128 per
1786 1091 1872 1120 ratio-

1093 1146 1165 1167 num
1189 1139 1448 1174 investigationem
1469 1139 1619 1176 procedit,
1637 1141 1665 1167 et
1685 1147 1753 1166 cum
1776 1138 1872 1174 ipsam

1092 1187 1205 1213 stultum
1220 1185 1365 1222 appellet,
1382 1194 1442 1213 nou
1457 1186 1592 1222 procedit
1612 1186 1687 1214 sicut
1708 1185 1766 1214 alia
1789 1185 1874 1214 scho-

1093 1232 1195 1260 lastica
1218 1233 1340 1260 scicntia
1359 1242 1366 1267 ;
1396 1240 1466 1260 nain
1493 1232 1629 1260 ordinate
1654 1231 1847 1269 procedendo
1863 1254 1871 1267 ,

1092 1280 1189 1315 primo
1203 1279 1409 1315 cognoscimus
1420 1288 1508 1308 omne
1523 1280 1600 1308 illud
1614 1280 1697 1316 quod
1709 1279 1872 1315 diligimus.

1093 1326 1120 1354 Si
1136 1334 1207 1362 ergo
1232 1327 1357 1362 mystica
1379 1327 1530 1362 theologia
1554 1327 1653 1363 primo
1671 1335 1724 1362 per
1744 1326 1874 1354 rationes

1093 1373 1254 1408 cogitando
1271 1373 1316 1401 vel
1332 1373 1506 1401 meditando
1523 1373 1719 1409 procederet,
1741 1373 1815 1401 sicut
1829 1373 1872 1400 vi-

1094 1419 1198 1447 demus
1212 1420 1242 1447 in
1257 1420 1336 1455 aliis,
1354 1428 1415 1448 non
1430 1421 1516 1448 stulta
1533 1428 1550 1448 a
1563 1415 1652 1448 bEato
1668 1419 1808 1456 Dionysio
1823 1427 1873 1447 vo-

1094 1469 1218 1502 caretur,
1241 1475 1296 1495 nec
1320 1475 1428 1502 amens,
1453 1467 1483 1495 id
1500 1469 1560 1502 est,
1581 1467 1643 1495 sinc
1665 1468 1763 1494 mente
1780 1475 1786 1494 :
1803 1473 1873 1494 nam

1094 1513 1157 1541 sine
1173 1514 1254 1541 omni
1265 1514 1385 1542 mentali
1401 1514 1592 1549 cogitatione,
1607 1513 1654 1541 vel
1669 1513 1872 1548 meditatione,

1094 1561 1215 1588 atl'ectus
1240 1561 1348 1589 amoris
1378 1561 1561 1589 accenditur.
1590 1561 1678 1596 tgitur
1704 1569 1740 1588 ex
1766 1560 1872 1588 affectu

1094 1608 1205 1635 amoris
1230 1608 1405 1644 relinquitur
1427 1609 1457 1635 in
1478 1610 1576 1635 mente
1603 1607 1750 1643 cognitio,
1773 1611 1835 1635 non
1857 1614 1872 1634 e

1095 1663 1238 1682 converso
1250 1677 1258 1689 ,
1275 1657 1329 1682 etc.

1131 1703 1201 1729 item
1217 1701 1368 1729 Psalmista
1384 1703 1389 1718 ¹
1409 1711 1415 1729 ι
1435 1702 1546 1729 Gustute
1560 1705 1584 1729 et
1600 1701 1704 1735 videte,
1724 1703 1778 1729 etc.
1801 1702 1873 1728 Cum

1094 1751 1182 1786 igitur
1196 1755 1304 1785 qusint-e
1318 1751 1457 1778 affectum
1475 1750 1612 1786 respiciat
1631 1750 1742 1778 amoris
1752 1771 1761 1783 ,
1782 1749 1874 1777 videre

1095 1800 1194 1826 autem
1214 1797 1375 1825 intellectus
1391 1797 1620 1833 cogitationem,
1635 1796 1683 1825 vel
1707 1796 1873 1824 meditatio-

1095 1853 1180 1880 nem3
1197 1853 1268 1880 ergo
1285 1845 1380 1880 primo
1396 1847 1511 1880 oportet
1526 1847 1608 1872 motu
1626 1843 1737 1872 amoris
1751 1851 1872 1870 consur—

1096 1901 1164 1928 gere
1175 1914 1182 1927 ,
1198 1901 1288 1929 quam
1305 1892 1537 1920 occultissimum
1562 1894 1653 1920 Deum
1671 1890 1871 1919 intellectuali-

1095 1942 1138 1966 ter
1153 1939 1311 1974 cogitando
1335 1947 1523 1973 cognoscere.
1542 1940 1612 1966 Nam
1628 1938 1692 1965 hcec
1712 1940 1752 1965 est
1769 1937 1873 1972 regula

1095 1986 1240 2021 generalis
1265 1986 1294 2012 in
1318 1985 1442 2021 mystica
1466 1984 1615 2020 theologia
1630 2006 1638 2019 ,
1667 1984 1750 2020 quod
1776 1983 1872 2020 primo

1096 2035 1211 2068 oportet
1226 2032 1335 2060 habere
1350 2032 1524 2068 practicam,
1541 2039 1634 2067 quam
1648 2030 1826 2063 theoricam,
1842 2029 1872 2056 id

1096 2082 1153 2114 est,
1169 2087 1256 2106 usum
1273 2079 1401 2106 exercitii
1417 2079 1446 2106 in
1462 2078 1551 2106 corde
1562 2099 1569 2112 ‚
1590 2086 1682 2114 quam
1696 2077 1788 2113 ipsius
1813 2076 1872 2109 rei,

1095 2126 1142 2153 vel
1158 2134 1262 2153 corum
1278 2134 1343 2162 quae
1359 2125 1507 2159 dicuntur,
1524 2125 1634 2152 habere
1650 2123 1794 2151 notitiam.

1133 2175 1201 2200 ttetn
1219 2172 1293 2200 illud
1307 2172 1387 2199 idem
1402 2174 1523 2208 apparet
1536 2170 1708 2198 auctoritate
1724 2177 1874 2197 commen-

1098 2219 1199 2247 tatoris
1213 2219 1402 2246 Verccllcnsis
1420 2226 1507 2254 super
1523 2219 1668 2252 Mysticam
1685 2217 1853 2250 Tlteolcqz‘um
1865 2237 1873 2250 ‚

1098 2266 1219 2293 dicentis
1242 2274 1247 2291 :
1274 2275 1286 2289 «
1301 2265 1380 2292 istud
1403 2264 1553 2300 sapientiae
1576 2263 1728 2299 negotium
1753 2270 1872 2295 sensus,

1097 2311 1317 2347 imaginationis
1329 2332 1337 2345 ,
1356 2310 1493 2344 rationis,
1518 2310 1695 2343 intellectus,
1716 2311 1776 2336 tam
1791 2316 1875 2344 prac-

1098 2359 1164 2392 tici,
1184 2366 1274 2394 quam
1291 2357 1411 2385 theorici
1424 2366 1494 2385 usus
1510 2359 1537 2385 et
1552 2357 1650 2385 officia
1664 2355 1831 2391 suspendit,
1848 2357 1876 2381 et

1098 2405 1231 2433 excludit
1247 2412 1367 2432 omnem
1383 2404 1582 2438 intellectum,
1609 2405 1637 2431 et
1659 2410 1747 2430 omne
1768 2400 1874 2428 intelli-

1098 2451 1189 2487 gibile
1201 2473 1210 2485 ,
1236 2453 1263 2478 ct
1279 2459 1329 2478 cns
1341 2472 1349 2485 ,
1372 2453 1399 2478 et
1416 2459 1507 2478 unum
1519 2472 1526 2484 ,
1548 2453 1575 2477 ct
1589 2456 1710 2482 verum,
1734 2451 1761 2475 et
1782 2450 1874 2474 trans—

1098 2499 1196 2527 cendit
1217 2498 1369 2533 speculum
1380 2519 1388 2532 ,
1419 2501 1446 2525 et
1471 2497 1611 2532 :rnigma,
1638 2498 1665 2523 et.
1691 2494 1746 2530 ipsi
1773 2493 1875 2521 divino

1098 2545 1212 2582 spiritui
1238 2544 1353 2580 apicem
1378 2544 1541 2572 affectionis
1567 2541 1739 2579 principalis
1775 2540 1876 2568 divina

1098 2620 1113 2636 a
1128 2611 1202 2636 nobis
1220 2610 1278 2634 totis
1297 2610 1453 2640 abdicamus,
1475 2612 1499 2634 et
1519 2609 1565 2633 toti
1580 2608 1717 2632 transimus
1739 2607 1764 2630 iu
1785 2607 1874 2630 Deum.

1099 2647 1169 2671 titel».
1186 2647 1230 2669 SS.
1247 2646 1294 2669 ΙΨ.
1311 2646 1400 2677 Lugd..
1419 2653 1459 2669 uu.
1480 2647 1544 2669 1671.

1134 2687 1220 2712 ιΡεαί.
1239 2693 1331 2717 xuni,
1349 2689 1371 2711 9.
