2004 3037
205 238 265 268 270

206 311 300 339 genus
312 301 492 338 tentationis,
506 302 617 331 scilicet
631 303 733 331 contra
745 303 898 331 carnalem
912 310 983 331 con-

205 349 427 386 cupiscentiam‚
441 357 508 386 quoe
521 357 576 386 per
589 349 690 385 ignem
703 349 849 384 figuratur
856 359 866 385 ;
880 350 984 378 contra

205 396 474 433 concupiscentiam
485 398 631 425 terrenam
643 404 696 426 seu
707 397 904 431 mundanam,
916 406 983 434 quae

203 451 257 479 per
271 451 382 479 aquam
401 442 570 471 effluentem
589 443 778 479 intelligitur;
799 446 902 472 contra
921 443 983 472 dia-

203 489 335 518 bolicam
353 498 502 526 guerram,
518 498 584 526 quae
597 490 718 526 proprie
738 490 831 518 hostis
850 490 983 526 appella-

203 538 259 564 tur.
274 538 338 565 llaec
351 537 486 573 pericula
499 537 622 566 timebat
635 536 739 571 David,
754 537 806 573 qui
821 537 940 565 dicebat
950 539 958 555 ¹
975 545 982 564 ε

203 584 327 611 Pericula
341 584 444 617 inferni
455 585 614 612 invenerunt
627 592 678 613 me.

240 632 312 659 Item
329 630 360 658 in
375 630 508 658 oratione
524 630 670 658 debemus
688 639 723 659 os
739 631 838 659 cordis
856 631 982 667 aperire,

203 677 278 705 sicut
291 677 491 705 rheumaticus
512 677 545 713 (a)
569 677 646 712 aeri,
671 677 745 706 sicut
762 678 924 714 pulliculus
948 677 982 715 (b)

203 724 300 760 matri,
307 726 336 753 et
343 725 418 753 sicut
429 724 592 753 infantulus
599 725 715 754 nutrici.
727 727 774 754 Est
781 726 881 762 itaque
894 733 982 753 orans

203 772 278 800 sieut
291 772 384 800 homo
399 772 614 807 rheumaticuS‚
630 772 682 808 qui
696 780 783 800 nares
799 772 890 800 habet
902 772 983 800 stric-

204 820 256 853 tas,
269 818 435 846 necessaria
445 820 487 846 est
501 819 578 846 enim
594 819 632 846 ad
646 819 855 856 respirandum
870 819 982 855 apertio

204 865 263 893 oris
271 874 280 901 3
296 865 337 892 sic
354 865 404 901 qui
418 865 509 893 habet
522 865 727 902 imperfectum
742 866 911 900 odoratum,
927 865 982 893 sci-

202 912 269 941 licet
294 913 433 941 desiderii
456 913 601 949 coelestis,
624 914 715 942 debet
738 914 853 950 aperire
877 921 928 948 os,
955 916 983 942 et

203 960 316 987 mittere
331 968 438 988 vocem
452 960 604 988 orationis.
620 962 693 988 Nam
708 960 779 988 dicit
792 960 938 996 Propheta
949 961 959 976 ³
973 969 980 988 :

205 1006 240 1035 Os
252 1015 338 1034 meum
349 1009 457 1042 aperui,
476 1009 499 1034 et
512 1009 618 1035 aura-‘cz'
627 1009 766 1042 spiritum.
783 1009 830 1035 Est
844 1007 934 1035 etiam
948 1015 982 1035 os

202 1053 398 1089 aperiendum
423 1053 571 1088 orationi,
596 1054 672 1082 sicut
693 1054 790 1082 infans
811 1054 907 1090 aperit
927 1062 981 1082 nu-

203 1099 276 1128 trici.
298 1100 375 1128 Sicut
394 1100 474 1128 enim
494 1100 593 1128 nutrix
613 1109 734 1137 pascere
753 1101 897 1129 infantem
919 1109 981 1129 non

203 1149 314 1183 posset,
330 1147 354 1175 si
368 1155 443 1184 puer
457 1155 491 1175 os
507 1155 568 1175 non
583 1148 730 1183 aperiret;
747 1148 787 1175 sic
803 1148 827 1176 si
840 1148 981 1176 volumus

203 1194 416 1222 nutrimentum
430 1194 496 1222 vitae
510 1194 670 1230 suscipere,
682 1194 797 1222 orando
813 1195 981 1231 aperiamus

205 1248 237 1268 os
251 1243 385 1269 nostrum
401 1241 440 1269 ad
455 1242 669 1269 nutrimentum
683 1242 749 1269 vitae
760 1244 891 1276 aetcrnae,
907 1242 981 1269 scili-

204 1289 250 1315 cet
263 1288 362 1322 gratiae
372 1288 492 1323 divinae,
504 1290 536 1316 ut
546 1288 652 1315 dicitur
668 1289 697 1315 in
712 1288 789 1316 libro
800 1289 979 1323 Sapientioe³.

209 1336 256 1362 Est
269 1334 390 1371 insuper
412 1335 504 1362 homo
527 1335 579 1370 qui
601 1337 678 1368 orat,
705 1335 778 1362 sicut
800 1335 980 1370 pulliculus,

206 1381 258 1417 qui
276 1381 399 1417 quando
417 1382 502 1409 sentit
519 1382 619 1409 venire
638 1385 763 1409 matrem
777 1403 786 1416 ‚
805 1382 899 1418 aperit
917 1390 979 1409 ros-

204 1430 280 1455 trum
296 1436 397 1455 versus
411 1428 536 1464 coelum3
557 1429 597 1456 sie
613 1436 681 1456 cum
701 1428 871 1464 frequenter
886 1428 981 1456 visitet

204 1482 259 1502 nos
275 1476 348 1503 Deus
366 1483 419 1511 per
433 1475 658 1511 inspirationem
673 1483 759 1503 suam
770 1496 778 1509 ,
795 1475 880 1511 quasi
901 1483 979 1502 sem—

203 1529 256 1557 per
271 1522 414 1550 dchemus
426 1522 536 1550 habere
550 1531 582 1550 os
598 1524 728 1558 apertum
744 1529 797 1558 per
814 1521 980 1549 orationem

205 1567 344 1596 devotam
355 1590 363 1603 ‚
378 1569 452 1596 sicut
467 1569 537 1596 dicit
552 1569 708 1605 Apostolus
720 1569 729 1585 ⁶
747 1578 753 1596 :
768 1569 831 1596 Sine
844 1570 981 1596 intermis-

204 1616 278 1642 sione
297 1618 381 1643 orate.
407 1617 440 1643 Et
457 1616 493 1643 de
509 1615 572 1643 viro
594 1616 674 1651 justo
698 1615 804 1643 dicitur
818 1615 827 1631 ⁵
846 1624 852 1642 τ
868 1617 981 1650 Aperiet

205 1670 233 1689 os
247 1670 325 1689 suum
346 1664 373 1689 in
398 1665 534 1697 oratione,
551 1665 576 1689 et
591 1671 639 1697 pro
655 1662 760 1689 delictis
781 1664 838 1689 suis
855 1662 980 1696 depreca-

205 1709 290 1736 bitur.

241 1757 311 1783 ltem
338 1756 432 1783 oratio
452 1757 494 1783 est
513 1756 587 1783 sicut
612 1758 762 1783 armatura
787 1755 912 1782 militem
933 1763 981 1782 or-

206 1810 294 1836 nans,
310 1802 384 1829 sicut
398 1802 519 1829 lucerna
534 1802 613 1829 viam
629 1802 852 1836 demonstrans,
869 1804 896 1829 et
909 1802 982 1829 sicut

205 1849 346 1877 columba
366 1849 476 1877 olivam
496 1851 627 1884 portans
652 1850 698 1876 Est
713 1849 811 1884 itaque
828 1848 922 1876 oratio
943 1848 980 1875 si—

205 1898 254 1923 cut
272 1898 422 1923 armatura
439 1905 445 1923 ε
469 1903 539 1923 narn
559 1896 633 1923 sicut
652 1895 737 1922 miles
756 1903 817 1922 non
837 1895 896 1922 exit
919 1895 980 1922 sine

205 1942 294 1970 armis
309 1942 347 1970 ad
361 1942 489 1976 bellum,
507 1942 545 1969 ita
561 1942 622 1969 sinc
637 1941 724 1969 armis
740 1942 882 1969 orationis
897 1941 980 1968 nullo

204 1989 296 2017 modo
305 1989 562 2017 debemusintrare
578 1988 744 2016 tentationis
757 1988 937 2015 conflictum.
950 1991 980 2016 ln

204 2037 289 2071 cujus
299 2035 394 2071 figura
404 2035 509 2063 dicitur
521 2036 541 2069 ¹³,
554 2035 635 2070 quod
648 2036 739 2068 Moyse
755 2036 872 2062 elevante
885 2042 981 2062 manus

205 2083 243 2110 ad
267 2083 449 2117 orationem,
473 2082 597 2109 vincebat
618 2083 719 2115 lsi-<uest
741 2085 765 2108 et
785 2090 842 2108 cum
861 2084 982 2108 remitte-

206 2130 249 2157 bat
268 2130 299 2164 (c)
316 2137 423 2161 manus,
440 2130 584 2164 superabat
600 2129 748 2161 Amalech,
769 2128 799 2155 id
814 2130 857 2155 est
875 2128 980 2155 diabo-

205 2176 260 2203 lus.
288 2178 333 2203 Est
351 2178 450 2203 autem
476 2176 569 2202 oratio
595 2175 668 2202 sicut
689 2175 810 2202 lucerna
829 2175 908 2202 viam
933 2175 982 2202 de-

206 2224 394 2249 monstrans:
419 2230 488 2249 nam
510 2222 583 2248 sicut
607 2221 728 2248 lucerna
751 2224 792 2248 est
816 2222 981 2250 necessaria

205 2268 235 2296 in
251 2268 393 2302 tenebris,
409 2268 450 2294 sic
466 2267 559 2294 oratio
575 2267 604 2294 in
621 2268 709 2294 rebus
726 2267 834 2294 dubiis.
853 2270 884 2295 ln
897 2269 980 2303 eujus

205 2315 299 2350 figura
312 2316 408 2341 mulier·
422 2314 473 2341 illa
487 2313 658 2348 evangelica
672 2315 693 2347 ⁷,
710 2314 740 2340 id
757 2316 798 2341 est
812 2314 912 2341 anima
928 2315 979 2341 de-

206 2364 288 2394 vota,
302 2361 421 2388 accendit
439 2362 625 2393 lucer71‹1m,et
642 2361 744 2386 invenit
760 2360 913 2387 drachmam
926 2382 934 2395 ,
950 2363 981 2388 ut

207 2409 312 2437 dicitur
326 2408 356 2435 iu
369 2409 449 2434 Luca.
466 2408 596 2433 Lucerna
610 2408 652 2432 est
666 2406 809 2433 orationis
824 2406 979 2442 instantia3

207 2455 349 2483 drachma
364 2461 434 2481 vero
450 2455 489 2480 est
505 2452 598 2487 gratia
611 2452 722 2486 diviua,
739 2461 804 2487 quae
815 2454 899 2488 quasi
915 2462 980 2489 per-

208 2503 269 2530 dita
289 2501 388 2536 fuerit,
410 2499 555 2535 reperitur
569 2507 637 2526 cum
653 2499 784 2526 oratione
810 2499 928 2528 devota.
950 2502 981 2528 Et

241 2587 409 2616 'Psal.cx1v,
425 2587 448 2609 3.
460 2597 490 2602 —
501 2585 508 2598 ²
524 2583 591 2607 Psal.
608 2590 699 2612 cxv111,
719 2586 768 2608 131.
781 2585 829 2601 —³
844 2586 912 2615 Sale.
927 2592 979 2611 xvi.

210 2626 237 2648 15
254 2631 258 2646 :
276 2623 390 2646 Omnium
406 2621 500 2644 nuo-ici
517 2620 621 2650 Ψαέίω,
635 2621 683 2643 etc.
698 2632 727 2637 —
749 2626 754 2633 ·
770 2620 777 2643 l
795 2620 883 2647 Thess..
900 2627 923 2649 v,
942 2623 978 2645 17.

209 2672 239 2677 -
254 2660 264 2675 ⁸
276 2657 364 2685 Ecchss,
380 2662 474 2686 xxx1x,
491 2657 513 2679 7.
531 2668 562 2673 --
582 2655 590 2668 ·'·
603 2654 694 2683 Exocl„
709 2661 777 2685 xv11,
794 2658 830 2679 Η.
846 2669 876 2674 -
890 2657 897 2669 ⁷
912 2657 979 2685 Lae..

210 2701 252 2724 xv,
274 2695 296 2717 8.
315 2705 343 2709 —
369 2693 377 2706 ⁸
400 2693 443 2716 Est
464 2690 544 2715 simile
569 2690 636 2720 apud
660 2690 776 2721 Hieron„
798 2691 832 2714 ad
854 2692 979 2722 Eustoclt.‚

765 233 908 267 DIAETAE
931 233 1096 267 SALUTIS
1116 233 1194 267 TIT.
1217 233 1256 266 ΙΙ.

1040 302 1115 332 sicut
1136 302 1260 331 lucerna
1277 301 1379 337 dirigit
1396 309 1528 337 gressus,
1547 301 1589 329 sic
1607 301 1702 331 oratio
1717 302 1816 339 dirigit

1040 357 1129 378 omne
1144 349 1260 378 bonum
1275 357 1361 385 opus.
1379 348 1460 376 Unde
1476 347 1547 376 dicit
1559 348 1756 385 Hieronymus
1777 350 1815 378 ad

1040 397 1155 424 Paulam
1165 397 1176 414 ⁸
1190 406 1197 424 :
1212 406 1226 422 α
1236 397 1268 424 ln
1284 395 1431 432 principio
1445 394 1604 430 cujuslibet
1617 395 1716 432 operis
1729 396 1814 430 boni,

1039 443 1182 479 proemitte
1195 443 1315 478 signum
1329 442 1424 470 crucis
1438 442 1468 470 in
1482 441 1578 470 fronte
1595 450 1664 470 cum
1677 442 1814 471 Oratione

1039 490 1224 518 Dominica.»
1244 491 1291 518 Est
1304 489 1424 525 insuper
1443 489 1537 517 oratio
1557 489 1632 516 sicut
1654 488 1814 524 columba,

1039 545 1106 574 quae
1118 538 1129 555 ⁹
1143 545 1263 565 reversa
1282 538 1325 564 est
1338 536 1378 564 ad
1392 545 1493 564 arcam
1508 545 1578 564 cum
1593 536 1688 571 oliva,
1713 537 1747 564 ut
1759 536 1811 564 ha-

1039 585 1126 612 betur
1145 584 1177 612 in
1191 585 1295 612 Genesi.
1311 584 1386 611 Nam
1399 583 1475 611 sicut
1495 583 1548 611 illa
1563 582 1748 611 denuntiavit
1761 591 1813 619 pa-

1040 639 1119 666 cem,
1135 633 1163 659 et
1178 630 1242 666 J'am
1257 638 1385 658 cessasse
1401 629 1548 658 diluvium
1557 640 1565 665 ς
1586 629 1627 657 sic
1643 629 1737 657 oratio
1761 629 1815 657 de-

1039 677 1155 705 nuntiat
1168 677 1388 713 poenitentiam,
1406 676 1678 705 reconciliationem
1689 697 1698 709 ‚
1717 678 1745 704 et
1763 683 1815 704 ve-

1039 723 1121 752 niam
1139 726 1338 760 peccatorum.
1362 723 1393 751 Ei
1413 723 1488 751 sicut
1509 722 1650 751 columba
1672 723 1725 750 illa
1747 730 1817 758 por-

1039 771 1111 798 tavit
1124 778 1242 798 ramum
1257 769 1361 804 olivae,
1388 769 1429 797 sic
1448 769 1542 797 oratio
1570 778 1688 797 ramum
1710 769 1817 797 divinae

1038 817 1148 851 gratiae.
1164 817 1197 844 Et
1210 816 1284 843 sicut
1298 815 1440 844 columba
1453 815 1543 843 habet
1557 815 1710 852 duplicem
1724 815 1814 850 alam,

1039 863 1081 890 sic
1095 862 1187 890 oratio
1201 862 1294 890 habet
1305 861 1438 898 duplices
1452 861 1531 896 alas,
1547 861 1658 890 scilicet
1668 862 1816 897 jejunium

1038 911 1066 937 et
1087 909 1320 945 eleemosynam.
1345 908 1427 936 Unde
1450 908 1556 936 dicitur
1572 908 1593 926 ¹⁰
1614 918 1621 936 z
1641 909 1707 941 Quis
1736 908 1812 936 dabit

1038 957 1109 984 mihi
1120 965 1223 992 pennas
1245 958 1316 984 sicut
1331 957 1474 990 columbas,
1494 959 1519 984 ec
1533 957 1624 984 volabo
1643 964 1696 992 per
1710 956 1818 985 oratio-

1039 1011 1108 1032 nem
1120 1025 1130 1038 ,
1144 1007 1168 1032 et
1183 1005 1348 1039 requiescam
1362 1011 1415 1039 per
1431 1003 1643 1031 devotionem?

1285 1097 1463 1131 CAPUT
1501 1097 1569 1130 VI.

1346 1169 1384 1196 Dc
1396 1169 1513 1203 Jejunio.

1075 1240 1112 1266 De
1124 1239 1238 1274 jeJunio
1255 1240 1327 1266 nota
1342 1239 1508 1275 specialiter
1524 1238 1596 1265 tria:
1613 1237 1724 1273 quibus
1744 1237 1817 1272 jeJu-

1038 1285 1121 1313 nium
1137 1288 1342 1321 comparatur;
1359 1285 1433 1321 quid
1448 1285 1477 1312 in
1490 1284 1604 1319 jejunio
1619 1284 1815 1320 reprobatur;

1038 1334 1066 1360 et
1081 1332 1168 1368 quale
1181 1332 1327 1368 jejunium
1343 1332 1579 1360 commendatur.

1073 1379 1170 1407 Primo
1186 1379 1266 1407 enim
1290 1381 1480 1415 comparatur
1493 1378 1640 1414 jejunium
1660 1377 1813 1413 pluribus,

1037 1428 1065 1454 et
1089 1426 1255 1462 specialiter
1274 1426 1367 1454 tribus
1394 1435 1400 1453 :
1426 1428 1469 1453 est
1491 1423 1570 1452 cni'm
1595 1424 1670 1452 sicut
1690 1424 1815 1460 parcitas

1036 1473 1112 1507 iguis
1126 1473 1174 1500 vel
1193 1472 1343 1507 lignorum
1368 1472 1423 1500 sub
1443 1471 1522 1505 olla3
1549 1471 1624 1499 sicut
1643 1471 1757 1506 agilitas
1782 1471 1814 1498 in

1036 1519 1190 1553 navicula3
1217 1521 1244 1547 et
1259 1519 1334 1547 sicut
1348 1519 1517 1547 concavitas
1532 1518 1563 1545 in
1578 1518 1665 1546 viola.
1691 1519 1736 1546 Est
1763 1518 1814 1546 ita-

1038 1575 1095 1602 que
1108 1566 1256 1601 jejunium
1271 1566 1344 1594 sicut
1363 1566 1489 1601 parcitas
1512 1565 1588 1600 ignis
1602 1564 1650 1592 vel
1665 1564 1814 1599 lignorum

1038 1614 1094 1641 sul)
1119 1613 1179 1641 olla
1204 1622 1211 1640 z
1235 1613 1310 1640 sicut
1335 1612 1415 1640 enim
1439 1611 1643 1639 subtrahendo
1667 1611 1747 1645 ligna
1768 1611 1815 1639 vel

1038 1661 1136 1695 ignem
1157 1660 1193 1687 de
1210 1659 1266 1687 sub
1287 1659 1368 1693 olla,
1395 1662 1487 1687 cessat
1512 1659 1574 1694 ejus
1599 1658 1749 1693 ebulliti03
1775 1658 1815 1685 sic

1038 1707 1156 1742 corpori
1183 1706 1386 1734 subtrahendo
1412 1705 1545 1737 cibaria,
1579 1707 1671 1732 cessat
1694 1704 1814 1732 tentatio

1039 1754 1144 1781 carnis.
1162 1753 1243 1780 Unde
1259 1761 1361 1780 versus
1378 1761 1384 1778 :

1128 1823 1251 1847 Luxuriat
1266 1829 1324 1845 raro
1339 1828 1391 1845 non
1407 1822 1472 1845 bene
1488 1823 1558 1851 pasta
1573 1828 1641 1845 caro.

1074 1894 1154 1921 Unde
1173 1896 1257 1927 nota,
1280 1893 1364 1929 quod
1389 1892 1496 1919 ancilla
1518 1891 1646 1928 provida
1665 1891 1814 1927 tripliciter

1037 1941 1160 1976 impedit
1184 1940 1390 1968 ebullitionem
1412 1939 1496 1973 ollae,
1517 1938 1626 1966 scilicet
1647 1938 1730 1973 ligna
1747 1937 1814 1965 sul)-

1036 1987 1182 2015 trahendo
1193 2008 1202 2021 ,
1227 1994 1337 2022 aquam
1352 1985 1553 2019 infundendo,
1570 1988 1598 2013 et
1619 1993 1684 2020 quae
1699 1986 1767 2012 sunt
1784 1984 1813 2012 in

1038 2035 1098 2062 olla
1111 2033 1262 2062 movendo
1280 2042 1286 2060 :
1304 2033 1344 2060 sic
1360 2033 1459 2060 anima
1475 2033 1619 2068 poenitens
1632 2053 1640 2065 ‚
1656 2032 1747 2059 instar
1761 2039 1813 2058 an-

1038 2081 1127 2114 cillae,
1153 2082 1256 2108 contra
1282 2079 1488 2107 ebullitionem
1512 2078 1638 2105 earnalis
1662 2077 1814 2112 concupis-

1037 2127 1154 2161 centise,
1170 2127 1259 2154 debet
1272 2126 1354 2161 ligna
1369 2125 1541 2153 subtrahere
1554 2132 1641 2160 parce
1657 2124 1814 2151 comeden-

1038 2174 1092 2209 do;
1108 2174 1188 2202 unde.
1204 2181 1306 2201 versus
1322 2182 1327 2199 :

1069 2243 1193 2267 Subtraho
1205 2243 1274 2273 ligna
1287 2243 1353 2272 loco,
1367 2241 1387 2265 si
1402 2242 1438 2265 vis
1451 2242 1599 2272 extinguere
1612 2242 1750 2265 llamnnun.

1073 2315 1161 2342 Debet
1176 2321 1287 2349 aquam
1302 2312 1472 2347 infundere,
1490 2313 1528 2340 ad
1544 2313 1670 2340 litteram
1686 2320 1810 2348 aquam,

1036 2360 1170 2388 bibendo
1185 2360 1288 2387 vinum
1303 2360 1379 2387 bene
1394 2359 1592 2395 lymphatum.
1612 2359 1701 2386 Debet
1721 2358 1812 2385 ollam

1037 2415 1172 2441 movere,
1188 2415 1217 2434 sc
1234 2406 1341 2434 utiliter
1351 2406 1547 2442 occupand03
1562 2405 1641 2433 unde
1654 2405 1723 2432 dicit
1737 2407 1812 2440 Apo-

1036 2455 1127 2483 stolus
1141 2455 1158 2470 ¹¹
1183 2462 1189 2480 z
1215 2454 1247 2480 In
1269 2454 1417 2487 laboribus,
1439 2455 1467 2479 in
1487 2453 1616 2487 jejuniis,
1641 2453 1669 2478 z'n
1691 2453 1810 2486 vigiliis,

1037 2541 1110 2569 epist.
1128 2540 1268 2568 xx¹1‚post
1285 2538 1351 2561 nied.
1368 2551 1397 2556 —
1418 2540 1425 2551 ²¹
1442 2538 1511 2566 tien„
1531 2543 1586 2566 xiii,
1608 2540 1641 2560 il.
1659 2550 1689 2554 —
1709 2538 1725 2553 *ι’
1743 2536 1811 2560 l'ml.

1037 2581 1088 2604 mv,
1104 2576 1167 2598 7.-
1183 2575 1200 2591 ¹¹
1215 2574 1232 2596 ΙΙ
1251 2574 1317 2604 sor„
1334 2580 1369 2603 xi,
1388 2576 1426 2598 23.

1069 2622 1101 2651 (a)
1119 2620 1181 2644 Caet.
1192 2620 1251 2644 edit.
1267 2620 1429 2647 reumaticus,
1441 2621 1463 2643 el
1478 2621 1514 2642 sic
1523 2620 1644 2650 deinceps,
1663 2632 1692 2637 —
1705 2620 1740 2650 (b)
1752 2620 1810 2643 uem

1036 2657 1183 2687 pullicus.—
1198 2658 1227 2687 (c)
1238 2657 1312 2687 Vulg.
1324 2657 1431 2687 Cumque
1446 2656 1538 2680 levaret
1548 2657 1670 2687 Moyses...
1681 2657 1810 2680 sinautem

1035 2693 1165 2724 paululum
1183 2693 1326 2716 remisisset.

1855 1248 1938 1275 Jejunii

1839 1285 1927 1306 ΩΟΙΪγΡῚ·

1831 1310 1936 1330 rationes.
