2004 3037
304 236 344 271 Ξῖ)

303 305 446 344 praeviam
483 295 702 336 aliquantulum
732 290 854 328 incipiat
889 285 1078 316 scintillando

304 351 382 381 affici
398 351 430 378 in
449 348 554 381 illum,
577 343 609 372 in
629 349 720 380 quem
741 339 772 367 in
793 335 878 365 tertio
898 336 993 369 statu,
1016 332 1079 360 sine

304 398 386 428 omni
412 393 590 431 cogitatione
617 386 848 419 concomitante,
875 382 925 410 vel
949 379 1078 417 praevia,

303 445 549 482 quotiescumque
576 437 656 471 vult,
682 435 745 463 sine
775 429 929 460 obstaculo
961 433 1079 455 sursum

302 492 443 520 elevatur.
459 488 504 518 Ad
522 493 614 524 quam
629 480 849 519 expeditionem
868 483 937 504 cum
952 473 1080 511 perfecte

300 537 409 575 poterit
431 536 590 570 attingere,
606 530 702 560 omnis
724 527 763 556 ab
787 526 852 562 ipsa
874 520 1033 558 sapientia,
1048 519 1080 546 in

301 594 355 614 sua
369 581 623 614 consurrectione,
638 575 776 612 cogitatio
793 572 843 600 vel
860 567 1014 598 meditatio
1029 566 1080 593 ab·

301 632 470 665 scindetur3
499 627 570 664 quia
587 622 727 660 cogitatio
745 620 788 649 ibi
808 625 870 647 non
895 617 951 650 est,
967 613 1024 642 nisi
1047 614 1080 640 ut

300 687 354 716 per
371 678 468 714 ipsam
487 673 603 703 affectio
622 668 812 700 accendatur.
831 665 877 694 Sic
900 669 972 697 ergo
991 667 1078 688 usua-

299 725 366 754 liter
393 732 447 761 per
471 719 694 750 meditationem
720 712 894 752 praedictam
916 707 1075 746 proficiat:

299 772 415 809 primo,
427 770 501 798 sicut
515 768 627 795 dictum
639 765 698 798 est,
712 759 924 799 proprietatem
937 752 1078 783 vocabuli

301 819 340 848 ad
354 825 473 846 sensum
488 813 687 850 anagogicum
702 807 870 840 transferat3
885 804 989 840 postea
1003 799 1078 828 illud

300 866 340 894 ad
355 871 488 893 amorem
506 861 645 893 reducat;
665 856 766 890 tertio,
781 852 862 890 quod
882 851 914 878 in
932 849 997 885 ipso
1018 848 1077 874 Deo

300 913 454 941 afficiatur.

335 958 422 987 Verbi
437 956 550 992 gratia:
566 955 658 987 Pater,
680 950 713 978 id
736 950 788 983 est,
811 949 842 974 tu
861 953 904 980 es,
927 942 979 980 qui
998 941 1077 969 filios

301 1004 466 1042 spirituales
489 1006 672 1038 progeneras
682 1019 690 1033 ,
720 995 869 1024 mediante
896 988 1076 1019 vivificativo

302 1052 443 1088 germine.
459 1051 539 1078 Tunc
555 1055 626 1083 ergo
641 1053 693 1073 ero
709 1050 777 1071 vere
792 1041 870 1069 filius
884 1041 967 1071 tuus,
982 1043 1077 1072 quan-

300 1100 340 1127 do
354 1102 381 1127 te
399 1105 472 1126 vero
493 1102 595 1124 amore
609 1091 820 1125 constringam.
835 1088 857 1115 O
872 1083 994 1122 quando
1010 1081 1077 1110 dili-

298 1154 367 1182 gam
397 1147 424 1172 te
436 1166 443 1179 ,
474 1140 674 1175 constringam
701 1140 727 1164 te
753 1133 863 1162 intimis
891 1129 1053 1159 visceribus
1067 1128 1073 1154 !

297 1191 433 1220 Similiter
446 1198 500 1226 per
512 1189 569 1216 hoc
584 1185 667 1222 quod
684 1183 790 1211 dicitur
802 1182 906 1211 noster,
922 1177 953 1205 id
969 1178 1028 1210 est,
1045 1177 1075 1202 tu

297 1248 327 1268 es
347 1238 416 1272 ille,
442 1236 494 1277 qui·
516 1233 655 1263 latissime
679 1228 821 1258 diffundis
845 1225 1019 1254 bonitatem.
1045 1222 1074 1250 Si

296 1294 368 1321 ergo
385 1292 454 1312 vere
475 1285 502 1310 te
522 1287 671 1312 amarem,
686 1280 755 1305 tunc
774 1272 888 1309 aliquid
909 1272 938 1299 in
954 1278 1001 1298 me
1017 1271 1073 1296 tuae

294 1332 442 1360 latissimae
458 1327 624 1357 diffusionis
642 1324 777 1352 stillares.
793 1323 814 1349 (t
832 1318 954 1356 quando
970 1319 996 1344 te
1013 1318 1073 1343 tam

295 1379 432 1407 ardenter
448 1375 574 1409 amabo,
587 1375 619 1400 ut
637 1374 687 1399 tua
705 1371 765 1397 lata
782 1367 900 1396 bonitas
914 1365 944 1392 in
959 1371 1007 1391 me
1023 1362 1073 1390 ali-

296 1425 473 1463 quantulum
491 1420 657 1458 appareat?
679 1415 815 1445 Similiter
833 1421 886 1450 per
905 1413 962 1439 hoc
989 1409 1072 1446 quod

295 1473 401 1500 dicitur
416 1473 444 1497 in
455 1470 537 1502 coelis,
549 1470 576 1495 et
591 1466 631 1493 sic
647 1465 684 1492 de
697 1463 772 1495 aliis,
791 1460 892 1489 omnia
907 1457 1071 1493 anagogice

294 1516 507 1547 transferendo.
519 1517 551 1543 Et
561 1514 612 1547 sic,
622 1519 675 1548 per
686 1508 908 1538 meditationem
918 1504 1070 1541 praeviam,

293 1574 347 1602 per
368 1566 436 1592 istas
450 1561 643 1599 aspirationes
663 1556 778 1585 affectio
798 1553 908 1581 amoris
927 1550 1071 1587 paulatim

294 1611 464 1640 accenditur
482 1619 488 1636 :
509 1610 536 1636 ct
551 1608 625 1635 sicut
647 1608 754 1640 stuppa
776 1601 861 1630 radio
876 1599 965 1627 solari
981 1606 1072 1633 expo-

293 1660 347 1687 sita
361 1658 458 1694 primo
479 1655 654 1686 exsiccatur,
671 1654 698 1678 et
713 1650 809 1678 statim
824 1646 1009 1679 accenditur3
1030 1644 1070 1671 sie

293 1713 346 1741 per
361 1705 428 1731 istas
444 1701 636 1738 aspirationes
650 1698 789 1725 dilectum
804 1694 1012 1730 provocantes,
1031 1690 1070 1717 ad

294 1751 398 1779 mentis
412 1748 607 1777 elevationem
623 1744 716 1778 magis
732 1750 765 1769 ac
778 1741 874 1775 inagis
888 1737 1069 1770 accenditur,

293 1805 449 1834 usquequo
478 1795 516 1822 ad
549 1792 692 1821 unitivam
725 1788 922 1817 elevationem
953 1783 1069 1812 atl'ectio

293 1844 473 1872 sustollatur.

329 1891 372 1918 Sic
389 1890 501 1917 dicatur
516 1897 522 1915 :
548 1889 625 1914 Pater
640 1887 744 1914 noster,
761 1883 809 1917 qui
829 1888 855 1908 es
872 1882 901 1906 in
921 1879 1002 1905 coelis.
1024 1878 1069 1904 Se-

294 1938 425 1966 cundum
439 1936 526 1971 igitur
544 1934 680 1960 virtutem
694 1928 864 1965 praedictam
879 1926 920 1952 sie
936 1924 1067 1951 dicatur:

293 1987 383 2017 Pater,
399 1983 429 2011 id
445 1985 495 2015 est,
511 1984 541 2008 tu
557 1988 587 2007 es
599 1978 658 2012 ille,
675 1978 740 2010 ete,
756 1977 787 2002 ut
802 1981 899 2009 supra.
913 1971 1066 2006 Sequitur:

293 2033 345 2065 Qut·
360 2039 385 2058 es
400 2032 428 2056 1⁴11
444 2030 524 2056 coelis.
541 2028 562 2054 Ο
578 2025 677 2053 anima
692 2030 759 2050 inea
772 2017 956 2051 miserabilis,
974 2024 1067 2052 quan-

293 2078 332 2105 do
348 2077 386 2104 ad
405 2077 494 2103 instar
517 2073 583 2101 eseli
608 2071 687 2098 clara
711 2066 846 2095 efficieris
870 2067 898 2092 et
921 2063 1024 2096 nitida,
1042 2064 1069 2088 et

292 2125 477 2152 diversarum
491 2121 632 2148 virtutum
646 2115 793 2143 sideribus
808 2110 975 2139 adornata?
989 2111 1067 2136 Tunc

292 2171 385 2202 enini,
405 2170 481 2196 bone
498 2169 580 2194 Pater
591 2186 599 2198 ,
617 2164 646 2191 in
662 2170 708 2190 me
723 2160 856 2188 habitare
872 2157 1027 2192 dignanter
1041 2157 1069 2182 et

291 2217 416 2243 libenter
438 2217 465 2241 te
489 2213 630 2244 sentiam,
651 2207 772 2244 quando
789 2208 814 2233 te
835 2211 936 2232 amore
962 2201 1067 2229 ardeu-

291 2263 402 2290 tissimo
426 2259 643 2292 constringam,
660 2257 687 2281 ct
708 2262 760 2289 per
784 2253 935 2278 llauunain
958 2247 1067 2276 amoris

291 2310 388 2336 anima
403 2304 579 2335 miserabilis
598 2303 687 2338 plena
710 2299 829 2326 faecibus
844 2295 1066 2331 expurgabitur,

291 2356 386 2383 statim
414 2354 443 2380 iu
468 2360 514 2379 me
542 2353 610 2377 tunc
640 2346 797 2375 certissime
823 2341 1012 2374 subintrubis,
1041 2343 1067 2367 et

290 2401 438 2429 mundum
460 2396 642 2426 conscientae
661 2401 733 2421 meze
748 2390 907 2426 hospitium
924 2387 1064 2414 invenies.

326 2447 461 2483 Sequitur
481 2455 486 2472 :
504 2444 690 2476 Sutictifiretw·
713 2446 806 2466 nomen
831 2440 916 2463 tuum.
942 2435 963 2461 O
988 2433 1065 2460 hone

291 2497 382 2527 Pater,
399 2491 519 2528 quando
536 2492 585 2516 tua
597 2487 699 2515 notitia
710 2482 952 2514 sanctificabitur,
969 2480 998 2507 id
1013 2482 1065 2512 est,

290 2542 351 2568 sine
381 2542 456 2566 terra
482 2536 623 2563 ellicictur
648 2534 676 2560 in
701 2531 786 2558 nobis
816 2528 952 2556 miseris-3
980 2525 1065 2559 Quod

290 2590 357 2614 tunc
372 2585 435 2619 erit,
451 2582 583 2619 quando,
601 2579 681 2607 ouini
697 2576 866 2605 carnalitate
883 2573 1017 2608 depulsa,
1034 2574 1064 2598 tu

289 2633 370 2661 solus
391 2639 443 2666 per
464 2629 565 2657 omnia
584 2625 722 2660 diligeris.
744 2624 765 2651 Ο
789 2621 911 2658 quando
931 2619 1019 2653 igitur
1038 2621 1064 2645 te

289 2678 415 2707 tenebo?
435 2679 497 2704 Nou
512 2675 591 2702 enim
609 2676 677 2700 tuuc
699 2674 773 2698 terra
788 2670 817 2696 in
834 2676 880 2695 me
897 2667 995 2693 locum
1011 2665 1063 2691 lia-

887 204 1066 253 ‘Mrsrica
1084 215 1323 250 russotoelA.

1135 284 1233 320 bebit,
1248 283 1371 321 quando
1385 285 1434 318 tu,
1449 283 1545 312 dulcis
1558 285 1660 320 Pater,
1673 293 1728 322 per
1745 286 1828 315 tuam
1845 293 1913 322 gra-

1135 331 1208 360 tiam
1221 332 1250 359 et
1263 338 1398 359 amorem
1406 330 1438 359 in
1449 339 1497 359 me
1510 331 1669 360 habitabis.

1171 378 1310 406 Adveniet
1333 386 1444 413 reanum
1467 380 1551 406 tuum.
1575 379 1625 406 Vae
1648 378 1722 407 mihi
1743 379 1910 415 peccatori!

1135 425 1202 476 vult
1227 424 1411 461 quandoque
1438 424 1470 452 in
1497 433 1546 453 me
1573 425 1708 454 habitare
1733 427 1763 454 et
1787 433 1913 462 regnare

1135 471 1232 499 inanis
1243 471 1348 506 gloria,
1364 471 1547 507 quandoque
1560 471 1713 507 gulositas,
1729 472 1912 509 quandoque

1135 517 1262 546 luxuria.
1280 517 1338 546 Sed
1351 517 1424 546 nolo
1437 525 1563 553 regnare
1573 517 1606 546 in
1618 527 1682 554 me,
1697 518 1754 546 nisi
1767 521 1795 547 te
1805 540 1815 554 ‚
1829 520 1913 548 Pater

1135 564 1234 592 bone:
1261 566 1331 591 tunc
1353 572 1423 592 vere
1446 564 1477 592 in
1496 572 1544 592 me
1566 573 1723 600 regnares,
1745 565 1770 593 si
1791 573 1862 593 vere
1883 567 1913 594 te

1135 611 1273 639 ardenter
1286 619 1418 639 amarem
1431 620 1438 639 :
1459 619 1531 639 nam
1544 611 1576 639 in
1587 611 1652 640 solo
1667 619 1769 640 amore
1783 612 1914 640 ardentis

1135 657 1227 686 animi
1248 657 1340 685 veluti
1360 657 1392 685 in
1409 658 1533 694 proprio
1553 658 1683 694 hospitio
1703 658 1874 695 requiescis.
1891 659 1914 687 0

1135 704 1258 741 quando
1270 705 1359 740 igitur
1368 713 1422 741 per
1435 704 1584 740 glutinum
1595 705 1705 733 amoris
1715 705 1913 733 ardentissimi

1134 754 1161 779 te
1177 751 1283 780 tenebo
1293 773 1302 786 ,
1318 754 1351 779 ut
1368 751 1400 779 in
1418 759 1466 779 me
1485 759 1610 787 regnare
1629 751 1754 788 incipias
1765 773 1774 787 ‚
1789 754 1818 780 et
1830 751 1912 779 solus

1134 798 1173 825 ad
1195 797 1382 833 regnandum
1405 798 1436 825 in
1458 805 1552 834 regno
1580 806 1648 826 meo
1674 798 1834 826 tenebroso
1858 797 1912 826 ad-

1133 845 1235 873 venias
1245 846 1259 872 ?
1573 854 1575 858 ·

1168 893 1232 919 Fiat
1253 893 1380 919 voluntas
1400 895 1463 924 tua,
1488 893 1558 919 sicut
1575 893 1606 919 iu
1626 892 1702 923 coelo,
1727 894 1753 919 et
1774 893 1806 919 in
1827 895 1909 920 ten-a.

1132 939 1212 966 Tunc
1227 937 1306 966 enim
1320 937 1457 966 voluntas
1481 939 1532 966 tua
1552 937 1784 973 primordialiter
1801 937 1911 966 efficie-

1133 987 1180 1012 tur
1200 985 1231 1012 in
1246 993 1311 1020 me,
1327 984 1450 1020 quando
1470 984 1635 1012 secundum
1655 983 1843 1019 fragilitatem
1856 984 1911 1012 hu-

1133 1040 1263 1067 manam,
1278 1039 1334 1066 ego
1347 1031 1437 1059 miser
1453 1031 1562 1059 vermis
1575 1033 1716 1065 terrenus,
1731 1033 1788 1058 tuae
1802 1031 1907 1059 volun-

1132 1079 1182 1106 tati
1193 1079 1315 1106 omnino
1330 1077 1523 1111 consentiam,
1540 1077 1614 1105 sicut
1627 1077 1670 1105 illi
1684 1077 1764 1106 beati
1778 1077 1906 1114 spiritus,

1132 1125 1184 1162 qui
1203 1125 1235 1152 in
1249 1125 1330 1153 coelis
1344 1128 1370 1153 te
1389 1124 1462 1152 facie
1477 1125 1516 1152 ad
1534 1124 1641 1152 faciem
1659 1124 1907 1160 contemplantur.

1131 1171 1188 1199 Sed
1203 1171 1270 1207 quis
1283 1180 1342 1206 me,
1358 1171 1526 1199 dulcissime
1544 1172 1629 1204 Deus,
1641 1173 1669 1198 te
1682 1170 1770 1199 saciat
1783 1179 1908 1199 consen-

1130 1218 1199 1252 tire,
1213 1218 1269 1246 nisi
1283 1218 1348 1246 sola
1363 1218 1473 1246 amoris
1489 1217 1693 1252 vehementia,
1709 1225 1775 1253 quae
1789 1220 1906 1246 contra-

1129 1265 1188 1293 rias
1201 1265 1368 1292 voluntates
1381 1264 1549 1300 conjungit,
1567 1266 1595 1292 et
1607 1263 1761 1292 hominem
1780 1265 1863 1292 novit
1875 1264 1907 1292 in

1130 1313 1156 1339 te
1184 1311 1249 1347 ipso
1260 1332 1266 1344 ,
1294 1311 1344 1347 qui
1368 1311 1499 1346 diligeris
1510 1332 1519 1345 ,
1544 1310 1748 1345 conformare,
1777 1312 1805 1338 et
1828 1311 1906 1339 miro

1129 1358 1222 1386 modo
1246 1358 1436 1385 transformat
1463 1365 1480 1385 a
1506 1357 1635 1385 claritate
1660 1357 1691 1384 in
1719 1357 1905 1385 claritatem?

1129 1405 1254 1439 Quando
1282 1405 1370 1440 igitur
1398 1406 1436 1439 te,
1465 1412 1483 1431 o
1511 1403 1590 1431 bone
1609 1403 1731 1431 Domine
1742 1425 1751 1438 ‚
1779 1412 1816 1431 ex
1844 1406 1904 1432 toto

1129 1452 1268 1487 diligam,
1291 1453 1318 1478 et
1334 1450 1447 1486 glutino
1470 1450 1635 1478 dilectionis
1658 1450 1757 1478 unitus
1771 1450 1824 1478 tibi
1848 1451 1905 1478 soli

1129 1498 1310 1527 consentiam
1321 1500 1334 1525 i
1674 1495 1692 1501 “

1164 1547 1261 1573 Panem
1276 1548 1395 1572 nostrum
1409 1543 1599 1579 quotidianum
1613 1544 1649 1571 da
1662 1544 1739 1571 nobis
1748 1544 1836 1579 hodie,
1847 1546 1901 1572 etc.

1128 1593 1149 1619 0
1166 1591 1250 1628 panis
1263 1590 1450 1626 angelorum,
1464 1590 1587 1626 quando
1602 1593 1652 1617 tua
1666 1590 1823 1618 resectione
1836 1590 1903 1618 dul-

1127 1639 1244 1666 cissima
1262 1637 1397 1665 reficiar?
1422 1639 1451 1664 ln
1470 1637 1526 1664 hoc
1549 1637 1629 1664 enim
1647 1636 1745 1671 angeli
1769 1638 1797 1663 et
1811 1637 1903 1664 sancti

1127 1685 1211 1713 beate
1224 1685 1327 1712 vivunt
1338 1684 1368 1711 in
1379 1683 1485 1719 patria,
1500 1683 1530 1710 in
1546 1685 1702 1718 quantum,
1717 1683 1796 1710 bone
1809 1684 1902 1718 Pater,

1126 1731 1331 1759 allectionibus
1340 1729 1530 1765 flammigeris
1540 1732 1567 1757 te
1578 1730 1760 1764 contingunt.
1773 1731 1794 1758 Ο
1807 1738 1901 1765 quan-

1126 1779 1165 1806 do
1181 1787 1289 1814 panem
1304 1778 1413 1806 amoris
1428 1777 1558 1810 habebo,
1571 1779 1601 1805 ut
1615 1777 1651 1804 de
1667 1776 1774 1804 eodem
1789 1777 1856 1805 cibo
1871 1777 1902 1805 in

1124 1825 1259 1861 praesenti
1274 1823 1406 1858 nutriar,
1421 1832 1481 1859 quo
1497 1823 1595 1858 angeli
1610 1826 1638 1851 et
1651 1823 1743 1850 sancti
1760 1823 1791 1850 in
1807 1823 1902 1857 gloria

1124 1873 1276 1906 satiantur,
1287 1873 1319 1898 ut
1333 1871 1370 1898 de
1383 1871 1466 1898 micis
1479 1870 1646 1905 comedam,
1662 1878 1728 1906 quae
1741 1869 1850 1897 cadunt
1863 1869 1900 1897 de

1124 1926 1226 1946 mensa
1242 1917 1357 1945 Domini
1372 1917 1430 1944 mei
1439 1918 1452 1943 :³
1464 1919 1486 1946 Ο
1498 1917 1577 1944 bone
1593 1918 1685 1950 Pater,
1701 1915 1778 1943 hunc
1792 1923 1901 1951 panem

1125 1966 1163 1992 da
1182 1965 1269 1992 nobis
1288 1972 1420 2000 semper,
1437 1963 1507 1999 quia
1526 1963 1692 1998 inquietum
1715 1964 1757 1989 est
1777 1970 1828 1990 cor
1846 1970 1900 1989 no-

1124 2015 1229 2044 strum,
1252 2010 1347 2038 donec
1365 2010 1474 2037 coelesti
1498 2018 1575 2045 pane
1592 2008 1811 2045 aliquantulum
1831 2017 1901 2036 con-

1123 2058 1263 2085 fortetur:
1281 2057 1333 2093 qui
1359 2056 1426 2084 ideo
1450 2056 1628 2091 quotidianus
1647 2055 1769 2089 dicitur,
1786 2055 1855 2091 quia
1869 2055 1900 2082 in

1124 2107 1267 2140 quantum
1292 2103 1359 2139 plus
1375 2103 1555 2137 comeditur,
1572 2103 1601 2130 in
1624 2105 1738 2130 tantum
1752 2101 1898 2129 desiderio

1123 2152 1298 2188 quotidiano
1314 2151 1405 2179 reficit
1420 2151 1627 2178 abundantius.

1158 2200 1191 2225 Et
1216 2199 1323 2225 dimitte
1347 2199 1420 2224 nobis
1446 2197 1535 2224 debita
1559 2199 1650 2223 nostra
1660 2217 1667 2227 ,
1693 2198 1745 2223 etc.
1772 2197 1794 2224 Ο
1819 2195 1897 2223 bone

1122 2245 1262 2278 creditor,
1284 2244 1406 2280 quando
1426 2243 1526 2270 debita
1547 2245 1736 2279 peccatorum
1759 2251 1896 2270 meorum

1122 2299 1245 2326 quoquo
1268 2290 1359 2317 modo
1381 2297 1444 2316 esse
1466 2289 1587 2316 dimissa
1609 2290 1811 2324 cognoscam?
1825 2290 1897 2316 Nam

1122 2337 1195 2364 sicut
1210 2338 1364 2372 peccatum
1380 2343 1480 2362 meum
1495 2343 1542 2362 me
1559 2335 1609 2363 tibi
1622 2335 1720 2363 reddit
1733 2335 1895 2368 inimicum,

1122 2385 1170 2410 ate
1182 2391 1228 2410 me
1238 2382 1377 2409 miserum
1387 2381 1568 2418 separaud03
1579 2381 1619 2408 sic
1631 2389 1725 2415 amor,
1738 2389 1784 2408 me
1796 2381 1897 2408 unien-

1122 2429 1160 2456 do
1173 2429 1235 2463 tibi,
1253 2429 1353 2456 onmia
1370 2428 1476 2456 dimitti
1489 2431 1616 2463 cogeret,
1632 2431 1659 2455 et
1672 2430 1697 2455 te
1713 2427 1785 2454 mihi
1801 2434 1897 2462 quon-

1121 2476 1190 2503 dam
1214 2477 1361 2503 offensum
1379 2475 1529 2511 placatum
1552 2474 1690 2507 efficeret,
1709 2476 1737 2501 et
1759 2473 1896 2501 redderet

1120 2524 1290 2558 gratiosum.
1317 2526 1338 2551 Ο
1360 2523 1480 2559 quando
1505 2522 1592 2557 igitur
1615 2524 1640 2549 te
1664 2529 1764 2549 amore
1781 2521 1894 2548 contin-

1121 2578 1206 2605 gam,
1222 2573 1253 2597 ut
1269 2570 1349 2597 omni
1369 2572 1487 2605 peccato
1503 2569 1624 2596 dimisso
1635 2589 1643 2602 ,
1659 2568 1731 2595 mihi
1746 2568 1895 2604 placatum

1120 2617 1222 2645 notitia
1233 2617 1455 2653 experimentali
1465 2619 1492 2643 te
1508 2615 1630 2643 sentiam
1641 2616 1654 2642 ⁶?

1155 2666 1190 2691 Et
1205 2674 1236 2692 ne
1250 2674 1313 2699 nos,
1329 2667 1382 2692 etc.
1399 2665 1421 2692 Ο
1440 2664 1518 2692 bone
1540 2665 1636 2696 Pater,
1659 2662 1716 2690 hoc
1731 2664 1817 2698 peto,
1833 2669 1893 2689 non
