2004 3037
278 302 338 332 2¹⁶2
606 294 865 329 COMPENDIUM
884 292 1146 328 THEOLOGICAE
1167 292 1392 326 VERITATIS.
1417 292 1492 326 LlB.
1515 293 1568 327 vl.

277 364 654 399 transsubstantiationem,
679 363 728 392 vel
751 363 996 397 conversionem,
1023 362 1056 392 ut

278 421 348 442 cum
362 412 469 442 dicitur
483 419 591 450 corpus
605 411 708 442 Christi
722 411 787 440 fieri
801 411 835 440 de
845 419 923 449 pane
931 421 940 447 ;
960 419 1056 448 quan-

278 459 380 498 doque
398 459 555 496 ordinem,
575 461 609 489 ut
630 467 698 489 cum
719 458 827 488 dicitur
841 461 975 488 creatura
993 466 1055 487 esse

278 507 312 536 de
325 506 429 537 nihilo.

545 586 689 622 CAPUT
711 587 789 622 XV.

330 667 369 695 De
387 666 481 701 effectu
498 666 529 693 in
547 665 761 702 suscipientibus
780 672 876 701 corpus
896 663 1006 692 Christi.

313 742 403 779 Digne
414 741 605 779 suscipientes
614 749 722 778 corpus
733 741 847 776 Christi,
859 741 975 769 bonum
985 739 1059 768 mul-

278 789 370 826 tiplex
389 790 622 826 consequuntur.
645 788 776 817 Primum
796 789 838 816 est
857 787 961 816 Christi
980 794 1059 815 com-

278 837 455 866 memoratio
469 840 474 854 ¹
489 846 496 866 :
518 839 575 866 Hoc
589 839 672 871 facite
685 839 716 865 in
729 844 815 865 meam
831 835 1060 864 commemoratio—

279 892 339 912 nem
350 905 357 918 ,
373 883 483 912 scilicet
497 875 665 912 dilectionis
675 905 684 919 ,
699 882 884 912 liberationis
895 902 904 916 ,
919 881 1060 910 imitatio-

279 931 335 960 nis.
351 932 422 960 Item
435 930 596 960 vivificatio
609 930 741 965 interior,
756 929 828 966 quia
842 935 1061 964 nonnunquam

279 986 334 1016 per
347 979 483 1008 virtutem
494 978 583 1014 huJus
595 977 772 1006 sacramenti
785 976 819 1004 fit
833 975 870 1004 de
883 975 980 1004 attrito
993 982 1061 1003 con-

279 1025 373 1054 tritus.
389 1025 471 1054 Unde
482 1024 555 1054 sicut
567 1025 596 1052 in
606 1025 702 1053 Genesi
711 1023 731 1059 ²,
745 1023 861 1059 lignum
873 1023 939 1050 vitm
949 1030 1062 1051 comes-

279 1074 343 1101 tum
356 1072 446 1101 vitam
458 1072 631 1109 proestabat,
646 1071 687 1099 sie
702 1070 841 1107 perhanc
857 1070 982 1105 gratiam
993 1077 1061 1106 pur-

281 1127 398 1155 gamur,
407 1119 623 1152 illuminamur,
631 1117 814 1154 perficimur,
825 1116 975 1144 reficimur
984 1118 1011 1144 et
1022 1116 1062 1144 vi-

279 1166 446 1195 vificamur.
463 1167 495 1195 Et
507 1165 584 1194 bene
597 1165 731 1193 redditur
743 1164 804 1192 vita
816 1172 869 1200 per
882 1164 992 1198 cibum,
1010 1171 1062 1199 per

262 1223 268 1252 χ
281 1221 371 1250 quem
394 1215 422 1242 et
444 1221 524 1242 mors
548 1212 675 1240 intravit.
707 1213 779 1240 Item
803 1211 936 1246 corporis
958 1210 1061 1238 Christi

280 1260 397 1298 mystici
413 1259 631 1296 incorporati03
652 1258 732 1286 unde
748 1258 860 1285 dictum
878 1256 1030 1292 Augustini
1040 1257 1060 1292 ³,

281 1309 342 1336 Non
355 1310 385 1335 tu
399 1315 440 1335 me
455 1307 573 1334 mutabis
591 1307 621 1333 ιή
637 1308 678 1338 le,
693 1305 740 1332 sed
756 1307 783 1332 tu
800 1305 945 1332 mutaberis
960 1305 989 1331 iaz
1004 1312 1043 1330 mc
1054 1325 1062 1338 ‚

281 1361 343 1383 non
358 1353 532 1389 intelligitur
551 1352 588 1380 de
610 1352 721 1380 unione
747 1351 880 1387 corporis
895 1350 1010 1387 mystici
1025 1350 1062 1378 de

282 1409 362 1430 novo
375 1399 521 1435 facienda,
535 1399 589 1428 sed
604 1398 641 1426 de
655 1398 794 1433 augenda
808 1407 814 1425 z
831 1406 891 1426 non
909 1397 988 1425 enim
1001 1397 1064 1426 unit

284 1447 448 1476 dissimilia.
479 1448 552 1474 Item
575 1445 738 1482 spiritualis
761 1444 880 1472 reiectio
892 1445 901 1461 δ
921 1453 926 1471 :
954 1446 984 1471 1η
1010 1445 1063 1471 toro

281 1502 405 1532 pascuoe,
422 1495 475 1522 etc.
493 1494 568 1521 Deus
583 1492 662 1520 enim
679 1499 739 1519 non
756 1493 867 1518 tantum
884 1490 1006 1518 instituit
1020 1498 1063 1518 sa-

285 1542 479 1575 cramentum,
496 1538 578 1576 quod
593 1546 648 1567 nos
664 1538 693 1565 in
707 1546 768 1565 esse
785 1537 884 1572 grathe
899 1538 1063 1573 generaret,

284 1590 316 1617 ut
330 1587 529 1624 Baptismum;
551 1585 599 1614 vel
614 1584 698 1622 quod
713 1584 827 1619 genitos
842 1584 1018 1618 roboraret,
1034 1586 1064 1611 ut

285 1634 566 1667 Confirniationem5
586 1640 692 1660 verum
707 1631 795 1659 etiam
811 1631 893 1667 quod
909 1631 1064 1659 roboratus

285 1682 420 1716 nutriret,
436 1683 467 1708 ut
480 1679 682 1713 Eucharistize,
699 1679 820 1714 propter
836 1678 917 1714 quod
934 1678 995 1705 laec
1009 1678 1063 1705 tria

286 1730 470 1756 sacramenta
485 1726 593 1754 (tantur
609 1725 767 1757 omnibus,
789 1725 839 1760 qui
857 1724 895 1751 att
911 1724 1000 1750 tidem
1016 1732 1064 1750 ac-

286 1774 404 1803 cedunt.
428 1775 499 1802 Item
514 1771 680 1800 devotionis
695 1770 896 1805 augmentatio
908 1771 917 1784 ¹'·
933 1779 938 1797 :
958 1771 1064 1805 Impia-

287 1823 380 1857 quosti
393 1823 423 1848 in
438 1822 492 1848 oleo
503 1841 512 1853 ,
529 1822 581 1847 etc.
599 1818 814 1846 Nutrimentum
830 1817 909 1845 enini
924 1817 1006 1852 quod
1018 1816 1064 1844 hic

288 1868 376 1896 datur
391 1867 478 1895 nobis
493 1864 692 1902 quantum-ad
707 1872 768 1892 esse
785 1864 961 1899 gratuitum,
976 1863 1004 1890 in
1018 1863 1066 1890 tri-

286 1915 344 1944 bus
359 1914 537 1948 attenditur,
559 1912 668 1940 scilieet
689 1911 720 1939 in
737 1910 960 1939 conservatione
976 1910 1066 1938 devo-

288 1961 376 1990 tionis
395 1961 433 1990 ad
453 1961 543 2001 Deum
556 1981 564 1994 ,
588 1961 615 1986 et
637 1957 803 1986 dilectionis
822 1957 860 1984 ad
875 1956 1044 1992 proximum
1058 1977 1065 1991 ,

288 2011 316 2038 et
330 2008 532 2038 delectationis
547 2007 623 2034 intra
638 2005 845 2040 nosmetipsos.
873 2006 942 2032 Item
957 2003 1066 2031 sumitis

288 2055 452 2092 mitigati03
472 2053 604 2082 Psalmus
619 2052 659 2080 ibi
671 2053 680 2068 ⁶
695 2060 701 2079 :
726 2052 811 2086 Super
825 2060 924 2086 uquam
939 2052 1065 2084 resulto*-

288 2104 347 2136 m's,
361 2104 428 2136 etc„
443 2101 515 2138 quia
529 2100 604 2127 sicut
618 2106 697 2135 aqua
711 2098 873 2133 refrigerat,
889 2098 929 2124 sic
946 2100 973 2125 ct
987 2096 1066 2125 istud

289 2151 507 2178 sacramentum
522 2147 669 2175 servorem
685 2145 927 2181 concupiscentiae
942 2144 1064 2179 mitigat.

289 2198 360 2225 Item
382 2195 502 2224 collatio
523 2192 662 2230 gratiae7:
688 2192 866 2220 Descenrlente
888 2200 985 2219 munia
1010 2192 1067 2219 ‹les-

289 2243 432 2278 cendebat,
449 2244 503 2270 etc.
525 2243 597 2269 Item
609 2239 750 2267 virtutum
768 2238 920 2266 roboratio
932 2238 941 2254 ⁸
955 2246 962 2265 :
985 2239 1066 2265 Panis

290 2298 334 2318 cor
349 2290 465 2317 hominis
477 2289 620 2322 confirmet.
636 2287 706 2313 Item
719 2287 909 2320 peccatorum
922 2283 1066 2318 remissio,

291 2335 361 2373 quia
376 2343 428 2372 per
442 2335 530 2362 istum
549 2333 650 2361 cibum
669 2339 786 2367 sempor
804 2331 836 2358 lit
854 2331 1002 2366 reparatio
1019 2331 1066 2358 de-

290 2382 407 2420 perditi.
424 2381 503 2409 Unde
517 2379 639 2416 quaudo
655 2378 761 2420 dicitur
776 2378 804 2405 in
818 2377 955 2405 Oratione
970 2377 1067 2406 Domi-

290 2429 357 2457 nica
370 2437 377 2456 ι
393 2429 491 2456 Panem
504 2428 624 2454 nostrum
639 2424 829 2460 quotidianum
840 2424 877 2451 ιὶιι
889 2425 963 2452 notis
977 2424 1065 2457 hodic,

291 2476 388 2505 statim
403 2473 551 2510 sequitur:
575 2474 608 2500 Et
627 2472 735 2499 dimitte
755 2471 829 2498 nobis
851 2471 941 2498 debita
962 2474 1065 2498 nostra.

291 2522 371 2552 Istud
385 2520 556 2556 intelligitur
570 2519 606 2547 dc
621 2518 787 2546 venialibus
803 2519 932 2551 tantum,
948 2517 1019 2553 quia
1032 2515 1068 2544 si-

292 2571 341 2598 cut
355 2569 527 2597 alimentum
541 2565 673 2593 naturale
686 2564 808 2601 prodest
821 2563 929 2591 viventi
941 2585 950 2598 ‚
968 2565 995 2591 et
1006 2570 1067 2591 uon

292 2618 411 2645 mortuo
422 2637 431 2650 ,
450 2614 491 2642 sic
506 2613 679 2642 alimentum
694 2610 856 2647 spirituale.
879 2611 951 2638 Item
966 2612 1068 2638 eontra

324 2689 332 2705 ¹
350 2690 356 2713 I
376 2688 444 2717 Con,
461 2693 498 2717 XI,
514 2687 552 2711 25.
565 2697 596 2702 —-
608 2684 735 2714 2G1’11.,11‚
750 2685 773 2708 9,
785 2696 814 2701 -
829 2684 840 2700 ³
852 2685 928 2714 Aug„
945 2684 1067 2713 (basma,

291 2724 336 2747 lib.
352 2724 407 2754 ΥΠ,
420 2723 621 2751 c.x‚n.1(3.—
634 2720 645 2736 ⁴
656 2719 725 2744 Psul.
742 2726 808 2749 xxti,
822 2721 844 2744 2.
856 2720 905 2737 —b
919 2719 991 2749 ttiist.⁷
1005 2720 1068 2742 53.—

293 2759 462 2789 ⁰t's11l.xx1=‚
479 2760 502 2782 2.
516 2770 546 2775 —
558 2758 565 2770 ⁷
579 2757 664 2782 Num„
679 2761 716 2786 nt,
730 2758 753 2779 t‘.
767 2768 799 2772 —
813 2756 821 2770 ὓ
833 2754 900 2779 Psw'.
915 2760 970 2784 cni,
992 2756 1026 2778 25.
1038 2767 1067 2772 —

1113 361 1270 391 diabolum
1291 360 1457 390 armatio⁹z
1484 362 1597 390 Par-asti
1619 363 1650 390 in
1672 365 1816 400 conspeetu
1836 372 1893 393 meo

1112 416 1232 438 mensam
1245 408 1374 437 adversus
1386 429 1394 441 ,
1410 409 1464 436 etc.
1487 409 1558 436 Item
1573 408 1636 445 spei
1650 408 1776 439 elevatio
1786 410 1894 447 {unde

1112 456 1270 494 Apostolus
1282 455 1303 475 ¹⁰
1316 465 1323 484 :
1335 456 1471 490 Quomodo
1485 464 1544 484 cum
1559 457 1617 491 illo,
1629 457 1683 485 etc.
1699 457 1772 486 Item
1785 457 1895 487 amoris

1113 503 1264 539 excitat103
1279 503 1446 532 Bernardus
1459 512 1466 531 :
1483 512 1496 529 ιι
1509 503 1601 538 Disce,
1617 503 1790 540 Christiane,
1802 509 1896 542 quan-

1115 552 1179 579 tum
1193 550 1304 580 debeas
1322 549 1446 586 diligere
1461 549 1607 579 Christum
1619 571 1629 585 ,
1643 550 1697 587 qui
1712 550 1795 580 dedit
1807 550 1896 581 nobis

1113 605 1235 626 carnem
1249 605 1334 626 suam
1348 597 1380 625 in
1394 597 1496 625 cibum
1505 618 1515 632 ,
1535 597 1713 633 sanguinem
1725 597 1757 626 in
1770 600 1875 635 potum
1885 619 1896 635 ‚

1113 644 1247 673 animam
1257 644 1288 672 in
1297 644 1435 681 pretium',
1444 651 1554 681 aquam
1564 643 1664 672 lateris
1674 644 1705 673 ia
1715 644 1895 674 lavacrum.»

1113 693 1185 720 Item
1213 691 1284 720 fidei
1307 690 1540 726 commendatio,
1563 691 1634 728 quia
1664 691 1695 719 in
1717 691 1775 720 hoc
1801 699 1898 721 sacra-

1114 741 1216 768 mento
1235 739 1311 767 fides
1328 738 1461 767 elevatur
1482 738 1520 775 (α)
1537 747 1627 776 supra
1648 742 1795 776 naturam,
1809 748 1900 778 supra

1115 793 1247 820 sensum,
1260 789 1290 814 et
1300 793 1391 822 supra
1403 784 1586 818 intellectum
1594 795 1603 822 5
1612 787 1771 824 Apostolus
1779 788 1798 805 ¹¹
1811 797 1818 816 :
1831 787 1900 824 cap-

1117 834 1232 861 tivantes
1254 840 1358 860 omnem
1377 833 1544 860 intellectum
1564 834 1595 860 in
1614 833 1771 870 obsequium
1786 834 1898 864 Christi.

1116 880 1188 908 ltcm
1214 878 1349 914 angelica
1374 878 1544 907 convivatio
1555 878 1575 895 ¹²
1591 888 1597 908 ε
1619 881 1717 908 Panem
1744 881 1900 916 anqetomm

1117 926 1291 954 manducauit
1305 927 1391 954 homo.
1407 927 1478 954 ltem
1493 926 1577 962 regni
1589 926 1712 955 coelestis
1727 927 1847 956 collatio
1858 926 1899 956 ¹³:

1118 973 1172 1006 Qut
1192 973 1337 1000 nmnducat
1354 981 1437 1000 vacam
1453 981 1575 1008 curnem,
1596 976 1622 1001 et
1642 974 1731 1006 bibit,
1749 975 1803 1002 etc.
1826 975 1899 1003 ltem

1117 1019 1277 1056 spiritualis
1288 1019 1441 1048 delectatio
1454 1020 1475 1037 ¹⁴
1489 1029 1494 1047 :
1509 1021 1605 1047 Panem
1621 1020 1653 1048 dc
1667 1022 1728 1048 coelo
1742 1023 1903 1057 praestitisti

1118 1068 1175 1102 eis,
1192 1069 1246 1095 etc.
1262 1068 1332 1095 Item
1348 1066 1511 1095 intellectus
1526 1067 1704 1096 illuminatio
1721 1068 1738 1084 ‘⁵
1753 1077 1759 1096 :
1777 1067 1902 1096 Gustavi't

1117 1114 1248 1141 Jonathus
1271 1113 1304 1141 de
1324 1114 1415 1148 melle,
1435 1116 1461 1141 et
1483 1115 1635 1141 illuminati
1658 1117 1721 1142 sunt
1741 1115 1814 1142 oculi
1834 1115 1900 1150 ejus.

1119 1161 1158 1188 De
1173 1160 1279 1188 ellectu
1299 1160 1487 1189 Eucharistiae
1507 1160 1577 1188 dicit
1598 1161 1784 1189 heruardus:
1805 1170 1818 1188 α
1831 1162 1902 1189 Cor-

1119 1215 1176 1243 pus
1191 1207 1295 1235 Christi
1310 1209 1352 1234 est
1364 1207 1449 1242 aegris
1465 1206 1629 1241 medicina,
1643 1207 1903 1243 peregrinantibus

1119 1253 1187 1288 via,
1210 1253 1325 1282 debiles
1341 1253 1505 1288 coufortat,
1527 1253 1658 1282 valentes
1674 1253 1819 1288 delectat,
1838 1253 1903 1283 lan-

1121 1309 1247 1336 guorem
1261 1303 1363 1335 sanat,
1380 1301 1713 1329 sanitatem-conservat.
1730 1302 1783 1329 Per
1796 1300 1855 1329 hoc
1871 1299 1905 1330 fit

1119 1347 1211 1375 homo
1228 1348 1408 1375 mansuetior
1430 1347 1469 1374 ad
1487 1349 1701 1375 correctionem
1713 1369 1722 1382 ‚
1745 1347 1904 1384 patientior

1120 1394 1159 1422 ad
1174 1394 1320 1429 laborem,
1337 1394 1487 1422 ardentior
1501 1393 1552 1422 ad'
1553 1402 1697 1429 amorem,
1715 1395 1850 1430 sagacior
1863 1394 1903 1423 ad

1120 1441 1286 1475 cautelam,
1311 1440 1351 1468 ad
1371 1441 1575 1469 obedientiam
1589 1442 1767 1478 promptior,
1782 1441 1822 1470 ud
1836 1449 1903 1478 gra-

1120 1487 1228 1516 tiarum
1243 1487 1372 1515 actiones
1388 1488 1534 1516 devotior.
1550 1499 1562 1513 n

1156 1534 1233 1562 Sicut
1244 1537 1320 1562 reete
1332 1535 1624 1563 communicantibus
1639 1534 1732 1564 multa
1743 1535 1825 1564 bona
1837 1543 1904 1572 pro-

1121 1581 1258 1616 veniunt,
1276 1583 1307 1609 ut
1321 1581 1433 1610 dietum
1449 1584 1491 1610 est
1504 1592 1512 1618 ς
1528 1582 1569 1609 sic
1584 1582 1705 1618 indigne
1719 1582 1904 1611 sumentibus

1121 1636 1230 1664 corpus
1252 1628 1355 1656 Christi
1377 1629 1471 1657 multa
1495 1629 1577 1657 mala
1598 1631 1766 1657 occurrunt.
1789 1628 1903 1658 Nullius

1121 1675 1199 1702 enim
1215 1683 1290 1710 opus
1306 1675 1402 1711 placet
1421 1677 1479 1703 Deo
1490 1697 1499 1710 ‚
1521 1675 1577 1703 nisi
1597 1675 1711 1711 placeat
1730 1676 1792 1711 ipse
1808 1676 1900 1712 prius.

1121 1722 1245 1757 Indigna
1257 1722 1335 1749 euim
1348 1723 1520 1750 communio
1536 1723 1663 1759 pcccatis
1674 1723 1827 1751 hominem
1839 1722 1902 1752 illa-

1121 1771 1220 1804 queat,
1230 1769 1454 1796 damnationem
1468 1771 1622 1805 pra-parat,
1638 1769 1808 1805 proximum
1820 1777 1902 1798 scan-

1122 1815 1229 1843 dalizat
1240 1836 1247 1848 ‚
1263 1817 1394 1843 mentem
1409 1818 1550 1850 excaecat,
1567 1815 1722 1844 tentationi
1742 1815 1901 1852 subjugat,

1122 1864 1213 1891 Deum
1228 1863 1339 1897 irritat,
1360 1863 1451 1891 vitam
1472 1862 1666 1898 temporalem
1681 1863 1812 1898 breviat,
1835 1870 1902 1899 gra-

1122 1910 1200 1938 tuitis
1214 1909 1330 1945 spoliat.
1350 1911 1387 1937 De
1400 1909 1445 1937 his
1460 1918 1513 1946 per
1528 1909 1664 1938 ordinem
1680 1909 1805 1938 dieitur:
1824 1911 1902 1944 Fiat,

1121 1956 1217 1992 inquit
1229 1956 1265 1992 (a)
1283 1957 1310 1990 ὦ,
1326 1964 1419 1983 mensa
1433 1964 1521 1983 vorum
1537 1965 1626 1984 coram
1640 1958 1709 1992 ipsis
1719 1977 1728 1992 ‚
1744 1959 1798 1984 etc.
1812 1965 1819 1984 :
1836 1964 1902 1986 ecco

1122 2004 1262 2040 primum.
1289 2005 1323 2031 Et
1345 2006 1374 2030 in
1397 2005 1621 2031 retributionem.-
1647 2011 1713 2032 ecce
1728 2003 1900 2032 secundum.

1121 2051 1157 2078 Et
1173 2052 1201 2077 in
1215 2051 1371 2078 scumlulum
1387 2061 1394 2078 .-
1412 2058 1478 2078 ecce
1494 2050 1622 2078 tertium.
1642 2050 1822 2078 obscurentur
1833 2051 1904 2078 ocuti

1122 2106 1211 2125 eorum
1226 2106 1257 2124 ne
1273 2098 1400 2125 rideant:
1425 2105 1491 2126 ecee
1509 2099 1657 2133 quartum.
1680 2098 1716 2125 Et
1731 2097 1839 2124 dorsum
1859 2104 1902 2125 eo-

1122 2153 1180 2172 rum
1195 2152 1297 2179 semper
1317 2146 1428 2172 incurva
1442 2155 1450 2171 .·
1474 2152 1541 2172 ecce
1556 2144 1703 2179 quintum.
1726 2143 1845 2178 Effunde
1859 2151 1903 2171 su-

1122 2199 1169 2226 per
1183 2199 1224 2218 eus
1241 2193 1310 2218 iram
1333 2194 1426 2218 tuum.-
1451 2199 1518 2218 cece
1541 2192 1665 2218 sextum.
1689 2191 1753 2217 Fiat
1771 2190 1903 2218 habitatio

1123 2246 1210 2266 eorum
1233 2238 1358 2265 deserta:
1384 2245 1452 2265 ecee
1474 2237 1642 2272 septimum.
1668 2238 1701 2264 ln
1722 2236 1902 2264 tabernaculis

1122 2292 1211 2311 eorum
1227 2292 1278 2311 nou
1292 2285 1328 2311 stt
1342 2285 1390 2319 qiu·
1405 2284 1537 2312 inhabitet
1550 2291 1560 2310 .·
1575 2291 1642 2312 ecee
1657 2285 1805 2312 octavum.

1367 2377 1527 2411 CAPUT
1555 2377 1655 2411 XVI.

1259 2449 1297 2476 De
1315 2449 1390 2476 modo
1409 2449 1531 2477 sumendi*
1548 2449 1761 2476 Eucharz'stiam.

1160 2517 1270 2553 Corpus
1289 2517 1391 2546 Christi
1414 2520 1540 2554 quatuor
1559 2517 1658 2544 modis
1676 2516 1809 2545 sumitur.
1832 2516 1900 2551 Qui-

1124 2562 1193 2591 dam
1207 2563 1354 2600 accipiunt
1367 2564 1441 2592 iilud
1456 2563 1643 2600 spiritualiter
1656 2565 1787 2598 tantum,
1804 2565 1836 2592 ut
1848 2563 1900 2600 qui

1124 2637 1215 2661 ⁹Psul.
1232 2644 1297 2669 xxti,
1314 2640 1338 2662 5.
1350 2652 1379 2656 —
1395 2639 1417 2656 ¹0
1431 2639 1568 2668 Rom.,viii,
1584 2639 1622 2661 32.
1634 2650 1663 2656 —
1681 2637 1700 2655 ¹¹
1716 2637 1734 2661 tt
1752 2637 1818 2666 Cor„
1835 2642 1862 2665 x,
1875 2638 1898 2662 5.

1123 2686 1153 2691 —
1168 2674 1264 2697 12Ρωί.
1280 2680 1379 2705 Lxxvii,
1393 2676 1465 2698 25.-
1478 2674 1496 2688 ¹³
1507 2674 1589 2704 Joun„
1600 2672 1831 2704 x1‚55.-¹⁴Sap.,
1844 2677 1899 2702 xix,

1124 2710 1163 2732 20.
1176 2722 1207 2727 --
1222 2710 1239 2727 ¹⁸
1255 2711 1261 2733 I
1280 2710 1346 2739 flers..
1365 2715 1417 2740 xiv,
1433 2711 1471 2734 29.
1487 2721 1518 2727 —-
1532 2709 1552 2726 ¹⁶
1564 2709 1633 2733 Psal.
1649 2713 1740 2738 vaiit,
1754 2709 1837 2732 2³:25.

1160 2757 1190 2785 tu)
1208 2757 1282 2779 [θοήν
1298 2757 1426 2787 [ιφ-[μήκη]
1443 2757 1534 2780 elevat.
1551 2769 1581 2773 -
1599 2755 1628 2785 tt»)
1645 2754 1729 2786 Suppl.
1748 2753 1888 2779 t‘satmista.
