2004 3037
553 247 603 278 DE
624 246 818 279 OPERIBUS
843 245 1084 279 CONDITORIS.
1109 246 1195 278 CAP.
1223 246 1366 278 LX-LXl.

152 323 204 344 nes
221 315 412 352 physionomi
431 315 654 343 affirmaverunt
668 314 789 342 oculum
803 322 865 342 esse
880 322 929 343 ve-

151 370 219 391 rum
233 361 331 391 cordis
345 361 491 390 nuntium.
503 361 682 397 Augustinus
692 361 716 389 ¹:
732 371 745 387 «
757 361 929 398 impudicus

152 408 266 444 oculus,
281 408 425 445 impudici
440 407 538 436 cordis
554 409 596 436 est
609 408 739 436 nuntius.
756 419 769 433 η

383 502 568 536 CAPUT
609 502 689 535 LX.

415 575 453 601 De
471 576 523 601 toto
537 575 660 602 Homine.

183 644 343 679 Postquam
358 642 529 678 expeditum
542 644 585 670 est
600 643 637 670 de
653 642 775 671 homine
792 650 828 670 ex
842 644 926 679 parte

148 689 255 718 menfis
268 691 296 718 et
309 697 345 717 ex
358 691 441 725 parte
457 689 600 725 corporis,
614 697 694 717 nunc
708 689 869 718 dicendum
885 692 927 718 cst

147 735 185 764 de
205 736 271 772 ipso
285 738 374 772 prout
392 737 435 764 est
453 735 634 772 compositus
653 744 689 764 ex
705 737 852 772 utroque:
872 737 925 764 ubi

147 782 311 819 specialiter
324 782 488 810 ostenditur
503 782 552 810 Dei
566 781 707 818 potentia,
719 783 791 819 quia
805 785 925 811 naturas

146 831 206 857 tam
221 829 361 858 distantes
372 829 525 865 conjunxit
539 829 570 857 in
584 837 676 857 unam
690 837 850 866 personam
861 838 925 866 per-

145 876 261 910 fectam,
276 877 385 905 scilicet
398 885 573 913 corpoream
590 878 618 904 et
628 877 848 913 incorpoream,
859 885 924 913 qum

145 923 274 951 maxime
295 923 403 951 distant
427 924 458 951 in
482 923 715 959 praedicamento
744 924 923 952 substantiae.

145 970 294 1003 Praeterea,
311 977 378 997 cum
394 971 470 998 esset
483 978 544 998 una
558 970 622 998 sola
637 971 770 998 creatura
789 978 855 1006 quae
869 971 923 998 ha·-

143 1016 234 1045 bebat
257 1017 335 1044 intus
360 1016 562 1052 cognitionem
589 1024 642 1052 per
670 1017 868 1055 intellectum,
893 1020 924 1046 ut

143 1063 283 1099 angelus,
300 1064 328 1090 et
343 1063 399 1091 alia
414 1071 480 1099 quae
494 1063 624 1091 habebat
638 1063 709 1091 foris
723 1072 776 1100 per
791 1073 921 1100 sensum,

142 1111 175 1138 ut
189 1109 345 1147 quodlibet
359 1109 471 1138 animal
485 1110 625 1144 brutum,
640 1111 705 1138 fieri
720 1111 823 1139 debuit
839 1120 921 1140 crea-

142 1159 222 1192 tura,
246 1158 367 1192 propter
389 1156 601 1193 perfectionem
620 1158 833 1193 universitatis,
857 1166 922 1194 quae

141 1203 197 1231 hac
211 1203 324 1239 duplici
339 1203 507 1239 cognitione
524 1205 597 1232 esset
614 1204 752 1240 praedita,
774 1207 805 1232 ut
824 1207 922 1241 posset

141 1250 240 1285 legere
254 1250 285 1278 in
299 1250 377 1278 libro
392 1250 500 1286 scripto
516 1250 595 1278 intus
615 1252 643 1278 et
656 1250 742 1285 foris,
758 1251 815 1279 hoc
834 1254 876 1279 est
890 1251 921 1279 in

141 1298 292 1332 Creatore',
309 1299 336 1325 et
350 1297 380 1325 in
396 1305 486 1333 opere
507 1305 572 1325 suo.
589 1298 672 1326 Unita
687 1299 728 1325 est
742 1298 843 1325 anima
857 1307 921 1326 cor-

139 1343 206 1380 pori
227 1343 382 1380 multiplici
403 1343 533 1379 ratione,
555 1344 622 1372 licet
646 1346 780 1381 separata
802 1345 921 1380 dignior

139 1391 285 1418 videatur.
299 1391 396 1418 Prima
410 1391 484 1418 ratio
501 1393 553 1426 cst,
568 1393 600 1419 ut
611 1400 665 1427 per
680 1393 919 1427 conjunctionem

140 1438 199 1464 tam
224 1437 388 1473 disparium
406 1439 580 1465 naturarum
600 1438 760 1473 erigeretur
781 1447 864 1466 mens
879 1439 918 1467 ad

138 1484 317 1520 sperandam
334 1484 416 1511 illam
431 1485 590 1518 unionem,
609 1493 676 1520 quic
698 1485 752 1512 erit
769 1485 844 1513 inter
859 1487 918 1513 ani-

139 1538 237 1564 mam,
253 1533 281 1558 et
301 1531 435 1566 spiritum
455 1531 628 1558 increatum.
645 1531 708 1559 Alia
725 1532 798 1559 ratio
815 1535 872 1566 est,
886 1536 918 1560 ut

138 1577 248 1611 anima,
262 1577 418 1604 serviendo
431 1579 488 1605 Deo
503 1577 533 1605 in
546 1586 682 1613 corpore,
695 1579 804 1605 habeat
820 1580 917 1614 majus

137 1624 289 1651 meritum:
306 1624 376 1660 quia
388 1624 440 1652 ubi
453 1625 550 1660 maj0r
563 1632 675 1660 pugna,
689 1625 731 1652 ibi
747 1626 843 1660 major
858 1626 916 1653 vic-

137 1670 222 1704 toria,
237 1672 265 1698 et
278 1679 331 1707 per
346 1679 530 1707 consequens
542 1672 638 1706 major
652 1679 772 1700 corona.
790 1672 916 1700 Difficul-

137 1720 179 1744 tas
196 1718 275 1744 enim
295 1718 428 1754 corporis
449 1719 576 1746 multum
595 1718 674 1746 valet
694 1719 732 1746 ad
752 1719 915 1747 efficaciam

135 1764 279 1791 merendi.
299 1765 393 1792 Tertia
415 1765 490 1792 ratio
512 1767 554 1792 est
572 1768 692 1801 propter
714 1758 915 1802 complemen-

135 1813 198 1838 tum
219 1811 359 1839 universi.
383 1813 457 1839 Cum
481 1812 575 1846 enim,
600 1812 674 1839 sicut
697 1814 754 1846 est,
776 1813 914 1848 quaedam

137 1859 210 1884 esset
231 1860 362 1885 creatura
385 1866 458 1894 pure
480 1859 654 1895 spiritualis,
677 1859 815 1895 quaedam
839 1868 912 1895 pure

136 1905 309 1940 corporalis,
321 1906 498 1934 conveniens
512 1906 566 1934 fuit
579 1906 643 1934 fieri
658 1909 824 1935 creaturam
840 1908 912 1936 mix-

135 1953 210 1986 tam,
224 1952 332 1980 scilicet
345 1954 452 1988 partim
467 1954 664 1989 spiritualem,
680 1956 707 1982 et
725 1955 832 1990 partim
848 1964 912 1983 eor-

134 2000 278 2035 poralem.
293 2001 400 2033 Quarta
414 2001 488 2028 ratio
504 2003 562 2036 est,
578 2002 649 2037 quia
663 2003 737 2029 sicut
750 2011 857 2038 corpus
872 2003 912 2030 vi-

134 2054 205 2073 vum
216 2046 294 2073 valet
304 2047 343 2073 ad
358 2047 485 2074 fructum
495 2048 683 2083 poenitentiae,
697 2049 737 2075 sic
752 2051 818 2084 post
833 2058 911 2076 mor-

133 2093 191 2120 tem
220 2093 424 2121 resuscitatum
455 2093 566 2121 valebit
600 2094 638 2121 ad
671 2096 910 2123 consecutionem

132 2139 214 2166 stolae
234 2139 408 2175 duplicatae:
433 2140 504 2176 quia
524 2148 586 2168 non
606 2141 703 2168 solum
725 2141 840 2175 anima,
858 2142 909 2169 sed

132 2185 219 2213 etiam
234 2193 342 2221 corpus
354 2187 556 2222 praemiabitur
567 2187 635 2215 dote
645 2196 706 2214 sua.
716 2188 820 2221 Quinta
835 2189 909 2216 ratio

131 2232 187 2266 est,
204 2232 275 2268 quia
295 2233 386 2261 homo
402 2241 438 2261 ex
455 2234 618 2262 defectibus
633 2235 766 2270 corporis
784 2235 908 2263 multam

129 2277 218 2306 habet
232 2279 387 2307 materiam
407 2280 636 2315 humiliationis,
652 2281 737 2315 juxta
751 2282 781 2308 id
797 2281 825 2309 2:
848 2284 907 2309 Πη-

129 2326 248 2353 miliatio
265 2328 313 2353 tua
331 2328 361 2353 in
381 2327 468 2354 medio
490 2329 542 2354 tuz'.
563 2328 641 2355 Sicut
658 2328 737 2355 enim
757 2329 857 2356 anima
872 2337 906 2356 cx

129 2372 194 2406 conj
200 2372 335 2400 unctione
346 2373 385 2400 ad
394 2381 501 2409 corpus
515 2374 603 2409 plura
614 2375 803 2410 consequitur
814 2376 906 2409 bona,

128 2416 168 2444 sic
183 2420 210 2445 et
223 2419 315 2446 multa
330 2420 476 2447 contrahit
489 2420 690 2449 incommoda.
708 2422 820 2455 Primo,
838 2430 906 2457 pec-

128 2463 183 2490 cati
199 2464 351 2499 originalis
370 2466 607 2501 inquinationem
623 2469 651 2494 ³:
674 2469 739 2500 Quis
757 2471 845 2503 potest
862 2471 906 2501 fa-

127 2516 183 2536 cere
200 2512 328 2538 mundum
347 2513 378 2539 de
399 2514 537 2540 immundo
556 2518 709 2549 conceptum
725 2517 845 2542 semine?
859 2516 906 2541 Se<

127 2555 242 2590 cundo,
263 2559 375 2592 peccati
396 2559 573 2594 pronitatem
589 2561 616 2587 ’Ἴ
640 2562 722 2588 Proui
736 2565 798 2588 sunt
813 2569 903 2588 sensus

126 2602 242 2630 hominis
270 2604 306 2630 (td
327 2607 426 2632 malum
449 2607 481 2633 ab
503 2607 685 2634 adolescentia
707 2616 766 2634 sua.
791 2609 902 2641 Tertio,

159 2665 165 2680 ¹
180 2666 256 2696 Aug„
272 2667 327 2697 Κεφ.
344 2674 390 2698 111,
411 2676 433 2692 e.
451 2676 478 2693 11.
493 2684 523 2687 —
542 2670 550 2683 ²
565 2671 651 2700 lilioli„
669 2677 708 2701 vx,
726 2673 764 2696 14.
780 2684 809 2688 —
825 2672 833 2684 ³
847 2671 899 2699 Job,

127 2706 181 2731 xiv,
200 2702 222 2724 4.
243 2715 272 2719 -
292 2703 302 2718 ⁸
322 2703 392 2733 Gen„
412 2710 467 2732 vm,
490 2708 528 2731 21.
544 2719 574 2723 —
595 2707 602 2720 ³
623 2707 706 2737 Prov„
727 2714 796 2738 xxm,
816 2709 854 2731 30.
871 2721 901 2724 —

1708 251 1763 279 119

984 314 1060 343 bene
1076 314 1219 350 operandi
1235 314 1440 342 difficultatem
1454 315 1464 332 ¹⁵
1477 325 1483 342 :
1506 316 1556 343 Per
1570 323 1665 350 aarum
1679 317 1764 344 homi-

984 363 1026 388 nis
1046 363 1122 396 piari
1135 362 1264 395 transivi,
1281 363 1307 388 et
1324 369 1378 388 ecce
1394 363 1493 396 totum,
1510 362 1564 389 etc.
1580 362 1706 396 Quarto,
1721 362 1764 390 in-

984 406 1114 435 tellectus
1133 407 1345 435 hebetudinem
1359 409 1383 434 ⁶:
1410 407 1511 442 Corpus
1531 408 1602 443 quod
1616 411 1763 444 corrumpi-

985 457 1040 487 tur,
1056 457 1188 490 aqqravot
1203 456 1333 483 animam.
1348 454 1467 490 Quinto,
1482 455 1654 483 continuam
1668 455 1764 492 impu-

984 501 1170 537 gnationem3
1186 501 1225 530 ad
1240 501 1393 529 Galatas⁷:
1408 502 1476 529 Caro
1489 503 1654 537 concupiscit
1668 503 1763 530 adver-

981 555 1027 575 sus
1036 550 1174 583 spiritum,
1185 549 1239 576 etc.
1249 548 1348 582 Sexto,
1358 555 1496 575 curarum
1505 547 1760 577 sollicitudinem⁸:

982 595 1046 622 Dico
1059 595 1143 627 vobis,
1153 602 1186 622 ne
1201 595 1315 622 solliciti
1330 596 1393 622 sitis
1404 595 1502 621 anima:
1514 597 1608 622 vestroe
1618 596 1694 631 quid,
1707 598 1761 624 etc.

981 641 1130 677 Septimo,
1154 641 1328 677 passionum
1356 641 1603 677 multiplicitatem
1617 642 1627 658 ⁹
1649 651 1655 669 :
1677 643 1762 671 Homo

981 690 1062 715 natus
1081 688 1114 716 de
1136 689 1262 720 muliere,
1286 689 1359 716 brevi
1378 689 1470 715 vivens
1489 691 1620 724 tempore,
1642 691 1762 724 repletur

980 736 1073 762 „tultis
1093 735 1224 762 miseriis.
1241 735 1366 770 Octavo,
1391 734 1493 770 gloriae
1507 735 1737 765 retardationem
1753 747 1759 764 τ

981 781 1109 816 gloriam
1124 781 1203 809 enim
1220 781 1373 818 percipere
1396 789 1458 809 non
1477 789 1652 818 possumus,
1667 791 1760 819 quan-

981 828 1031 856 diu
1051 828 1081 856 in
1100 836 1225 864 corpore
1244 828 1431 856 detinemur:
1453 831 1576 865 propter
1596 829 1653 857 hoc
1670 832 1760 866 Apos-

979 875 1057 903 tolus
1072 875 1210 911 cupiebat
1221 876 1242 893 ¹⁰
1259 877 1371 904 dissolvi
1384 879 1408 904 et
1424 884 1477 904 esse
1489 885 1547 904 cum
1562 878 1678 906 Christo.

1241 971 1385 1004 CAPUT
1410 971 1495 1004 LXI.

1158 1047 1194 1072 De
1211 1046 1427 1080 Proprietatibus
1445 1047 1578 1073 Hominis.

1015 1115 1209 1150 Proprietates
1236 1115 1365 1143 hominis
1389 1117 1458 1144 sunt
1479 1116 1559 1144 istae:
1591 1117 1757 1146 discernere

978 1161 1052 1189 inter
1070 1161 1227 1190 honestum
1247 1164 1275 1190 et
1296 1164 1380 1198 turpe
1387 1172 1395 1198 ;
1417 1163 1498 1190 unde
1521 1163 1613 1191 solius
1628 1163 1758 1192 hominis

977 1209 1020 1234 est
1034 1207 1191 1236 honestum
1209 1208 1366 1244 prosequi,
1383 1217 1452 1238 cum
1466 1209 1567 1238 omnia
1581 1210 1669 1238 bruta
1682 1218 1758 1238 non-

977 1254 1032 1281 nisi
1054 1254 1137 1282 utilia
1162 1256 1190 1282 et
1211 1255 1399 1284 delectabilia
1419 1258 1647 1292 prosequantur.
1670 1259 1756 1294 Item,

975 1301 1127 1337 passiones
1146 1301 1285 1330 ordinare
1307 1303 1347 1330 acl
1367 1302 1492 1331 limitem
1511 1304 1632 1331 rationis
1638 1314 1646 1339 3
1667 1313 1757 1341 supra

977 1348 1123 1375 mundum
1132 1356 1185 1384 per
1194 1348 1375 1377 intellectum
1385 1350 1509 1378 elevari:
1520 1352 1547 1378 et
1556 1350 1624 1378 ideo
1633 1351 1756 1387 quando

976 1395 1057 1429 quis,
1083 1403 1137 1431 per
1158 1396 1360 1424 adhaesionem
1378 1397 1408 1424 in
1430 1398 1567 1431 terrenis,
1590 1405 1621 1425 se
1641 1398 1755 1426 mundo

976 1441 1145 1469 inferiorem
1160 1442 1242 1476 facit,
1258 1443 1321 1478 jam
1337 1443 1422 1479 quasi
1436 1443 1550 1472 honore
1565 1444 1755 1472 humanitatis

975 1490 1089 1523 exutus,
1114 1489 1324 1524 proprietatem
1346 1490 1453 1526 accipit
1467 1491 1584 1524 bestiae,
1607 1491 1647 1518 ita
1661 1493 1693 1519 ut
1708 1491 1754 1518 di-

975 1536 1056 1561 catur
1073 1535 1137 1562 fieri
1156 1543 1208 1571 per
1228 1536 1447 1564 immunditiam
1468 1545 1591 1572 porcus,
1608 1545 1662 1573 per
1679 1537 1754 1565 iram

974 1581 1071 1614 caniS,
1090 1589 1144 1616 per
1163 1582 1299 1618 rapinam
1319 1583 1382 1617 leo,
1404 1585 1431 1610 et
1451 1583 1492 1610 sic
1508 1583 1545 1610 de
1566 1583 1649 1611 aliis:
1670 1584 1754 1620 quod

975 1627 1054 1655 Plato
1072 1629 1192 1656 vocavit
1212 1629 1374 1657 secundam
1392 1630 1560 1657 animarum
1579 1630 1753 1666 incorpora-

973 1673 1093 1702 tionem.
1106 1675 1269 1703 Amicitiam
1281 1676 1371 1703 habet
1381 1676 1546 1704 secundum
1557 1685 1646 1705 omne
1658 1685 1753 1712 genus

972 1721 1119 1756 amicitiae,
1141 1724 1168 1749 et
1189 1722 1220 1749 in
1242 1722 1300 1750 hoc
1316 1722 1412 1750 differt
1433 1731 1451 1750 a
1469 1723 1578 1757 brutis,
1605 1732 1671 1759 quae
1691 1732 1752 1751 non

970 1767 1082 1795 habent
1097 1768 1230 1796 amicitiae
1247 1770 1387 1804 speciem,
1400 1769 1455 1796 nisi
1469 1777 1535 1805 quae
1548 1770 1751 1798 delectationis

971 1816 1013 1841 est
1026 1814 1073 1842 vel
1090 1815 1341 1850 connutritorum,
1367 1818 1394 1843 et
1414 1816 1597 1851 hujusmodi.
1616 1817 1750 1845 Intellec-

970 1861 1100 1888 tualibus
1118 1861 1352 1889 theorematibus
1375 1862 1529 1897 delectari,
1553 1865 1581 1891 et
1602 1864 1749 1899 speculari

970 1908 1048 1935 talia.
1066 1909 1266 1936 Verecundari
1286 1909 1316 1936 in
1335 1909 1414 1943 turpi
1434 1911 1612 1945 perpetrato.
1629 1912 1750 1946 Propter

969 1955 1052 1990 quod
1091 1955 1327 1983 inemendabiles
1361 1956 1500 1983 dicuntur
1537 1956 1748 1992 inverecundi,

969 2002 1038 2036 quia
1052 2002 1083 2028 in
1101 2002 1202 2037 aliquo
1223 2002 1325 2029 mutati
1344 2004 1412 2029 sunt
1435 2010 1453 2030 a
1472 2002 1595 2030 rationis
1615 2003 1746 2038 honore,

968 2048 1138 2083 pecorinam
1163 2051 1299 2075 naturam
1323 2051 1513 2076 assumentes.
1539 2049 1665 2077 Perfeete
1685 2058 1747 2078 esse

968 2095 1124 2128 conjugale
1149 2095 1270 2129 animal,
1299 2103 1334 2122 co
1359 2095 1442 2130 quod
1465 2096 1580 2130 legibus
1603 2096 1747 2124 ordinatis

966 2140 1053 2167 saciat
1067 2141 1204 2168 honestas
1220 2141 1346 2176 nuptias.
1361 2141 1451 2168 Civile
1467 2141 1578 2170 animal
1590 2150 1661 2177 esse,
1675 2144 1747 2179 quia

967 2186 1202 2220 distributiones,
1220 2189 1248 2214 et
1264 2187 1515 2222 cohabitationes,
1531 2190 1559 2215 et
1572 2188 1701 2224 foedera,
1718 2193 1746 2217 et

965 2241 1080 2269 pugnas
1101 2234 1244 2269 perfectas
1263 2235 1352 2262 habet
1375 2243 1410 2262 ex
1429 2235 1647 2264 urbanitatibus
1663 2237 1744 2265 ordi-

964 2282 1056 2307 natas
1075 2280 1237 2316 Disciplinae
1257 2289 1319 2309 esse
1342 2282 1533 2318 perceptibile
1555 2285 1677 2319 propter
1694 2292 1743 2312 ra-

964 2327 1050 2354 tionis
1075 2336 1171 2355 usum.
1199 2330 1264 2355 Esse
1289 2329 1400 2355 animal
1425 2331 1613 2357 mansuetum
1638 2332 1744 2359 natura

963 2375 1084 2409 propter
1099 2374 1276 2401 civilitatem.
1291 2376 1356 2402 Esse
1373 2375 1485 2402 animal
1499 2375 1621 2410 risibile,
1638 2377 1743 2411 gloria-

963 2421 1039 2455 hile,
1056 2424 1177 2457 propter
1195 2421 1338 2457 perfectas
1354 2421 1505 2456 gaudendi
1520 2422 1663 2457 rationes,
1676 2432 1742 2459 quae
1771 2448 1773 2450 ,

963 2468 1017 2495 soli
1038 2468 1213 2502 contingunt
1228 2468 1351 2495 homini.
1369 2469 1434 2495 Esse
1453 2469 1694 2504 microcosmum,
1711 2471 1741 2497 id

962 2517 1013 2547 est,
1030 2514 1177 2541 minorem
1193 2514 1356 2548 mundum,
1382 2523 1417 2542 eo
1439 2515 1521 2550 quod
1545 2515 1581 2543 de
1601 2516 1741 2544 omnibus

962 2561 1101 2588 creaturis
1117 2561 1231 2596 aliquid
1246 2560 1355 2588 habeat
1371 2561 1474 2595 homo,
1490 2561 1628 2589 videlicet
1643 2562 1661 2579 ¹¹
1679 2571 1740 2591 esse

961 2636 969 2646 ’ἱ
983 2636 1051 2665 San,
1070 2641 1105 2663 ix,
1125 2636 1160 2658 15.
1172 2648 1202 2651 -
1216 2634 1225 2650 ⁷
1241 2634 1311 2664 Gal„
1327 2640 1351 2664 ν,
1370 2636 1447 2658 17.—
1465 2636 1472 2647 “
1489 2635 1590 2665 Matio„
1606 2638 1739 2666 v1‚25.—-

965 2674 968 2683 '
984 2670 1041 2699 Job,
1058 2676 1111 2699 mv,
1133 2672 1153 2694 1.
1172 2683 1201 2686 —
1224 2670 1241 2686 ¹⁰
1260 2669 1364 2700 Philip„
1382 2676 1402 2697 Ι,
1420 2672 1458 2693 ⁶23.
1476 2684 1505 2687 -
1527 2670 1543 2685 ¹¹
1560 2670 1595 2693 Ex
1611 2672 1696 2702 Greg.,
1713 2673 1738 2695 ia

962 2707 1068 2736 Ευαιιφ,
1083 2706 1154 2729 hom.
1172 2711 1244 2735 xxix,
1261 2708 1317 2729 ante
1331 2706 1398 2728 nied.
