2004 3037
613 203 663 235 DE
685 201 839 235 CHRISTI
864 203 1139 236 HUMANlTATE.
1164 204 1248 238 ΠΛΡ.
1276 207 1324 239 lv.

165 275 236 302 nent
257 282 264 301 ε
286 272 417 309 primum
445 274 487 301 est
512 270 718 308 inseparabilis
742 270 892 306 adhaesio,
915 273 943 300 et

165 320 333 356 conjunctio
361 319 485 348 rationis
513 318 553 348 ad
576 320 687 353 Deum3
708 317 874 346 secundum
901 320 943 346 est

164 366 373 396 indeflexibilis
388 366 532 402 subJectio
552 364 727 394 inferiorum
741 365 942 400 potentiarum

164 414 271 442 animoe
285 415 340 443 sub
355 414 482 451 imperio
496 413 636 448 rationis;
657 414 772 441 tertium
789 414 832 440 est
851 412 941 440 indis-

163 461 373 490 continuabilis
391 460 546 489 conversio
563 459 685 489 actualis
705 459 793 488 totius
811 459 941 487 hominis

162 508 193 536 in
217 509 322 543 Deum,
338 507 460 544 quando
479 508 571 535 homo
596 506 699 535 divina
723 506 880 534 dulcedine
896 505 940 534 af-

162 555 268 590 fectus,
289 562 325 582 ex
345 555 406 582 toto
426 553 532 588 corde,
548 554 576 582 et
596 562 633 581 ex
652 555 712 581 tota
730 553 844 588 anima,
862 555 940 581 etex

163 601 303 630 omnibus
316 601 430 630 viribus
451 609 568 637 semper
586 602 652 628 actu
672 600 765 628 tendit
782 600 813 627 in
829 602 920 628 Deum
931 621 940 634 ,

163 649 234 676 etin
249 648 463 684 quodcumque
485 647 569 676 aliud
589 647 620 675 in
642 655 704 683 quo
726 647 838 675 relucet
854 648 937 675 Deus.

162 697 291 725 Primum
316 696 425 724 horum
455 695 546 723 habet
573 694 667 730 gratia
700 694 939 723 sanctificationis

161 743 342 779 simpliciter,
354 744 386 770 ut
397 741 507 770 scilicet
521 741 637 775 nullus,
651 741 702 777 qui
717 741 863 778 particeps
876 742 939 777 ejus

160 789 246 818 fuerit
260 811 270 825 ,
296 789 389 826 possit
415 796 538 825 peccare
566 788 739 816 mortaliter.
770 788 939 816 Secundum

161 836 265 864 habuit
278 836 366 864 beata
381 835 468 871 Virgo
478 857 486 870 ,
500 836 528 863 et
541 835 609 863 idco
633 843 688 863 nec
707 834 861 862 venialiter
882 843 938 862 un-

161 892 252 920 quam
276 884 425 920 peccavit,
452 884 525 912 sicut
551 884 622 912 dicit
637 884 645 900 ¹
659 884 849 919 Augustinus.
873 884 939 910 Ter-

161 931 235 958 tium
250 932 348 959 autem
363 939 424 959 non
445 932 540 967 potest
564 930 722 958 convenire
742 929 841 965 gratiae
863 929 937 964 vsoe,

161 985 196 1006 co
212 977 295 1013 quod
310 977 386 1005 illud
407 985 443 1005 ex
461 977 600 1004 fruitione
623 976 673 1004 Dei
696 978 848 1011 causetur,
871 984 937 1012 quae

160 1025 274 1052 tantum
287 1025 329 1051 est
343 1023 374 1050 in
388 1023 493 1059 patria.

194 1072 261 1098 Tres
294 1071 392 1097 autem
419 1069 538 1097 fuerunt
562 1069 809 1097 sanctificationes
837 1069 938 1097 matris

159 1116 219 1144 Dei.
242 1116 338 1144 Prima
355 1116 410 1144 fuit
432 1116 624 1144 sanctificatio
648 1116 679 1144 in
701 1118 803 1151 utero3
827 1118 855 1144 et
876 1117 938 1144 haec

159 1165 215 1190 tres
227 1163 332 1190 habuit
346 1162 476 1197 effectus,
488 1163 600 1191 scilicet
615 1163 766 1198 originalis
777 1163 871 1199 culpae
887 1172 937 1191 ex-

158 1209 320 1245 piationem
339 1231 348 1244 ,
373 1211 400 1237 et
424 1210 525 1244 gratiae
549 1209 728 1237 infusionem
744 1231 752 1244 ,
778 1211 806 1237 et
828 1209 938 1237 fomitis

159 1257 270 1283 tantam
284 1255 498 1284 restrictionem
507 1278 516 1292 ,
529 1258 561 1284 ut
575 1264 637 1284 non
651 1257 751 1292 posset
764 1256 796 1283 in
811 1256 937 1291 aliquod

158 1302 282 1330 mortale
296 1305 449 1338 peccatum
464 1303 552 1336 duci,
568 1303 636 1330 licet
652 1305 749 1330 tamen
765 1303 827 1338 ipse
842 1302 936 1330 fomes

158 1351 291 1377 maneret
306 1350 471 1378 secundum
493 1349 659 1377 essentiam.
678 1350 814 1378 Secunda
831 1349 936 1377 sancti-

157 1395 255 1423 ficatio
269 1396 324 1423 fuit
345 1396 374 1423 in
395 1397 517 1432 Spiritus
531 1397 626 1431 ¹sancti
643 1396 889 1430 obumbratione,
910 1398 937 1423 et

157 1442 221 1470 Filii
235 1443 283 1470 Dei
295 1443 506 1478 conceptione;
519 1452 585 1479 quse
598 1443 691 1470 tribus
703 1444 861 1479 praemissis
874 1443 935 1470 duo

157 1489 339 1525 superaddit,
356 1489 466 1517 scilicet
480 1490 687 1517 omnimodam
702 1490 812 1517 fomitis
827 1489 935 1517 extinc-

157 1535 269 1562 tionem
280 1557 288 1569 ,
305 1537 333 1563 et
348 1535 604 1563 confirmationem
627 1536 658 1562 in
677 1536 776 1570 bono,
797 1536 837 1563 ita
853 1536 935 1571 quod

157 1590 223 1617 quae
237 1582 319 1618 prius
334 1584 448 1610 tantum
462 1584 578 1618 poterat
601 1590 661 1610 non
675 1590 799 1618 peccare
822 1584 934 1609 morta-

155 1629 230 1663 liter,
245 1629 308 1664 jam
322 1637 385 1656 non
406 1631 506 1664 posset
520 1637 652 1665 peccare.
671 1631 727 1657 Hos
743 1631 842 1657 autem
858 1629 934 1657 duos

157 1675 278 1703 effectus
293 1675 436 1711 expressit
450 1676 578 1710 Angelus
594 1685 600 1703 ε
618 1677 739 1711 Spiritus
760 1678 869 1703 sanctus
890 1684 934 1703 su-

154 1724 290 1756 perveniet
304 1724 334 1749 in
349 1726 390 1757 te,
408 1723 509 1759 quoad
523 1722 658 1758 primum-
672 1732 678 1750 :
695 1724 730 1749 Et
745 1724 833 1750 virtus
848 1723 934 1749 Altis-

155 1771 219 1797 simi
233 1769 400 1796 obumbrabit
412 1770 475 1803 tibi,
485 1770 587 1805 quoad
602 1769 777 1797 secundum.
794 1771 848 1797 Ista
865 1777 933 1796 con-

155 1816 281 1844 firmatio
293 1824 354 1844 non
371 1816 425 1843 fuit
439 1817 525 1844 liberi
540 1816 652 1843 arbitrii
664 1816 785 1851 ablatio,
802 1816 854 1844 sed
870 1817 932 1851 ejus

154 1871 207 1898 per
221 1863 346 1898 gratiam
361 1863 530 1899 completio.
550 1865 689 1890 Praeterea
704 1862 826 1898 Spiritus
846 1871 930 1891 sanc-

157 1911 200 1936 tus
217 1910 387 1945 supervenit
400 1910 431 1937 in
446 1918 513 1937 eam
536 1918 597 1937 non
621 1909 719 1937 solum
742 1910 780 1936 ad
805 1910 932 1937 sanctifi-

156 1956 300 1990 candum,
322 1957 374 1984 sed
395 1956 482 1984 etiam
501 1957 539 1983 ad
560 1956 795 1983 foecundandum
819 1966 825 1983 :
849 1957 931 1991 cujus

155 2003 260 2030 virtute
274 2002 285 2017 ¹
310 2004 393 2037 Vir-90
416 2004 550 2036 concepit,
578 2004 660 2037 Virqo
684 2005 804 2037 peperit,
824 2006 850 2030 ct
871 2006 932 2038 post

153 2050 263 2083 partum
279 2050 362 2083 Virqo
375 2050 534 2082 permansit.
562 2049 655 2076 Tertia
671 2049 862 2077 sanctificatio
878 2050 932 2077 fuit

155 2095 185 2122 in
201 2095 262 2123 Filii
278 2095 327 2122 Dei
341 2094 568 2129 inhabitatione,
587 2095 638 2130 qui
653 2103 763 2122 novem
778 2097 931 2123 mensibus

155 2142 185 2170 in
199 2144 282 2170 utero
299 2142 361 2176 ejus
376 2141 502 2176 mansit,
526 2143 553 2168 et
567 2141 612 2168 his
628 2142 767 2169 omnibus
785 2142 930 2177 praedictis

155 2189 231 2216 duos
247 2188 366 2216 effectus
381 2188 505 2215 addidit.
532 2189 609 2215 Unus
624 2188 699 2223 suit,
725 2189 808 2224 quod
828 2197 930 2217 omnes

155 2235 361 2271 dispositiones
389 2234 498 2262 fomitis
527 2234 649 2262 sublatae
671 2235 807 2269 fuerunt,
838 2236 929 2269 sicut,

154 2282 276 2317 quando
292 2281 416 2309 morbus
439 2283 481 2308 est
499 2282 632 2315 curatus,
658 2282 755 2309 adhuc
779 2282 930 2309 interdum

154 2331 308 2356 remanent
322 2328 453 2363 reliquiae
469 2328 616 2355 Cllrandae-
640 2329 792 2355 Secundus
813 2329 866 2356 suit
882 2329 929 2356 dc<

154 2375 261 2402 dicatio
277 2374 316 2402 ad
331 2374 450 2408 divina,
466 2374 505 2401 ita
519 2374 603 2410 quod
618 2374 707 2402 etiam
727 2375 812 2402 licitis
827 2375 929 2402 usibus

154 2421 313 2448 mundanis
323 2442 332 2455 ,
349 2421 459 2448 scilicet
479 2421 749 2448 matrimonialibus
759 2443 768 2455 ,
793 2430 859 2449 eam
874 2430 927 2457 ap-

155 2470 214 2495 tare
236 2469 310 2494 esset
332 2467 516 2503 impossibile
534 2476 540 2494 :
565 2467 636 2502 quia
658 2470 727 2495 tunc
748 2477 809 2496 non
830 2469 929 2496 solum

154 2522 247 2547 menS,
260 2514 313 2541 sed
325 2514 413 2541 etiam
426 2522 533 2549 corpus
548 2514 613 2541 luce
628 2514 786 2542 divinitatis
798 2516 929 2551 resplen-

155 2560 237 2594 duit,
256 2563 287 2588 ut
304 2561 500 2596 significatum
520 2564 571 2589 est.
594 2564 635 2589 Ex
657 2563 803 2598 praedictis
822 2564 926 2599 colligo

188 2659 193 2672 ¹
212 2659 287 2689 Aug„
309 2658 338 2682 de
360 2659 421 2684 Nat.
446 2662 469 2684 et
495 2661 577 2689 Grat„
604 2669 625 2685 c.
652 2668 742 2686 xxxw.
761 2676 790 2680 —
816 2664 823 2676 ²
845 2663 928 2686 Verba

1718 212 1773 239 149

998 272 1081 309 quod
1096 272 1190 301 fomes
1205 276 1233 302 et
1253 282 1413 311 personam
1437 277 1543 311 inficit,
1561 278 1588 304 et
1611 279 1748 305 naturam
1766 287 1775 304 :

996 326 1155 355 personam
1170 321 1305 357 quidem,
1322 323 1394 359 quia
1408 323 1447 351 ad
1463 324 1577 352 malum
1591 331 1719 360 pronam
1733 323 1777 351 fa-

996 366 1054 400 cit,
1078 368 1105 394 et
1119 367 1248 396 stimulat
1267 369 1306 397 ad
1324 372 1495 406 peccatum;
1523 373 1660 399 naturam
1683 378 1775 404 vere,

996 413 1068 449 quia
1088 422 1208 442 carnem
1227 415 1335 451 inficit,
1358 419 1447 453 prout
1471 419 1514 446 est
1532 418 1712 454 principium
1736 417 1776 445 ad

996 459 1119 488 alteram
1146 470 1275 490 carnem.
1306 463 1363 491 Sed
1391 464 1479 492 beata
1504 465 1593 500 Virgo
1620 465 1651 492 in
1678 464 1776 500 prima

995 507 1239 542 sanctificatione,
1256 518 1323 546 quae
1337 510 1391 538 fuit
1406 511 1436 538 in
1451 513 1552 546 utero,
1567 512 1711 540 mundata
1722 512 1776 540 suit

995 554 1033 581 ab
1049 554 1186 590 originali
1201 558 1340 592 peccato,
1360 556 1390 584 in
1413 560 1558 593 quantum
1573 557 1667 586 fomes
1682 559 1776 595 respi-

995 601 1032 628 cit
1048 609 1208 637 personam
1227 610 1326 638 suam,
1351 603 1422 639 quia
1437 604 1511 632 nihil
1525 605 1555 632 in
1571 612 1700 640 persona
1722 613 1775 633 sua

993 648 1184 683 purgandum
1198 649 1348 677 remansit.
1366 652 1397 678 ln
1412 651 1544 678 secunda
1559 659 1631 679 vero
1646 651 1775 679 sanctifi-

994 694 1123 729 catione,
1141 703 1207 731 quae
1232 696 1287 724 fuit
1302 697 1424 733 quando
1440 698 1562 734 Spiritus
1585 700 1702 726 sanctus
1726 707 1775 726 su-

993 741 1126 776 pervenit
1140 742 1172 769 in
1187 750 1270 778 eam,
1290 746 1417 779 purgata
1430 744 1485 772 fuit
1500 752 1518 772 a
1539 744 1640 772 fomite
1653 766 1662 779 ,
1686 746 1775 780 prout

993 787 1055 822 ipse
1076 788 1170 816 fomes
1191 789 1309 826 respicit
1330 792 1467 819 naturam
1491 791 1522 818 in
1550 791 1772 827 comparatione

993 834 1032 861 ad
1047 835 1164 870 prolem
1178 837 1407 872 propagandam
1418 859 1427 872 ,
1449 846 1511 865 non
1531 846 1621 874 opere
1645 839 1773 873 naturoe,

993 881 1046 908 sed
1058 890 1146 917 opere
1160 883 1282 918 Spiritus
1294 884 1397 912 sancti.
1414 886 1555 912 Remotus
1568 885 1647 912 enim
1662 885 1715 912 fuit
1730 893 1773 912 es-

993 928 1153 956 sentialiter
1167 938 1174 956 :
1190 931 1311 966 propter
1326 931 1409 966 quod
1424 939 1493 967 pars
1503 931 1542 959 ab
1556 939 1591 959 ea
1606 932 1773 967 separanda

993 974 1023 1002 in
1039 983 1146 1011 corpus
1159 976 1276 1011 Christi,
1300 977 1374 1005 nihil
1389 978 1495 1006 habuit
1510 978 1546 1006 dc
1561 978 1663 1006 fomite
1674 1000 1683 1013 ‚
1699 979 1774 1006 sicut

993 1029 1047 1049 nec
1062 1024 1165 1050 mater.

1028 1071 1100 1096 Nota
1115 1070 1247 1098 similiter
1263 1079 1298 1098 ex
1323 1071 1490 1107 prfedictis,
1517 1075 1544 1100 et
1567 1080 1602 1100 ex
1626 1073 1773 1108 sequenti-

993 1115 1069 1150 bus,
1091 1116 1175 1152 quod
1196 1117 1283 1145 beata
1305 1118 1413 1153 Virgo,
1435 1127 1471 1146 ex
1488 1119 1586 1154 prima
1608 1119 1771 1147 sanctifica-

992 1162 1082 1196 tione,
1098 1164 1263 1192 excellebat
1277 1165 1403 1200 puritate
1419 1173 1523 1193 omnes
1539 1166 1717 1202 baptizatos3
1735 1176 1771 1194 ex

993 1209 1222 1238 sanctificatione
1247 1212 1378 1239 secunda
1390 1233 1399 1246 ,
1426 1212 1589 1240 excellebat
1613 1213 1771 1248 puritatem

992 1256 1062 1284 Adae
1072 1277 1080 1292 ,
1097 1265 1189 1293 quam
1203 1258 1308 1285 habuit
1322 1261 1389 1286 ante
1404 1262 1576 1295 peccatum3
1593 1268 1646 1296 per
1661 1261 1770 1289 confir-

992 1304 1175 1337 mationem,
1201 1305 1367 1333 excellebat
1389 1307 1548 1342 puritatem
1569 1308 1745 1343 angelorum
1764 1318 1769 1336 :

993 1350 1136 1385 quoniam
1159 1351 1201 1378 illi
1224 1359 1279 1379 nec
1299 1360 1429 1380 crescere
1451 1356 1574 1389 possunt
1596 1354 1626 1381 in
1648 1356 1771 1390 praemio

992 1396 1196 1431 substantiali,
1213 1398 1272 1425 sive
1293 1399 1458 1434 essentiali,
1480 1401 1553 1428 sicut
1574 1409 1629 1429 nec
1656 1402 1771 1429 decres-

992 1452 1076 1478 cere;
1094 1445 1146 1472 sed
1166 1445 1253 1473 beata
1272 1447 1360 1482 Virgo
1386 1448 1531 1483 proficere
1554 1449 1650 1485 potuit
1664 1449 1693 1476 in
1710 1458 1769 1477 me-

991 1491 1061 1525 rito,
1080 1493 1107 1518 et
1120 1499 1181 1518 non
1197 1492 1334 1520 deficere.

1028 1537 1139 1565 Puritas
1154 1539 1254 1566 matris
1279 1540 1325 1567 Dei
1352 1540 1405 1567 suit
1425 1542 1633 1577 quadruplex,
1657 1543 1687 1570 in
1710 1552 1771 1579 qua

991 1584 1074 1611 nulla
1090 1586 1223 1612 creatura
1235 1586 1291 1613 sibi
1304 1587 1412 1622 poterit
1424 1589 1603 1624 comparari.
1616 1589 1712 1617 Prima
1728 1592 1770 1617 cst

990 1632 1101 1666 puritas
1127 1632 1365 1660 sanctificationis
1385 1634 1415 1661 in
1444 1637 1539 1662 utero.
1565 1636 1664 1663 Omnis
1689 1636 1768 1664 enim

989 1678 1141 1705 rationalis
1158 1680 1297 1706 creaturae
1312 1680 1438 1715 puritas,
1456 1682 1503 1708 vel
1527 1684 1568 1709 est
1583 1684 1711 1717 naturae,
1738 1686 1769 1711 ut

990 1724 1020 1751 in
1044 1725 1175 1759 angelis,
1196 1725 1243 1752 vel
1261 1728 1303 1753 est
1325 1727 1424 1761 gratiae
1439 1728 1528 1762 gratis
1552 1729 1643 1764 datae,
1661 1732 1692 1756 ut
1706 1730 1770 1763 {fuit

989 1771 1157 1799 innocentia
1171 1772 1259 1807 primi
1274 1774 1364 1800 status
1379 1774 1523 1808 hominis;
1540 1775 1587 1802 vel
1603 1777 1645 1802 est
1668 1777 1767 1810 gratiae

990 1820 1106 1853 gratum
1119 1819 1267 1853 facientis,
1279 1821 1307 1846 et
1319 1820 1373 1847 ista
1389 1822 1431 1847 est
1445 1822 1543 1856 major
1558 1822 1623 1849 aliis
1638 1822 1765 1850 duabus.

990 1865 1069 1892 Unde
1084 1874 1152 1892 cum
1167 1866 1196 1893 in
1210 1866 1260 1893 illa
1275 1867 1371 1902 specie
1384 1867 1483 1901 gratiae
1498 1869 1689 1897 sanctificatio
1705 1878 1767 1898 ma-

987 1912 1037 1939 tris
1053 1912 1102 1939 Dei
1117 1912 1202 1940 fuerit
1216 1921 1370 1948 suprema,
1385 1916 1465 1949 patet
1480 1915 1564 1950 quod
1579 1916 1669 1943 vincit
1685 1917 1766 1952 puri-

988 1960 1077 1985 tatem
1093 1959 1190 1986 omnis
1211 1968 1292 1994 purae
1308 1962 1457 1988 creaturae.
1475 1962 1610 1989 Secunda
1625 1965 1667 1990 est
1681 1963 1767 1998 puri-

989 2006 1031 2032 tas
1046 2005 1220 2033 innocentiae
1243 2006 1273 2032 in
1288 2006 1362 2040 vita,
1380 2007 1410 2033 in
1430 2015 1490 2042 qua
1511 2008 1644 2035 similiter
1663 2017 1766 2037 omncs

989 2051 1104 2078 excellit
1121 2061 1127 2077 :
1144 2052 1215 2087 quia
1230 2052 1317 2079 beata
1333 2054 1419 2087 Virgo
1435 2053 1506 2081 vixit
1520 2055 1581 2081 sine
1603 2055 1682 2082 omni
1698 2064 1766 2091 pec—

989 2101 1065 2132 cato,
1082 2101 1109 2125 et
1123 2099 1180 2125 hoc
1196 2100 1326 2134 oportuit
1341 2108 1402 2126 csse
1418 2100 1555 2127 maximae
1570 2102 1680 2135 gratiae,
1697 2111 1764 2137 quze

988 2152 1049 2171 non
1064 2144 1161 2171 solum
1176 2145 1268 2179 ipsius
1283 2148 1419 2173 naturam
1434 2146 1608 2181 perficeret,
1631 2148 1682 2175 sed
1699 2157 1765 2176 eam

988 2199 1077 2226 supra
1091 2191 1187 2226 legem
1202 2194 1314 2219 naturce
1329 2195 1472 2228 corrnptae
1487 2194 1648 2221 extolleret.
1671 2196 1765 2223 Tertia

988 2239 1029 2264 est
1043 2237 1155 2273 puritas
1175 2238 1314 2273 virgineae
1339 2239 1495 2274 castitatis,
1519 2240 1549 2266 in
1568 2249 1628 2276 qua
1649 2242 1765 2270 excellit

988 2285 1015 2311 et
1031 2284 1161 2318 angelos,
1180 2287 1207 2311 et
1221 2284 1356 2312 homines
1370 2295 1376 2313 z
1394 2287 1517 2321 angelos
1533 2287 1665 2322 quidem,
1681 2289 1763 2323 quia,

987 2330 1149 2358 secundum
1165 2331 1376 2367 Hieronymum
1392 2334 1412 2366 ³,
1428 2333 1485 2360 hoc
1499 2334 1617 2361 retinuit
1635 2343 1689 2369 per
1703 2335 1762 2362 vir-

987 2379 1077 2404 tutem
1093 2378 1246 2413 castitatis,
1262 2380 1344 2414 quod
1357 2380 1386 2406 in
1402 2380 1513 2415 angelis
1529 2383 1570 2407 cst
1584 2381 1762 2408 necessitatis

986 2426 1110 2459 naturae3
1128 2425 1198 2452 item
1213 2427 1329 2453 excellit
1341 2427 1476 2454 homines
1487 2427 1518 2454 in
1532 2428 1600 2461 hoc,
1618 2428 1687 2463 quia
1703 2428 1762 2463 pri-
1798 2452 1801 2454 .

986 2479 1069 2498 mum
1086 2472 1237 2507 exemplar
1253 2472 1306 2500 fuit
1324 2473 1412 2508 hujus
1428 2474 1598 2508 integritatis
1613 2475 1620 2490 ³
1639 2484 1644 2501 :
1663 2475 1762 2500 Addu-

986 2520 1077 2545 centur
1100 2521 1159 2552 reqz'
1178 2521 1297 2553 virqz'nes
1311 2524 1374 2555 post
1389 2530 1465 2556 eam,
1481 2524 1533 2549 etc.
1561 2523 1701 2548 Praeterea
1716 2529 1761 2548 os-

985 2565 1113 2592 tenditur
1132 2565 1209 2592 istud
1230 2566 1288 2593 alia
1311 2567 1424 2594 ratione
1448 2577 1454 2594 :
1481 2568 1550 2603 quia
1574 2576 1691 2594 summa
1720 2571 1761 2595 est

987 2627 1114 2657 Liturgiae.
1124 2640 1153 2644 —
1170 2629 1173 2638 ³
1188 2628 1302 2658 Hieron„
1315 2629 1349 2652 ad
1358 2629 1458 2653 Paulin.
1472 2632 1494 2653 et
1506 2629 1634 2660 Ennoea„
1648 2630 1720 2660 epist.
1734 2637 1759 2653 x.

986 2676 1015 2680 --
1028 2663 1037 2678 ³
1050 2663 1202 2693 Pms.x1.1v‚
1223 2665 1256 2687 1³.
