2004 3037
53 443 156 468 Dextera,

53 475 74 495 et
93 473 160 495 siuis-

53 506 95 526 tra.

69 1004 157 1024 atauus.

69 1660 163 1686 D1g=tu³.

174 174 213 206 56

173 241 214 269 ait
228 240 236 258 ¹
249 249 256 269 :
272 241 309 269 Et
329 249 416 276 nunc,
431 242 544 270 Domine
557 242 644 276 Deus,
659 243 708 278 qui
726 242 849 271 eduxisti
866 251 953 280 popu-

174 288 231 315 lum
245 290 321 315 tuum
335 288 368 315 de
383 289 455 315 terra
477 289 588 322 AEyypti
610 289 641 316 in
654 296 738 316 manu
751 290 838 326 forti,
853 292 879 318 et
892 291 952 318 bra-

173 335 233 362 chio
246 336 364 362 extento.
379 333 448 362 ideo
461 334 561 362 autem
571 333 660 363 Filius
674 334 782 363 dicitur
795 335 952 366 brachium

174 381 236 416 Dei,
251 381 322 418 quia
336 382 470 410 creatura
482 381 573 410 electa
587 382 626 410 ab
640 382 707 419 ipso
722 383 897 413 continetur.

210 430 333 457 Dextera
346 427 438 456 Patris
451 428 622 465 unigenitus
636 429 726 458 Filius
740 431 898 468 accipitur;
915 432 952 461 de

174 483 235 512 quo
264 474 295 502 in
325 473 442 502 Psalmo
470 474 577 504 dicitur
604 484 641 504 ex
668 485 796 513 persona
823 478 953 507 hominis

174 522 316 558 assumpti
329 522 340 538 ²
357 531 363 549 :
383 523 500 550 Deoetera
515 524 623 551 Domini
636 525 702 558 fecit
723 526 873 560 virtutem,
889 526 953 554 desc-

174 573 233 597 tera
257 570 368 597 Domini
390 570 524 597 exaltavit
544 578 594 598 me.
619 570 708 599 Aliter
734 579 806 600 vero
832 572 954 602 dextera

174 616 289 645 Domini
302 616 458 652 [significat
480 617 608 653 gloriam
627 619 738 653 Patris,
760 622 787 647 et
813 621 954 648 aeternam

173 663 405 699 beatitudinem
425 664 463 692 de
487 672 548 700 quo
572 664 680 692 dicitur
702 665 733 693 in
754 666 890 702 Psalmo,
917 675 953 695 ex

172 719 302 748 persona
315 712 416 747 Patris,
433 712 473 740 ad
486 712 630 741 Filium³t
645 713 712 742 Sede
727 722 744 741 a
757 714 862 742 deaetris
877 717 952 742 meis.

173 758 281 786 Dicitur
296 759 395 786 autem
408 760 436 787 et
450 758 572 788 dextera
587 760 637 788 Dei
653 760 750 788 omnis
767 761 860 790 electa
874 769 954 790 crea-

173 807 239 834 tura
253 805 284 833 in
301 805 375 834 coelo
389 807 417 834 et
431 805 462 834 in
480 808 557 834 terra
574 816 580 834 :
601 807 642 834 sic
660 815 715 844 per
728 807 877 836 sinistram
892 809 955 843 ejus

172 852 344 888 intelligitur
363 853 493 889 reproba
513 855 662 889 creatura,
679 854 709 882 id
732 857 789 890 est,
805 855 956 884 doemones

173 902 201 927 et
215 907 319 927 omnes
340 899 441 936 impii,
461 900 513 936 qui
537 900 576 928 ad
596 901 703 929 loevam
724 902 829 938 positi,
845 904 956 930 aeterna

173 945 319 982 supplicia
333 946 528 975 sustinebunt.

208 994 309 1021 Manus
339 994 429 1021 Patris
455 993 544 1021 Filius
574 994 623 1022 Dei
652 995 806 1031 accipitur,
837 1003 891 1031 pro
919 1003 955 1023 eo

172 1039 253 1076 quod
273 1048 326 1076 per
352 1039 450 1076 ipsum
476 1041 576 1068 omnia
601 1043 669 1068 sunt
692 1041 787 1076 facta,
813 1041 887 1069 sicut
913 1044 956 1070 est

172 1086 301 1122 reperire
316 1086 347 1114 in
362 1086 436 1114 isaia
446 1088 474 1113 ⁸:
489 1087 587 1114 Omnia
597 1087 650 1115 hoec
665 1095 761 1115 manus
775 1095 832 1115 mea
844 1090 956 1122 s2·c1't‚et

171 1142 220 1168 per
232 1141 289 1161 eam
299 1134 445 1166 factasunt
463 1135 563 1161 omnia.
580 1125 644 1162 Alia
657 1134 690 1169 (a)
705 1142 776 1162 vero
790 1142 896 1162 manus
908 1136 956 1163 Dei

172 1182 301 1216 potestas
322 1180 384 1215 ejus
404 1179 600 1215 intelligitur,
622 1180 658 1208 (le
681 1189 741 1217 qua
764 1183 906 1217 potestate
927 1182 956 1209 in

173 1227 250 1255 libro
275 1227 425 1254 Hieremiae
448 1227 555 1255 dicitur
568 1229 578 1243 ⁵
595 1236 601 1255 z
627 1229 702 1255 Sicut
718 1230 804 1255 lutum
824 1230 853 1255 in
877 1237 957 1256 manu

173 1275 269 1309 figuli,
294 1275 336 1300 ita
352 1282 398 1301 vos
420 1275 448 1301 in
464 1281 547 1301 manu
561 1283 631 1309 mea,
651 1275 746 1302 domus
765 1276 859 1302 lsrael.
886 1276 956 1302 item

174 1328 281 1348 manus
306 1320 422 1348 Domini
442 1320 596 1356 flagellum
621 1321 783 1357 accipitur,
809 1321 846 1349 de
874 1321 958 1357 cujus

174 1366 364 1402 percussione
391 1367 421 1394 in
455 1367 608 1403 sophonia
642 1368 787 1404 Propheta
816 1368 957 1404 scriptum

175 1414 238 1441 estss
256 1423 262 1441 :
288 1414 441 1441 Eoetenclam
466 1422 575 1441 manum
597 1422 681 1442 meam
702 1423 782 1450 super
800 1415 918 1447 Judam,
934 1418 959 1442 et

175 1468 255 1496 super
274 1461 426 1488 habitantes
448 1462 614 1493 Jerusalem,
640 1464 664 1488 et
687 1461 844 1496 disperdam
859 1462 959 1489 deloco

176 1508 222 1534 hoc
243 1508 374 1542 reliquias
397 1508 475 1534 Baal.
496 1509 550 1535 Pro
571 1515 631 1544 qua
654 1507 742 1535 etiam
759 1508 873 1535 Domini
893 1516 959 1544 per-

177 1554 312 1582 cussione
331 1553 435 1581 beatus
458 1554 513 1581 Job
531 1553 568 1581 de
591 1554 656 1590 ipso
681 1555 720 1582 ait
733 1555 743 1571 ⁷
760 1563 766 1581 :
784 1555 882 1581 Manus
910 1557 958 1582 Do-

179 1603 249 1628 mini
262 1602 356 1634 tetigit
372 1609 421 1627 me.

216 1647 326 1683 Digitus
348 1647 462 1674 Domini
486 1647 674 1683 singulariter
700 1648 822 1684 Spiritus
844 1650 961 1675 sanctus

180 1695 339 1731 accipitur,
363 1702 380 1721 a
399 1702 459 1730 quo
475 1694 582 1730 Spiritu
602 1697 702 1722 sancto
724 1695 771 1722 lex
792 1695 820 1722 in
845 1695 963 1723 duabus

181 1741 290 1769 tabulis
303 1740 428 1776 lapideis
443 1741 473 1767 in
489 1743 589 1768 monte
605 1741 683 1769 Sinai
695 1742 802 1777 scripta
815 1744 961 1769 narratur.

182 1789 244 1823 lpse
268 1787 348 1814 enim
368 1787 500 1822 scripsit,
525 1787 575 1823 qui
599 1787 757 1815 scribenda
778 1788 916 1822 dictavit,
932 1788 963 1816 id

183 1836 239 1868 est,
262 1833 384 1869 Spiritus
407 1835 533 1861 sanctus.
556 1835 593 1860 De
613 1842 673 1869 quo
696 1833 802 1869 Spiritu
824 1835 964 1862 Dominus

183 1880 212 1907 in
238 1879 397 1915 Evangelio
413 1880 446 1907 ⁸:
471 1880 501 1907 Se?
519 1880 551 1915 (b)
579 1888 624 1914 eqo
650 1882 678 1907 in
703 1881 790 1915 tltflito
815 1883 864 1908 Dei
886 1882 964 1916 ejicio

184 1927 327 1954 damonia.
356 1926 440 1960 Quod
463 1926 538 1953 alius
558 1926 647 1953 etiam
668 1927 848 1962 evangelista
867 1931 965 1964 aperte

185 1973 354 2006 declarem,
380 1972 419 2000 ait
442 1975 452 1988 ἓ*
472 1982 478 1999 ;
505 1973 535 1999 δι’
559 1981 605 2007 <290
630 1975 660 1999 in
684 1974 791 2008 Spiritu
815 1975 866 2001 Dei
888 1975 966 2009 ejicio

185 2020 326 2047 doemom'a.
343 2019 421 2046 Sicut
437 2019 515 2046 enim
528 2019 637 2054 digitus
651 2027 720 2046 cum
737 2027 826 2047 manu
843 2020 889 2048 vel
902 2021 965 2048 hra-

187 2066 270 2100 chio,
290 2073 395 2093 manus
418 2073 489 2093 vero
512 2066 556 2093 vel
578 2066 734 2094 brachium
755 2075 823 2094 cum
842 2076 967 2104 corpore

187 2115 255 2140 sunt.
278 2112 308 2139 in
324 2115 429 2140 natura
446 2120 559 2147 unum;
581 2113 619 2140 ita
643 2114 738 2147 Pater,
763 2116 791 2141 et
813 2114 916 2148 FiliuS‚
943 2118 969 2143 ct

188 2159 309 2194 Spiritus
323 2161 440 2186 sanctus
455 2161 512 2186 tres
527 2159 650 2194 quidem
665 2168 799 2195 personae
816 2164 893 2195 sunt,
909 2169 969 2189 una

190 2213 261 2232 vero
276 2205 439 2232 substantia
461 2205 630 2232 divinitatis.
651 2206 735 2241 Digiti
752 2207 800 2234 Dei
817 2207 970 2242 pluraliter

191 2251 282 2278 sancti
296 2250 501 2285 intelliguntur
514 2252 675 2287 propheta»,
690 2261 744 2287 per
759 2261 834 2288 quos
849 2254 970 2288 Spiritus

191 2299 309 2325 sanctus
320 2297 504 2332 librosltegis
519 2306 552 2325 ac
564 2298 776 2333 Prophetarum
786 2299 971 2334 suainspira-

193 2344 270 2371 tione
277 2343 415 2371 describit
426 2344 454 2378 (c)
464 2353 472 2378 ;
485 2344 522 2371 de
536 2344 644 2379 quibus
655 2344 761 2372 dicitur
772 2345 802 2372 in
810 2346 926 2373 Psalmo
938 2346 970 2373 ¹⁰:

144 2408 148 2412 ,
195 2391 297 2417 videbo
320 2391 394 2417 coelos
417 2393 490 2422 tuos,
512 2398 593 2425 opera
613 2391 762 2425 digitorum
783 2394 899 2420 tuorum.
922 2394 973 2420 Per

229 2487 232 2498 ¹
247 2486 347 2513 Mrem,
364 2491 447 2514 xxxu,
465 2487 545 2509 17.—
563 2487 572 2502 ‘²
587 2486 656 2509 Psal.
673 2493 751 2516 cxvii,
774 2488 810 2510 10.
829 2500 859 2504 —
877 2488 885 2501 ³
904 2487 972 2511 J'sal.

197 2526 253 2551 cix,
278 2524 298 2545 1,
316 2534 347 2538 —
367 2521 376 2537 ⁴
397 2522 456 2550 Isa.,
479 2527 555 2551 vai,
575 2524 597 2545 2.
614 2535 643 2539 —
663 2523 673 2538 ⁵
691 2523 791 2552 levem,
812 2529 886 2553 xviii,
904 2525 926 2546 (i.
944 2536 974 2540 —

197 2558 205 2569 ⁶
218 2556 334 2586 Sophon„
352 2562 369 2586 1,
386 2557 407 2580 ιἰ.
423 2570 453 2574 —-
469 2557 475 2569 ⁷
489 2556 543 2586 Job,
559 2563 613 2586 xix,
626 2560 664 2581 21.
679 2570 708 2574 —
730 2559 738 2571 ¹⁹
755 2558 822 2587 Luc„
838 2564 873 2588 xi,
889 2560 927 2582 20.
947 2572 972 2575 —

229 2602 259 2631 (a)
280 2602 336 2632 Leq.
353 2602 471 2627 Aliter.-
488 2602 521 2633 (ὁ)
539 2603 599 2627 Caet.
615 2603 675 2627 edit.
695 2604 767 2627 deest
783 2604 853 2627 St}-
870 2604 901 2635 (c)
917 2604 973 2635 Leq.

198 2637 339 2669 descripsit.

763 173 904 208 SUMMA
925 176 976 208 DE
998 176 1204 211 ESSENTIA.

1009 245 1101 274 coelos
1119 247 1200 276 enim
1220 247 1314 277 libros
1333 249 1415 286 Legis
1435 257 1470 277 ac
1491 248 1722 291 Prophetarum,
1736 258 1792 287 per

1009 292 1117 329 digitos
1135 303 1205 324 vcro
1221 297 1354 332 sanctos,
1375 299 1409 325 ut
1429 296 1543 324 dictum
1557 298 1618 332 est,
1632 297 1791 334 prophetas

1009 341 1133 377 mystice
1147 341 1317 372 insinuavit.

1045 389 1146 424 Imago
1166 389 1216 417 Dei
1230 389 1320 418 Patris
1333 389 1502 425 invisibilis,
1517 390 1687 426 unigenitus
1702 390 1791 420 Filius
1826 391 1909 417 imago.

1010 434 1073 470 ejus
1085 435 1269 471 intelligitur,
1285 436 1322 465 de
1337 445 1398 473 quo
1413 436 1602 473 Apostolusu
1619 438 1730 473 :Imago
1741 438 1792 465 Dei

1009 483 1168 511 invisibilis.
1193 483 1282 511 Aliter
1299 491 1430 520 namque
1450 483 1551 520 imago
1571 483 1622 512 Dei
1646 484 1737 513 Patris
1760 483 1792 512 in

1010 529 1082 558 Filio
1098 538 1163 564 suo,
1179 538 1270 566 quem
1282 537 1344 558 non
1355 529 1487 564 aliunde,
1501 530 1555 558 sed
1569 538 1606 558 ex
1619 531 1790 568 semetipso,

1009 576 1067 604 hoc
1089 578 1146 612 est,
1163 585 1199 604 ex
1217 576 1382 605 substantia
1399 585 1453 605 sua
1469 585 1523 608 per
1542 577 1646 606 omnia
1665 577 1792 606 similem

1010 623 1067 651 sibi
1088 625 1117 652 et
1134 623 1282 660 aequalem
1301 623 1418 659 genuit3
1439 623 1523 652 aliter
1545 632 1617 652 vero
1641 625 1672 653 in
1692 625 1794 654 anima

1010 670 1158 706 hominis,
1173 679 1267 707 quam
1280 678 1342 699 non
1362 679 1399 699 ex
1418 679 1466 706 se,
1486 670 1524 699 de
1539 679 1594 700 sua
1611 671 1791 708 substantia,

1010 717 1085 746 sicut
1098 717 1234 754 plerique
1248 717 1377 746 haeretici
1391 717 1504 754 opinati
1518 719 1598 753 sunt,
1613 718 1726 754 genuit,
1739 719 1793 747 sed

1011 773 1048 793 ex
1069 764 1162 792 nihilo
1183 764 1301 792 creavit.
1322 764 1400 792 Sicut
1419 764 1504 792 aliter
1522 766 1566 794 est
1578 764 1680 802 imago
1695 766 1793 801 cujus-

1011 811 1084 840 libet
1109 811 1187 847 regis
1209 811 1241 839 in
1268 810 1332 839 filio
1357 811 1435 847 ejus,
1459 819 1551 847 quem
1566 819 1611 840 -ex
1632 812 1792 849 semetipso

1012 857 1141 885 similem
1164 857 1220 885 sibi
1242 857 1359 893 genuit,
1375 857 1407 885 id
1427 859 1485 891 est,
1504 857 1597 886 homo
1619 858 1792 894 hominem;

1013 904 1097 932 aliter
1111 912 1184 932 vero
1202 904 1232 932 in
1252 903 1382 939 annulo,
1398 904 1459 932 sive
1482 904 1512 932 in
1533 912 1600 932 cera
1614 904 1716 941 imago
1731 905 1795 941 eJus

1012 952 1170 988 impressa,
1187 960 1254 988 quae
1274 960 1336 980 non
1355 954 1397 979 est
1415 951 1499 988 quod
1522 952 1584 988 ipse
1600 961 1606 980 ι
1623 952 1664 980 sic
1686 952 1793 988 Filius,

1013 998 1064 1035 qui
1079 998 1250 1026 naturaliter
1264 1001 1306 1026 est
1320 999 1387 1033 hoc,
1402 998 1487 1035 quod
1502 1000 1530 1026 et
1544 1000 1636 1027 Pater.

1048 1047 1104 1074 Cor
1123 1046 1172 1074 Dei
1193 1045 1283 1073 Patris
1299 1053 1440 1074 arcanum
1463 1045 1526 1081 ejus
1545 1045 1693 1082 sapientiae
1715 1054 1795 1082 mys-

1014 1093 1067 1121 tice
1081 1093 1186 1128 innuit,
1203 1101 1239 1121 ex
1254 1101 1315 1129 quo
1331 1092 1470 1127 Verbum,
1481 1092 1512 1120 id
1527 1095 1579 1127 est,
1591 1092 1696 1120 Filium
1707 1101 1794 1121 suum

1013 1140 1234 1176 impassibiliter
1255 1140 1365 1176 genuit,
1382 1140 1448 1176 ipso
1463 1139 1578 1168 dicente
1595 1138 1612 1154 '²
1630 1149 1636 1167 :
1652 1141 1794 1168 Eructavit

1013 1196 1058 1215 cor
1072 1196 1159 1215 meum
1172 1188 1280 1215 verbum
1294 1187 1400 1214 bonum.

1835 1053 1887 1072 Cur.

1049 1235 1116 1263 Aias
1131 1234 1237 1263 dicitur
1251 1234 1361 1262 habere
1378 1235 1460 1268 Deus,
1476 1241 1531 1270 pro
1547 1241 1582 1261 eo
1598 1234 1693 1270 quod,
1710 1242 1794 1262 more
1835 1238 1887 1260 Ala.

1014 1281 1091 1315 avis,
1110 1281 1218 1309 clectos
1233 1288 1302 1308 suos
1317 1281 1461 1316 tanquam
1474 1279 1574 1316 pullos
1589 1280 1644 1308 sub
1658 1288 1689 1308 se
1704 1280 1794 1314 fovet,

1014 1331 1042 1356 et
1070 1328 1107 1356 ab
1132 1327 1246 1355 insidiis
1272 1327 1385 1355 diaboli
1411 1329 1439 1354 et
1462 1326 1611 1355 malorum
1636 1327 1794 1355 hominum

1014 1375 1151 1412 protegit.
1169 1375 1250 1403 Unde
1273 1374 1419 1411 Propheta
1434 1376 1456 1392 ¹³
1475 1384 1480 1402 :
1504 1375 1557 1403 Sub
1580 1375 1674 1402 umbra
1687 1376 1795 1402 alarum

1016 1426 1125 1450 tuarum
1134 1425 1244 1457 proteqe
1259 1431 1309 1450 me.
1584 1434 1602 1441 ο

1051 1469 1191 1505 Scapulas
1219 1469 1328 1496 habere
1355 1468 1481 1502 dicitur,
1505 1468 1650 1504 quoniam
1678 1467 1797 1496 infirma
1811 1477 1918 1504 scapula.

1016 1516 1152 1544 membra
1167 1516 1196 1543 in
1211 1515 1339 1551 scapulis
1358 1516 1473 1551 portat,
1488 1515 1563 1542 sicut
1577 1514 1608 1542 in
1622 1515 1737 1543 Psalmo
1751 1516 1771 1532 ¹⁸
1789 1524 1795 1543 ;

1017 1565 1140 1598 Scapulis
1156 1565 1212 1590 suis
1228 1564 1392 1590 obumbrabit
1408 1563 1469 1589 tibi.

1054 1612 1158 1638 Venter
1174 1610 1221 1637 Dei
1237 1612 1347 1637 secreta
1362 1610 1446 1644 origo
1462 1608 1631 1636 substantiae
1646 1609 1710 1644 ejus
1723 1608 1797 1636 acci-
1830 1622 1917 1642 veniet.

1017 1658 1106 1694 pitur.
1119 1657 1199 1684 t'nde
1215 1656 1245 1684 in
1261 1657 1376 1684 Psalmo
1390 1657 1409 1672 ¹⁵
1423 1658 1485 1684 :Ex
1494 1659 1570 1683 utero
1583 1659 1646 1683 ante
1656 1657 1797 1688 luciferum

1019 1706 1100 1739 (Jenui
1123 1707 1156 1730 te.
1185 1703 1273 1731 Aliter
1293 1711 1346 1739 per
1365 1705 1482 1730 uterum
1503 1702 1550 1730 Dei
1572 1702 1797 1738 incomprehen-

1019 1750 1118 1778 sibilia
1130 1750 1243 1785 judicia
1258 1750 1318 1784 Dei,
1336 1758 1401 1785 quae
1422 1750 1522 1777 rimari
1536 1751 1698 1785 nequeunt,
1718 1758 1798 1785 mys—

1020 1798 1074 1825 tice
1094 1797 1299 1831 insinuantur;
1325 1796 1361 1824 de
1386 1804 1446 1832 quo
1466 1796 1582 1824 occulto
1599 1795 1712 1831 judicio
1736 1796 1799 1831 ejus

1021 1844 1051 1870 in
1066 1843 1144 1871 libro
1155 1843 1210 1871 Job
1223 1843 1365 1879 scriptum
1375 1845 1417 1870 est
1430 1843 1464 1869 ¹⁶:
1478 1843 1515 1869 De
1525 1842 1600 1876 cujus
1613 1845 1688 1869 utero
1696 1850 1801 1876 eqressa

1021 1894 1058 1918 cst
1073 1892 1184 1925 qlacz'cs,
1200 1893 1225 1917 et
1240 1891 1301 1924 qelu
1313 1890 1345 1917 de
1359 1891 1420 1916 coelo
1435 1891 1495 1924 quis
1509 1890 1602 1923 genuit
1615 1891 1628 1915 ἱ)

1059 1937 1221 1965 Posteriora
1241 1937 1305 1964 Filii
1321 1937 1369 1964 Dei
1391 1935 1555 1964 incarnatio
1571 1935 1634 1971 ejus
1649 1935 1801 1971 accipitur,

1845 1947 1920 1966 Poste-

1022 1984 1058 2011 de
1070 1992 1131 2020 qua
1144 1983 1300 2019 posteriori
1316 1985 1397 2019 parte
1408 1982 1495 2010 Filius
1511 1983 1540 2010 in
1556 1984 1656 2010 monte
1671 1982 1751 2010 Sinai
1763 1982 1802 2010 ad
1818 1977 1882 1998 ‘5⁰³-

1022 2033 1140 2067 Moysen
1154 2039 1208 2066 per
1223 2031 1368 2066 Angelum
1384 2031 1525 2066 loquens,
1542 2030 1581 2058 ait
1595 2031 1614 2047 ¹⁷
1629 2039 1635 2057 :
1653 2031 1803 2058 Posteriora

1024 2086 1081 2105 mea
1092 2078 1204 2108 ridebis,
1217 2079 1315 2111 faciem
1327 2080 1417 2104 autem
1430 2085 1513 2104 meam
1526 2076 1616 2104 ridere
1627 2085 1677 2104 non
1689 2079 1801 2112 poteris.

1061 2124 1152 2152 Pedes
1178 2124 1226 2152 Dei
1255 2123 1488 2152 stabilimentum
1517 2123 1631 2151 virtutis
1660 2123 1739 2157 ejus,
1767 2131 1803 2151 eo

1025 2170 1108 2207 quod
1123 2171 1235 2207 ubique
1256 2178 1399 2206 praesens,
1416 2173 1441 2197 et
1462 2169 1601 2197 universa
1624 2169 1650 2197 ei
1672 2169 1805 2204 subJeeta

1025 2220 1102 2251 sunt,
1117 2217 1168 2244 illo
1179 2217 1244 2252 ipso
1256 2217 1368 2244 dicente
1384 2224 1437 2251 per
1451 2216 1556 2243 lsaiam
1572 2215 1749 2251 Prophetam
1765 2216 1783 2233 ¹⁸
1796 2225 1802 2243 ε

1028 2265 1125 2291 Coelum
1137 2264 1206 2290 mihi
1220 2263 1294 2290 sedes
1309 2266 1357 2297 est,
1369 2266 1441 2289 terra
1454 2265 1543 2288 autem
1552 2262 1694 2289 scabellum
1707 2262 1804 2296 pedum

1027 2318 1152 2337 meorum.
1179 2309 1264 2336 Aliter
1286 2308 1377 2344 pedes
1397 2307 1458 2335 Filii
1485 2307 1534 2335 Dei
1555 2307 1717 2335 incarnatio
1743 2309 1805 2344 eJus

1028 2356 1209 2391 intelligitur,
1223 2363 1288 2391 quae
1301 2354 1445 2382 divinitati
1459 2354 1591 2389 subJ'ecta
1607 2356 1650 2381 est
1663 2356 1806 2390 tanquam

1029 2403 1115 2438 capiti
1144 2401 1251 2438 pedes,
1280 2401 1354 2429 sicut
1382 2409 1434 2437 per
1459 2404 1546 2436 eaput
1570 2400 1724 2435 divinitaS‚
1753 2409 1806 2436 per

1030 2450 1121 2485 pedes
1136 2449 1198 2483 ejus
1218 2449 1391 2484 exprimitur
1415 2447 1592 2475 humanitas.
1614 2448 1652 2474 De
1667 2446 1804 2474 humani-

1035 2538 1038 2544 ’
1054 2534 1155 2562 ΜαιτΙι.,
1169 2539 1216 2562 xii.
1232 2534 1270 2557 28.
1290 2547 1315 2549 —
1339 2534 1355 2546 '⁰
1374 2532 1441 2556 Psal,
1459 2537 1515 2562 viii,
1536 2533 1558 2555 4.
1575 2544 1605 2548 -
1627 2532 1643 2544 ¹¹
1661 2531 1767 2561 Coloss..
1787 2539 1804 2561 ι,

1032 2572 1068 2594 15.
1084 2583 1108 2586 ψ
1126 2570 1141 2583 ¹²
1157 2569 1224 2593 Psal.
1241 2574 1311 2599 xmv,
1331 2571 1352 2591 1.
1363 2581 1392 2584 —
1406 2568 1426 2583 ¹³
1440 2567 1507 2591 Psal.
1520 2573 1562 2598 xv,
1576 2567 1600 2591 8.
1613 2579 1643 2584 -
1661 2567 1678 2583 ¹⁸
1689 2566 1749 2590 Psal
1763 2574 1804 2595 xc,

1032 2607 1053 2629 si.
1066 2619 1096 2622 —
1110 2606 1128 2621 ¹⁵
1140 2605 1207 2628 Psal.
1223 2610 1275 2633 cix,
1290 2606 1313 2627 3.
1324 2617 1354 2621 -—
1369 2604 1385 2616 '¹³
1395 2603 1450 2632 Job,
1465 2608 1577 2633 xxxvul,
1590 2603 1628 2626 29.
1643 2615 1668 2619 —
1687 2602 1704 2618 ¹⁷
1715 2602 1804 2631 Esocl„

1033 2647 1125 2671 xxxin,
1140 2641 1179 2664 23.
1194 2653 1223 2658 —
1241 2642 1257 2654 ¹*
1271 2639 1330 2669 Iso„
1347 2644 1416 2668 Lm,
1434 2641 1455 2662 1.

1847 2127 1923 2148 Pedes.
