2004 3037
366 285 416 319 DE
438 284 678 318 VIRTUTIBUS
699 283 959 317 THEOLOGICIS
981 283 1032 316 ET
1053 283 1355 317 CARDINALlBUS.
1378 284 1465 317 CAP.
1490 285 1545 317 111.

151 354 289 390 torchiis,
302 354 335 384 id
349 355 406 391 est,
424 353 536 383 lumine
547 352 691 382 naturalis
703 353 836 382 rationis,
847 351 929 381 Unde

153 402 224 432 dicit
235 401 407 431 Ambrosius
422 403 431 420 ²
449 410 457 430 ι
474 410 488 428 α
506 401 538 429 ln
550 399 595 428 his
610 408 676 436 quae
690 400 761 429 fidei
774 401 857 435 sunt,
870 400 930 436 pis-

153 449 303 478 catoribus
314 448 454 482 creditur,
470 455 532 476 non
545 446 714 475 dialecticis.
730 457 744 473 r>
762 448 800 475 De
815 447 872 475 hoc
887 446 929 475 lu—

151 497 248 532 mine,
277 496 324 525 vel
350 495 436 525 radio
463 495 549 530 fidei,
574 497 670 531 potest
693 494 817 530 intelligi
845 494 929 530 quod

152 543 258 572 dicitur
271 544 304 571 ²:
324 544 406 571 Dulce
429 543 531 575 lumen,
556 544 581 569 et
607 542 761 570 delectabile
782 544 821 569 est
846 542 930 569 oculis

151 591 243 619 videre
256 590 344 618 solem.
360 591 469 618 Tamen
482 590 564 624 nota,
578 589 663 625 quod
676 588 721 617 sol
735 596 797 616 non
813 587 930 616 videtur

150 637 182 666 in
199 636 322 674 propria
338 637 421 671 rota,
436 635 492 664 nisi
511 635 550 664 ab
573 635 674 672 aquila
691 645 697 664 :
717 635 759 663 sic
778 636 853 663 Deus
867 643 929 663 non

150 683 268 712 videtur
280 683 312 711 in
326 683 448 720 propria
457 682 591 718 essentia,
604 682 660 710 nisi
673 682 710 711 ab
726 682 826 711 anima
839 682 929 710 valde

152 730 270 766 devota,
287 732 315 759 et
327 730 433 767 pennis
449 729 707 771 contemplationis
721 729 845 758 elevata.
858 730 929 758 ltem

151 785 246 806 caecus
265 785 328 806 non
345 777 427 806 videt
446 777 559 812 solem,
581 777 634 805 scd
657 779 757 805 tamen
778 776 871 805 credit
888 776 931 805 vi-

151 824 249 860 denti;
274 832 336 853 non
358 825 440 852 videt
460 825 555 859 viam,
577 827 605 852 et
624 826 723 852 tamen
748 824 840 852 credit
863 824 929 852 cani

151 871 269 899 ducenti
279 881 288 906 3
304 879 358 900 nec
369 871 450 899 videt
464 871 565 899 locum
578 871 772 907 profundum,
788 872 815 899 et
828 872 929 899 tamen

151 918 243 946 eredit
257 918 365 946 baculo
387 919 532 954 tangenti,
548 920 576 946 et
596 918 737 946 tentanti:
760 918 800 946 ita
815 918 929 953 simpli-

151 973 209 997 ces,
226 965 297 1001 quia
311 973 365 1002 per
379 973 409 993 se
425 967 608 994 sacramenta
623 973 685 993 non
699 965 808 1000 vident,
824 965 928 993 viden-

150 1012 237 1046 tibus,
254 1012 286 1039 id
298 1014 350 1046 est,
365 1011 492 1048 praelatis
503 1014 531 1040 et
544 1012 713 1048 pastoribus
728 1012 789 1040 suis
804 1020 834 1039 se
849 1020 929 1040 com-

149 1058 263 1086 mittere
287 1058 412 1093 debent,
434 1058 508 1086 sicut
526 1067 619 1086 caecus
641 1059 794 1087 committit
808 1067 838 1086 se
858 1059 930 1087 due-

149 1104 219 1139 tori,
235 1106 263 1132 et
281 1105 355 1133 sicut
375 1105 439 1133 ovis
462 1105 616 1133 committit
634 1113 664 1133 se
683 1106 804 1142 pastori.
819 1107 929 1133 Tamen

149 1160 300 1179 summum
314 1152 482 1188 periculum
502 1154 559 1186 est,
579 1152 702 1188 quando
722 1152 778 1188 ipsi
796 1154 929 1189 pastores

149 1199 198 1227 vel
212 1199 348 1227 ductores
363 1199 429 1227 caeci
446 1201 513 1227 sunt
528 1201 555 1227 et
569 1199 753 1235 ignorantes,
770 1200 841 1236 quia
859 1200 929 1228 dicit

149 1246 256 1274 veritas
269 1246 281 1263 ³
298 1255 305 1274 :
321 1246 353 1273 Si
377 1255 458 1274 coecus
479 1255 542 1274 caeco
567 1247 692 1274 ducatum
704 1249 830 1282 praestet,
852 1247 928 1274 ambo

150 1293 179 1320 z'n
192 1294 299 1326 foveam
315 1293 426 1321 cadunt.

184 1340 256 1368 Item
278 1339 353 1368 fides
381 1340 476 1368 tribus
499 1340 564 1368 aliis
588 1342 794 1376 eomparatur,
819 1340 929 1368 scilicet

149 1386 296 1414 columnae
309 1387 524 1422 sacramentali,
541 1395 655 1415 aurorae
671 1386 814 1423 spirituali
830 1389 858 1415 et
868 1387 929 1415 luci

148 1433 347 1469 primordiali.
368 1433 453 1461 Fides
475 1441 605 1469 namque
628 1436 670 1461 cst
692 1434 766 1461 sicut
789 1433 929 1462 columna

148 1479 216 1514 illa,
238 1488 303 1516 quae
320 1480 508 1516 praecedebat
526 1481 674 1516 populum
694 1481 781 1508 lsrael
800 1481 831 1508 in
850 1481 929 1508 exitu

150 1526 187 1554 de
202 1528 338 1563 AEgypto.
351 1528 422 1554 Nam
433 1527 485 1555 illa
500 1535 535 1555 ex
546 1529 628 1563 parte
641 1527 729 1555 lsrael
742 1530 804 1555 erat
818 1528 928 1563 lucida,

150 1576 178 1601 et
199 1582 235 1602 ex
259 1576 341 1610 parte
365 1574 570 1610 AEgyptiorum
595 1575 768 1610 tenebrosa3
791 1576 832 1603 sic
855 1575 930 1604 fides

150 1620 338 1649 credentibus
357 1621 450 1655 lucet,
470 1623 497 1649 et
522 1621 694 1650 infidelibus
716 1624 758 1650 est
779 1622 927 1651 obscura:

151 1667 222 1703 quia
235 1668 292 1703 ipsi
306 1669 369 1694 sunt
383 1669 489 1695 rebelles
505 1669 620 1703 lumini,
638 1671 670 1696 ut
683 1669 789 1697 dicitur
804 1669 834 1697 in
847 1671 895 1697 Job
907 1669 927 1698 ⁶.

150 1714 235 1743 Fides
250 1714 339 1742 etiam
356 1716 397 1742 est
412 1714 487 1743 sicut
500 1723 609 1743 aurora
625 1725 632 1743 ε
648 1723 719 1744 nam
734 1716 807 1744 sicut
821 1716 873 1744 illa
888 1719 930 1745 est

149 1768 239 1789 exosa
252 1760 418 1789 latronibus
429 1783 438 1795 ‚
456 1762 497 1789 sic
512 1762 587 1791 fides
602 1763 707 1791 odiosa
723 1766 764 1791 est
784 1763 928 1791 daemoni-

149 1807 216 1842 bus,
228 1807 280 1844 qui
292 1810 359 1835 sunt
373 1808 502 1837 latrones
517 1809 694 1838 animarum.
712 1811 750 1838 De
764 1810 835 1846 ipsis
850 1811 929 1839 enim

151 1853 256 1882 dicitur
270 1855 279 1871 ⁵
292 1863 298 1882 ε
310 1855 341 1882 Si
354 1856 444 1882 subito
459 1858 620 1891 apparuerit
634 1865 744 1890 aurora,
759 1858 929 1885 arbitrantur

149 1901 270 1927 umbram
294 1903 397 1928 mortis.
428 1901 511 1930 Fides
537 1904 636 1931 autem
664 1904 858 1932 nihilominus
887 1907 930 1933 est

150 1946 225 1974 sicut
244 1949 295 1974 lux
314 1947 411 1983 primo
426 1950 523 1977 creata
537 1958 543 1976 :
560 1958 630 1977 nam
644 1950 718 1978 sieut
733 1951 784 1978 illa
798 1951 928 1987 primum

150 2001 226 2030 opus
236 1993 266 2021 in
276 1994 381 2029 majori
398 1995 522 2030 mundo,
539 1996 579 2023 sic
592 1996 666 2024 fides
681 1997 778 2032 prima
792 1997 884 2025 virtus
898 1998 928 2025 in

149 2040 258 2068 minori
273 2040 407 2076 mundo,
427 2041 484 2069 hoc
503 2044 546 2069 est
566 2042 598 2069 in
621 2043 711 2070 corde
727 2043 859 2071 humano
878 2053 884 2071 z
901 2046 929 2072 et

149 2086 218 2115 ideo
235 2095 303 2115 cum
322 2087 358 2115 sit
378 2087 576 2123 primogenita
587 2111 595 2124 ,
613 2089 777 2125 specialiter
792 2090 928 2118 benedici

150 2135 292 2167 meretur,
315 2134 388 2162 sicut
411 2135 524 2170 antiqui
545 2135 743 2171 primogenita
768 2136 928 2164 benedice-

149 2180 230 2208 bant.
247 2180 328 2216 Unde
342 2180 448 2209 dicitur
461 2181 498 2209 de
513 2182 623 2210 talibus
637 2183 646 2199 ⁶
660 2192 666 2210 ε
682 2183 735 2216 Quz·
749 2191 782 2210 ea:
792 2184 845 2218 fide
855 2187 928 2218 sunt,

150 2227 337 2255 benedicentur
352 2236 411 2255 cum
425 2228 501 2262 fideli
516 2229 665 2256 Abraham.

186 2274 256 2302 Item
268 2276 356 2308 nota,
372 2274 455 2310 quod
468 2274 542 2303 fides
554 2275 593 2303 ad
607 2276 678 2311 hoc,
696 2276 778 2311 quod
793 2276 827 2304 sit
847 2284 928 2304 com-

150 2320 346 2355 mendabilis‚
366 2321 454 2348 debet
471 2321 582 2349 habere
604 2322 674 2357 tria,
690 2323 798 2350 scilicet
818 2323 928 2350 veridi-

151 2375 216 2395 cam
232 2367 462 2404 confessionem,
478 2369 668 2404 magnificam
684 2370 885 2403 devotionem,
902 2372 929 2398 et

152 2414 326 2442 catholicam
332 2415 546 2450 professionem
555 2416 599 2451 (α).
609 2416 705 2444 Primo
715 2424 786 2451 ergo
793 2416 867 2444 fides
874 2416 927 2443 de-

152 2460 202 2488 bet
213 2461 322 2489 habere
337 2462 500 2490 veridicam
516 2463 745 2498 confessionem,
763 2464 881 2498 scilicet,
897 2466 929 2492 ut

152 2515 256 2534 verum
269 2508 356 2541 dicat,
372 2516 408 2536 ne
423 2509 505 2537 aliud
519 2510 607 2544 dicat,
624 2510 706 2538 aliud
722 2511 831 2545 credat,
845 2511 928 2539 aliter

151 2553 249 2582 vivat:
266 2556 299 2581 ut
322 2554 430 2583 scilicet
452 2556 526 2584 fides
550 2557 586 2584 sit
606 2557 693 2592 viva,
708 2565 770 2585 non
791 2559 906 2585 mortua
918 2567 926 2592 ,·

151 2608 238 2634 vera,
260 2608 321 2629 non
335 2601 412 2629 ficta.
430 2604 484 2630 Res
499 2603 578 2631 enim
600 2606 718 2632 mortua
731 2605 850 2640 proprie
865 2613 926 2632 non

185 2676 189 2691 ¹
211 2675 340 2705 Amblos„
356 2675 384 2698 de
402 2676 469 2703 Feta,
487 2677 529 2701 lib.
548 2679 571 2708 1,
588 2686 609 2702 c.
632 2684 654 2702 v.
673 2691 702 2696 -
724 2679 731 2692 ²
744 2678 834 2707 Eecse„
850 2685 887 2708 XI,
903 2680 925 2702 7.

151 2724 180 2727 —
194 2710 204 2727 3
217 2710 318 2741 Manli„
333 2716 375 2740 xv,
396 2713 431 2735 14.
445 2724 474 2729 —
489 2712 498 2728 ⁶
513 2713 568 2743 Job,
583 2719 652 2743 xxW,
672 2716 707 2738 13,
723 2728 753 2732 -
771 2715 780 2730 ⁵
797 2714 870 2744 ibid„
890 2715 925 2738 17.

149 2758 179 2764 -—
194 2746 202 2760 ⁸
218 2745 285 2776 Gal„
301 2752 345 2777 111,
362 2747 385 2770 7.
398 2747 618 2779 —7T2't.,1,1‹2·.
634 2762 664 2766 -
682 2749 691 2765 ⁸
707 2750 777 2778 Gen..
792 2755 834 2779 xv,
853 2751 875 2774 6.
896 2762 926 2767 -

1706 287 1764 318 297

988 353 1031 381 est
1044 359 1101 387 res,
1117 352 1174 380 nisi
1185 352 1334 390 aequivoce
1342 362 1351 388 3
1363 352 1439 381 sicut
1451 353 1544 382 homo
1558 354 1693 382 mortuus
1704 359 1767 382 non

987 400 1031 427 est
1043 399 1144 428 homo.
1163 401 1218 428 Res
1234 400 1322 428 etiam
1344 399 1413 428 ficta
1433 407 1495 428 non
1514 402 1557 429 est
1578 400 1699 437 proprie
1721 400 1767 429 di·

987 446 1082 474 cenda
1101 454 1164 482 res,
1181 446 1255 475 sicut
1276 446 1324 475 leo
1343 447 1438 483 pictus
1458 454 1520 475 non
1540 449 1583 475 est
1604 447 1652 476 leo
1667 455 1766 483 verus,

986 501 1041 521 nec
1056 493 1195 522 denarius
1216 493 1326 528 falsus3
1343 493 1416 522 sieut
1436 493 1485 521 ille
1501 494 1552 530 qui
1571 495 1614 522 est
1629 494 1666 522 de
1688 495 1767 523 auri-

988 540 1107 575 chalco,
1124 541 1175 577 qui
1193 540 1283 569 debet
1301 548 1363 569 esse
1378 541 1415 568 de
1430 548 1522 576 auro,
1537 549 1598 569 non
1616 543 1659 569 est
1679 550 1767 570 verus

987 587 1126 615 denarius
1136 597 1143 622 ς
1161 588 1233 616 tales
1256 589 1325 616 sunt
1345 587 1410 616 falsi
1426 589 1454 616 et
1467 587 1527 616 ficti
1543 588 1712 623 christiani,
1729 589 1767 617 de

986 634 1096 670 quibus
1108 634 1214 662 dicitur
1224 636 1234 653 ⁷
1250 644 1256 662 :
1270 635 1437 670 Confitentur
1447 643 1473 663 se
1488 642 1563 663 nosse
1575 637 1669 668 Deum,
1683 637 1767 669 factis

987 682 1074 708 aulem
1088 683 1196 716 negant.
1212 681 1296 709 Tales
1312 683 1380 709 sunt
1394 681 1468 710 sicut
1481 681 1630 715 chimaera,
1647 689 1713 718 quae
1726 683 1768 710 est

985 735 1032 756 res
1052 729 1167 756 tantum
1188 728 1274 764 ficta,
1291 731 1318 756 et
1336 731 1436 756 tamen
1458 728 1532 756 nihil
1557 731 1599 756 est
1619 729 1650 756 in
1668 736 1769 757 rerum

985 778 1100 805 natura.
1117 777 1201 805 Fides
1215 777 1349 805 veridica
1362 778 1413 811 est,
1430 785 1496 813 quae
1510 784 1616 804 verum
1631 776 1712 810 dicit,
1727 775 1769 804 sic

985 824 1115 852 vivendo
1132 824 1207 852 sicut
1229 823 1336 858 credit,
1359 824 1400 851 sic
1419 823 1570 852 credendo
1592 823 1668 851 sicut
1688 822 1767 851 dicit.

986 871 1062 899 Talis
1077 873 1119 899 est
1139 873 1259 899 moneta
1281 878 1354 898 vera
1371 870 1411 898 ad
1429 870 1660 906 producendum
1678 877 1768 906 para-

987 918 1100 952 disum,
1123 920 1151 945 et
1168 926 1239 946 vera
1261 919 1350 947 arbor
1371 921 1399 946 et
1419 925 1564 954 generosa
1589 918 1628 946 ad
1652 918 1767 954 produ-

987 965 1115 993 cendum
1130 964 1251 993 frondes
1270 965 1378 993 divinae
1398 965 1580 1000 dilectionis,
1602 965 1675 993 folia
1689 965 1769 992 salu-

985 1011 1076 1040 tiserae
1100 1012 1309 1047 confessionis,
1340 1012 1430 1040 flores
1456 1013 1587 1040 honestae
1612 1020 1768 1040 conversa-

985 1059 1073 1086 tionis
1086 1080 1093 1093 ,
1109 1060 1137 1086 et
1151 1059 1262 1087 fructus
1275 1060 1362 1087 bonae
1377 1059 1568 1096 operationis

1022 1106 1156 1134 Secundo
1181 1106 1271 1134 debet
1294 1106 1405 1134 habere
1432 1106 1622 1134 devotionem
1648 1105 1766 1141 magni·
1781 1118 1846 1140 Fide,
1863 1118 1886 1139 in

985 1152 1088 1188 ficam;
1107 1154 1136 1180 et
1153 1154 1196 1180 est
1210 1153 1391 1187 notandum,
1411 1153 1495 1189 quod
1508 1153 1584 1181 fides
1603 1152 1766 1181 ostenditur
1799 1150 1870 1201 “1¹²ss

987 1207 1048 1227 esse
1063 1199 1224 1235 magnifica
1238 1200 1268 1227 in
1283 1200 1386 1228 tribus.
1404 1200 1502 1227 Primo
1513 1221 1522 1235 ,
1538 1201 1570 1227 ut
1584 1200 1614 1227 in
1628 1199 1692 1227 solo
1708 1201 1766 1228 Deo
1781 1188 1888 1234 Ξᾛζη

986 1246 1132 1280 confidat,
1161 1246 1275 1274 etiamsi
1304 1246 1447 1274 naturalis
1472 1247 1548 1274 ratio
1575 1246 1766 1274 contradicat.
1782 1244 1848 1265 ‘¹12⁰‘-

985 1293 1085 1321 Talem
1098 1293 1191 1321 fidem
1212 1293 1317 1321 habuit
1337 1293 1507 1327 Abraham,
1522 1293 1573 1330 qui
1593 1293 1709 1321 vetulus
1730 1293 1768 1322 de

985 1340 1084 1368 vetula
1100 1342 1128 1367 ct
1149 1340 1254 1375 sterili,
1272 1342 1375 1368 contra
1392 1348 1513 1368 omnem
1528 1340 1689 1375 rationem,
1706 1348 1768 1368 cre—

986 1386 1062 1415 didit
1077 1389 1134 1415 Deo
1154 1387 1335 1423 promittenti
1356 1387 1439 1423 quod
1461 1387 1584 1415 haberet
1604 1395 1722 1421 semen,
1738 1387 1769 1416 in

986 1442 1047 1470 quo
1060 1434 1308 1462 benedicerentur
1323 1443 1427 1462 omnes
1442 1436 1554 1470 gentes,
1571 1435 1604 1462 ut
1619 1434 1725 1462 dicitur
1736 1435 1746 1451 Β
1759 1443 1765 1462 :

985 1481 1109 1509 Credidit
1129 1482 1268 1508 Abraham
1293 1483 1365 1516 Deo,
1392 1485 1418 1509 et
1439 1485 1595 1517 reputatum
1620 1485 1658 1509 est
1683 1483 1709 1509 ei
1733 1481 1770 1509 ad

981 1528 1132 1562 justitiam.
1147 1527 1245 1555 Talem
1256 1527 1347 1555 fidem
1363 1536 1424 1555 non
1438 1528 1543 1556 habuit
1556 1528 1697 1562 Thomas,
1716 1527 1768 1564 qui

985 1575 1082 1602 noluit
1109 1574 1229 1602 credere
1258 1575 1342 1611 quod
1365 1575 1493 1602 Christus
1520 1575 1726 1603 resurrexisset
1751 1583 1769 1603 a

986 1621 1122 1656 mortuis,
1132 1621 1188 1649 nisi
1205 1621 1299 1649 oculis
1311 1621 1426 1649 videret
1440 1623 1467 1650 et
1481 1621 1620 1649 manibus
1636 1624 1767 1650 contrec—

985 1670 1068 1696 taret.
1092 1668 1174 1696 Tales
1198 1671 1266 1696 sunt
1290 1668 1344 1703 illi,
1369 1669 1420 1704 qui
1448 1668 1554 1696 nolunt
1575 1669 1694 1696 credere
1719 1668 1768 1696 vel

985 1717 1133 1750 mutuare,
1146 1715 1202 1742 nisi
1217 1715 1272 1743 sub
1286 1715 1368 1743 bono
1381 1715 1519 1751 pignore.
1532 1716 1570 1743 De
1583 1715 1633 1743 tali
1648 1714 1769 1744 modica

985 1762 1045 1789 fide
1065 1762 1135 1790 dicit
1149 1762 1305 1797 Gregorius
1320 1763 1330 1779 ⁹
1345 1771 1351 1790 :
1372 1772 1385 1788 ι(
1401 1762 1486 1789 Fides
1505 1768 1566 1790 non
1579 1762 1669 1791 habet
1683 1763 1768 1790 meri-

985 1811 1058 1844 tum,
1071 1809 1119 1836 eui
1133 1809 1266 1837 humana
1275 1809 1350 1837 ratio
1366 1810 1478 1845 praebet
1494 1809 1740 1845 experimentum.
1751 1820 1765 1836 »

985 1856 1119 1884 Secundo
1134 1856 1209 1884 fides
1225 1858 1267 1884 est
1287 1864 1409 1892 magna,
1432 1856 1455 1883 si
1471 1856 1501 1883 in
1517 1856 1691 1884 adversitate
1705 1864 1767 1884 non

986 1903 1122 1937 deficiat,
1137 1903 1190 1930 sed
1205 1905 1274 1930 tunc
1288 1903 1356 1939 plus
1370 1903 1548 1938 invalescat,
1570 1903 1608 1930 de
1623 1911 1683 1939 qua
1698 1902 1769 1931 dicit

985 1949 1119 1977 Salvator
1136 1951 1153 1967 ¹⁰
1168 1959 1174 1977 :
1191 1950 1221 1977 Si
1232 1951 1382 1977 habueritis
1396 1951 1474 1985 fidem
1485 1951 1555 1977 sicut
1570 1958 1683 1983 qranum
1694 1952 1769 1977 sina-

984 1998 1042 2032 pis,
1061 1999 1113 2024 etc.
1139 1998 1268 2024 Granum
1284 1997 1413 2032 sinapis,
1433 1998 1548 2032 quanto
1569 1997 1636 2032 plus
1655 1997 1767 2031 teritur,

984 2044 1064 2070 tanto
1087 2042 1189 2070 fortius
1212 2043 1312 2077 viget:
1336 2043 1402 2070 talis
1423 2042 1478 2069 fuit
1496 2043 1571 2069 fides
1585 2045 1767 2078 martyrum,

984 2090 1036 2124 qui
1051 2089 1068 2104 ¹¹
1083 2097 1131 2123 per
1143 2089 1222 2123 fidem
1237 2090 1358 2116 vicerunt
1373 2097 1471 2123 reflua,
1487 2089 1626 2122 ludibria,
1641 2090 1767 2123 verbera,

984 2137 1094 2170 iusuper
1109 2137 1217 2163 vincula
1228 2139 1253 2163 et
1268 2144 1392 2164 carceres.
1409 2137 1446 2163 De
1461 2136 1515 2163 hac
1531 2136 1591 2163 fide
1608 2136 1714 2164 dicitur
1727 2136 1765 2163 ¹²:

984 2184 1046 2209 Hoec
1060 2186 1098 2210 est
1114 2185 1239 2217 victoria,
1256 2192 1315 2217 quae
1328 2185 1414 2211 vincit
1428 2183 1567 2214 mundum,
1583 2183 1649 2217 fides
1664 2186 1764 2212 vestra.

983 2228 1083 2257 Talem
1108 2229 1202 2257 fidem
1226 2237 1288 2257 non
1316 2230 1420 2257 habuit
1448 2231 1562 2262 Petrus,
1589 2230 1640 2265 qui
1661 2230 1767 2258 videns

983 2278 1105 2303 ventum
1128 2276 1263 2304 validum
1285 2277 1400 2311 timuit,
1416 2278 1443 2304 et
1458 2277 1556 2304 statim
1571 2277 1680 2304 veritus
1694 2276 1764 2312 fuit,

984 2323 1031 2350 cui
1056 2323 1128 2350 dixit
1148 2323 1282 2351 Salvator
1295 2324 1315 2340 ²³
1332 2333 1338 2351 ε
1355 2324 1470 2351 Modica:
1491 2324 1573 2358 fidei,
1589 2316 1765 2358 quare'dubzz

985 2373 1052 2398 casti
1064 2374 1077 2398 ἱ)
1087 2371 1131 2399 Sic
1147 2372 1232 2398 multi
1247 2371 1380 2398 infideles
1391 2372 1512 2398 ventum
1528 2371 1660 2398 validum
1675 2370 1765 2398 tribu-

983 2417 1102 2446 lationis
1116 2418 1260 2452 videntes,
1276 2418 1373 2445 statim
1388 2418 1531 2451 titubant,
1549 2420 1576 2445 et
1590 2419 1765 2452 merguntur
1813 2423 1816 2425 ’

983 2464 1013 2491 in
1029 2464 1103 2492 mari
1116 2464 1298 2498 tentationis,
1312 2464 1359 2492 vel
1375 2464 1588 2500 desperationis
1599 2486 1606 2498 ,
1624 2464 1708 2499 quod
1723 2464 1764 2491 est

982 2520 1064 2540 mare
1092 2514 1260 2547 mortuum,
1287 2513 1316 2540 in
1343 2522 1404 2549 quo
1432 2512 1506 2540 nihil
1530 2513 1626 2548 potest
1651 2511 1760 2539 vivere.

983 2559 1075 2586 Tertio
1089 2559 1163 2586 fides
1177 2562 1219 2586 est
1234 2567 1353 2594 magna,
1369 2560 1393 2587 si
1405 2559 1496 2587 homo
1509 2560 1632 2595 propter
1648 2557 1763 2585 dilatio—

984 2613 1053 2633 nem
1072 2608 1171 2641 petere
1193 2614 1254 2633 non
1276 2606 1409 2641 desistat,
1434 2613 1591 2642 quousque
1620 2605 1761 2632 obtineat.

985 2680 994 2693 ⁴³
1012 2680 1098 2709 Greg„
1119 2680 1143 2702 in
1165 2680 1272 2710 Evanq„
1287 2679 1357 2704 hom.
1378 2687 1427 2709 xx,
1445 2686 1496 2703 non
1514 2679 1590 2709 longe
1606 2685 1620 2701 a
1637 2677 1719 2708 princ.
1733 2690 1762 2696 —

985 2714 1005 2730 1⁰
1019 2714 1120 2745 Matth„
1136 2720 1201 2745 xvxi,
1216 2716 1252 2739 19.
1266 2728 1295 2732 —
1309 2716 1326 2732 ¹¹
1338 2715 1423 2745 Hebr„
1435 2721 1471 2746 xi,
1485 2716 1523 2745 33,
1536 2715 1574 2738 36.
1585 2727 1616 2732 -—
1630 2714 1648 2729 ¹²
1660 2714 1667 2736 l
1680 2714 1761 2743 loun.⁸

983 2755 1007 2779 v,
1023 2750 1044 2772 4.
1062 2763 1090 2768 —
1107 2750 1127 2766 ¹³
1141 2750 1242 2780 Mami„
1258 2757 1311 2780 x1V,
1324 2752 1362 2775 31.
1379 2765 1408 2768 -
1423 2751 1456 2781 (a)
1472 2750 1512 2775 Al.
1528 2749 1716 2781 probationem.
