2004 3037
897 241 1027 274 CAPUT
1047 242 1141 277 XVII.

229 321 254 348 ,α
263 311 384 340 Elevata
396 317 471 339 voce
483 309 568 339 flevit
577 319 590 336 »
608 309 712 344 Jacob,
727 310 888 346 postquam
903 317 984 338 reco-

202 359 348 395 gnoverat
374 357 484 387 Rachel
511 356 725 386 consobrinam
751 363 848 385 suam.
879 356 984 389 Genes„

201 413 282 434 xxix.

240 462 254 480 «
264 453 414 489 stringens
426 462 440 479 »
457 453 558 481 Esau«
569 451 702 480 collum»
720 450 825 486 Jacob,
838 461 851 478 ιι
861 452 888 478 et
900 458 987 479 oscu-

201 500 291 528 lans»
309 508 389 535 eum,
406 509 419 526 «
433 499 524 527 ssevit.
541 509 554 526 n
573 499 649 531 Gen„
664 506 756 526 xxxii.

240 547 360 575 «Scissis
375 546 529 575 vestibus»
543 545 636 574 Jacob
656 555 670 572 «
683 545 806 573 indutus
821 546 865 573 cst
878 544 987 579 cilicio,

201 593 306 630 lugens
314 594 410 623 filium
418 592 620 630 suum-loseph
627 592 723 621 multo
734 594 900 629 tempore.»
911 592 987 625 Gen„

201 649 319 674 xxxvii.

241 698 256 715 α
269 689 448 717 Commota»
461 687 581 716 fuerunt
594 687 731 715 «viscera
749 686 813 722 ejus
828 695 918 723 super
933 686 989 714 fra-

202 737 245 764 tre
260 744 337 763 suo»
356 734 526 771 Benjamin,
549 736 577 763 et
591 737 753 770 eruperunt
771 734 944 770 «lacrymae,
961 736 989 762 et

201 782 344 811 introiens
355 782 527 811 cubiculum
539 781 645 810 flevit.»
661 782 739 816 Gen„
749 789 848 809 xum«
859 781 989 810 Elevavit

201 838 309 858 vocem
323 830 431 866 Joseph
445 838 515 857 cum
524 829 609 865 fletu,
626 831 654 857 et
664 828 738 857 dixit
749 828 890 856 fratribus
904 829 964 856 suis
981 837 988 856 :

146 875 148 878 ’
202 878 264 913 Ego
277 885 343 905 sum
355 877 474 913 loseph.
486 887 499 904 »
518 877 596 909 Gen„
611 883 677 904 XLV.
697 876 792 904 Flevit
806 876 896 904 etiam
906 875 988 903 idem

202 924 312 961 loseph
325 932 415 960 super
428 926 512 960 patre
527 932 581 951 suo
597 925 727 958 mortuo,
744 923 821 957 Gen„
834 931 865 958 L;
883 924 910 950 et
925 925 988 950 tan-

203 971 274 999 dem
287 971 380 1006 flevit,
394 970 536 998 fratribus
552 979 621 998 eum
636 970 823 1006 rogantibuS‚
836 972 868 998 ut
884 970 990 998 oblivi-

202 1021 332 1046 sceretur
344 1017 456 1054 peccati
472 1017 633 1052 commissi,
648 1018 718 1045 ibid.

241 1075 255 1092 (t
269 1064 380 1100 Vulgus
394 1065 431 1102 (ιι)
450 1064 678 1100 promiscuum,
704 1064 789 1100 quod
815 1064 990 1092 ascenderat

203 1120 240 1140 ex
264 1113 413 1148 AEgypto,
436 1111 574 1146 flagravit
599 1110 749 1138 desiderio
776 1111 930 1146 carnium,
947 1119 990 1139 se-

203 1159 276 1187 dens
291 1161 319 1187 et
332 1159 422 1194 flens,
447 1161 475 1186 et
497 1159 538 1186 ait
553 1167 560 1186 z
577 1158 648 1192 Quis
672 1158 757 1186 dabit
780 1158 868 1186 nobis
886 1167 990 1186 carnes

205 1207 245 1235 ad
258 1207 462 1235 vescendum?
477 1216 491 1233 »
506 1208 605 1240 Num„
617 1214 656 1233 ιιι.
676 1215 691 1232 ι(
705 1205 877 1233 Vociferans
892 1206 990 1233 omnis

204 1254 294 1282 turba
308 1254 407 1290 flevit,
423 1256 451 1282 et
466 1253 644 1281 murmurati
659 1255 728 1280 sunt
743 1253 874 1281 dicentes
897 1261 904 1280 :
929 1253 989 1280 Uti-

203 1309 275 1330 nam
290 1301 399 1329 mortui
419 1309 550 1329 essemus
570 1300 603 1328 in
626 1301 770 1336 AEgypto!
785 1311 799 1327 n
816 1302 912 1333 Num„
929 1308 987 1328 x1v.

242 1360 255 1375 «
271 1348 372 1377 Omnis
385 1347 545 1376 multitudo
559 1347 665 1375 videns
685 1347 860 1376 occubuisse
871 1350 987 1383 Aaron,

204 1396 285 1424 flevit
304 1404 392 1432 super
405 1404 440 1423 eo
455 1395 575 1431 triginta
591 1394 708 1423 diebus.
723 1405 737 1422 »
754 1396 849 1430 Num„
864 1403 912 1424 xx.

243 1443 329 1471 «Filii
354 1442 470 1471 lsrael»
500 1444 654 1470 mortuum
677 1443 797 1478 Moysen
819 1453 832 1468 a
844 1442 991 1470 fleverunt

205 1491 323 1526 triginta
339 1491 457 1519 diebus.
472 1500 485 1516 ι)
503 1492 625 1524 Denter„
639 1498 744 1518 xxxw.

245 1538 398 1574 «Angelus
410 1537 528 1565 Domini
538 1537 619 1565 venit
629 1537 668 1564 ad
678 1537 780 1564 locum
788 1536 952 1572 ssentium,›³
964 1539 992 1565 et

205 1585 420 1622 improperavit
434 1585 501 1612 filiis
524 1585 614 1613 lsrael
637 1585 785 1612 beneficia
807 1593 874 1620 quae
893 1593 911 1612 a
932 1586 991 1612 Deo

205 1634 395 1669 receperant,
421 1634 449 1659 et
471 1634 593 1668 peccata
616 1640 683 1668 quae
705 1633 935 1666 commiserant;
963 1633 992 1660 et

210 1692 223 1706 «
234 1680 425 1708 elevaverunt
439 1688 557 1714 vocem,
573 1682 601 1708 et
615 1680 770 1708 fleverunt.
783 1690 795 1706 n
813 1680 914 1714 Judcc„
931 1688 961 1708 11.

243 1728 409 1763 Pugnantes
421 1727 475 1754 filii
490 1727 579 1755 Israel
601 1730 705 1755 contra
719 1727 796 1755 filios
817 1726 970 1762 Benjamin
982 1748 991 1762 ,

207 1774 354 1802 fleverunt
370 1783 472 1802 coram
487 1774 624 1802 Domino.
639 1774 743 1808 hdie„
761 1783 843 1802 xxiii.
864 1776 897 1802 Et
912 1776 992 1810 post-

207 1822 334 1850 modum
349 1822 470 1850 obtenta
484 1821 619 1856 victoria,
635 1822 781 1850 fleverunt
796 1830 852 1858 pro
864 1821 992 1849 destrue-

208 1868 288 1896 tione
300 1869 423 1896 fratrum
439 1877 573 1896 suorum.
588 1870 661 1897 Ibid.
679 1877 739 1896 xxx.

244 1915 409 1944 Recedente
423 1915 538 1950 Noemi,
554 1924 648 1944 nurus
667 1924 726 1944 suae
740 1916 811 1944 flere
827 1918 990 1952 coeperunt.

209 1964 304 1997 Ruth„
320 1971 340 1991 1.

248 2010 369 2038 «Oravit
379 2021 392 2037 »
407 2012 493 2039 Anna
500 2011 603 2045 Deum,
615 2010 709 2037 «flens
724 2009 854 2045 largiter.
864 2013 873 2039 l
884 2012 990 2045 Re9.,1.

244 2057 352 2086 Audita
373 2057 532 2086 obsidione
556 2058 644 2086 Jabes
665 2057 796 2092 Galaad,
816 2058 993 2086 levaverunt

209 2114 315 2134 vocem
329 2105 383 2133 filii
398 2106 504 2141 lsrael,
521 2107 549 2133 et
562 2106 717 2133 fleverunt.
733 2106 744 2133 I
757 2107 835 2140 Req„
852 2113 893 2133 XI.

249 2153 408 2189 «Lugebat
421 2152 541 2181 Samuel
563 2153 700 2187 Saulem,
726 2152 872 2188 quoniam
890 2152 991 2181 Domi-

209 2207 282 2228 num
305 2200 480 2236 poenitebat,
502 2200 588 2236 quod
620 2199 816 2228 constituisset
846 2208 915 2229 eum
943 2207 990 2228 re-

210 2256 290 2283 gem.
305 2258 319 2274 »
342 2250 352 2276 1
366 2249 445 2282 Req„
456 2256 505 2276 xv.

247 2295 341 2323 David
360 2297 388 2323 et
401 2296 552 2330 Jonathas,
571 2304 585 2322 «
600 2295 767 2325 osculantes
781 2303 812 2324 se
823 2317 831 2330 ,
847 2295 992 2324 fleverunt

210 2343 330 2379 pariter.
346 2353 360 2370 n
378 2344 388 2371 1
402 2344 480 2378 Rea„
496 2351 544 2371 xx.

247 2390 317 2419 Saul
339 2390 465 2418 audieus
484 2398 592 2418 vocem
613 2390 725 2426 David,
748 2390 800 2427 qui
820 2392 993 2427 pepercerat

212 2437 258 2470 ei,
274 2437 390 2465 elevata
404 2445 478 2466 voce
492 2438 577 2471 flevit.
591 2439 600 2466 l
616 2438 693 2472 Rea„
709 2446 792 2466 xxrv.

247 2484 325 2512 vidit
338 2484 431 2513 David
446 2484 593 2512 civitatem
605 2484 717 2519 Siceleg
730 2493 793 2512 esse
806 2492 991 2520 succensam,

212 2532 240 2559 et
254 2531 390 2559 homines
405 2531 551 2559 adductos
566 2531 636 2559 inde
648 2532 791 2567 captivos,
805 2535 832 2561 et
845 2532 991 2568 «planxe-

213 2582 281 2607 runt
289 2590 301 2605 n
320 2580 382 2616 ipse
397 2583 424 2609 et
439 2580 579 2617 populus,
592 2580 643 2616 qui
659 2582 721 2608 erat
729 2589 797 2608 cum
811 2589 859 2614 eo,
873 2580 992 2609 «donec

214 2627 373 2655 deficerent
385 2628 415 2655 in
429 2628 470 2656 eis
485 2628 660 2664 lacrymae.»
678 2629 688 2657 l
702 2629 779 2664 Rey„
795 2637 866 2657 xxx.

249 2691 280 2723 (a)
297 2691 357 2716 Coet.
372 2690 432 2714 edit.
448 2691 515 2715 deese
530 2690 635 2722 vulgus.
651 2704 681 2709 —
703 2691 736 2722 (b)
754 2692 825 2723 Γαίῃ.
845 2691 991 2721 liazaelcm,

215 2729 238 2752 et
260 2728 295 2751 sic
309 2726 431 2758 deincep&

1763 250 1822 280 509

1076 313 1191 341 Planxit
1202 313 1294 342 David
1308 321 1397 351 super
1409 314 1479 343 Saul
1494 316 1522 343 et
1534 314 1692 350 Jonathan,
1707 316 1736 344 et
1747 314 1822 344 alios

1042 358 1218 388 interfectos.
1234 359 1257 389 ll
1271 361 1348 396 Rea,
1364 369 1384 390 1.

1078 406 1170 434 David
1186 408 1214 435 et
1228 408 1326 435 omnis
1345 408 1478 444 populus
1491 408 1639 437 fleverunt
1657 417 1749 446 super
1766 409 1824 439 Ab·

1041 462 1106 490 ner,
1120 463 1213 491 quem
1227 455 1377 484 occiderat
1387 456 1471 484 Joab.
1489 457 1511 485 ll
1524 457 1603 492 Req„
1617 464 1661 485 111.

1078 502 1177 530 Noluit
1193 502 1285 530 David
1299 502 1370 531 flere
1384 511 1440 539 pro
1456 503 1518 531 filio
1533 511 1629 540 parvo
1644 506 1779 540 mortuo,
1796 505 1824 532 et

1043 551 1144 578 tamen
1157 549 1280 578 fleverat
1293 558 1348 586 pro
1364 550 1495 578 infirmo.
1510 552 1533 579 11
1548 551 1626 585 Ray„
1639 559 1691 580 xn.

1079 596 1219 631 Quamvis
1233 597 1363 625 Absalon
1377 605 1408 625 se
1419 597 1595 626 exhibuerat
1604 598 1768 634 pessimum
1783 606 1824 627 er-

1044 651 1080 679 ga
1095 645 1211 680 patrem
1222 664 1231 679 ,
1247 645 1348 672 tamen
1364 644 1457 673 David
1471 644 1553 673 ssevit
1567 652 1637 673 eum
1648 644 1825 674 miserabili—

1043 694 1088 719 ter
1101 693 1263 719 mortuum.
1280 693 1301 719 ll
1317 693 1396 727 Req„
1412 700 1493 720 xv111.

1080 738 1192 766 Eliscus
1206 738 1312 766 videns
1332 739 1470 767 Azaelem
1484 739 1522 775 (b)
1547 747 1650 768 coram
1665 748 1713 775 se,
1737 740 1826 777 coepit

1044 784 1114 813 flere
1130 787 1252 822 propter
1266 785 1347 813 mala
1358 807 1365 820 ‚
1383 794 1450 822 quae
1471 786 1600 814 facturus
1615 788 1677 815 erat
1696 786 1764 814 filiis
1784 789 1825 815 ls-

1043 832 1120 864 rael,
1137 840 1205 860 cum
1220 832 1270 861 ille
1287 835 1362 861 esset
1375 832 1492 861 futurus
1510 841 1564 862 rex
1583 833 1682 870 Syriae.
1699 835 1733 862 lv
1748 835 1822 869 Περ..

1044 887 1106 908 vni.

1083 936 1096 953 «
1111 926 1203 954 Flevit
1218 926 1354 955 Ezechias
1369 926 1440 955 fletu
1455 935 1566 962 magno
1579 949 1587 962 ,
1601 937 1615 954 »
1629 936 1718 956 orans
1731 928 1826 956 Domi-

1044 982 1118 1002 num
1132 976 1254 1010 propter
1272 977 1416 1008 mortem,
1438 982 1530 1010 quam
1545 974 1602 1003 sibi
1626 975 1663 1003 de
1687 975 1826 1011 proximo

1045 1021 1200 1049 imminere
1215 1021 1350 1057 putabat.
1368 1023 1400 1050 lv
1416 1022 1495 1056 Rea„
1511 1030 1561 1050 xx.

1081 1070 1154 1096 Cum
1169 1068 1299 1096 audisset
1313 1069 1406 1097 Josias
1421 1077 1474 1096 rex
1488 1069 1565 1097 Juda
1580 1070 1827 1098 comminationes

1045 1115 1167 1151 scriptas
1182 1117 1212 1143 in
1227 1116 1306 1144 libro
1321 1116 1404 1151 Legis
1419 1116 1536 1144 Domini
1552 1119 1673 1153 propter
1688 1118 1826 1153 peccata,

1049 1162 1153 1190 «scidit
1164 1163 1339 1191 vestimenta
1351 1171 1414 1199 sua,
1421 1173 1435 1190 n
1453 1166 1480 1191 et
1489 1163 1581 1200 flevit,
1593 1164 1756 1192 etmultum
1768 1166 1826 1192 Deo

1044 1210 1165 1246 placuIt.
1181 1211 1214 1238 lV
1230 1212 1306 1245 Req„
1322 1219 1391 1238 xx11.

1081 1257 1207 1291 Quando
1222 1257 1462 1285 reaedificabatur
1481 1257 1624 1294 templum
1649 1258 1687 1286 ab
1713 1258 1749 1286 iis
1773 1259 1825 1295 qui

1044 1304 1195 1333 redierant
1207 1304 1244 1332 de
1258 1305 1411 1341 Babylone
1423 1326 1432 1340 ,
1452 1313 1513 1333 non
1528 1307 1644 1341 poterat
1665 1305 1826 1342 quisquam

1045 1360 1207 1387 agnoscere
1222 1352 1369 1380 clamores
1384 1352 1566 1386 laetantium,
1581 1354 1608 1381 ct
1621 1360 1728 1381 vocem
1741 1353 1827 1381 fletus

1044 1399 1162 1435 populi.
1177 1401 1188 1427 Ι
1203 1399 1282 1431 Εεά.,
1299 1408 1341 1427 ιιι.

1082 1447 1187 1474 Orante
1203 1447 1312 1481 Esdra,
1339 1448 1367 1474 et
1392 1446 1480 1474 flente
1503 1448 1626 1483 propter
1640 1447 1828 1475 commixtio—

1046 1501 1115 1521 nem
1142 1493 1259 1529 gentilis
1285 1493 1390 1530 populi
1411 1502 1480 1521 cum
1506 1494 1613 1522 Judaeis
1623 1515 1633 1528 ,
1658 1504 1670 1520 α
1686 1494 1827 1522 collectus

1047 1541 1138 1569 estad
1150 1549 1219 1568 eum
1231 1543 1322 1568 coetus
1335 1541 1457 1576 grandis
1468 1541 1601 1569 virorum
1613 1549 1646 1569 ac
1657 1541 1828 1576 mulierum,

1047 1590 1074 1616 et
1086 1588 1167 1615 flevit
1179 1587 1311 1624 populus
1325 1587 1420 1615 multo
1434 1587 1515 1615 fletu.
1534 1590 1544 1615 l
1559 1588 1637 1623 Esd.‚
1651 1597 1678 1617 x.

1084 1636 1157 1662 Cum
1190 1635 1321 1663 audisset
1352 1635 1508 1663 Nehemias
1536 1635 1738 1663 miserabilem
1771 1637 1828 1665 sta—

1046 1683 1111 1710 tum
1125 1682 1249 1710 civitatis
1270 1681 1469 1717 Hierusalem,
1489 1682 1572 1710 flevit
1591 1682 1697 1710 diebus
1716 1683 1828 1718 multis,

1047 1731 1074 1757 et
1103 1729 1257 1765 jejunabat
1278 1731 1306 1757 et
1328 1729 1435 1758 orabat
1455 1731 1523 1757 ante
1548 1729 1656 1758 faciem
1678 1730 1728 1758 Dei
1750 1730 1826 1759 coeli.

1047 1778 1170 1811 Nehem.,
1187 1785 1207 1804 Ι.

1083 1825 1209 1859 Legente
1225 1823 1316 1851 Esdra
1332 1834 1346 1849 (ι
1357 1823 1491 1852 distincte
1507 1825 1535 1851 et
1550 1825 1649 1860 aperte
1665 1824 1705 1852 ad
1718 1824 1829 1853 intelli-

1048 1871 1202 1907 gendum»
1221 1871 1315 1899 verba
1329 1871 1413 1906 legis,
1434 1870 1548 1899 «flebat
1568 1871 1666 1899 omnis
1680 1872 1826 1908 populus,

1049 1927 1117 1946 cum
1133 1918 1249 1946 audiret
1263 1918 1356 1946 verba
1371 1918 1455 1953 legis.
1471 1928 1485 1945 »
1502 1919 1625 1953 Νοὴεῃι.,
1642 1927 1701 1947 νιιι.

1083 1965 1189 1993 Tobias
1212 1965 1405 1993 manducavit
1426 1973 1535 2001 panem
1552 1973 1620 1993 cum
1635 1965 1716 1993 luctu
1740 1968 1767 1994 et
1791 1967 1827 1995 ti-

1048 2021 1146 2047 more,
1165 2013 1236 2048 quia
1251 2012 1360 2039 scilicet
1382 2020 1490 2047 corpus
1507 2012 1634 2048 jugulati
1649 2013 1778 2049 proximi
1797 2014 1828 2042 in

1048 2060 1140 2088 domo
1160 2059 1310 2094 habebat,
1327 2059 1411 2095 quod
1435 2061 1522 2088 nocte
1545 2060 1670 2096 sepelire
1694 2061 1827 2090 volebat.

1050 2108 1127 2141 Tob„
1143 2115 1174 2135 ιι.

1085 2154 1166 2183 Idem
1180 2156 1296 2190 postea,
1309 2154 1417 2182 auditis
1433 2153 1625 2182 sermonibus
1639 2155 1753 2190 uxoris,
1764 2156 1829 2184 «in-

1048 2202 1169 2238 gemuit,
1182 2202 1305 2237 etcoepit
1319 2210 1404 2230 orare
1420 2210 1488 2230 cum
1503 2201 1679 2238 lacrymis.»
1696 2204 1770 2238 Tob„
1786 2212 1826 2232 ιιι.

1085 2251 1171 2277 Sarra
1184 2249 1247 2277 filia
1261 2249 1420 2284 Raguelis,
1436 2249 1539 2277 audita
1558 2249 1597 2277 ab
1617 2250 1725 2278 ancilla
1745 2252 1828 2286 gravi

1048 2296 1245 2331 contumelia,
1269 2296 1391 2324 «oravit
1406 2296 1564 2324 Dominum
1585 2305 1654 2325 cum
1669 2297 1808 2334 lacrymis
1819 2319 1827 2333 ,

1048 2345 1080 2372 ut
1095 2343 1133 2371 ab
1148 2343 1200 2371 illo
1213 2343 1398 2379 improperio
1421 2343 1561 2371 liberaret
1576 2353 1652 2372 eam.
1663 2355 1677 2370 ι)
1698 2346 1773 2380 Tob.,
1787 2353 1827 2374 iv.

1083 2392 1156 2419 Cum
1171 2391 1334 2419 recessisset
1349 2399 1366 2418 a
1380 2391 1554 2427 parentibus
1577 2392 1637 2420 suis
1654 2393 1761 2420 Tobias
1778 2393 1827 2428 ju7

1047 2437 1125 2473 nior,
1140 2448 1153 2463 «
1165 2438 1252 2473 coepit
1265 2438 1336 2465 flere
1351 2440 1445 2465 mater
1460 2438 1540 2473 ejus,
1557 2441 1585 2466 et
1599 2439 1698 2467 dicere
1714 2448 1721 2467 :
1735 2440 1827 2468 bacu-

1046 2484 1111 2513 lum
1126 2485 1282 2513 senectutis
1297 2487 1404 2513 nostrae
1420 2485 1526 2519 tulisti,
1543 2495 1556 2511 n
1575 2488 1629 2514 etc.
1649 2487 1724 2520 Tol).²
1744 2494 1772 2515 v.

1083 2533 1196 2560 Moram
1213 2531 1336 2559 faciente
1349 2532 1454 2566 Tobia,
1472 2532 1586 2560 «flebat
1600 2536 1694 2560 mater
1708 2534 1771 2569 ejus
1787 2534 1826 2562 ir-

1046 2580 1296 2608 remediabilibus
1315 2580 1471 2616 lacrymis,
1488 2583 1576 2616 atquc
1599 2581 1717 2608 dicebat
1738 2590 1744 2609 :
1765 2583 1824 2611 Heu

1047 2634 1106 2662 me,
1119 2627 1162 2655 fili
1177 2627 1229 2662 mi,
1244 2629 1278 2655 ut
1292 2627 1365 2663 quid
1379 2629 1407 2655 te
1423 2627 1558 2655 misimus
1575 2629 1766 2665 peregrinari,
1783 2630 1826 2658 lu-

1046 2682 1116 2702 men
1130 2674 1288 2702 oculorum
1304 2675 1490 2702 nostrorum?
1499 2685 1512 2699 »
1527 2677 1583 2703 etc.
1598 2676 1672 2710 Tot„
1684 2685 1713 2704 x.

1085 2721 1195 2757 Raguel
1220 2729 1405 2756 cognoscens
1425 2721 1548 2752 'sobiam
1568 2722 1735 2760 juniorem,
1757 2734 1824 2754 cum
