2004 3037
828 211 959 246 CAPUT
981 213 1044 246 CII.

124 284 243 316 visitare
264 283 373 321 :quod
400 283 522 313 Samuel
544 278 745 319 adimplebat,
768 281 821 318 qui
849 281 912 311 ibat

126 331 271 361 circuiens
292 330 392 360 Bethel
412 332 441 360 et
461 329 601 366 calgala,
617 330 646 358 et
658 328 806 366 masphat,
823 331 851 357 et
862 329 911 365 ju-

126 378 248 408 dicabat
259 377 414 413 Israelem,
431 379 533 413 lReq.‚
546 384 595 407 vn.
612 378 646 405 Et
665 375 732 413 quis
751 375 810 404 hoc
829 383 913 404 exer-

126 426 188 455 cuit
200 425 276 454 sicut
288 425 413 460 Paulus,
433 425 486 462 qui
506 425 545 454 ab
560 424 743 453 Hierusalem
757 431 852 460 usque
872 422 912 452 ad

126 473 280 511 Illyricum
302 480 385 502 mare
409 472 537 509 replevit
564 471 759 508 Evangelium
786 470 910 506 Christi,

127 521 217 556 Rom„
229 528 279 556 xv,
300 521 352 556 ¹9,
374 519 416 548 ita
435 519 521 555 quod
535 519 629 548 vitam
649 526 735 547 suam
749 518 913 554 quemdam

127 574 249 596 cursum
259 566 428 595 vocabat?1
441 566 514 601 Gor„
529 574 572 601 rx,
586 567 640 595 26:
653 565 722 594 «Sic
735 573 835 600 curro,
851 573 914 593 non

128 613 216 651 quasi
236 613 268 642 in
291 613 448 642 incertum.
463 622 477 640 r>
497 614 520 641 Π
537 614 621 648 Tim„
636 620 676 648 iv,
697 614 733 641 7:
760 613 914 641 «Cursum

129 660 347 690 consummavi.
364 670 378 686 »

163 708 236 736 Item
247 706 338 736 dehet
353 706 562 743 delinquentes
575 708 603 735 et
616 708 848 742 transgressores
861 713 916 742 pu-

129 754 210 789 nire,
225 753 301 782 sicut
313 754 383 782 fecit
396 755 526 790 Moyses,
543 753 668 790 quando
687 753 820 789 populus
837 753 916 781 vitu-

129 801 195 830 lum
215 801 396 830 conflatilem
420 801 571 836 adoravit,
588 801 691 836 Emod„
706 808 798 829 xxxii.
814 801 847 829 ln
860 800 917 829 hac

132 850 222 879 etiam
235 852 319 886 parte
333 849 443 878 Paulus
453 849 610 885 negligens
624 856 687 877 non
703 850 782 884 erat;
800 848 919 876 dicebat

132 896 223 932 enim,
239 897 262 925 11
279 896 354 930 Cor„
368 904 402 932 x,
419 898 452 925 4:
471 906 486 923 (ι
499 898 588 925 Arma
605 895 718 924 militiae
733 897 842 924 nostrae
855 903 918 924 non

132 945 200 972 sunt
224 943 372 978 carnalia,
393 943 447 971 sed
468 943 602 980 potentia
622 944 698 978 Deo,
720 942 752 970 in
776 944 919 979 promptu

131 990 276 1019 habentes
296 989 400 1019 ulcisci
419 989 667 1018 inobedientiam.
682 999 697 1017 ))
710 991 797 1025 Item,
821 991 830 1018 l
846 990 917 1026 Gor„

132 1045 172 1074 iv,
187 1038 220 1066 21
233 1046 241 1066 ε
261 1047 275 1064 α
289 1039 322 1066 ln
339 1037 426 1073 virga
442 1036 563 1065 veniam
577 1037 618 1065 ad
629 1044 700 1072 VOS,
716 1044 756 1065 an
769 1037 801 1065 in
814 1037 920 1073 spiritu

132 1083 372 1113 mansuetudinis
381 1085 396 1112 ⁶?
410 1094 424 1111 »

168 1132 241 1160 Item
263 1131 362 1160 honus
384 1130 524 1167 praelatus
548 1130 638 1160 debet
660 1132 854 1159 contumaces
881 1131 919 1159 de

131 1178 260 1216 populo,
271 1179 300 1206 et
308 1177 463 1214 pestiferos
473 1178 632 1214 extirpare,
643 1178 719 1207 sieut
729 1178 796 1207 fecit
806 1180 920 1215 Moyses

133 1225 171 1254 de
190 1226 280 1260 Core,
300 1226 328 1253 et
347 1224 383 1253 iis
401 1225 455 1261 qui
473 1225 663 1253 adhaeserunt
683 1226 724 1262 ei,
741 1227 838 1261 Num„
853 1233 918 1261 xvr,

133 1275 167 1302 16
181 1282 189 1302 :
208 1281 222 1300 «
235 1274 291 1309 Tu,
307 1282 322 1299 »
339 1273 447 1309 inquit,
465 1283 478 1300 «
494 1274 522 1301 et
537 1272 635 1301 omnis
651 1273 843 1309 congregatio
857 1274 918 1308 tua,

133 1323 205 1349 state
220 1328 365 1348 seorsum.
380 1330 394 1346 »
412 1319 524 1348 Deinde
541 1320 615 1348 dixit
636 1320 718 1355 aliis,
735 1321 788 1348 26:
803 1329 817 1346 (ι
829 1322 921 1348 Rece-

133 1367 194 1396 dite
213 1375 231 1396 a
251 1367 452 1395 tabernaculis
469 1365 645 1404 impiorum.
661 1377 674 1394 »
691 1367 798 1395 Paulus
820 1369 921 1396 autem

133 1415 172 1444 de
186 1415 252 1450 illo,
264 1415 317 1452 qui
331 1415 452 1444 tenebat
465 1423 628 1444 novercam
642 1423 739 1450 suam,
755 1414 806 1450 ait,
821 1416 831 1444 1
846 1415 919 1450 Cor„

133 1470 162 1497 v,
177 1464 212 1491 5:
231 1471 246 1488 «
260 1463 322 1498 Ego
333 1462 468 1498 judicavi
482 1462 656 1498 hujusmodi
677 1462 795 1490 tradere
807 1463 921 1490 Satanae

133 1509 166 1538 in
183 1509 335 1538 interitum
354 1509 460 1538 carnis.
477 1519 490 1535 n
516 1511 549 1537 Et
567 1511 650 1546 post,
666 1511 702 1537 7:
721 1518 735 1536 «
753 1511 921 1546 Expurgate

133 1559 217 1586 vetus
232 1557 421 1592 fermentum,
437 1566 452 1584 »
469 1558 524 1584 etc.
545 1557 737 1592 Hymenaeum
752 1558 780 1584 et
794 1557 922 1585 Alexan-

134 1603 224 1632 drum
243 1603 366 1632 tradidit
390 1604 523 1638 Satanae,
537 1605 570 1631 ut
587 1603 736 1632 discerent
759 1611 821 1632 non
842 1603 920 1632 blas-

134 1650 288 1688 phemare,
303 1652 313 1679 1
331 1651 412 1683 Tim„
429 1658 450 1686 1,
466 1651 512 1678 20.

169 1699 322 1727 Postremo
343 1698 432 1726 debet
450 1705 507 1733 pro
527 1697 675 1726 universis
698 1706 794 1726 orare.
816 1698 862 1726 Sic
881 1698 923 1727 fa-

134 1745 232 1774 ciebat
246 1746 376 1781 Moyses,
393 1745 494 1780 Emori„
509 1752 606 1779 xxxu,
623 1747 652 1773 11
668 1754 675 1773 :
696 1756 709 1771 α
725 1748 840 1782 Moyses
854 1754 922 1774 ora-

134 1793 188 1823 bat
201 1792 370 1827 Dominum,
387 1802 401 1819 »
415 1794 469 1820 etc.
485 1794 518 1821 Et
532 1793 662 1828 Samuel,
679 1795 689 1822 1
704 1794 781 1829 Req„
797 1801 850 1827 XII,
865 1795 920 1823 23:

138 1850 154 1869 α
167 1840 250 1870 Absit
273 1849 291 1868 a
311 1848 359 1868 me
381 1840 439 1868 hoc
459 1843 632 1876 peccatum,
652 1843 684 1868 ut
703 1849 815 1869 cessem
836 1849 922 1869 orare

135 1897 191 1926 pro
210 1888 308 1917 vobis.
329 1898 342 1913 »
361 1888 421 1915 Hoc
447 1889 548 1915 autem
567 1888 676 1916 Paulus
697 1888 922 1923 diligentissime

136 1935 289 1973 implebat.
313 1935 400 1969 Rom„
425 1942 451 1969 1,
469 1935 535 1962 9-10
555 1943 562 1961 :
582 1944 596 1960 «
617 1935 684 1962 Sine
704 1934 922 1963 intermissione

136 1983 316 2012 memoriam
335 1981 424 2009 vestri
445 1981 523 2009 facio
545 1989 663 2017 semper
685 1981 716 2009 in
738 1982 923 2010 orat10nibus

136 2030 226 2060 meis.
245 2040 260 2057 n
281 2031 315 2057 Et
338 2030 358 2057 11
379 2029 482 2064 Thess„
503 2036 530 2064 1,
553 2030 604 2057 11:
623 2038 638 2055 «
658 2029 782 2057 Oramus
805 2037 923 2066 semper

135 2085 193 2114 pro
210 2076 315 2111 vobis,
334 2077 367 2104 ut
387 2077 462 2103 Deus
483 2075 623 2111 dignetur
643 2083 696 2104 vos
710 2083 818 2104 vocare
833 2084 923 2104 voca-

137 2125 232 2160 tione,
247 2134 261 2151 »
280 2124 336 2152 etc.
350 2123 424 2151 ltem
444 2123 502 2151 hoc
521 2123 620 2159 ipsum
634 2122 768 2151 hortatur
782 2122 858 2158 fieri,
878 2123 922 2150 di-

138 2173 241 2207 cens,l
258 2172 340 2205 Tim„
360 2178 391 2205 11,
409 2172 420 2198 1
437 2179 443 2198 :
463 2180 477 2197 «
493 2170 622 2199 Obsecro
640 2170 772 2206 primum
787 2170 923 2199 omnium

137 2219 203 2248 fieri
217 2217 450 2254 obsecrationes,
464 2217 626 2254 orationes,
641 2227 656 2245 »
674 2219 727 2247 etc.

411 2312 555 2347 CAPUT
583 2313 651 2346 CII.

263 2387 301 2414 De
319 2386 402 2414 malis
423 2385 598 2421 Principibus
618 2387 643 2412 et
662 2386 800 2414 Praelatz‘s.

176 2456 316 2492 Praecepit
324 2455 466 2484 Dominus
480 2455 572 2492 Moysi
589 2454 690 2483 dicens
701 2463 708 2482 ε
721 2465 734 2481 «
749 2454 829 2484 Tolle
844 2455 924 2491 prin-

141 2504 222 2541 cipes
242 2503 364 2540 populi,
384 2504 412 2531 et
426 2501 574 2539 suspende
590 2510 641 2530 eos
662 2503 765 2531 contra
783 2503 879 2532 solem
894 2502 925 2531 in

140 2550 294 2588 patibulis.
309 2560 323 2577 ιι
341 2551 437 2585 Num,
451 2557 521 2585 xxv,
538 2551 565 2577 4.

177 2598 254 2628 Dixit
280 2599 394 2633 Moyses
418 2597 458 2625 ad
483 2599 600 2631 Aaron,
623 2597 726 2632 Eaeod.‚
749 2604 844 2632 xxxii,
868 2598 899 2624 21
917 2606 923 2625 :

144 2656 159 2676 α
173 2645 251 2682 Quid
264 2645 318 2674 tibi
331 2644 399 2673 fecit
411 2644 460 2673 hic
469 2644 612 2681 populus,
622 2646 655 2672 ut
664 2644 821 2673 induceres
835 2653 926 2682 super

142 2702 214 2726 eum
226 2694 384 2730 peccatum
397 2692 583 2722 maximum?
592 2702 607 2720 »
616 2693 705 2726 Quasi
715 2693 844 2722 multum
858 2701 927 2731 pec-

1687 218 1743 249 611

966 284 1046 312 caret
1063 282 1206 320 praelatus
1223 283 1255 312 in
1273 283 1427 321 subditos,
1446 284 1572 322 quando
1590 285 1678 315 malae
1697 291 1749 314 eo-

965 336 1035 358 rum
1049 329 1249 367 acquiesceret
1262 330 1419 360 voluntati.

1002 376 1076 406 Male
1092 377 1235 414 corripuit
1248 378 1312 407 Heli
1327 378 1407 408 filios
1421 387 1507 416 suos;
1523 379 1609 417 quod
1621 379 1751 408 multum

969 423 1118 460 displicuit
1131 425 1268 461 Domino,
1284 427 1294 454 I
1307 426 1384 462 Κεφ,
1400 433 1437 456 11:
1453 428 1596 456 ettamen
1609 427 1753 464 corripuit

968 478 1020 500 eos
1037 471 1133 501 verbo
1139 482 1148 508 ;
1170 472 1224 501 sed
1243 472 1339 509 lente,
1364 481 1427 502 non
1445 474 1569 503 viriliter
1589 475 1618 503 et
1638 482 1751 504 severe.

969 518 1047 553 Quid
1061 527 1134 555 ergo
1150 519 1188 548 de
1201 519 1276 556 illis,
1293 520 1345 557 qui
1364 520 1397 549 in
1416 521 1504 550 malis
1517 521 1619 551 favent
1632 522 1689 558 eis,
1704 521 1755 550 vel

970 565 1022 603 qui
1039 565 1112 595 dant
1125 565 1168 594 eis
1183 567 1372 596 occasionem
1386 568 1556 604 peccandi?

1006 613 1101 641 Etiam
1114 613 1202 642 malis
1213 614 1344 650 praelatis
1356 615 1467 644 debent
1484 615 1599 645 deferre
1619 616 1730 645 subditi
1747 626 1753 644 :

970 659 1046 688 sicut
1059 660 1170 696 David,
1185 661 1237 697 qui
1252 662 1397 698 percussit
1411 671 1464 692 cor
1478 671 1578 699 suum,
1597 663 1670 700 quia
1681 671 1757 700 prae-

971 706 1084 736 ciderat
1104 715 1190 736 oram
1205 707 1372 745 chlamydis
1387 709 1482 738 Saulis
1494 709 1543 747 (a),
1558 718 1657 747 neque
1673 710 1758 739 aliud

971 754 1086 783 malum
1099 754 1195 783 voluit
1208 754 1305 783 facere
1321 755 1362 791 ci,
1379 758 1388 785 l
1406 757 1482 792 Ray„
1497 765 1576 787 xxrv.

1007 802 1114 830 Totum
1122 802 1243 838 pondus
1254 802 1351 839 praelii
1361 811 1482 832 versum
1493 804 1577 833 estin
1590 803 1671 840 Saul,
1677 804 1758 834 unde

973 848 1080 877 cecidit
1093 848 1125 877 in
1138 849 1253 886 praelio,
1268 851 1296 878 et
1310 851 1426 879 occisus
1439 851 1509 887 fuit,
1525 853 1535 880 1
1551 852 1628 888 Κεφ,
1640 860 1722 881 xxxx.

1010 897 1131 932 Propter
1150 899 1324 932 peccatum,
1340 898 1426 935 quod
1446 899 1596 927 commisit
1614 899 1710 928 David
1729 899 1760 928 in

973 942 1181 972 numeratione
1203 944 1324 981 populi,
1352 945 1463 974 mortui
1489 948 1557 975 sunt
1583 954 1621 975 cx
1645 945 1760 984 populo

974 989 1161 1026 septuaginta
1174 990 1270 1019 millia
1284 991 1430 1028 virorum,
1448 994 1470 1021 ΙΙ
1483 994 1562 1029 Req„
1577 1001 1658 1022 xxw.

1010 1037 1086 1071 Quia
1099 1036 1237 1067 Roboam
1249 1039 1401 1075 populum
1412 1040 1503 1068 nimis
1519 1048 1645 1076 gravare
1654 1041 1758 1075 voluit,

975 1091 1120 1120 magnam
1134 1085 1252 1121 partem
1267 1086 1331 1122 ejus
1346 1086 1454 1122 amisit,
1470 1088 1504 1115 111
1518 1088 1596 1124 Rea„
1611 1096 1663 1118 1111.

1017 1132 1209 1161 Occasionem
1240 1132 1323 1161 dedit
1349 1134 1512 1163 Jeroboam
1535 1136 1652 1172 populo
1680 1143 1760 1164 rece-

977 1179 1070 1207 dendi
1084 1188 1103 1208 a
1121 1179 1202 1208 cultu
1216 1180 1282 1215 Dei,
1298 1181 1423 1217 quando
1437 1181 1548 1212 vitulos
1568 1183 1652 1220 fecit,
1668 1185 1697 1212 et
1711 1191 1762 1213 eos

976 1226 1097 1255 adorari
1110 1227 1260 1263 praecepit.
1277 1229 1311 1256 111
1324 1229 1403 1264 Req„
1415 1237 1478 1257 xm.

1012 1275 1135 1310 Propter
1144 1274 1241 1302 malos
1253 1275 1392 1311 praelatos
1401 1276 1555 1305 interdum
1564 1277 1678 1306 subditi
1690 1279 1763 1306 tem—

975 1321 1118 1358 poraliter
1128 1321 1311 1358 affliguntur3
1323 1323 1404 1351 unde
1418 1323 1492 1352 dixit
1502 1324 1580 1353 Elias
1591 1325 1632 1354 ad
1642 1325 1760 1354 Achab:

979 1378 994 1395 «ι
1003 1370 1045 1396 Tu
1055 1368 1217 1397 conturbas
1231 1370 1381 1406 populum
1396 1371 1494 1407 lsrael,
1510 1374 1538 1400 et
1550 1372 1659 1401 domus
1671 1372 1763 1410 patris

976 1415 1030 1449 tui,
1045 1425 1060 1443 ι)
1079 1417 1132 1444 eto.
1149 1418 1184 1445 ΙΙΙ
1198 1417 1275 1452 Req„
1291 1425 1374 1453 xvm,
1390 1419 1436 1446 17.

1013 1464 1074 1491 Rex
1088 1463 1178 1500 syriae
1193 1465 1334 1501 praecepit
1344 1465 1532 1502 principibus
1543 1474 1686 1496 curruum
1697 1475 1762 1496 suo-

977 1517 1061 1538 rum:
1076 1519 1091 1537 «
1104 1511 1169 1538 Non
1183 1512 1355 1547 pugnabitis
1371 1514 1474 1542 contra
1490 1514 1648 1550 maiorem,
1666 1516 1695 1543 et
1707 1514 1763 1543 mi-

977 1565 1084 1585 norem
1108 1559 1298 1595 quempiam,
1323 1559 1379 1587 nisi
1408 1561 1512 1589 eontra
1540 1569 1643 1597 regem
1671 1561 1761 1591 Israel

977 1604 1087 1633 solum.
1107 1614 1122 1632 »
1143 1605 1194 1634 Ille
1216 1608 1316 1634 autem
1339 1609 1402 1636 erat
1424 1608 1526 1636 Achab
1550 1609 1760 1646 nequissimus.

976 1653 1011 1681 lll
1029 1653 1108 1688 Κεφ,
1122 1661 1200 1688 xxn,
1217 1655 1263 1682 31.

1013 1701 1160 1728 Manasses
1179 1700 1298 1729 seduxit
1317 1701 1426 1730 Judam
1446 1703 1474 1731 et
1493 1702 1677 1733 habitatores
1695 1705 1760 1733 Hie-

977 1747 1118 1782 rusalem,
1128 1750 1160 1775 ut
1168 1747 1297 1776 facerent
1310 1748 1425 1777 malum
1434 1757 1524 1785 super
1533 1758 1638 1779 omnes
1649 1754 1762 1787 gentes,

977 1801 1053 1830 quas
1076 1794 1260 1823 subverterat
1281 1796 1424 1824 Dominus
1444 1805 1464 1826 a
1481 1797 1556 1826 facie
1575 1798 1708 1827 filiorum
1722 1800 1762 1828 1s-

976 1841 1049 1876 rael,
1065 1842 1086 1870 11
1102 1843 1207 1877 Paral„
1222 1850 1326 1878 xxxm,
1341 1844 1368 1871 9.

1013 1888 1158 1916 Malorum
1172 1889 1364 1924 praelatorum
1377 1890 1410 1917 in
1428 1890 1610 1920 Hierusalem
1624 1892 1762 1921 habitan-

977 1935 1052 1963 tium
1067 1935 1252 1964 conditiones
1268 1936 1410 1972 expressit
1424 1937 1513 1966 Isaias
1529 1938 1647 1968 dicens:
1661 1940 1762 1968 «Prin-

977 1982 1059 2018 cipes
1073 1983 1115 2010 tui
1129 1982 1266 2011 infideles
1281 1985 1359 2017 sunt,
1369 1984 1442 2012 socii
1456 1984 1557 2013 furum
1568 1995 1576 2020 ,-
1595 1994 1700 2016 omnes
1715 1988 1761 2016 di-

976 2029 1073 2065 ligunt
1092 2037 1235 2065 munera,
1253 2032 1418 2067 sequuntur
1431 2032 1656 2070 retributiones,
1672 2045 1686 2062 ))
1705 2037 1762 2066 etc.

978 2077 1047 2109 Iso„
1062 2085 1083 2112 1,
1099 2077 1145 2104 23.

1014 2125 1054 2151 De
1065 2124 1343 2153 Nabuchodonosor
1354 2125 1489 2162 principe
1501 2127 1632 2163 pessimo
1644 2128 1762 2167 dieitur,

978 2172 1049 2207 Isa„
1064 2179 1126 2207 xw,
1145 2173 1199 2200 20:
1218 2181 1232 2199 α
1246 2174 1288 2201 Tu
1307 2175 1416 2202 terram
1431 2175 1513 2203 tuam
1531 2174 1710 2213 dispersisti,
1731 2179 1762 2206 tu

978 2218 1129 2255 populum
1141 2221 1227 2247 tuum
1241 2220 1383 2256 occidisti,
1399 2231 1413 2248 >i
1431 2223 1486 2250 etc.

1016 2266 1117 2295 Sobna
1130 2267 1306 2304 praepositus
1325 2268 1428 2304 templi
1450 2269 1591 2308 credebat
1610 2270 1641 2299 in
1662 2271 1764 2301 Hieru—

980 2313 1074 2342 salem
1093 2313 1146 2341 diu
1159 2313 1276 2348 vivere,
1297 2316 1325 2343 et
1344 2316 1435 2352 mori,
1456 2318 1484 2345 et
1496 2317 1660 2347 honorifice
1679 2327 1763 2356 sepe-

980 2360 1047 2396 liri3
1063 2361 1114 2389 sed
1133 2361 1289 2390 mandavit
1303 2362 1330 2391 ei
1344 2363 1505 2392 Dominus:
1528 2374 1542 2391 «
1558 2365 1635 2399 Quid
1649 2368 1680 2394 tu
1703 2367 1762 2403 hic,

980 2409 1031 2435 aut
1040 2408 1125 2443 quasi
1134 2408 1266 2444 quishic,
1275 2419 1286 2434 n
1304 2411 1357 2437 etc.
1375 2411 1407 2438 Et
1420 2412 1488 2447 post
1502 2419 1600 2447 pauca
1614 2413 1762 2450 sequitur:

982 2465 998 2481 «
1012 2455 1164 2491 Expellam
1182 2458 1211 2484 te
1231 2456 1267 2485 de
1283 2457 1407 2486 statione
1425 2460 1486 2494 tua,
1502 2469 1517 2486 »
1535 2462 1588 2489 etc.
1605 2462 1674 2498 Isa.,
1690 2470 1763 2499 xxn,

981 2503 1026 2538 16,
1043 2503 1088 2531 19.
1104 2504 1137 2531 Et
1151 2504 1238 2539 nota,
1260 2505 1343 2540 quod
1358 2505 1407 2534 ille
1427 2506 1527 2536 sobna
1543 2508 1661 2538 videtur
1674 2509 1763 2539 fuisse

982 2549 1020 2577 de
1035 2549 1104 2585 illis,
1124 2550 1176 2586 qui
1196 2550 1335 2579 dicebant
1348 2552 1441 2588 paulo
1457 2555 1541 2589 ante,
1559 2556 1611 2583 13:
1630 2564 1644 2582 α
1659 2557 1764 2586 Come·

982 2598 1090 2627 damus
1104 2600 1133 2627 et
1145 2599 1296 2637 bibamus,
1310 2609 1376 2630 cras
1387 2602 1468 2631 enim
1481 2603 1655 2634 moriemur.
1671 2615 1686 2633 1»

1014 2698 1047 2730 (a)
1066 2699 1127 2724 Caee.
1144 2699 1204 2724 edit.
1219 2700 1295 2726 illius.
