2004 3037
869 213 998 249 CAPUT
1019 214 1112 248 XXX.

213 278 334 311 Volente
348 281 509 313 Heliodoro
522 282 652 320 spoliare
671 281 834 320 templum,
861 284 890 312 et
908 283 960 312 de-

177 327 276 364 posita
289 331 457 366 asportare,
472 338 488 358 α
500 330 639 368 apparuit
652 329 779 368 quidam
792 337 888 367 equus
902 331 959 359 ter·

177 374 297 405 ribilem
311 376 428 406 habens
440 386 598 415 sessorem,
609 388 623 406 ›)
638 378 693 406 ete.
707 378 730 406 11
739 377 842 413 Mach„
857 385 900 413 ιιι,
910 378 956 407 25.

216 424 317 452 «Cum
332 425 493 454 vehemens
514 433 618 462 pugna
632 426 732 454 esset»
759 424 836 453 inter
860 425 958 454 Timo-

177 469 279 499 theum
302 472 331 500 et
353 471 462 501 ludam
482 472 704 508 Machabaeum,
727 474 958 509 «apparuerunt

177 516 215 546 de
230 517 305 547 coelo
327 518 461 556 quinque
481 519 558 555 viri,
585 519 668 556 equis
690 520 718 548 et
735 519 834 547 fraenis
858 519 957 548 aureis

176 563 296 600 decori,
318 565 460 594 ducatum
481 565 588 595 Judaeis
602 567 784 603 praestantes.
810 567 831 594 E
847 566 956 602 quibus

175 610 235 639 duo
249 611 452 641 Machabaeum
466 613 600 642 medium
615 612 775 649 habentes,
791 613 881 642 armis
895 613 956 642 suis

174 658 403 696 circumseptum
412 660 596 690 incolumem
604 660 851 690 conservabant.»
862 661 884 689 11
893 661 955 688 Ma-

174 705 262 742 chae„
277 714 311 742 x,
328 708 381 743 29,
395 708 440 737 30.

208 753 352 782 Euntibus
363 754 403 783 ad
416 754 552 792 praelium
559 755 667 784 Judeeis
682 756 785 784 contra
794 755 956 784 exercitum

171 808 316 837 magnum
339 803 447 840 Lysiae,
466 803 637 833 Machabaeo
663 804 758 840 duce,
787 814 802 831 «
817 804 956 841 apparuit

172 856 263 884 eques
277 849 448 886 praecedens
476 858 527 879 eos
546 850 577 879 in
591 852 671 880 veste
696 850 842 887 candida,
864 851 955 880 armis

172 896 269 924 aureis
284 896 400 926 hastam
413 897 546 926 vibrans.
563 908 576 925 »
594 899 616 927 ΙΙ
631 899 735 930 Μαοὴ..
750 906 780 934 1,
795 898 822 926 8.

208 944 280 971 Cum
306 944 474 973 sacerdotio
495 944 670 981 fungeretur
693 945 847 974 Zacharias
870 945 955 982 pater

170 989 291 1018 loannis
316 991 469 1028 Baptistae,
488 991 656 1028 «apparuit
680 991 724 1020 illi
744 992 874 1028 Angelus
897 993 954 1020 Do-

171 1036 257 1071 mini,
267 1039 346 1066 stans
357 1045 375 1066 a
387 1038 497 1066 dextris
511 1038 611 1066 altaris
619 1038 744 1067 incensi.
755 1048 768 1066 »
781 1040 859 1074 Luc„
875 1047 895 1075 1,
907 1040 952 1067 11.

207 1093 223 1110 α
236 1084 339 1112 Missus
354 1086 397 1113 est
417 1085 537 1114 Gabriel
551 1085 682 1121 Angelus
697 1094 714 1114 a
728 1086 788 1114 Deo
802 1086 834 1114 in
849 1085 952 1114 civita-

169 1132 230 1159 tem
243 1131 380 1166 Galilaeae,
394 1132 442 1160 cui
456 1140 568 1161 nomen
580 1133 731 1169 Nazareth,
748 1132 788 1162 ad
801 1133 952 1170 Virginem

169 1177 400 1214 desponsatam,
415 1189 428 1206 »
445 1182 498 1209 etc.
514 1182 593 1216 Luc„
610 1189 636 1216 1,
651 1181 705 1217 26,
721 1183 766 1210 27.

205 1226 335 1261 Angelus
362 1227 479 1255 Domini
498 1227 608 1264 legitur
630 1229 675 1256 ter
697 1228 872 1265 apparuisse
897 1229 948 1257 Jo-

169 1272 261 1309 seph:
276 1273 385 1309 primo,
401 1282 470 1303 cum
485 1276 561 1303 esset
572 1274 671 1303 adhuc
684 1275 828 1304 Dominus
842 1275 874 1303 in
889 1283 952 1304 ma-

169 1319 220 1348 tris
234 1322 335 1356 utero,
355 1321 470 1357 Mami„
484 1329 509 1357 1,
525 1322 580 1356 2t)‚·
605 1322 753 1358 secundo,
776 1330 845 1352 cum
864 1324 951 1351 natus

169 1375 207 1396 ex
227 1369 329 1404 uter03
348 1368 432 1398 tertio
453 1377 522 1398 cum
541 1370 640 1399 adhuc
655 1372 731 1400 esset
752 1370 784 1399 in
802 1372 949 1408 AEgypto,

168 1415 280 1448 Matth„
298 1423 333 1451 n,
351 1417 400 1449 13,
416 1417 462 1446 20.

204 1463 298 1500 Super
311 1463 471 1492 Dominum
485 1464 518 1493 in
531 1464 682 1502 baptismo
703 1476 718 1494 α
731 1466 854 1503 Spiritus
867 1474 952 1495 sanc-

167 1510 215 1539 tus
228 1509 260 1538 in
275 1510 424 1539 columbae
448 1511 546 1548 specie
560 1513 641 1541 visus
667 1515 728 1549 est,
747 1515 872 1550 paterna
890 1521 950 1542 vox

168 1557 270 1586 audita
279 1559 320 1586 est
335 1566 342 1586 ε
356 1558 406 1586 Hic
416 1560 459 1586 est
467 1558 546 1587 filius
561 1568 646 1588 meus
655 1561 790 1590 dilectus,
802 1571 816 1588 »
833 1561 948 1596 Μαείὴ.,

167 1611 215 1640 111,
230 1605 323 1639 16-17,
337 1607 364 1633 et
378 1606 456 1639 Luc„
470 1614 520 1641 xv,
535 1607 581 1634 22.

203 1653 276 1682 Item
290 1652 322 1683 in
339 1653 600 1689 transfiguratione
619 1663 632 1681 «
647 1657 849 1691 apparuerunt
867 1657 948 1692 Moy-

166 1707 213 1728 ses
228 1701 256 1728 et
275 1699 351 1728 Elias
371 1709 441 1729 cum
454 1702 581 1730 Domino
596 1701 771 1738 loquentes,
788 1704 816 1731 et
830 1711 891 1731 vox
911 1702 948 1730 de

166 1746 242 1775 coelo
265 1746 343 1776 facta
364 1748 424 1784 est,
445 1758 460 1776 n
487 1749 542 1777 etc.
568 1748 682 1783 Mami„
712 1757 792 1785 xvn,
816 1750 851 1786 3;
872 1750 948 1784 Luc„

165 1801 208 1830 lx,
223 1795 268 1823 30.

200 1843 380 1877 Resurgente
412 1841 540 1871 Domino
574 1844 676 1872 nostro
708 1844 775 1872 Jesu
810 1843 923 1872 Christo
935 1865 944 1877 ,

169 1888 291 1917 «multa
315 1896 443 1924 corpora
468 1890 641 1918 sanctorum
661 1890 714 1926 qui
739 1890 924 1919 dormierant
937 1911 946 1926 ‚

166 1929 370 1969 surrexerunt,
382 1936 411 1963 et
425 1937 564 1963 exeuntes
578 1935 616 1964 de
630 1938 834 1965 monumentis
857 1945 947 1966 vene-

164 1983 236 2011 runt
249 1982 280 2010 in
292 1982 440 2011 civitatem
452 1984 585 2011 sanctam
593 2004 603 2019 ,
620 1985 648 2012 et
660 1986 862 2020 apparuerunt
872 1984 948 2013 mul-

164 2029 216 2066 tis,
230 2030 362 2063 »Matth.,
374 2037 474 2065 nvn,
487 2031 538 2066 52,
553 2032 599 2059 53.

201 2077 330 2112 Surgens
347 2078 430 2105 Jesus
445 2084 533 2105 mane
548 2077 647 2114 prima
662 2077 797 2113 sabbati,
810 2077 949 2114 apparuit

164 2123 264 2160 primo
280 2123 376 2153 Mariae
388 2123 579 2160 Magdalenae,
592 2126 660 2161 post
678 2124 736 2152 hoc
751 2124 871 2153 duobus
886 2125 946 2153 dis-

165 2170 271 2206 cipulis
293 2171 431 2199 euntibus
450 2171 481 2198 in
500 2171 620 2206 villam,
641 2172 805 2200 novissimo
828 2180 946 2200 recum-

164 2217 305 2246 bentibus
321 2218 462 2246 undecim
477 2219 635 2255 apparuit,
652 2220 680 2247 et
694 2219 886 2256 exprobravit
900 2219 946 2248 in-

165 2265 371 2293 credulitatem
386 2265 517 2294 illorum.
532 2267 633 2302 Marc„
648 2274 708 2294 xvi.

199 2311 445 2348 Postpassionem
456 2312 596 2340 Dominus
606 2314 620 2341 J
623 2322 688 2341 esus
702 2313 832 2342 Christus
849 2322 863 2340 «
872 2321 947 2350 prae-

164 2359 230 2388 buit
254 2359 385 2396 seipsum
408 2360 512 2387 vivum
538 2360 690 2396 discipulis
716 2361 776 2388 suis
796 2361 827 2388 in
846 2360 947 2388 multis

164 2408 357 2443 argumentis,
369 2416 423 2444 per
438 2408 501 2436 dies
516 2409 717 2445 quadraginta
731 2417 878 2445 apparens
893 2409 944 2445 eis,

166 2455 194 2482 et
213 2455 340 2491 loquens
361 2455 397 2483 de
419 2464 512 2491 regno
533 2456 624 2491 Dei,›>
651 2458 705 2485 etc.
730 2458 889 2492 «Cumque
904 2456 947 2484 in-

165 2502 316 2530 tuerentur
328 2503 359 2530 in
372 2502 480 2531 eoelum
493 2505 610 2531 euntem
626 2503 724 2539 illum,
734 2512 801 2531 ecee
817 2503 878 2531 duo
889 2503 946 2531 viri

166 2548 318 2577 astiterunt
337 2550 422 2586 juxta
444 2550 512 2579 illos
539 2550 570 2579 in
592 2551 724 2580 vestibus
745 2551 842 2585 albis,
857 2560 871 2576 »
889 2551 942 2579 eto.

166 2596 243 2632 Act„
259 2599 387 2633 1,1‚10.

205 2653 220 2670 α
235 2645 308 2673 Cum
322 2645 541 2682 complerentur
557 2645 619 2674 dies
638 2646 822 2675 Pentecostes
833 2665 842 2681 ,
862 2647 947 2675 erant

168 2701 272 2723 omnes
297 2693 434 2730 discipuli
456 2693 577 2730 pariter,
603 2695 630 2722 et
659 2695 862 2730 apparuerunt
886 2693 945 2721 illis

1741 219 1801 250 525

1016 282 1176 320 dispertitae
1189 282 1299 319 linguae
1314 284 1459 321 tanquam
1475 283 1570 321 ignis,
1579 293 1593 311 ιο
1610 284 1668 314 etc.
1681 284 1756 318 Act..
1768 292 1800 320 n,

1018 331 1045 366 Ι,
1060 330 1088 358 2.

1055 387 1069 404 «
1083 377 1250 414 Stephanus
1262 377 1369 414 plenus
1384 378 1493 415 Spiritu
1507 381 1608 408 saneto
1616 400 1626 415 ,
1640 379 1800 408 intendens

1014 423 1046 452 in
1060 424 1181 460 coelum,
1195 424 1273 454 vidit
1287 425 1416 460 gloriam
1430 425 1489 461 Dei,
1505 427 1532 454 et
1546 426 1586 454 ait
1598 435 1604 454 :
1622 428 1694 455 Ecce
1709 426 1798 455 video

1014 472 1106 500 coelos
1128 473 1247 509 apertos
1261 493 1270 507 ,
1295 474 1323 500 et
1342 472 1449 501 Filium
1472 473 1602 502 hominis
1626 475 1753 503 stantem
1779 481 1798 502 a

1015 518 1126 547 dextris
1142 519 1202 548 Dei.
1218 530 1231 545 υ
1249 519 1327 554 Act„
1339 527 1396 554 vn,
1411 521 1455 548 55.

1048 567 1122 595 Cum
1136 567 1393 603 appropinquaret
1407 567 1513 595 Saulus
1527 569 1671 596 Damasco
1680 590 1689 603 ‚
1705 570 1739 597 ut
1750 576 1797 597 ca·

1011 615 1095 650 peret
1109 614 1304 649 Christianos,
1316 624 1329 640 «
1341 614 1440 643 subito
1452 614 1647 643 circumfulsit
1661 623 1730 643 eum
1738 615 1797 653 ‚lux

1012 660 1050 688 de
1061 660 1147 696 coelo,
1155 663 1183 689 et
1193 661 1307 689 audivit
1316 661 1486 697 (Dominum
1494 663 1593 690 Jesum
1604 661 1798 698 Nazarenum)

1012 707 1160 736 dicentem
1175 708 1230 736 sibi
1252 717 1259 736 :
1281 709 1384 743 Saule,
1408 709 1511 743 Saule,
1532 709 1606 746 quid
1627 718 1675 738 me
1696 718 1797 747 perse·

1012 755 1137 791 queris?
1157 765 1175 782 »
1198 756 1226 783 et
1250 758 1465 792 consequenter
1491 756 1630 793 apparuit
1653 757 1796 786 Dominus

1011 803 1142 831 Ananiae.
1158 802 1236 837 Act„
1252 811 1299 838 ix,
1317 805 1348 836 3,
1365 804 1398 838 4,
1415 805 1458 832 10.

1047 849 1200 878 Cornelius
1215 850 1371 886 Centurio,
1386 850 1432 878 vir
1450 860 1463 877 «
1477 851 1633 887 religiosus
1649 853 1677 880 et
1690 851 1797 881 timens

1011 897 1119 931 Deum,
1134 897 1210 925 vidit
1229 897 1401 932 manifeste,
1417 898 1503 934 quasi
1525 898 1600 926 hora
1615 907 1696 927 nona
1715 899 1796 935 diei,

1010 944 1156 979 Angelum
1173 944 1290 972 Domini
1305 945 1454 973 dicentem
1469 945 1526 973 sibi
1543 955 1550 974 :
1567 946 1700 979 Corneli,
1713 947 1794 975 mitte

1009 991 1090 1020 viros
1105 991 1136 1019 in
1150 993 1266 1028 Joppen
1278 1013 1286 1027 ,
1304 994 1332 1020 et
1355 1000 1472 1021 accerse
1487 993 1639 1021 Simonem
1653 995 1770 1022 Petrum
1781 1003 1790 1029 ;

1010 1037 1059 1066 hic
1074 1038 1152 1067 dicet
1165 1039 1218 1067 tibi
1234 1039 1308 1076 quid
1322 1041 1348 1068 te
1363 1041 1500 1076 oporteat
1513 1040 1620 1069 faeere.
1635 1050 1649 1067 >³
1667 1042 1741 1077 Act„
1757 1049 1792 1077 x,

1011 1086 1072 1113 2-5.

1046 1134 1152 1162 Orante
1168 1134 1252 1162 Petro
1265 1136 1293 1162 et
1302 1134 1464 1170 esuriente,
1479 1134 1609 1163 «cecidit
1622 1142 1712 1171 super
1723 1143 1793 1164 eum

1008 1180 1115 1208 mentis
1130 1188 1283 1216 excessus,
1305 1183 1333 1209 et
1356 1181 1431 1209 vidit
1451 1181 1560 1209 coelum
1582 1184 1737 1218 apertum,
1764 1184 1793 1211 et

1008 1227 1192 1255 descendens
1206 1236 1260 1256 vas
1275 1228 1432 1264 quoddam
1446 1229 1528 1257 velut
1541 1228 1666 1257 linteum
1681 1230 1713 1257 in
1728 1238 1790 1266 quo

1009 1277 1094 1303 erant
1111 1275 1213 1303 omnia
1228 1275 1448 1311 quadrupedia,
1466 1278 1494 1304 et
1508 1277 1667 1313 serpentia,
1687 1279 1716 1305 et
1734 1285 1791 1305 vo-

1006 1321 1099 1351 latilia
1115 1322 1196 1358 coeli,
1212 1332 1225 1350 ι)
1245 1325 1299 1350 ete.
1318 1322 1395 1355 Aet„
1409 1331 1445 1357 x,
1461 1323 1556 1352 10-12.

1046 1378 1059 1395 «
1074 1369 1202 1405 Angelus
1221 1370 1339 1397 Domini
1354 1369 1457 1405 astitit,
1473 1372 1500 1399 et
1515 1371 1617 1399 lumen
1631 1371 1745 1400 refulsit
1759 1372 1792 1401 in

1006 1416 1178 1444 habitaculo
1198 1416 1351 1452 (carceris,
1376 1417 1407 1444 in
1423 1417 1504 1453 quo)
1525 1420 1586 1446 erat
1606 1420 1705 1447 Petrus
1720 1419 1792 1448 dor-

1006 1463 1102 1491 miens
1121 1463 1237 1492 vinctus
1253 1464 1364 1491 catenis
1378 1464 1496 1492 duabus
1506 1486 1514 1499 ‚
1530 1473 1732 1502 percussoque
1746 1466 1790 1495 la-

1005 1512 1066 1539 tere
1079 1511 1174 1546 Petri,
1191 1522 1203 1537 »
1223 1513 1276 1539 etc.
1294 1512 1368 1544 Act„
1382 1519 1434 1546 x11,
1449 1513 1466 1540 6
1481 1514 1509 1540 et
1522 1519 1585 1548 seq.

1045 1567 1059 1583 «
1074 1559 1147 1585 Cum
1160 1558 1285 1594 (Paulus
1293 1561 1321 1586 et
1329 1558 1422 1594 Silas,)
1438 1559 1594 1587 transirent
1606 1560 1643 1596 (a)
1653 1560 1788 1597 Mysiam,

1006 1605 1223 1633 descenderunt
1244 1605 1413 1640 Troadem,
1441 1608 1468 1634 et
1486 1606 1561 1635 visio
1587 1614 1640 1642 per
1668 1609 1788 1636 noctem

1005 1652 1096 1681 Paulo
1108 1655 1224 1681 ostensa
1236 1655 1293 1690 est;
1305 1653 1350 1682 vir
1359 1654 1480 1682 Macedo
1489 1654 1614 1690 quidam
1623 1657 1684 1683 erat
1694 1657 1785 1690 stans,

1005 1703 1033 1729 et
1049 1701 1212 1737 deprecans
1229 1709 1313 1737 eum,
1330 1703 1358 1730 et
1373 1702 1475 1730 dicens
1491 1710 1499 1730 ε
1515 1702 1669 1731 Transiens
1685 1703 1715 1731 in
1730 1705 1786 1733 Ma-

1005 1748 1164 1777 cedoniam
1179 1749 1291 1784 adjuva
1304 1757 1368 1778 nos.
1385 1759 1399 1776 »
1417 1750 1494 1784 Act„
1508 1757 1574 1784 xvi,
1591 1751 1622 1785 8,
1640 1751 1666 1779 9.

1044 1804 1057 1821 α
1070 1795 1152 1825 Multi
1167 1796 1387 1824 Corinthiorum
1402 1796 1556 1825 audientes
1571 1797 1707 1833 Paulum,
1724 1805 1787 1827 cre-

1004 1842 1116 1871 debant
1131 1844 1158 1871 et
1172 1843 1413 1880 baptizabantur.
1429 1845 1504 1873 Dixit
1519 1848 1619 1874 autem
1632 1848 1719 1874 nocte
1733 1855 1786 1883 per

1003 1890 1150 1918 visionem
1166 1891 1308 1918 Dominus
1323 1891 1414 1919 Paulo
1432 1901 1438 1920 :
1454 1892 1519 1920 Noli
1534 1893 1637 1921 timere
1647 1914 1656 1928 ,
1673 1893 1726 1921 sed
1740 1893 1786 1921 lo-

1003 1944 1109 1972 quere,
1131 1939 1159 1965 et
1174 1944 1211 1965 ne
1226 1940 1342 1973 taceaS,
1366 1941 1488 1974 propter
1502 1939 1587 1976 quod
1607 1948 1664 1975 ego
1688 1942 1786 1968 tecum

1003 1992 1086 2017 sum,
1103 1986 1130 2012 et
1151 1992 1242 2012 nemo
1266 1987 1435 2021 apponetur
1459 1985 1513 2014 tibi
1535 1988 1567 2014 ut
1588 1988 1696 2015 noceat
1717 1989 1754 2016 te.
1768 1996 1782 2014 n

1003 2031 1078 2065 Act„
1092 2039 1164 2059 svm
1174 2052 1182 2065 ,
1198 2032 1274 2060 8-10.

1039 2077 1176 2111 Quadam
1190 2079 1277 2106 nocte
1293 2087 1306 2104 α
1321 2079 1464 2107 Dominus
1485 2079 1624 2108 assistens
1637 2081 1730 2109 Paulo
1745 2081 1785 2109 ait

1002 2124 1030 2152 ei
1046 2133 1053 2153 ε
1069 2126 1212 2153 Constans
1227 2127 1299 2160 esto,
1316 2126 1404 2154 Paule
1418 2136 1424 2154 z
1437 2127 1602 2155 sicutenim
1615 2128 1784 2156 testificatus

1003 2179 1033 2199 es
1049 2171 1086 2199 de
1098 2180 1146 2199 me
1162 2172 1192 2199 in
1207 2172 1408 2208 Hierusalem,
1424 2176 1452 2201 et
1462 2174 1502 2201 sic
1512 2175 1613 2203 Romae
1628 2176 1655 2203 te
1668 2177 1785 2211 oportet

1002 2218 1160 2247 testificari.
1176 2228 1190 2246 η
1207 2219 1283 2255 Act„
1299 2228 1390 2255 xxm,
1406 2222 1452 2249 11.

1037 2266 1190 2294 Consolari
1208 2266 1312 2294 volens
1325 2267 1432 2295 Paulus
1446 2269 1543 2296 socios
1564 2271 1698 2306 tempore
1712 2271 1783 2298 tem-

1001 2314 1136 2349 pestatis,
1152 2314 1242 2341 suasit
1258 2314 1299 2342 eis
1314 2315 1322 2350 (
1335 2315 1416 2342 bono
1435 2316 1536 2343 animo
1552 2317 1639 2352 esse),
1657 2317 1758 2345 dicens
1774 2326 1781 2346 :

1004 2361 1118 2389 «Astitit
1127 2361 1200 2389 mihi
1214 2361 1270 2388 hac
1281 2365 1367 2390 nocte
1382 2363 1513 2398 Angelus
1525 2363 1652 2399 Domini,
1669 2364 1715 2391 cui
1730 2364 1782 2392 de-

1001 2407 1119 2443 servio,
1134 2407 1241 2441 ¹dicens
1266 2418 1273 2436 ι
1298 2411 1337 2437 Ne
1352 2409 1474 2444 timeas,
1498 2410 1601 2445 Paule,
1627 2410 1731 2438 Caesari
1754 2413 1787 2446 te

1002 2457 1118 2492 oportet
1133 2456 1266 2484 assistere
1277 2478 1285 2491 ,
1301 2458 1329 2484 et
1345 2464 1411 2484 ecce
1423 2456 1547 2484 donavit
1562 2458 1636 2484 Deus
1651 2457 1703 2484 tibi
1719 2465 1782 2485 om-

1001 2510 1052 2531 nes
1067 2503 1163 2539 quiin
1178 2503 1248 2530 navi
1263 2504 1331 2531 sunt
1345 2505 1476 2531 tecum.»
1490 2504 1565 2539 Act„
1581 2511 1672 2537 xxvii,
1684 2504 1780 2533 22-24.

1037 2551 1141 2578 Beatus
1150 2551 1278 2578 loannes
1287 2550 1445 2586 Apostolus
1454 2552 1481 2578 et
1491 2550 1683 2586 Evangelista,
1691 2551 1780 2579 exilio

1000 2596 1149 2633 relegatus
1178 2596 1209 2625 in
1232 2597 1356 2626 pathmo
1384 2598 1418 2634 (ta)
1443 2597 1556 2632 insula,
1586 2596 1661 2625 vidit
1688 2597 1780 2626 Chris-

1034 2698 1065 2729 (α)
1085 2697 1160 2729 Vulq.
1173 2697 1382 2728 pertransissent.
1393 2709 1425 2715 —
1440 2696 1474 2728 (h)
1490 2696 1551 2721 Caet.
1567 2695 1627 2722 edit.
1647 2697 1777 2723 pathmos,
