2004 3037
18 1525 120 1547 Charitas

12 1557 88 1578 multis
94 1557 121 1577 si-

12 1586 120 1607 militudi-

12 1617 78 1638 nibus
87 1624 120 1638 os-

11 1649 119 1670 tenditur.

351 264 402 297 DE
423 263 662 298 VIRTUTIBUS
685 263 944 297 THEOLOGICIS
966 263 1016 296 ET
1039 263 1344 298 CARDINALIBUS.
1368 265 1456 298 CAP.
1480 266 1520 298 11.

127 333 237 363 talibus
250 332 362 362 inimici
377 340 469 370 quam
483 332 586 367 amici,
600 331 632 361 id
647 333 704 367 est,
719 333 906 368 peccatores,

129 388 221 418 quam
237 380 317 416 justi.
337 390 351 407 n
371 381 403 408 Et
423 378 616 407 nihilominus
636 378 728 407 virtus
747 378 796 407 vel
814 379 908 414 gratia

128 427 213 466 quasi
229 427 377 464 possessio
398 426 520 463 optima.
537 425 614 454 Sicut
629 425 708 453 enim
730 426 806 454 benc
825 426 908 454 sedet

128 474 287 512 possessio,
299 482 366 510 quze
375 474 417 502 est
430 480 524 509 prope
535 472 699 508 civitatem;
712 472 829 507 melius,
841 481 907 509 quae

130 524 173 550 est
185 522 267 557 juxta
283 528 384 549 muros
404 519 545 554 civitatis;
569 519 621 547 sed
641 519 768 556 optime,
785 528 851 556 quoe
866 522 909 548 cst

129 568 206 596 intra
219 575 336 602 murm,
349 569 470 604 propter
488 566 673 594 securitatem
688 566 844 602 clausurae,
860 566 909 595 vel

129 614 335 644 habitationis:
357 614 398 642 sic
418 613 582 650 peroptime
604 613 687 641 sedet
707 613 815 648 virtus,
842 622 908 650 quae

130 664 173 690 cst
194 661 225 690 in
245 663 356 690 secreto
382 660 489 689 cordis.
510 660 590 688 Unde
614 662 714 688 narrat
737 662 847 689 Seneca
871 661 908 689 dc

130 707 262 745 quodam
276 708 473 745 philosopho,
489 707 572 743 quod
586 715 679 735 uxore
694 709 780 744 capta
795 710 823 735 et
836 707 909 736 libc-

129 755 182 790 ris,
203 763 271 783 cum
290 755 371 783 solus
389 763 425 782 ex
446 754 584 782 inccndio
610 753 765 788 evasisset,
785 755 909 783 interro-

130 804 214 837 gatus
226 810 243 830 a
255 803 394 837 tyranno,
409 801 480 837 quid
495 801 657 828 amisisset:
673 810 686 826 ι(
701 801 788 836 Nihil,
804 801 908 837 inquit,

128 848 264 886 perdidi:
284 856 355 876 nam
375 849 456 876 bona
477 856 544 875 mea
564 856 681 875 mecum
701 850 777 876 sunt.
799 859 812 874 »
830 850 910 877 Bona

130 903 260 932 namque
274 895 425 929 interiora,
441 895 515 922 sicut
529 896 597 922 sunt
609 895 730 928 virtutes
744 895 792 923 vel
805 896 908 931 gratia,

130 949 191 971 non
201 944 325 978 possunt
334 941 452 976 auferri,
465 943 497 969 ut
511 941 602 977 vulgo
616 941 732 977 dicitur,
744 950 798 970 nec
810 945 909 978 vento,

130 997 185 1017 nec
199 989 281 1024 ge1u;
298 990 326 1017 et
338 989 407 1016 ideo
424 988 529 1016 dicitur
544 988 574 1015 in
592 989 694 1015 Psalmo
708 992 730 1016 ·.·
748 989 841 1016 Omnis
857 991 911 1024 qlo-

129 1037 175 1063 rz'a
190 1035 247 1070 ejus
261 1036 326 1071 filice
340 1037 411 1070 reqis
424 1035 457 1062 ab
472 1036 557 1062 intus.
571 1034 644 1062 Filia
657 1035 734 1070 regis
750 1037 792 1063 est
811 1036 911 1064 anima

130 1081 238 1116 fidelis,
254 1082 338 1117 cujus
352 1083 414 1110 tota
430 1081 525 1117 gloria
538 1083 580 1109 est
595 1081 632 1109 dc
647 1081 779 1110 interiori
794 1091 910 1119 posscs-

130 1128 213 1157 sione
226 1129 350 1157 virtutis.

377 1214 402 1248 C
415 1214 446 1247 A
460 1214 486 1247 P
501 1214 532 1247 U
545 1214 571 1247 T
610 1215 625 1247 I
640 1215 664 1248 Ι.

417 1292 455 1318 De
475 1292 623 1320 charitate.

169 1364 299 1392 Charitas
315 1366 356 1392 est
370 1364 501 1399 dilectio,
514 1373 574 1401 qua
588 1366 720 1401 diligitur
735 1368 810 1394 Deus
823 1375 912 1403 prop-

133 1405 180 1440 ter*
189 1419 233 1445 se,
250 1413 278 1439 et
291 1412 445 1447 proximus
459 1414 581 1448 propter
596 1414 687 1440 Deum
700 1435 708 1448 ‚
724 1414 772 1441 vel
792 1414 822 1441 in
842 1415 911 1448 Dco,

134 1460 166 1486 ut
189 1458 315 1485 habetur
342 1458 373 1485 in
400 1458 478 1486 libro
501 1459 586 1487 tertio
611 1461 812 1488 Sententiarum
825 1459 844 1487 ².
874 1462 911 1488 De

135 1505 274 1533 charitate
289 1507 360 1534 nota
379 1506 543 1542 specialiter
564 1507 636 1540 tria,
651 1507 762 1534 scilicet
783 1508 844 1542 ejus
867 1510 911 1543 ty—

134 1561 205 1589 pum
217 1553 386 1588 figuralem,
398 1553 461 1588 ejus
472 1555 570 1581 actum
584 1553 752 1589 virtualem,
764 1554 826 1589 ejus
838 1554 912 1582 sruc-

134 1602 196 1627 tum
211 1599 341 1627 fiualcm.

170 1647 252 1675 Circa
266 1647 397 1682 primum
412 1647 581 1682 sciendum,
599 1647 681 1683 quod
701 1648 856 1684 multiplex
871 1651 914 1677 cst

134 1695 232 1730 typus,
241 1694 289 1721 vel
299 1693 406 1728 figura,
418 1693 464 1721 cui
475 1694 600 1722 charitas
612 1696 912 1730 comparatur.Prim0

134 1740 213 1768 enim
227 1742 416 1776 comparatur
430 1749 503 1768 auro
519 1741 657 1777 probato,
672 1741 749 1769 ferro
765 1742 868 1777 ignito,
886 1744 913 1771 ct

132 1787 204 1815 vino
222 1787 352 1815 condito.
369 1789 441 1815 Nam
455 1788 529 1815 sicut
545 1796 650 1816 aurum
666 1789 696 1816 in
710 1789 813 1816 valore
828 1798 912 1818 exce-

134 1834 176 1862 dit
193 1834 294 1862 onmia
313 1835 448 1868 metalla,
468 1834 508 1862 sic
529 1835 655 1863 charitas
675 1836 790 1864 excedit
809 1845 912 1864 omnes

133 1881 253 1921 virtutes
277 1883 305 1908 et
324 1881 424 1909 omnia
445 1882 526 1909 bona
551 1890 642 1918 opera
657 1884 684 1910 3:
710 1884 799 1918 Major
824 1887 913 1912 autem

133 1928 225 1954 horum
242 1931 280 1955 est
295 1928 424 1955 charitas,
443 1930 479 1955 De
499 1929 556 1956 hoc
572 1932 669 1956 autem
693 1938 766 1958 auro
782 1931 912 1966 pretioso

135 1973 272 2002 dicitur‘:
284 1974 386 2001 Suadeo
401 1975 452 2001 tibi
466 1983 549 2002 emere
565 1984 660 2002 aurum
676 1979 794 2010 ignitum
809 1980 834 2005 et
847 1987 912 2013 pro-

134 2022 243 2054 batum,
261 2024 293 2048 ut
310 2022 424 2056 locuples
438 2023 497 2055 sias.
515 2021 645 2050 Charitas
667 2025 764 2050 autem
780 2026 822 2051 est
839 2025 913 2052 sicut

134 2067 245 2095 ferrum
259 2067 401 2102 ignitum,
417 2067 499 2103 quod
515 2070 557 2095 est
573 2069 662 2096 mollc
681 2071 708 2096 et
723 2069 845 2104 ductile3
863 2071 912 2098 sri-

135 2114 239 2150 gidum
257 2122 343 2149 vero,
361 2114 470 2141 durum
486 2116 513 2142 et
527 2115 654 2142 rebelle:
680 2115 720 2143 sic
737 2116 836 2144 anima
851 2117 912 2144 sinc

134 2161 273 2188 charitate
286 2163 327 2189 est
339 2161 413 2188 dura
425 2163 452 2188 et
461 2161 581 2189 rebellis
591 2170 642 2197 per
650 2162 808 2198 malitia1n3
821 2164 913 2198 ignita

133 2216 204 2236 vero
220 2208 375 2242 charitate,
398 2210 441 2236 est
456 2208 572 2236 ductilis
586 2217 639 2244 per
653 2210 869 2244 obedientiam,
886 2213 913 2238 et

133 2255 232 2282 mollis
258 2263 312 2291 per
342 2255 586 2283 misericordiam.
613 2256 693 2283 Unde
723 2257 847 2284 charitas
875 2258 912 2285 de

134 2301 223 2329 corde
242 2301 362 2337 lapideo
381 2301 449 2330 facit
469 2310 519 2330 cor
535 2311 686 2337 carneum,
700 2303 731 2330 id
751 2306 808 2338 est,
826 2305 912 2332 dulce

134 2350 161 2375 et
174 2348 257 2383 pium
267 2369 274 2381 ,
291 2350 323 2376 ut
342 2348 448 2376 dicitur
463 2349 493 2376 in
508 2350 643 2376 Ezechiele
654 2351 673 2377 5.
689 2350 817 2378 Charitas
839 2351 913 2378 nihi-

134 2393 263 2422 lominus
283 2397 325 2422 est
349 2395 422 2422 sicut
445 2396 548 2423 vinum
571 2396 738 2431 conditum,
762 2398 844 2433 quod
867 2398 912 2425 di-

136 2440 208 2468 citur
223 2444 340 2469 nectar:
361 2450 431 2469 nam
451 2442 555 2469 vinum
580 2443 759 2470 nectaricum
775 2445 822 2471 vel
842 2453 911 2472 con-

137 2486 230 2514 ditum
245 2490 286 2515 est
304 2488 400 2522 dulce,
416 2490 534 2516 acutum
555 2491 582 2516 et
600 2489 684 2517 forte.
702 2491 733 2517 ln
748 2490 793 2518 his
808 2491 910 2523 tribus,

136 2542 201 2569 quae
222 2534 311 2561 habet
328 2535 432 2562 vinum
454 2536 622 2570 conditum,
649 2536 780 2564 innuitur
805 2538 911 2573 triplex

136 2580 245 2608 modus
271 2580 414 2616 diligendi
443 2583 544 2609 Deum.
571 2582 740 2617 Diligendus
766 2586 808 2611 est
833 2585 911 2612 enim

167 2653 252 2678 1Psal.
267 2660 337 2684 XMV,
355 2657 392 2679 14.
410 2669 440 2673 —
452 2656 460 2670 2
472 2657 550 2687 Sent.‚
567 2656 611 2680 lib.
630 2657 673 2687 lll,
689 2657 744 2682 dist.
760 2665 844 2689 xxvii,
858 2660 910 2691 huj.

136 2690 195 2714 edit.
212 2692 274 2714 tom.
290 2691 332 2720 lV,
349 2698 407 2722 pag.
422 2693 547 2716 592.—³l
562 2693 631 2722 Cor„
643 2699 707 2724 xm,
722 2696 790 2718 13.-
805 2696 812 2708 ⁴
825 2697 912 2726 Alme„

136 2725 380 2758 311,1S.—-³Ezeclz.,
389 2729 569 2758 xxxv1,26,—⁶
579 2729 696 2759 Bern.,in
707 2730 790 2760 Cant„
802 2737 877 2755 serm.
886 2738 912 2761 x,

1683 268 1742 299 293

961 331 1085 367 fortiter,
1109 332 1285 369 prudenter,
1311 335 1339 362 et
1360 335 1598 370 perseveranter,
1619 335 1651 362 ut
1674 333 1745 364 dicit

963 379 1128 407 Bernardus
1143 381 1163 408 Β.
1180 381 1211 407 ln
1230 380 1288 408 hoc
1310 382 1408 409 autem
1424 380 1539 408 excedit
1557 380 1683 410 charitas
1701 381 1744 410 vi·

962 434 1051 461 num,
1077 429 1352 464 quantumcumque
1375 427 1478 462 dulce,
1501 427 1550 455 vel
1573 428 1743 464 conditum,

964 473 1034 509 quia
1050 473 1176 501 charitas
1191 476 1233 502 est
1247 473 1324 502 adeo
1340 473 1445 509 dulcis,
1462 474 1546 510 quod
1561 483 1650 503 omne
1666 483 1745 504 ama·

963 527 1030 547 rum
1049 520 1191 548 dulcescit
1205 529 1274 548 cum
1294 521 1365 549 vino
1381 520 1547 549 charitatis:
1562 521 1620 549 hoc
1641 523 1684 550 est
1701 522 1745 551 vi-

963 575 1047 602 num,
1061 567 1097 594 de
1113 575 1173 603 quo
1190 567 1331 595 dicitur⁷:
1345 568 1417 595 Dabo
1430 569 1482 595 tibi
1495 569 1621 603 poculum
1636 577 1669 596 ea>
1681 571 1757 599 vino,

963 614 1080 642 condito.
1098 615 1172 642 Deus
1190 614 1270 642 enim
1287 616 1370 650 potat
1389 615 1521 642 animam
1536 615 1656 644 condito
1673 616 1744 645 vino

964 661 1128 695 charitatis,
1152 663 1179 689 et
1203 661 1331 689 inebriat
1352 669 1418 689 eam
1441 664 1558 690 nectare
1581 662 1626 690 sui
1651 663 1745 691 dulcis

964 708 1083 736 amoris.
1101 709 1172 736 ltem
1188 708 1313 736 charitas
1330 711 1521 745 comparatur
1548 709 1613 737 aliis
1633 710 1744 746 tribus,

964 754 1074 782 scilicet
1088 755 1136 782 avi
1150 755 1283 790 praedam
1298 755 1434 791 rapienti,
1447 756 1516 783 navi
1531 756 1562 784 in
1575 757 1651 784 mari
1665 757 1747 785 navi-

965 801 1054 837 ganti,
1071 803 1098 829 et
1112 801 1199 829 morti
1215 809 1334 830 carnem
1348 802 1652 838 perimenti.Charitas
1667 804 1746 832 enim

966 851 1008 876 est
1031 849 1104 876 sicut
1126 849 1189 877 avis
1208 857 1367 884 generosa,
1391 858 1457 886 quae
1479 850 1553 877 vivit
1571 850 1608 878 de
1627 851 1743 887 praeda,

965 896 1039 923 sicut
1053 895 1202 932 accipiter,
1221 898 1248 923 et
1262 895 1351 931 falco,
1367 898 1394 924 et
1409 896 1519 932 aquila.
1537 898 1598 925 lstae
1613 905 1745 934 namque

966 951 1035 970 aves
1050 942 1166 970 nobiles
1180 942 1230 969 vix
1244 943 1292 970 vel
1312 951 1467 979 nunquam
1482 946 1607 979 tangunt
1623 946 1745 981 terram,

965 990 1019 1017 nisi
1035 990 1158 1026 quando
1171 990 1291 1026 rapiunt
1304 990 1437 1026 praedam
1449 1000 1455 1018 z
1472 991 1513 1018 sic
1527 991 1665 1019 homines
1679 991 1747 1020 cha-

965 1037 1080 1064 ritatem
1095 1037 1238 1065 trabentes
1252 1037 1334 1065 bona
1349 1037 1404 1064 ista
1418 1037 1586 1066 transitoria
1600 1046 1662 1066 non
1682 1040 1747 1067 tan-

966 1086 1050 1119 gunt,
1068 1084 1117 1111 vel
1131 1086 1257 1118 terrena,
1272 1092 1325 1120 per
1343 1084 1496 1119 affectum,
1513 1084 1569 1112 nisi
1583 1086 1746 1121 quaerendo

966 1131 1159 1159 solummodo
1175 1131 1341 1168 simplicem
1354 1132 1476 1159 victum.
1492 1133 1524 1159 ln
1539 1140 1669 1168 quorum
1682 1141 1748 1169 per-

967 1186 1042 1206 sona
1071 1178 1142 1206 dicit
1164 1179 1323 1214 Apostolus
1338 1179 1368 1205 ⁸:
1396 1179 1531 1206 Habentes
1553 1180 1697 1212 alimenta,
1722 1182 1748 1208 et

967 1227 1063 1260 quibus
1085 1227 1216 1260 tegamur,
1239 1226 1280 1252 ltz's
1307 1227 1425 1253 contenti
1446 1227 1540 1253 simus.
1563 1226 1642 1254 Sicut
1660 1226 1749 1255 etiam

967 1272 1100 1308 aquilam
1115 1273 1199 1300 nulla
1216 1273 1280 1300 avis
1295 1272 1412 1308 effugit,
1436 1273 1476 1300 sic
1497 1273 1668 1302 charitatem
1682 1273 1749 1302 nul-

967 1319 1030 1347 lum
1041 1320 1157 1347 bonum
1172 1327 1247 1355 opus
1258 1319 1367 1347 evadit.
1384 1321 1448 1347 Haec
1461 1321 1503 1347 est
1516 1320 1617 1356 aquila
1628 1321 1750 1356 grandis

967 1375 1145 1402 magnarum
1156 1367 1281 1401 alarum,
1293 1367 1329 1394 de
1345 1375 1404 1402 qua
1420 1367 1526 1395 dicitur
1540 1367 1571 1394 in
1581 1367 1750 1396 Ezechielffi:

968 1415 1028 1442 Aloe
1043 1414 1098 1449 ejus
1113 1417 1176 1441 sunt
1192 1415 1269 1447 duae,
1285 1413 1396 1441 scilicet
1412 1414 1530 1442 dilectio
1546 1415 1595 1442 Dei
1609 1416 1636 1442 et
1649 1414 1750 1450 proxi—

968 1461 1019 1488 mi.
1034 1461 1164 1488 Charitas
1183 1461 1272 1488 etiam
1293 1462 1335 1488 est
1356 1461 1430 1488 sicut
1450 1461 1534 1488 navis
1552 1461 1660 1489 maris:
1680 1469 1751 1489 nam

969 1508 1042 1535 sicut
1060 1508 1112 1535 illa
1132 1516 1193 1535 non
1216 1508 1311 1542 vadit,
1326 1508 1382 1535 nisi
1402 1516 1462 1543 quo
1485 1508 1566 1536 ducit
1584 1516 1650 1535 eam
1665 1509 1751 1536 flatus

968 1555 1063 1589 venti;
1080 1555 1121 1582 sic
1136 1555 1187 1590 qui
1206 1555 1297 1582 habet
1312 1554 1494 1589 charitatem,
1511 1554 1683 1590 navigando
1698 1563 1751 1591 per

968 1610 1050 1629 mare
1063 1602 1151 1637 hujus
1165 1601 1280 1636 mundi,
1297 1602 1394 1629 solum
1411 1601 1527 1628 ducitur
1541 1601 1613 1629 ssatu
1628 1601 1750 1638 Spiritus

969 1649 1076 1683 sancti,
1093 1649 1166 1676 sicut
1189 1649 1240 1676 illa
1261 1649 1389 1676 coelestia
1413 1649 1555 1676 animalia
1579 1649 1616 1677 de
1640 1649 1751 1685 quibus

970 1695 1076 1723 dicitur
1095 1698 1123 1731 ¹⁰,
1141 1696 1224 1732 quod
1245 1697 1292 1723 ubi
1315 1699 1371 1723 erat
1392 1697 1508 1731 impetus
1529 1697 1662 1731 spiritus,
1685 1697 1751 1724 illuc

970 1743 1173 1777 qractz'clsantur.
1193 1745 1256 1770 Haec
1277 1745 1319 1770 est
1340 1743 1424 1770 navis
1447 1743 1484 1770 dc
1506 1751 1566 1779 qua
1588 1742 1696 1770 dicitur
1713 1743 1750 1771 ¹¹:

970 1792 1052 1817 Facta
1067 1793 1104 1817 est
1120 1792 1201 1825 quasi
1210 1792 1286 1817 navis
1300 1792 1444 1821 institoris,
1458 1790 1489 1818 id
1503 1792 1554 1825 est,
1570 1790 1751 1825 mercatoris,

969 1840 1001 1865 ut
1021 1837 1090 1865 dicit
1112 1837 1224 1873 Papias.
1245 1837 1375 1864 Charitas
1400 1837 1593 1865 nihilominus
1612 1839 1655 1865 est
1677 1837 1753 1866 sicut

969 1892 1066 1919 moi-S,
1085 1886 1117 1912 ut
1132 1884 1238 1912 dicitur
1256 1886 1293 1911 ¹2:
1314 1885 1404 1911 Fortis
1422 1887 1461 1911 est
1482 1887 1513 1911 ut
1536 1892 1606 1912 mors
1629 1885 1750 1913 dilectio.

970 1932 1042 1958 Nam
1060 1931 1135 1958 sicut
1159 1939 1240 1958 mors
1263 1931 1382 1967 perimit
1405 1939 1540 1966 carnem,
1563 1931 1604 1959 sic
1626 1931 1751 1959 charitas

970 1978 1180 2005 carnalitatem.
1198 1980 1230 2005 Et
1244 1978 1318 2005 sicut
1332 1986 1413 2005 mors
1429 1978 1523 2005 aufert
1537 1986 1657 2005 sensum
1672 1985 1751 2005 mor-

970 2027 1034 2059 tuo,
1056 2025 1096 2051 sic
1120 2024 1246 2051 charitas
1272 2024 1341 2051 facit
1367 2024 1520 2052 hominem
1546 2024 1750 2052 insensibilem

970 2071 1094 2097 mundo.
1115 2072 1147 2097 Et
1165 2071 1238 2097 sicut
1256 2078 1337 2098 mors
1358 2070 1426 2097 facit
1443 2073 1473 2098 ut
1488 2072 1582 2106 pulvis
1599 2071 1627 2104 ¹³,
1643 2071 1674 2098 id
1697 2072 1749 2105 est,

970 2125 1088 2152 θοι-ρυε,
1103 2120 1255 2144 revertatur
1269 2119 1298 2144 iu
1316 2121 1416 2144 terram
1430 2126 1518 2152 suam,
1536 2120 1561 2145 et
1576 2119 1692 2153 spiritus
1706 2127 1749 2146 rc-

970 2165 1030 2191 (leat
1046 2165 1082 2191 art
1095 2166 1238 2191 Dominum.
1254 2173 1352 2198 suum,
1364 2166 1412 2199 qui
1424 2166 1490 2198 fecit
1502 2166 1590 2197 illum,
1602 2167 1633 2192 ut
1643 2164 1750 2193 dicitur

970 2211 1000 2238 in
1015 2212 1190 2238 Ecclesiaste:
1207 2211 1247 2238 sic
1263 2211 1389 2239 charitas
1402 2211 1470 2239 facit
1482 2212 1670 2240 considerare
1680 2220 1749 2248 pro-

969 2258 1031 2293 prie
1047 2258 1142 2285 carnis
1154 2258 1352 2293 fragilitatem,
1367 2258 1476 2286 etfacit
1492 2259 1660 2287 desiderare
1675 2267 1749 2287 sem-

969 2304 1115 2340 piternam
1128 2305 1246 2340 spiritus
1260 2305 1438 2333 felicitatem.

1005 2353 1075 2379 ltem
1089 2354 1159 2379 nota
1175 2352 1258 2387 quod
1278 2352 1403 2380 charitas
1426 2353 1520 2380 tribus
1541 2353 1605 2381 aliis
1624 2361 1743 2389 compa-

969 2400 1058 2426 ratur.
1076 2400 1122 2426 Est
1137 2399 1214 2426 enim
1232 2399 1357 2426 charitas
1372 2399 1446 2427 sicut
1460 2399 1537 2427 funis
1551 2400 1628 2427 bene
1643 2401 1745 2434 tortus,

969 2445 1042 2472 sicut
1066 2446 1146 2473 canis
1170 2446 1245 2473 bene
1271 2446 1397 2481 doctus,
1421 2448 1448 2474 et
1471 2446 1545 2474 sicut
1570 2446 1644 2474 later
1670 2446 1746 2474 benc

970 2494 1078 2520 coctus.
1098 2493 1227 2520 Charitas
1251 2496 1439 2530 comparatur
1458 2494 1520 2522 funi
1544 2495 1620 2522 benc
1645 2496 1743 2522 torto:

969 2546 1039 2566 nam
1054 2539 1128 2566 sicut
1143 2540 1220 2567 funis
1235 2540 1311 2567 bene
1328 2543 1419 2568 tortus
1435 2543 1477 2568 est
1492 2541 1580 2568 valde
1596 2541 1690 2574 fortis,
1705 2540 1746 2568 sic

969 2587 1093 2616 charitas
1118 2590 1160 2615 est
1181 2588 1413 2624 indissolubilis,
1437 2589 1509 2624 quia
1532 2589 1602 2616 dicit
1622 2590 1746 2624 Aposto-

969 2663 1027 2685 ante
1046 2662 1114 2685 med.
1134 2676 1160 2679 -
1183 2663 1189 2676 ⁷
1209 2662 1293 2689 Cant„
1314 2668 1374 2692 vni,
1393 2664 1415 2686 2.
1430 2676 1461 2680 ——
1481 2663 1490 2679 Β
1507 2664 1512 2686 l
1532 2663 1604 2693 Tim„
1626 2668 1666 2693 VI,
1682 2662 1746 2687 8.-

970 2699 977 2709 ’“
992 2697 1090 2728 Ezeclz„
1106 2704 1127 2728 1,
1146 2699 1185 2721 23.
1199 2711 1228 2714 —
1246 2700 1264 2714 ¹⁰
1279 2699 1380 2729 Ezeclz„
1399 2705 1420 2728 1,
1438 2700 1475 2723 12.
1492 2711 1519 2717 —
1536 2699 1553 2714 ¹¹
1571 2699 1654 2729 Prota,
1670 2704 1745 2729 xxxi,

971 2734 1007 2756 it.
1022 2734 1176 2763 -12Cant,
1193 2740 1249 2764 vill,
1265 2736 1286 2759 6.
1299 2748 1329 2752 -
1345 2735 1361 2748 ¹³
1375 2735 1526 2765 Eccle.,X1i,
1542 2736 1564 2757 7.
