1940 3037
1674 167 1707 189 lx

91 226 218 259 Ordinis
235 225 486 259 Praedicatorum
495 248 505 265 ,
522 225 633 266 utpote
647 224 770 257 habens
784 224 824 256 ad
838 224 985 266 ejusdem
1001 223 1112 258 Bibliae
1126 225 1246 258 calcem
1263 225 1408 258 leoninos
1421 233 1536 258 versus
1549 225 1589 258 de
1603 224 1634 257 S.
1651 225 1709 258 Do-

90 284 225 323 minico,
241 284 280 316 de
294 283 329 316 S.
345 283 440 316 Petro
456 284 615 324 martyre,
629 292 667 316 ac
683 282 722 315 de
736 283 770 315 S.
786 281 967 316 Francisco.

131 341 194 374 Sed
214 343 317 384 petes,
337 341 415 383 quid
436 341 633 374 censendum
647 341 688 372 sit
702 341 742 373 de
762 341 827 374 MS.
849 342 959 374 Codice
978 343 1118 374 membr.
1140 342 1253 382 in-fol.‚
1270 352 1368 383 quem
1387 342 1525 376 Jacobus
1541 342 1707 375 Echardus

90 401 190 440 vidit,
205 402 237 434 et
251 401 401 434 lustravit
413 400 585 433 Florentiae
600 400 634 432 in
648 400 842 433 bibliotheca
856 400 889 433 S.
906 401 1016 434 Mariae
1030 400 1171 432 Novellae
1177 425 1188 441 ,
1205 410 1241 432 ac
1254 401 1299 432 ita
1313 401 1422 433 retulit
1439 412 1446 433 :
1468 413 1484 432 α
1498 401 1611 442 Incipit
1627 400 1708 433 liber

90 460 129 494 de
142 458 316 500 Exemplis
331 466 432 492 sacrae
445 459 638 500 Scriptum,
657 459 691 491 in
706 469 771 500 quo
789 460 827 492 de
841 459 1017 492 virtutihus
1037 461 1068 491 et
1088 459 1175 491 vitiis
1197 459 1300 491 mulia
1319 459 1484 498 dicuntur,
1501 462 1530 491 et
1549 460 1646 491 etiam
1668 460 1707 492 de

90 517 236 550 moribus
250 517 412 549 bonorum
427 519 459 549 et
483 518 660 556 malorum,
682 527 756 559 quae
779 518 814 549 in
837 519 976 559 utroque
995 517 1199 550 Testamento
1215 520 1456 554 memorantur.
1478 519 1510 549 et
1532 517 1571 549 de
1593 527 1706 550 eorum

89 575 226 614 finibus,
252 575 390 616 scriptus
416 585 502 608 anno
531 576 659 608 Domini
680 577 772 607 1474.
798 575 833 608 F.
867 575 890 608 Ι.
922 575 959 608 K.
997 576 1132 617 scripsit.
1156 576 1231 618 Cap.
1257 579 1287 607 1.
1309 576 1522 609 Abstinentia.
1549 577 1707 618 Proecepit

91 633 247 668 Dominus
267 633 365 674 Adoe,
389 634 518 674 dicens,
544 637 604 666 etc.
633 634 707 675 Cap.
729 637 790 667 134
812 636 843 667 et
864 635 1029 667 ultimum.
1052 635 1097 668 De
1119 635 1189 668 zelo
1213 637 1325 669 contra
1351 639 1541 675 peccatores.
1559 635 1609 667 Ad
1631 635 1706 667 libri

91 693 208 725 calcem
230 704 238 725 ς
265 693 403 735 Explicit
422 694 503 726 liber
524 694 564 725 de
587 693 753 734 Exemplis
775 702 874 725 sacrae
896 693 1070 734 Scripturae
1089 693 1227 733 scriptus
1248 702 1305 734 per
1329 702 1381 724 me
1399 693 1530 724 fratrem
1550 692 1706 725 Joannem

91 751 195 784 Caroli
217 751 343 784 Ordinis
367 752 637 791 Praedicatorum,
662 751 839 792 completus
860 752 911 784 die
929 754 969 784 26
988 752 1110 784 octobr.
1133 751 1224 783 Mn.
1245 751 1305 790 Qui
1330 760 1407 783 vero
1429 751 1587 792 legerint,
1603 751 1705 783 Deum

90 820 150 852 pro
163 819 215 843 me
230 813 333 843 orent.
355 810 503 852 Explicit.
525 811 590 843 Deo
608 811 741 851 gratias.
757 810 863 842 Amen
877 812 898 841 ¹.
915 820 930 839 υ
949 810 998 841 Ad
1018 809 1090 841 haec
1104 810 1212 851 itaque
1223 810 1417 851 respondeo,
1432 809 1588 841 loannem
1603 810 1705 842 Caroli

90 869 189 901 fuisse
202 869 428 901 tantummodo
441 870 670 910 exscriptorem
687 869 761 901 libri
776 869 891 909 huius,
907 868 939 900 id
958 869 1045 910 quod
1063 869 1115 901 vel
1134 869 1208 900 inde
1228 870 1387 909 arguitur,
1405 869 1481 909 quia
1496 868 1662 901 Echardus
1676 870 1705 901 ei

92 937 157 960 non
171 928 313 969 praefixit
325 937 502 961 numerum
512 928 594 960 sicut
606 928 861 969 praecedentibus
875 927 1007 960 ,Ioannis
1019 928 1121 961 Caroli
1136 928 1302 969 Operibus

125 1053 130 1067 ¹
145 1052 265 1085 Echard„
277 1055 341 1079 tom.
355 1054 374 1086 1,
388 1061 448 1087 pag.
463 1055 517 1079 899.
