2004 3037
314 272 405 305 GAP.
429 271 562 305 XXXIV.
585 271 659 304 LIB.
685 270 734 304 lv.
762 271 808 304 DE
829 272 983 305 CHRISTI
1006 273 1279 307 IIUMANITA'I'E.
1303 275 1389 308 CAP.
1416 275 1487 307 l-II.

280 386 459 421 CAPUT
494 385 686 420 XXXIV.

315 459 351 486 De
361 459 478 494 peccatis
491 458 650 486 omissionis.

132 529 252 559 Peccata
265 527 432 556 omissionis
446 528 515 555 sunt
525 526 587 555 hoec
602 536 608 554 :
626 526 663 555 de
678 528 737 556 Deo
751 535 813 556 non
825 535 873 556 co-

96 574 197 610 gitare,
214 574 311 611 ipsum
322 581 384 602 non
398 573 501 602 timere
514 573 562 601 vel
578 581 679 601 amare
688 595 697 609 ,
713 575 822 609 gratias
834 575 871 603 de

95 620 247 650 beneficiis
260 628 322 649 non
336 628 441 656 agere,
464 628 556 656 opera
576 628 642 656 quoe
661 620 728 656 quis
746 620 814 649 facit
833 621 872 649 ad

95 666 194 703 ipsum
208 675 270 696 non
283 666 390 695 referre
401 688 410 702 ,
427 666 464 694 de
478 667 605 703 peccatis
619 666 694 694 sicut
708 666 798 695 debet
810 675 873 695 non

97 713 199 742 dolere
208 733 218 749 ,
233 713 271 742 ad
286 713 411 749 gratiam
424 713 627 749 recipiendam
642 721 673 741 se
685 721 747 741 non
761 721 873 750 praepa-

95 767 161 790 rare
171 780 181 795 ‚
194 759 288 795 gratia
302 761 421 796 accepta
435 767 497 787 non
511 759 552 787 uti
564 781 573 794 ‚
588 767 642 788 nec
655 768 721 787 eam
737 768 871 795 servare,

97 806 136 835 ad
156 805 380 842 inspirationem
400 806 533 834 divinam
552 814 582 834 sc
602 814 663 834 non
681 808 872 841 convertere,

95 852 279 881 voluntatem
293 861 379 880 suam
393 852 537 880 voluntati
552 852 660 881 divinae
678 861 739 880 non
755 852 872 881 consor-

96 908 177 929 mare
187 922 196 935 ,
221 900 260 928 ad
282 900 430 928 orationes
455 899 596 927 dicendas
620 908 682 927 non
705 900 871 935 attendere,

97 946 245 975 orationes
264 946 379 975 debitas
401 946 535 975 omittere
546 967 555 981 ,
578 954 613 974 ea
628 946 665 973 ad
680 954 746 982 quae
761 948 873 974 tenetur

1647 279 1704 308 147

931 349 967 369 ex
979 342 1049 370 voto
1059 362 1068 376 ,
1083 341 1132 370 vel
1146 343 1292 379 praecepto
1303 363 1313 377 ,
1331 342 1380 371 vel
1395 342 1494 371 officio
1504 362 1514 377 ‚
1534 342 1685 379 negligere
1695 365 1705 379 ,

929 388 1172 416 communionem
1191 390 1219 417 ct
1237 388 1454 418 confessionem
1475 389 1566 418 semel
1580 389 1612 418 in
1626 398 1705 419 anno

928 441 990 462 non
1005 435 1157 471 expedire,
1171 436 1309 472 parentes
1324 443 1386 463 non
1400 435 1559 471 honorare,
1576 436 1706 472 seipsum

928 488 991 509 non
1011 488 1224 517 recognoscere
1246 483 1274 509 et
1294 481 1532 518 reprehendere,
1554 483 1706 511 conscien-

928 527 1000 555 tiam
1020 527 1170 564 negligere
1182 549 1190 563 ,
1215 527 1352 556 ecclesias
1371 530 1399 556 et
1418 528 1644 564 praedicationes
1662 529 1707 557 fu-

929 581 1018 609 gere,
1040 574 1251 602 tentationibus
1270 582 1332 602 non
1346 574 1499 609 resistere,
1522 575 1707 612 poenitentias

929 619 1075 655 injunctas
1099 620 1266 656 negligere,
1300 623 1351 649 aut
1378 621 1562 656 negligenter
1591 621 1686 650 facere
1697 643 1706 657 ‚

930 669 958 695 ct
977 675 1044 703 quae
1065 667 1163 695 statim
1185 667 1321 696 facienda
1343 669 1432 702 sunt,
1457 668 1594 703 differre,
1620 668 1708 697 bonis

928 714 1058 750 proximi
1073 722 1135 742 non
1150 714 1280 749 gaudere
1291 736 1300 750 ,
1317 718 1345 744 et
1358 715 1444 743 malis
1459 723 1521 743 non
1536 716 1707 750 condolere,

928 760 1052 796 injurias
1066 769 1128 789 non
1141 761 1298 796 remittere,
1314 761 1407 789 fidem
1420 762 1558 798 proximo
1574 770 1636 790 non
1650 770 1709 790 ser-

928 815 1015 842 vare,
1040 809 1068 835 et
1086 807 1238 835 beneficiis
1262 808 1325 843 ejus
1349 816 1411 836 non
1435 809 1631 845 respondere,
1657 809 1708 837 de-

928 853 1094 890 linquentes
1119 862 1180 882 non
1203 854 1373 890 corripere,
1405 855 1470 883 lites
1494 863 1556 883 non
1582 855 1705 891 sedare,

928 899 1099 935 ignorantes
1116 908 1178 928 non
1196 900 1359 936 instruere,
1379 901 1502 929 afflictos
1521 909 1582 930 non
1603 909 1706 930 conso·

929 946 1003 981 lari,
1019 946 1274 975 admonitionibus
1288 955 1350 976 non
1365 948 1562 984 acquiescere.

676 1196 840 1238 LIBER
876 1196 1128 1245 QUARTUS

596 1300 647 1327 DE
682 1300 871 1328 CHRISTI
909 1300 1210 1329 HUMANITATE

849 1409 960 1416 ——-

262 1497 439 1532 CAPUT
476 1498 706 1532 PRIMUM.

299 1570 337 1597 De
351 1570 542 1597 Incarnatione
558 1569 669 1596 Christi.

132 1639 210 1667 Sicut
232 1640 306 1666 Deus
327 1640 369 1666 est
388 1646 489 1666 rerum
510 1637 690 1673 principium
705 1637 873 1664 effectivum

95 1685 126 1714 in
142 1685 304 1719 creatione,
317 1685 358 1712 sic
373 1687 415 1712 est
429 1684 602 1712 refectivum
611 1684 642 1711 in
655 1684 871 1719 redemptione,

96 1734 124 1760 et
138 1731 333 1768 perfectivum
354 1732 385 1759 in
403 1731 596 1759 retributione
613 1740 619 1758 :
638 1731 783 1767 quoniam
798 1730 873 1758 sicut

95 1780 178 1808 Pater
192 1778 294 1807 omnia
308 1778 416 1806 creavit
427 1786 479 1814 per
490 1778 620 1805 Verbum
635 1777 798 1805 increatum
809 1797 817 1810 ,
831 1777 871 1804 sic

96 1825 197 1853 omnia
220 1824 364 1852 recreavit
388 1827 415 1852 et
435 1824 591 1852 renovavit
611 1832 665 1859 per
679 1824 808 1851 Verbum
827 1823 871 1850 in-

96 1873 258 1899 carnatum.
284 1873 374 1899 Porro
399 1871 476 1899 circa
500 1871 735 1898 incarnationem
757 1872 872 1898 Cnmsn

94 1917 161 1946 talis
183 1918 237 1945 fuit
262 1918 360 1946 ordo:
384 1917 519 1945 salutatio
544 1917 695 1952 angelica,
716 1916 871 1952 responsio

95 1963 235 1999 Virginis,
259 1964 451 1992 sanctificatio
475 1966 629 1998 materna,
647 1963 801 1999 conceptio
827 1963 871 1991 di-

95 2011 166 2039 vina
182 2020 188 2038 z
204 2011 241 2038 de
261 2011 370 2047 quibus
388 2019 467 2038 nunc
487 2019 540 2046 per
561 2011 699 2039 ordinem
719 2012 761 2038 est
780 2019 871 2046 agen-

96 2057 178 2086 dum.

378 2107 520 2141 CAPUT
544 2108 586 2140 II.

287 2179 324 2204 De
342 2177 512 2204 Salutationc
531 2176 674 2211 Angelica.

131 2243 232 2274 Missus
245 2245 287 2270 est
302 2243 426 2278 angelus
442 2241 574 2276 Gabriffl,
592 2241 643 2276 qui
659 2243 700 2268 est
715 2240 752 2268 de
768 2240 872 2268 ordine

96 2290 363 2325 Archangelorum,
389 2289 428 2317 ad
447 2289 566 2316 beatam
580 2287 745 2322 Virginem,
763 2287 809 2314 cui
834 2287 872 2315 ad

98 2345 216 2365 sensum
232 2336 369 2371 apparuit
383 2335 497 2362 visione
513 2333 678 2370 corporali,
694 2333 831 2369 quamvis
846 2334 872 2361 ei

97 2382 269 2419 loqueretur
295 2381 444 2410 locutione
469 2380 623 2417 spirituali.
647 2380 691 2407 Ad
713 2380 787 2408 illud
816 2388 871 2408 no-

98 2428 158 2456 bile
173 2430 389 2456 sacramentum
404 2427 524 2455 nuntius
544 2426 648 2454 debuit
667 2434 729 2454 esse
749 2426 872 2461 angelus

98 2476 218 2510 propter
236 2474 291 2502 tria
308 2483 313 2501 :
329 2474 426 2510 primo
450 2474 571 2508 propter
593 2473 801 2507 cognationem
817 2473 873 2500 vir-

99 2520 225 2556 ginitatis
238 2520 277 2548 ad
291 2522 428 2548 naturam
443 2519 624 2554 angelicam3
638 2519 769 2547 secundo
785 2527 873 2555 prop-

98 2569 141 2595 ter
169 2566 304 2594 ordinem
326 2566 501 2602 perditionis
525 2566 683 2599 humanae,
707 2565 778 2601 quia
800 2566 874 2593 sicut

99 2613 141 2642 ibi
155 2612 236 2641 venit
257 2612 395 2641 diabolus
419 2613 450 2640 in
473 2613 608 2648 serpente
633 2611 673 2639 ad
696 2611 872 2647 mulierem,

99 2659 140 2689 ita
154 2659 202 2688 hic
216 2660 290 2688 Deus
303 2659 383 2688 venit
400 2667 453 2696 per
472 2658 615 2694 angelum
639 2657 679 2686 ad
701 2658 850 2693 Virginem
864 2668 871 2686 ε

100 2708 132 2734 ut
141 2705 183 2734 sic
197 2714 234 2734 ex
248 2705 386 2742 opposito
402 2705 550 2733 medicina
561 2704 741 2740 respondeat
757 2705 873 2739 morbo,

932 1500 959 1525 et
982 1499 1128 1534 reparatio
1153 1499 1270 1535 lapsui,
1287 1502 1315 1527 et
1334 1500 1500 1528 remedium
1515 1506 1705 1531 nocumento.

930 1544 1024 1571 Tertio
1034 1566 1042 1579 ,
1065 1544 1136 1580 quia
1150 1545 1223 1573 sicut
1242 1545 1294 1574 illa
1317 1547 1411 1581 gratia
1426 1547 1479 1575 fuit
1494 1549 1640 1584 reparatio
1655 1558 1708 1577 na-

930 1592 1001 1618 turae
1014 1591 1168 1625 humanae,
1185 1592 1225 1619 sic
1239 1592 1294 1620 fuit
1309 1594 1336 1620 et
1350 1593 1442 1621 ruinze
1457 1595 1612 1630 angelicae:
1627 1597 1707 1625 unde

930 1637 1082 1664 communi
1100 1638 1247 1666 beneficio
1262 1641 1388 1675 utraque
1410 1642 1517 1669 natura
1539 1644 1707 1670 communi-

930 1685 972 1710 ter
987 1683 1090 1711 debuit
1105 1684 1269 1713 ministrare
1280 1707 1288 1720 ,
1309 1687 1444 1721 angelica
1463 1688 1572 1716 scilicet
1583 1710 1591 1723 ,
1608 1691 1636 1717 et
1654 1690 1708 1717 hu-

929 1737 1028 1758 mana.

966 1776 1110 1804 Dividitur
1131 1779 1230 1805 autem
1254 1778 1390 1807 salutatio
1412 1780 1505 1809 bealae
1530 1782 1655 1817 Virginis
1677 1783 1707 1811 in

930 1824 987 1850 tres
1011 1825 1118 1858 partes.
1142 1824 1270 1853 Primam
1288 1828 1403 1861 partem
1424 1827 1544 1863 incoepit
1559 1829 1686 1864 Angelus
1698 1850 1707 1863 ‚

930 1879 997 1898 cum
1014 1871 1087 1899 dixit
1105 1881 1111 1899 z
1128 1873 1203 1907 Ave,
1225 1876 1317 1908 qratia
1328 1876 1427 1909 plena,
1450 1879 1577 1904 Dominus
1602 1881 1686 1905 tecum
1697 1899 1706 1912 ‚

930 1918 1067 1946 benedicta
1082 1922 1112 1946 tu
1131 1921 1160 1946 m
1180 1922 1346 1949 mulieribus.
1367 1923 1534 1950 Secundam
1555 1924 1708 1959 subjunxit

929 1965 1097 2000 Elisabeth,
1113 1974 1181 1994 cum
1197 1967 1237 1995 ait
1253 1977 1259 1994 ε
1272 1969 1306 1995 Et
1321 1969 1473 1996 benedictus
1486 1972 1591 2003 fructus
1604 1974 1706 2000 ventris

930 2013 982 2039 tui.
998 2012 1123 2040 Tertiam
1139 2014 1277 2048 apposuit
1296 2015 1438 2050 Ecclesia,
1456 2018 1487 2043 ut
1498 2017 1528 2043 in
1543 2018 1707 2046 reverentia

930 2065 1040 2085 nomen
1064 2059 1160 2086 Mariae
1182 2060 1363 2088 haberetur:
1381 2069 1451 2088 nam
1474 2064 1643 2091 Marianon
1665 2066 1707 2091 cst

931 2104 967 2131 de
980 2107 1070 2132 textu.
1087 2106 1142 2133 ista
1155 2105 1292 2133 salutatio
1304 2108 1550 2135 commendabilis
1564 2112 1606 2136 est
1617 2118 1707 2146 prop-

930 2152 973 2177 ter
997 2153 1125 2186 quatuor
1148 2161 1154 2178 :
1177 2152 1274 2187 primo
1296 2155 1418 2189 propter
1441 2156 1612 2190 auctorem,
1637 2157 1708 2192 quia

931 2198 1028 2224 missus
1041 2200 1079 2224 est
1095 2199 1215 2232 Anyelus
1231 2207 1247 2225 α
1264 2200 1326 2226 Deo.
1344 2200 1479 2228 Secundo
1495 2204 1616 2237 propter
1631 2210 1706 2231 nun-

930 2242 1025 2270 tium:
1042 2251 1104 2271 non
1128 2244 1207 2271 enim
1230 2245 1321 2272 homo
1347 2245 1455 2282 dignus
1478 2247 1532 2274 fuit
1551 2248 1608 2276 hoc
1631 2257 1707 2277 nun-

930 2288 1002 2316 tiare
1014 2311 1022 2323 ,
1038 2290 1090 2317 sed
1108 2290 1252 2326 angelus;
1268 2299 1322 2319 nec
1346 2293 1470 2328 quilibet
1494 2295 1616 2330 angelus
1629 2317 1637 2330 ,
1655 2297 1707 2324 sed

931 2335 1058 2364 Gabriel.
1074 2336 1168 2364 Tertio
1188 2337 1226 2365 ab
1247 2346 1282 2365 ea
1301 2347 1366 2374 quae
1385 2340 1547 2374 salutatur,
1564 2342 1635 2377 quia
1649 2343 1708 2370 vir-

931 2389 988 2416 g03
1004 2390 1058 2410 nec
1075 2383 1217 2418 quaelibet
1231 2384 1332 2419 virgo,
1349 2386 1401 2413 sed
1418 2387 1515 2414 Maria.
1533 2388 1651 2422 Quarto,
1669 2389 1706 2417 ab

930 2427 996 2463 ipso
1011 2429 1103 2456 modo
1123 2429 1289 2464 salutandi,
1311 2431 1362 2466 qui
1382 2432 1492 2460 indicat
1507 2433 1707 2463 innocentiam

932 2474 1073 2509 Virginis,
1089 2483 1157 2503 cum
1179 2476 1286 2503 dicitur
1303 2486 1309 2503 :
1328 2478 1400 2511 Ave,-
1416 2479 1463 2506 vel
1488 2480 1612 2514 gratiam
1634 2489 1705 2509 con-

932 2523 1105 2550 versationis
1119 2545 1128 2558 ,
1153 2532 1221 2552 cum
1248 2525 1354 2552 dicitur
1371 2535 1376 2553 :
1394 2529 1487 2560 qratia
1507 2530 1612 2563 plena5
1636 2530 1707 2559 item

932 2569 1138 2597 excellentiam
1157 2571 1370 2606 conceptionis,
1387 2581 1455 2601 cum
1474 2574 1580 2602 dicitur
1596 2584 1602 2602 :
1620 2577 1708 2603 Domi-

932 2622 982 2642 nus
1005 2618 1102 2649 tamma,-
1119 2616 1190 2644 item
1212 2617 1402 2653 privilegium
1426 2621 1628 2656 praerogativae
1647 2622 1707 2649 sin-

933 2661 1044 2696 gularis
1055 2683 1063 2697 ,
1081 2671 1149 2691 cum
1165 2663 1270 2692 dicitur
1286 2673 1292 2692 :
1308 2666 1452 2693 Benedicta
1473 2670 1501 2693 τιι
1520 2669 1566 2702 in,
1584 2670 1638 2696 etc.
1655 2669 1707 2698 Sa-

932 2706 1088 2736 lutationes
1100 2711 1198 2737 autem
1214 2710 1353 2746 quaedam
1367 2712 1556 2741 inveniuntur
1571 2716 1707 2751 optativae
