2004 3037
104 1329 177 1350 Poeni-

92 1362 161 1381 icum

89 1392 159 1420 impo-

89 1424 162 1445 nenda

72 1457 178 1484 discrete,

95 1495 157 1509 ussu-

87 1519 166 1540 menda

84 1551 170 1577 devoto,

88 1584 108 1602 et
123 1582 166 1601 ini-

85 1612 166 1640 plenda

75 1644 180 1671 lcii—:exn

111 1744 139 1763 Di
146 1749 182 1763 cn-

95 1776 169 1795 meniu

75 1811 114 1832 pro
129 1811 182 1824 con<

88 1836 175 1856 {essori-

89 1866 131 1887 bus
149 1868 169 1886 et

77 1898 184 1923 paeuiteu-

76 1929 142 1950 tibus.

195 207 256 238 264

194 282 233 302 sae
255 270 503 309 compunctionis.
527 271 600 298 Nam
623 268 731 297 dicitur
752 267 784 296 in
805 267 944 296 Psa1m0¹
963 276 970 295 :

193 321 294 348 Exitus
316 325 450 354 aquarum
472 316 644 345 deduxerunt
662 316 734 343 ocuti
753 316 816 343 mei.
839 316 874 343 Et
895 313 972 342 sicut

193 366 276 403 ligna
287 365 396 394 viridia
407 386 416 400 ,
438 372 506 401 quae
519 365 587 392 sunt
601 363 679 391 bene
699 369 824 390 accensa
833 383 843 396 ,
865 361 972 390 fortius

193 413 315 448 ardent,
335 412 385 440 vel
402 411 560 446 calefiunt;
584 410 626 438 sic
640 411 810 446 peccatores
823 409 970 445 poeniten-

193 461 255 495 tes,
275 459 328 496 qui
348 460 418 487 sunt
435 458 504 494 igne
524 456 703 494 poenitentiae
715 455 908 484 vehementer
922 463 971 484 ac-

195 506 294 541 censi,
307 506 412 535 fortius
427 505 570 541 diligunt,
586 505 661 532 sicut
674 504 755 540 patet
768 503 800 531 in
814 505 903 536 Luca,
916 502 971 531 ubi

194 554 266 583 dicit
287 555 462 583 salvator2:
488 554 540 582 Cui
562 554 678 580 multum
707 552 873 584 dimittitur,
900 551 970 578 mul-

194 604 252 630 tum
264 601 303 639 (a)
316 602 421 636 diliqit.
433 600 489 630 Sed
501 602 569 629 sunt
580 599 665 627 multi
679 599 731 636 qui
743 607 806 627 non
816 598 972 626 inveniunt

192 648 309 684 ignem,
331 648 385 677 sed
407 656 505 684 aquam
528 655 664 682 crassam,
689 648 721 674 ut
743 645 849 674 dicitur
872 645 903 673 in
925 653 971 673 se-

193 695 292 724 cundo
314 696 526 724 Machaboeoram
538 696 559 722 ³.
582 694 665 722 Tales
683 695 751 722 sunt
770 694 823 730 qui
842 693 972 729 cogitant

191 743 284 772 vitam
298 751 384 771 suam
402 742 581 780 praeteritam
592 763 601 776 ,
621 749 682 770 non
698 741 737 769 ad
752 740 971 774 contritionem,

193 790 246 818 sed
262 790 301 818 ad
316 789 552 818 delectationem.
568 791 615 817 Est
626 789 696 816 item
710 787 882 824 poenitentia
897 787 973 815 sicut

193 838 332 874 quaedam
353 837 432 874 sepis
454 836 606 869 conclusio
626 845 633 864 z
657 844 727 864 nam
748 835 881 871 agricola
902 843 971 862 cum

193 884 305 913 eisdem
324 884 417 920 spinis
437 891 512 920 quas
526 883 651 911 extrahit
673 882 710 910 de
733 882 840 916 vinea,
860 881 972 909 claudit

193 932 310 960 vineam
331 933 433 959 contra
448 938 555 967 porcos
575 933 604 958 ct
617 930 740 964 bestias3
763 929 805 957 sic
825 929 971 965 prenitens

193 978 352 1014 cogitando
368 979 490 1014 peccata
503 985 577 1011 sna,
597 977 687 1005 debet
709 976 849 1004 claudere
863 978 891 1004 et
905 983 971 1002 mu-

193 1024 257 1053 nire
278 1033 330 1053 cor
353 1032 440 1052 suum
460 1025 563 1052 contra
585 1024 759 1052 tentationes
783 1023 922 1050 bestiales
944 1026 972 1051 et

193 1072 375 1100 immundas.
401 1073 464 1100 Hoec
491 1075 533 1099 est
560 1079 648 1107 speS,
671 1071 708 1099 de
739 1079 800 1107 qua
824 1071 894 1098 dicit
920 1071 970 1098 Sa-

192 1119 277 1154 piens
290 1119 320 1146 ⁴:
348 1120 397 1145 Ubi
420 1127 471 1146 ηοη
495 1121 534 1146 est
554 1126 639 1154 sepes,
659 1118 809 1154 diripietur
829 1119 969 1153 possessu).

193 1166 266 1200 Quia
286 1174 355 1194 vere
377 1165 429 1193 ubi
446 1173 507 1193 non
531 1168 572 1193 est
586 1173 671 1202 sepes
695 1165 881 1202 poenitentiae,
905 1173 971 1201 quae

193 1213 324 1240 animam
339 1213 451 1241 claudit
461 1214 564 1241 contra
574 1213 749 1245 recidivum,
765 1212 849 1240 facile
860 1212 971 1240 dirum-

192 1260 272 1296 pitur
286 1260 433 1296 possessio
447 1260 598 1288 virtutum.

231 1309 302 1336 Item
317 1307 489 1343 poenitentia
502 1308 546 1335 est
565 1306 688 1334 discrete
703 1307 902 1342 imponenda,
923 1307 972 1335 de-

193 1355 261 1383 vote
285 1354 464 1382 assumenda
487 1356 515 1381 et
541 1352 667 1390 perfecte
695 1353 898 1390 adimplenda.
926 1356 972 1382 Est

194 1401 273 1429 enim
282 1401 455 1438 poenitentia
468 1400 590 1428 discrete
600 1400 784 1436 imponenda
795 1409 801 1428 :
817 1408 888 1428 nam
898 1401 973 1429 sicut

194 1449 276 1477 virus
303 1448 431 1484 serpenti
458 1447 550 1475 vitam
577 1449 750 1482 conservat,
775 1447 828 1475 sed
857 1447 972 1475 homini

195 1497 321 1524 mortem
335 1495 489 1531 propinat;
506 1495 534 1522 et
552 1494 626 1522 sicut
642 1494 718 1529 ignis
732 1502 838 1523 aurum
852 1495 972 1530 probat,

195 1545 223 1571 et
237 1542 365 1578 virgulta
379 1542 538 1572 incinerat:
562 1543 589 1569 et
612 1542 687 1569 sicut
706 1541 785 1577 talpa
803 1542 928 1569 moritur
942 1542 972 1570 in

194 1589 277 1624 luce,
294 1592 322 1617 et
343 1589 400 1617 sul)
422 1591 497 1617 terra
519 1589 603 1623 vivit3
631 1590 657 1616 et
680 1588 754 1616 sicut
773 1589 863 1624 ignis,
883 1597 973 1625 quem

195 1639 298 1666 caetera
317 1635 459 1665 animalia
482 1636 600 1670 timent,
624 1635 845 1663 salamandram
869 1637 972 1671 nutrit;

196 1686 224 1712 et
238 1684 312 1711 sicut
326 1683 418 1711 homo
434 1683 490 1711 sub
504 1691 583 1719 aqua
602 1682 737 1716 moritur,
752 1683 804 1710 ulvi
820 1683 907 1718 piscis
922 1682 974 1710 de-

196 1730 337 1759 lectatur:
363 1731 404 1758 sic
425 1730 529 1758 eadem
553 1729 726 1766 prrnitentia
750 1737 811 1757 non
833 1730 974 1758 omnibus

198 1780 241 1806 est
266 1778 466 1814 imponenda,
496 1776 543 1804 vel
568 1776 768 1812 injungenda,
792 1784 846 1804 nec
873 1779 975 1806 contra

199 1825 300 1853 omnia
320 1826 458 1861 peccata,
482 1824 534 1852 sed
554 1824 678 1852 diversis
699 1824 826 1852 diversa.
842 1826 913 1852 Nam
928 1833 974 1852 sa-

199 1872 304 1901 cerdos
325 1872 414 1900 debet
437 1871 602 1899 discernere
626 1871 701 1899 inter
722 1871 925 1907 poenitentiam
949 1874 976 1899 et

198 1919 417 1956 poeniteutiam,
434 1922 461 1947 et
475 1919 593 1955 culpam
609 1921 635 1946 et
651 1919 790 1954 culpam:
807 1918 881 1946 sicut
895 1919 925 1946 in
940 1920 975 1954 (b)

198 1966 262 2002 lege
277 1966 393 1994 Domini
407 1965 537 1994 debebat
550 1965 697 2000 sacerdos,
715 1974 751 1993 ex
765 1965 907 1994 mandato
925 1967 977 1993 Do-

198 2013 272 2042 mini
286 2014 307 2049 ⁵,
324 2013 490 2041 discernere
507 2015 578 2040 inter
593 2014 693 2048 lepram
709 2016 733 2039 e!
750 2014 867 2047 lepram,
884 2014 915 2040 ut
930 2012 976 2040 di-

200 2061 273 2088 citur
298 2060 328 2088 in
352 2061 480 2088 Levitico.
502 2061 548 2087 Est
570 2060 657 2087 etiam
682 2059 853 2095 poenitentia
872 2059 976 2088 devote

200 2106 388 2135 assumenda.
405 2107 483 2134 Sicut
498 2107 577 2134 enim
591 2106 675 2134 miles
690 2114 751 2134 non
763 2108 878 2134 recusat
891 2114 976 2141 onus,

199 2154 247 2181 vel
263 2154 381 2189 pondus
400 2162 567 2188 armorum3
584 2154 624 2181 sic
646 2153 790 2189 poenitens
809 2161 870 2181 non
890 2153 978 2181 debet

200 2209 335 2229 recusare
351 2210 425 2229 onus
439 2201 686 2237 pinnitentiarum.
702 2204 733 2229 Ιίῑ
748 2201 822 2229 sicut
840 2201 902 2228 avis
917 2209 978 2229 non

200 2250 315 2276 recusat
338 2256 413 2275 onus
433 2256 617 2283 pennarum,
639 2256 693 2274 nec
713 2248 886 2283 peregrinus
902 2256 978 2275 onus

201 2294 310 2329 baculi,
325 2302 378 2322 nec
394 2303 488 2330 equus
504 2303 579 2321 onus
593 2294 761 2330 quadrigam
779 2294 819 2321 sic
835 2294 978 2330 pcrnitens

201 2349 263 2369 non
278 2341 367 2369 debet
383 2349 518 2368 recusare
535 2349 610 2368 onus
628 2341 815 2376 poenitentiae.
831 2341 911 2368 Unde
929 2341 977 2369 ille

202 2388 300 2416 bonus
322 2388 468 2424 poenitens
490 2387 582 2415 David
605 2389 758 2422 comparat
778 2395 807 2414 se
827 2388 976 2422 jumento,

203 2443 270 2463 cum
286 2435 356 2463 dicit
370 2435 400 2462 in
415 2434 531 2462 Psalmo
547 2435 574 2461 ⁰:
602 2436 631 2460 l't
647 2434 796 2468 jumentum
814 2436 904 2467 fuctus
920 2442 979 2461 sum

203 2482 277 2517 apud
297 2483 397 2510 te.-Est
414 2481 534 2517 insuper
547 2481 718 2516 pmnitcntia
735 2480 861 2516 perfecte
883 2480 978 2508 adim-

235 2568 242 2583 ¹
256 2566 322 2590 Psal.
339 2572 429 2596 cxx‘ffl,
450 2568 500 2590 136.
516 2579 541 2583 -
565 2566 573 2581 ²
585 2567 652 2596 Lena,
668 2572 714 2596 vii,
730 2568 769 2590 Η.
782 2579 813 2583 -
827 2565 837 2582 ³
854 2566 870 2589 ΙΙ
887 2566 978 2595 ,ῚΙιιςΙι.,

203 2610 221 2634 1,
236 2604 275 2627 20.
288 2616 318 2622 -
336 2603 345 2618 Α
361 2602 447 2633 Eccle'¹¹
464 2608 555 2633 xxxvi,
571 2604 609 2626 27.
624 2616 655 2620 —
673 2602 788 2633 ⁸I.czv1⁴!.,
803 2608 862 2632 x111,
878 2604 902 2625 et
923 2608 976 2626 xiv.

203 2651 234 2655 ——
255 2639 263 2650 ““’
283 2638 351 2662 Psal.
376 2644 461 2668 mxu,
483 2640 568 2663 123.—-
589 2640 595 2652 ⁷
619 2640 671 2662 tino
692 2638 819 2667 Gouuad„
839 2638 868 2661 dc
883 2638 977 2662 Eccles.

205 2676 305 2705 noym,
321 2682 342 2698 c.
358 2680 408 2705 LiV,
423 2675 488 2699 iuter
499 2679 574 2706 oper.
589 2678 615 2700 s.
628 2676 702 2705 Aug,
713 2674 822 2706 append.
834 2675 896 2698 tom.
912 2675 977 2698 vni.

753 199 896 232 DIAETAE
917 198 1086 231 SALUTIS
1104 197 1185 232 TIT.
1209 199 1249 231 ΙΙ.

1026 267 1151 303 plenda,
1163 269 1198 297 ut
1210 275 1273 296 non
1287 267 1386 296 solum
1399 267 1547 304 poenitens
1556 270 1714 306 peccatum
1726 266 1808 301 vitet’

1027 313 1081 342 sed
1089 315 1203 350 peccati
1214 315 1392 350 recidivum,
1406 316 1435 343 et
1446 315 1683 352 importunitates
1693 324 1808 356 omnes,

1028 360 1114 398 quasi
1128 361 1276 398 quasdam
1290 361 1408 390 radices
1423 364 1451 390 et
1461 363 1598 398 germina
1606 365 1807 400 peccatorum.

1027 407 1106 436 Sicut
1123 407 1202 436 enim
1221 407 1316 437 herba
1336 408 1443 437 falcata
1463 408 1628 445 reviviscit,
1643 410 1698 439 sed
1711 411 1810 440 eradi-

1027 455 1094 482 cata
1103 461 1180 490 non;
1196 455 1238 483 ita
1250 457 1373 492 peccata
1387 455 1425 483 de
1438 455 1519 484 sacili
1531 456 1692 493 pullulant,
1707 458 1733 486 si
1747 465 1810 487 non

1026 501 1134 530 fuerint
1143 501 1284 530 radicitus
1294 502 1407 531 evulsa.
1424 503 1493 531 ideo
1509 503 1580 531 dicit
1593 505 1808 540 Augustinus⁷:

1030 559 1044 576 ιι
1058 549 1230 577 Poenitentia
1244 551 1287 578 est
1300 557 1404 578 causas
1415 552 1607 586 peccatorum
1617 551 1766 587 excidere,
1780 554 1810 582 et

1028 596 1070 624 eis
1083 596 1198 624 aditum
1211 604 1274 624 non
1288 596 1453 633 indulgere.
1469 607 1483 624 ι)
1501 599 1572 626 item
1585 598 1685 627 bonus
1699 600 1728 627 et
1740 607 1809 636 per-

1026 642 1118 672 fectus
1131 643 1277 680 poenitens
1291 644 1366 679 fugit
1380 643 1548 679 diabolum,
1563 645 1697 681 sequitur
1712 646 1808 675 Chris-

1028 691 1101 727 tum,
1116 691 1227 727 spernit
1240 691 1399 724 mundum,
1412 693 1441 719 et
1454 691 1567 728 appetit
1580 692 1699 721 coelum.
1717 693 1809 722 Poeni·

1027 739 1091 766 tens
1107 737 1207 774 itaque
1226 737 1372 774 perfectus
1390 737 1465 774 fugit
1482 738 1656 774 diabolum,
1673 742 1702 768 et
1720 740 1810 769 currit

1028 785 1068 812 ad
1093 784 1253 812 latibulum
1274 784 1469 820 poenitentiae:
1494 785 1569 813 sicut
1591 786 1672 814 enim
1692 787 1809 816 avicula

1027 831 1112 867 ponit
1125 838 1155 858 se
1170 830 1246 858 inter
1267 830 1382 867 spinas,
1401 833 1434 858 ut
1446 831 1540 867 possit
1556 832 1725 868 accipitrem
1739 841 1809 863 eva—

1029 876 1113 912 dere;
1138 879 1165 905 et
1186 877 1293 905 eadem
1311 877 1437 911 ratione,
1452 877 1527 906 sicut
1541 878 1638 907 lilium
1653 879 1730 908 inter
1749 880 1810 917 spi-

1028 932 1082 953 nas
1096 925 1199 953 crescit
1212 925 1301 953 valde
1314 925 1407 960 bene,
1423 927 1455 954 ut
1473 925 1580 954 dicitur
1599 926 1630 955 in
1644 927 1807 956 canticisss:

1027 973 1104 1000 Sicut
1118 974 1208 1001 lilium
1227 975 1297 1001 inter
1315 976 1419 1009 spinas,
1443 976 1481 1002 sic
1502 976 1590 1002 amica
1613 983 1671 1003 mea
1690 977 1761 1003 inter
1777 977 1810 1011 fl-

1029 1021 1081 1048 tias
1097 1029 1106 1047 :
1121 1020 1213 1056 spinoe
1232 1020 1382 1056 siquidem
1408 1021 1518 1057 quibus
1530 1021 1626 1049 lilium
1649 1022 1807 1059 clauditur,

1028 1067 1188 1104 prohibent
1197 1075 1233 1096 ne
1246 1067 1341 1095 lilium
1354 1071 1506 1104 tangatur:
1521 1076 1575 1105 per
1589 1069 1668 1097 hunc
1683 1070 1809 1099 modum

1029 1115 1120 1150 spinae
1131 1114 1308 1150 poenitentiae
1319 1115 1490 1143 custodiunt
1501 1115 1632 1144 animam
1645 1116 1737 1145 instar
1747 1118 1809 1146 avi-

1029 1161 1103 1189 culae
1121 1169 1140 1190 a
1156 1161 1279 1197 praedali
1299 1161 1455 1198 accipitre,
1478 1162 1570 1190 instar
1587 1162 1643 1191 lilii
1665 1162 1705 1191 ab
1726 1163 1809 1192 omni

1028 1209 1107 1236 tactu
1131 1208 1334 1237 delectationis
1352 1208 1525 1237 immundae.
1547 1210 1644 1237 Bonus
1663 1209 1809 1246 poenitens

1029 1255 1162 1292 sequitur
1173 1255 1330 1289 Christum,
1341 1257 1370 1283 et
1383 1255 1522 1283 imitatur.
1539 1257 1613 1284 Nam
1627 1257 1704 1285 certe
1717 1256 1810 1293 poeni-

1028 1302 1119 1330 tentia
1142 1301 1196 1330 suit
1217 1302 1280 1337 vla,
1303 1311 1364 1339 qua
1382 1302 1510 1330 Christus
1534 1303 1708 1331 ambulavit.
1728 1303 1809 1332 Unde

1028 1351 1096 1385 post
1117 1349 1300 1385 baptismum
1323 1349 1420 1377 statim
1443 1349 1561 1377 intravit
1583 1349 1751 1385 desertum,
1777 1352 1810 1379 ut

1030 1396 1136 1424 dicitur
1155 1396 1186 1423 in
1207 1398 1281 1424 Luca
1301 1397 1321 1424 ⁹.
1339 1396 1508 1424 Poenitentia
1530 1396 1619 1429 etiam
1639 1396 1694 1425 tuit
1712 1397 1810 1433 prima

1030 1442 1180 1477 doctrina,
1196 1450 1286 1478 quam
1299 1443 1428 1471 Christus
1442 1442 1625 1479 praefflcavit,
1639 1445 1671 1471 ut
1683 1443 1810 1472 habetur

1029 1490 1058 1517 in
1072 1490 1200 1517 Matehoeo
1218 1489 1246 1516 ¹⁰.
1261 1490 1406 1517 Poenitens
1420 1489 1519 1525 igitur,
1535 1490 1558 1517 si
1579 1492 1621 1518 est
1635 1490 1733 1518 bonus
1747 1491 1809 1519 dis-

1030 1537 1160 1572 cipulus,
1176 1536 1302 1564 libenter
1316 1536 1403 1564 intrat
1418 1545 1486 1564 cum
1501 1537 1614 1565 Christo
1632 1537 1810 1573 poenitentiae

1031 1584 1194 1618 desertum,
1210 1585 1313 1611 contra
1334 1583 1488 1611 simulatos
1503 1584 1687 1619 poenitentes,
1702 1585 1754 1620 qui
1770 1584 1809 1613 ad

1031 1630 1155 1658 modum
1175 1630 1302 1658 usurarii
1323 1630 1428 1658 volunt
1450 1638 1513 1658 esse
1537 1630 1674 1667 discipuli
1695 1630 1807 1659 Christi.

1031 1677 1110 1705 Sicut
1125 1677 1204 1704 enim
1220 1677 1371 1704 usurarius
1386 1677 1449 1704 vult
1463 1684 1525 1704 esse
1541 1677 1619 1705 illius
1633 1678 1746 1712 socius,
1762 1678 1809 1705 cui

1032 1725 1145 1751 mutuat
1163 1723 1337 1759 pecuniam,
1353 1723 1382 1750 in
1403 1723 1502 1757 lucro,
1519 1726 1545 1751 et
1560 1731 1621 1751 non
1635 1724 1665 1751 in
1681 1724 1808 1758 damno;

1031 1771 1072 1798 sic
1087 1770 1170 1798 multi
1186 1769 1293 1797 vellent
1308 1769 1390 1805 sequi
1405 1769 1550 1798 Christum
1565 1770 1595 1797 in
1609 1771 1769 1806 prosperiS‚
1783 1773 1811 1798 et

1032 1817 1138 1845 nonin
1160 1817 1309 1844 adversis:
1333 1816 1442 1844 vellent
1463 1824 1531 1844 cum
1552 1817 1663 1844 Christo
1685 1824 1811 1853 regnare

1033 1865 1062 1892 in
1083 1864 1173 1899 coelo,
1196 1864 1270 1892 sicut
1288 1864 1341 1891 tilii
1362 1863 1508 1897 Zebedaei,
1532 1866 1560 1892 et
1579 1872 1640 1892 non
1661 1872 1729 1892 cum
1746 1864 1810 1901 ipso

1033 1914 1143 1939 certare
1163 1911 1192 1938 in
1215 1911 1321 1938 stadio.
1338 1911 1417 1938 l'nde
1434 1911 1546 1938 dictum
1567 1912 1608 1938 cst
1623 1911 1665 1938 eis
1679 1911 1754 1939 illud
1770 1912 1808 1938 ¹¹:

1033 1960 1151 1987 Nescitis
1166 1958 1233 1993 quid
1244 1960 1353 1993 petatis.
1365 1958 1510 1985 Pwnitens
1524 1957 1720 1985 nihilominus
1735 1966 1813 1994 sper·

1034 2005 1076 2034 nit
1096 2004 1201 2033 mundi
1224 2012 1376 2041 prospera,
1399 2007 1503 2032 contra
1522 2004 1655 2040 aliquos,
1674 2005 1725 2041 qui
1745 2007 1814 2033 sunt

1034 2053 1119 2089 quasi
1135 2053 1236 2081 simia:
1254 2052 1375 2089 quando
1391 2052 1503 2080 invenit
1515 2060 1605 2080 nuces
1619 2060 1713 2080 novas
1728 2054 1755 2080 et
1769 2060 1813 2080 re-

1035 2103 1147 2135 centes,
1176 2101 1298 2136 propter
1327 2099 1479 2127 exterioris
1503 2099 1618 2126 corticis
1640 2099 1812 2127 amaritudi-

1035 2156 1118 2181 nem,
1136 2147 1249 2182 judicat
1273 2155 1379 2174 nucem
1401 2154 1462 2173 esse
1484 2153 1633 2179 amaram,
1657 2147 1685 2173 et
1703 2145 1813 2181 spernit

1035 2195 1174 2223 nucleum
1199 2193 1384 2227 interiore-im
1410 2192 1451 2219 sic
1473 2200 1491 2219 a
1515 2192 1615 2219 multis
1641 2191 1814 2228 repudiatur

1035 2240 1220 2277 poenitentia,
1234 2239 1310 2275 jquia
1324 2239 1441 2266 videtur
1456 2238 1536 2266 carni
1556 2246 1667 2266 amara.
1684 2238 1753 2267 Ideo
1768 2238 1812 2266 di-

1035 2289 1109 2316 citur
1119 2289 1155 2315 ¹²:
1174 2288 1266 2315 Omnis
1282 2287 1429 2321 disciplina
1444 2287 1473 2312 in
1486 2287 1616 2321 proesentz‘
1626 2294 1677 2313 non
1692 2290 1729 2313 est
1746 2294 1813 2320 qau-

1035 2336 1092 2370 dii,
1112 2335 1158 2362 secl
1179 2335 1306 2361 moerorz's.
1326 2333 1470 2360 Poenitens
1487 2333 1608 2369 insuper
1629 2333 1739 2369 appetit
1756 2340 1814 2360 coe-

1036 2383 1116 2409 lum:
1136 2383 1162 2408 et
1181 2381 1254 2408 sicut
1274 2387 1348 2415 puer
1363 2379 1473 2415 rumpit
1488 2381 1599 2407 vestem
1621 2382 1766 2413 veterem,
1780 2381 1813 2407 ut

1036 2429 1120 2456 citius
1130 2427 1238 2455 habeat
1248 2434 1368 2460 novam,
1380 2426 1421 2453 sic
1437 2426 1534 2453 bonus
1544 2426 1688 2462 poenitcns
1703 2425 1813 2453 lacerat

1035 2483 1136 2503 secum
1150 2481 1263 2508 carneS,
1278 2475 1309 2500 ut
1322 2473 1406 2500 citius
1421 2473 1526 2501 animoe
1539 2481 1597 2500 suae
1609 2472 1741 2508 acquirat
1755 2474 1813 2500 sto-

1036 2564 1066 2567 —
1081 2550 1091 2566 ⁸
1105 2550 1186 2577 Cant„
1205 2555 1232 2578 ΙΙ,
1248 2550 1272 2572 2.
1285 2561 1310 2564 —
1327 2548 1337 2564 θ
1353 2548 1419 2577 Luc„
1436 2553 1470 2576 IV,
1491 2549 1511 2570 l.
1525 2559 1554 2563 —
1575 2546 1704 2576 ιο,ἾΙσίἱΙιἿ
1721 2551 1756 2576 IV,
1773 2547 1810 2570 Π.

1037 2600 1065 2604 -
1086 2586 1108 2603 ¹¹
1123 2585 1224 2615 Mutila„
1242 2590 1286 2614 xx,
1302 2585 1340 2607 22.
1359 2597 1389 2601 -
1410 2584 1425 2597 ¹²
1444 2582 1527 2611 Hebm,
1546 2588 1595 2612 ΧΗ,
1613 2584 1650 2605 Η.

1068 2634 1098 2664 (a)
1123 2632 1198 2663 Vulg.
1227 2633 1309 2655 minus
1331 2631 1489 2661 dimittatur,
1520 2631 1610 2654 minus.
1635 2643 1663 2648 -
1687 2630 1721 2662 (b)
1748 2630 1810 2655 Coet.

1036 2671 1095 2694 mlit-
1112 2677 1152 2694 cx.
