2004 3037
474 224 524 256 DE
546 221 739 256 OPERIBUS
761 222 1004 255 CONDI'I'ORIS.
1029 223 1113 255 CAP.
1138 224 1334 256 LXIII-LXV.
1660 230 1712 258 121

111 289 207 318 carnis
229 291 310 320 videt
330 292 422 320 homo
447 299 514 329 quae
534 291 616 319 extra
638 297 668 318 se
691 291 772 325 sunt3
796 290 885 318 oculo

110 338 245 374 rationis,
262 347 329 376 quae
344 339 420 368 intra
433 347 464 368 se
483 340 550 367 sunt
560 348 569 374 3
591 337 678 366 oculo
702 337 886 374 contempla-

110 383 213 420 tionis,
234 393 300 422 quoe
323 387 392 414 sunt
413 393 503 422 supra
521 393 561 413 se.
578 384 716 412 Notitiam
739 384 819 412 enim
834 384 883 412 Dei

109 430 236 466 habuit,
262 433 346 468 cujus
371 431 557 469 praesentiam
586 430 720 467 quodam
752 430 884 459 interiori

109 481 226 514 aspectu
256 479 377 507 rationIs
401 478 678 515 contemplabatur,
702 485 764 505 non
785 479 884 505 tamen

110 524 150 553 ita.
165 525 341 554 excellenter
350 528 382 554 ut
396 526 427 555 in
438 525 543 562 patria,
555 533 610 553 nec
622 525 663 553 ita
678 524 709 552 in
718 524 883 559 aenigmate,

110 572 141 599 ut
157 571 247 600 modo
270 572 300 600 in
314 572 371 600 via.
399 574 454 601 Res
476 572 565 600 etiam
585 571 676 600 factas
697 571 797 606 novit,
814 571 885 607 quia

110 618 308 647 animantibus
328 620 468 647 omnibus
490 619 614 647 nomina
635 618 786 654 imposuit.
805 618 883 646 Noti-

110 664 180 693 tiam
205 673 325 702 quoque
354 666 399 694 sui
423 665 550 700 habuit,
573 665 643 702 quia
670 665 767 701 qualis
791 664 884 693 factus

109 713 186 747 erat,
211 712 309 746 solvit,
333 714 362 740 et
387 713 469 749 quod
495 721 597 749 agere,
619 714 647 740 et
671 712 755 749 quod
779 720 884 741 cavere

110 757 210 793 debet,
225 758 376 788 intellexit.
396 760 459 787 Fuit
479 767 600 796 quoque
625 759 686 787 sine
705 759 884 795 poenaIItati-

109 805 181 839 hus,
196 805 267 841 quia
281 813 336 834 nec
355 805 489 840 esurivit,
503 814 559 834 nec
580 806 680 834 sitivit.
701 807 771 834 Item
792 806 884 841 frigus

109 851 157 880 vel
168 853 268 886 aestus,
283 852 370 880 labor
382 854 432 880 aut
447 853 601 881 infirmitas
620 861 689 881 eum
709 861 771 881 non
792 853 864 881 laesit
874 862 883 888 ς

111 905 164 926 nec
179 900 305 926 mortem
320 899 497 934 expectavit,
510 899 582 935 quia
593 899 680 927 vivus
692 901 753 927 erat
767 899 806 927 ad
822 899 885 935 glo-

110 945 186 973 riam
209 945 438 974 transferendus.
462 946 595 975 Vestibus
609 954 671 975 non
697 947 842 982 eguisset,
858 949 886 974 et

110 992 208 1020 nudus
220 993 431 1021 verecundiam
445 1001 506 1021 non
521 994 667 1022 sensisset.
682 995 791 1022 Natura
805 994 836 1022 in
849 1002 883 1022 eo

110 1039 211 1075 quoad
220 1039 435 1068 deformitatem
449 1041 656 1069 membrorum
670 1048 731 1069 non
747 1043 879 1069 errasset.
902 1070 907 1075 ,

110 1086 272 1121 Conceptus
288 1086 389 1114 fuisset
403 1087 465 1114 sine
479 1087 612 1123 pudore,
626 1089 728 1123 partus
750 1088 812 1116 sine
828 1087 884 1116 do-

110 1131 182 1160 lore.
203 1134 295 1161 Motus
319 1134 523 1162 membrorum
543 1134 667 1170 subjecti
688 1134 810 1163 fuissent
831 1143 884 1162 vo-

110 1177 222 1207 luntati.

355 1260 497 1294 CAPUT
523 1261 638 1294 LXIII.

300 1339 338 1365 De
358 1339 502 1373 Praeceptts
523 1339 593 1366 Adae
611 1339 692 1367 datis.

147 1412 240 1440 Adam
255 1413 364 1441 factum
384 1415 458 1441 Deus
477 1414 507 1441 in
528 1414 702 1450 paradisum
724 1416 885 1451 transtulit,

111 1461 139 1486 et
158 1459 252 1487 ibide
277 1461 357 1488 costa
381 1460 555 1488 dormientis
579 1462 671 1488 Evam
695 1461 751 1489 sibi
775 1462 886 1491 sociam

111 1505 257 1533 formavit.
275 1507 354 1538 Hanc
369 1514 431 1534 non
445 1506 512 1534 fecit
532 1507 569 1534 de
585 1507 690 1543 capite,
703 1515 740 1535 ne
755 1508 818 1536 viro
833 1509 886 1537 do-

110 1551 270 1580 minaretur
276 1562 284 1588 3
301 1561 354 1580 nec
369 1553 405 1581 de
420 1553 563 1589 pedibus,
580 1562 617 1581 ne
633 1556 884 1591 contemneretur3

110 1598 162 1625 sed
177 1598 214 1626 de
229 1598 333 1633 latere,
350 1601 381 1627 ut
400 1600 511 1627 amoris
525 1600 679 1627 vinculum
698 1601 883 1636 probaretur.

112 1644 222 1680 Duplex
246 1645 358 1673 bonum
383 1646 442 1673 illis
469 1647 543 1674 Deus
570 1647 770 1682 praeparavit:
793 1655 886 1675 unum

110 1691 291 1727 temporale,
308 1691 389 1720 aliud
405 1694 557 1720 aeternum.
576 1693 705 1720 Primum
726 1694 825 1728 dedit,
841 1703 885 1722 se-

111 1738 242 1766 cundum
256 1738 400 1774 promisit.
424 1739 493 1767 Ideo
510 1739 621 1775 duplex
635 1742 812 1776 praeceptum
826 1740 886 1776 pri-

110 1793 176 1812 mus
198 1785 290 1813 homo
314 1785 418 1813 habuit
434 1795 440 1813 ε
458 1794 551 1813 unum
573 1788 702 1821 naturae,
725 1787 764 1814 ad
787 1789 884 1815 custo-

112 1831 254 1859 diendum
266 1832 382 1859 honum
402 1832 522 1868 datum3
546 1833 630 1860 aliud
651 1833 830 1870 disciplinae,
847 1835 886 1862 ad

111 1879 343 1913 promerendum
354 1879 470 1906 bonum
489 1879 670 1915 promissum
685 1890 690 1907 ε
708 1883 735 1908 et
753 1881 810 1909 hoc
825 1889 886 1909 non

112 1926 226 1960 poterat
251 1925 414 1961 promereri
438 1925 561 1961 melius,
587 1934 678 1962 quam
703 1935 756 1962 per
779 1936 886 1963 puram

113 1970 327 2005 obedientiam,
341 1979 406 2006 quae
421 1973 489 1999 tune
504 1980 586 2000 mera
602 1975 662 2007 est,
678 1975 797 2009 quando
812 1983 886 2010 prae-

113 2018 230 2053 ceptum
242 2025 275 2045 cx
287 2025 317 2044 se
328 2017 391 2044 solo
407 2018 534 2053 obligat,
546 2021 573 2046 et
586 2027 647 2046 non
661 2028 696 2047 ex
708 2020 765 2048 alia
780 2029 883 2049 causa:

113 2065 140 2091 et
153 2063 211 2091 tale
227 2063 332 2091 dicitur
346 2066 528 2099 praeceptum
551 2065 732 2100 disciplinae,
749 2067 818 2101 quia
834 2075 886 2102 per

112 2110 209 2146 ipsum
236 2110 356 2137 discitur
385 2112 496 2146 quanta
521 2110 556 2137 sit
584 2111 676 2138 virtus
700 2111 883 2140 obedientiae.

112 2157 193 2184 Unde
219 2159 246 2184 et
272 2156 435 2192 disciplinae
461 2159 640 2193 praeceptum
668 2157 792 2193 dicitur,
817 2159 886 2194 quia

111 2203 203 2230 vitare
223 2203 338 2238 lignum
363 2203 490 2230 scientiae
511 2211 573 2230 non
593 2204 738 2232 suadebat
763 2207 886 2240 natura,

112 2250 164 2277 sed
180 2249 345 2285 disciplina.
362 2251 540 2285 Praeceptum
556 2258 625 2278 vero
645 2252 755 2278 naturae
776 2251 887 2287 duplex

111 2295 165 2324 fuit
180 2304 292 2323 :unum
307 2296 343 2324 de
359 2297 583 2324 conservatione
607 2297 753 2325 individui
765 2319 774 2331 ,
793 2300 824 2325 ut
845 2298 886 2325 ibi

112 2342 142 2370 in
164 2343 265 2370 Genesi
282 2345 313 2370 ¹:
334 2345 370 2370 De
392 2345 465 2370 omni
489 2345 561 2378 liquo
582 2344 710 2378 paradisi
734 2345 885 2373 comedetis.

112 2390 187 2416 Inter
201 2397 266 2424 quae
280 2389 361 2424 ligna
376 2390 430 2417 fuit
445 2390 474 2416 in
489 2390 589 2417 medio
606 2391 736 2426 paradisi
751 2391 886 2426 speciali-

113 2437 155 2462 ter
170 2435 356 2462 nominatum
377 2436 493 2471 lignum
515 2437 594 2471 vitae,
611 2437 652 2464 sic
666 2437 777 2464 dictum
792 2438 830 2464 ab
846 2438 886 2464 ef-

113 2479 203 2515 fectu,
220 2481 290 2517 quia
304 2490 431 2518 corpora
444 2483 610 2518 primorum
627 2486 783 2519 parentum
798 2484 887 2511 debe-

114 2527 165 2554 bat
183 2528 320 2555 continue
343 2530 490 2563 vegetare.
517 2529 604 2556 Aliud
629 2530 683 2558 fuit
707 2532 886 2566 praeceptum

114 2575 224 2601 naturae
245 2583 299 2609 pro
326 2576 548 2603 conservatione
570 2577 692 2611 speciei,
708 2579 740 2604 ut
763 2577 837 2604 illud
852 2578 861 2593 2
879 2586 885 2604 ε

147 2637 154 2650 ¹
168 2634 378 2666 Gen.,11,l(;.—
392 2637 399 2650 ²
412 2637 517 2668 Gen.,1,
528 2639 567 2662 28,
582 2652 612 2656 -
623 2639 632 2655 ³
644 2639 734 2668 Emd.y
746 2647 788 2668 xx,
808 2641 844 2663 15.
858 2653 886 2656 —

115 2670 125 2686 Β
139 2670 240 2700 Matth.‚
257 2677 281 2700 ν,
296 2672 334 2695 34.
348 2684 377 2689 —
392 2673 402 2689 ὅ
414 2673 541 2703 Damaso„
554 2674 583 2697 cle
595 2674 652 2698 Fid.
668 2675 781 2706 orthod„
795 2675 838 2699 lib.
856 2675 886 2705 ll,

941 291 1056 319 Crescite
1069 294 1094 319 et
1109 292 1343 327 multiplicamini.
1360 292 1443 320 Circa
1462 295 1643 329 praeceptum
1658 293 1718 321 dis-

941 337 1058 373 eiplinae
1080 340 1150 366 nota
1163 359 1172 373 ‚
1187 338 1270 375 quod
1294 338 1408 375 aliquid
1431 339 1608 375 prohibetur
1620 359 1630 374 ‚
1646 340 1719 376 quia

940 384 1055 412 malum
1069 386 1079 402 ³
1096 393 1102 412 :
1120 386 1180 414 Non
1197 387 1302 419 fartum
1316 385 1415 421 facies3
1432 385 1566 422 aliquid,
1581 386 1653 423 quia
1668 394 1718 414 oc-

941 430 1020 458 casio
1037 431 1108 459 mali
1119 452 1128 465 ‚
1148 431 1179 459 in
1198 431 1330 460 Matthaeo
1345 431 1355 448 b
1371 440 1378 458 :
1400 432 1461 460 Non
1475 433 1571 466 jurare
1591 435 1718 461 omnino.-

941 476 1015 504 sicut
1040 477 1177 513 praelatus
1206 477 1299 506 multa
1327 477 1486 514 prohibere
1514 480 1626 514 potest,
1652 487 1719 515 quoe

941 525 1038 552 tamen
1049 532 1110 552 non
1125 525 1192 552 sunt
1207 531 1343 560 expresse
1357 523 1388 551 in
1401 531 1456 552 sua
1469 524 1586 560 regu1a3
1604 525 1720 561 aliquid

941 569 980 598 ad
1002 570 1211 606 probationem
1231 570 1406 599 obedientiae
1422 579 1428 599 :
1445 572 1473 599 et
1487 571 1544 600 tale
1569 570 1623 599 fuit
1645 579 1719 608 prae-

940 619 1059 653 ceptum
1073 617 1110 645 de
1126 617 1208 653 ligno
1223 617 1300 645 vitae.

1148 711 1325 745 CAPUT
1363 711 1510 745 LXIV.

1229 784 1263 810 De
1284 782 1428 810 paradiso.

977 853 1070 879 Homo
1085 851 1228 887 praedictis
1245 851 1335 879 fultus
1353 851 1470 879 auxiliis
1492 852 1604 888 accepit
1618 852 1720 880 locum

941 897 1072 934 paradisi
1084 898 1225 926 terrestris
1240 898 1270 925 in
1286 898 1501 926 habitationem
1516 898 1719 934 tranquillam.

941 945 1005 972 Fuit
1030 946 1128 972 autem
1152 945 1235 973 locus
1260 944 1333 978 illc,
1360 946 1392 972 ut
1416 944 1456 972 ait
1480 946 1720 979 Damascenus⁵‚

942 990 1130 1019 exultationis
1149 991 1293 1019 universae
1304 991 1562 1027 promptuarium,
1577 991 1628 1027 qui
1643 993 1721 1020 terra

942 1037 1086 1065 excelsior
1105 1039 1147 1065 est
1170 1037 1302 1073 positus,
1319 1039 1346 1065 et
1366 1039 1527 1073 temperato
1549 1046 1583 1066 ac
1599 1038 1721 1074 purissi-

941 1092 991 1112 mo
1013 1092 1080 1112 aere
1096 1084 1318 1119 circumfulget,
1333 1084 1442 1121 plantis
1465 1092 1583 1120 semper
1596 1086 1624 1112 et
1637 1084 1720 1112 flori-

941 1131 997 1159 bus
1013 1133 1133 1159 ornatus
1149 1133 1211 1165 est,
1229 1131 1311 1159 bono
1337 1130 1430 1159 odore
1450 1131 1574 1167 plenus,
1589 1131 1719 1158 nullum-

942 1185 999 1213 que
1031 1177 1279 1206 irrationabilium
1313 1177 1488 1205 animalium
1521 1177 1563 1205 ibi
1595 1177 1716 1205 habitat.

941 1225 1081 1252 Praeterea
1099 1224 1227 1252 habetur
1242 1224 1273 1251 in
1288 1224 1410 1252 Genesi⁶
1424 1245 1433 1258 ,
1450 1224 1533 1260 quod
1555 1232 1573 1251 a
1594 1224 1718 1252 Domino

941 1271 1096 1307 paradisus
1123 1271 1296 1307 plantatur,
1323 1271 1403 1298 fonte
1418 1291 1433 1304 ,.
1448 1270 1499 1307 qui
1523 1271 1665 1298 dividitur
1688 1271 1719 1298 in

942 1319 1069 1353 quatuor
1084 1317 1181 1354 capita
1192 1339 1200 1353 ,
1216 1318 1355 1353 irrigatur
1364 1327 1372 1352 ,-
1389 1317 1471 1352 ligno
1493 1317 1559 1344 vitae
1574 1325 1608 1344 ac
1628 1317 1720 1344 scien-

941 1364 986 1392 tiae
1001 1364 1073 1392 boni
1097 1366 1124 1391 et
1146 1364 1218 1392 mali
1238 1364 1415 1397 decoratur,-
1432 1372 1486 1400 per
1512 1364 1671 1391 Cherubim
1693 1366 1721 1391 et

941 1411 1113 1438 flammeum
1135 1411 1271 1446 gladium
1295 1410 1469 1438 custoditur.
1494 1411 1662 1438 Notandum
1679 1411 1721 1437 in-

941 1465 1029 1493 super
1051 1457 1133 1493 quod
1158 1457 1199 1485 ibi
1226 1457 1316 1484 nullse
1339 1459 1407 1484 sunt
1431 1458 1628 1492 tempestates,
1655 1459 1720 1484 Duae

942 1512 1062 1539 quoque
1087 1503 1129 1531 ibi
1150 1506 1217 1531 sunt
1240 1504 1380 1539 hyemes,
1408 1506 1435 1531 et
1457 1503 1523 1530 duee
1544 1506 1676 1538 aestateS,
1694 1506 1721 1531 et

942 1549 987 1577 bis
1001 1550 1177 1577 fructificant
1191 1550 1231 1577 ibi
1254 1550 1386 1577 arbores.
1409 1551 1439 1577 lu
1455 1552 1581 1586 utroque
1595 1550 1719 1578 solstitio

942 1597 1053 1624 habent
1080 1597 1219 1633 hyemem
1237 1619 1246 1632 ,
1274 1599 1301 1624 et
1328 1597 1358 1624 in
1384 1600 1508 1633 utroque
1541 1597 1719 1633 {equinoctio

942 1645 1080 1671 aestatem.
1098 1644 1188 1679 Hujus
1203 1646 1301 1671 autem
1316 1643 1391 1671 ratio
1407 1645 1463 1678 est,
1480 1644 1550 1679 quia
1564 1643 1720 1679 paradisus

941 1691 997 1718 sub
1013 1690 1124 1718 circulo
1139 1690 1337 1726 aequinoctiali
1352 1690 1423 1718 situs
1444 1693 1494 1718 est.
1515 1690 1584 1718 Item
1605 1697 1721 1725 semper

941 1738 1051 1766 habent
1069 1738 1290 1774 aequinoctium.

1195 1832 1339 1865 CAPUT
1363 1832 1465 1865 LXV.

1138 1905 1176 1930 De
1202 1903 1271 1931 Casu
1288 1905 1372 1938 primi
1397 1904 1521 1930 hominis.

977 1972 1113 2000 invidens
1130 1980 1200 2007 ergo
1222 1972 1361 1999 diabolus
1379 1971 1507 1999 felicitati
1521 1971 1649 1999 hominis
1661 1993 1669 2006 ,
1689 1972 1719 1999 in

942 2019 1039 2054 specie
1066 2018 1229 2054 serpentis7
1250 2019 1345 2054 ipsam
1368 2018 1524 2045 mulierem
1539 2039 1548 2051 ,
1576 2019 1718 2053 tanquam

941 2065 1134 2100 fragIIiorem,
1150 2065 1319 2100 aggreditur
1334 2064 1505 2092 tentandam
1523 2073 1528 2090 z
1547 2072 1635 2099 quam
1652 2072 1718 2091 cum

942 2112 972 2138 in
999 2111 1193 2146 responsione
1223 2111 1408 2138 dubitantem
1439 2112 1586 2144 cerneret,
1614 2111 1717 2137 fortius

942 2157 1042 2184 institit
1062 2166 1067 2184 :
1089 2159 1117 2184 et
1140 2157 1259 2184 tandem
1285 2157 1406 2184 vincens
1430 2165 1513 2191 eam,
1542 2157 1637 2184 virum
1665 2156 1715 2184 illa

942 2203 1091 2231 mediante
1118 2203 1234 2238 dejecit.
1264 2203 1404 2231 Processit
1428 2211 1499 2238 ergo
1529 2203 1569 2230 sic
1592 2212 1597 2230 ;
1619 2203 1716 2238 primo

942 2251 1060 2284 scilicet,
1079 2250 1243 2286 quaerendo
1257 2259 1263 2277 ε
1279 2251 1330 2278 Cur
1344 2253 1472 2285 proecepit
1485 2252 1556 2277 robis
1576 2251 1652 2284 Deus,
1664 2252 1717 2284 εἰς

943 2297 1090 2330 secundo,
1110 2296 1269 2324 asserendo
1286 2297 1393 2323 salsum
1411 2305 1416 2323 :
1435 2298 1609 2331 Nequaquam
1624 2298 1719 2323 morie-

941 2345 1021 2376 mz'nz'3
1038 2343 1133 2377 tertio,
1149 2343 1349 2379 promittendo
1364 2351 1369 2369 :
1384 2344 1470 2369 Eritis
1485 2345 1554 2369 sicut
1570 2343 1621 2373 dci,
1637 2345 1719 2369 scien-

945 2392 981 2416 tes
996 2390 1090 2416 bonum
1106 2393 1130 2415 et
1146 2391 1256 2416 malum.
1273 2391 1430 2416 Processus
1446 2389 1498 2416 iste
1516 2389 1569 2416 suit
1583 2389 1719 2415 maxima}

942 2436 1076 2464 versutiae
1092 2457 1099 2470 ‚
1126 2436 1196 2471 quia
1223 2436 1365 2471 processit
1389 2435 1590 2471 experiendo,
1614 2434 1727 2469 impel-,

942 2482 1031 2510 lendo
1043 2503 1050 2516 ‚
1068 2485 1095 2509 et
1117 2481 1285 2509 alliciendo.
1302 2482 1516 2517 Experientiam
1537 2481 1615 2508 enim
1635 2488 1718 2507 acce-

942 2530 984 2566 pit
1003 2529 1232 2563 interrogatione
1246 2539 1252 2563 ;
1269 2529 1386 2565 impulit
1409 2530 1439 2556 in
1460 2529 1607 2556 mendacii
1624 2536 1719 2555 asser·

943 2577 1040 2610 tlone3
1059 2576 1157 2603 allexit
1172 2575 1202 2602 in
1215 2575 1288 2603 falsa
1303 2576 1510 2610 promissione.
1535 2575 1641 2601 Allexit
1665 2582 1719 2601 au-

943 2647 965 2663 c.
983 2646 1024 2670 xi,
1042 2640 1125 2664 statim
1142 2646 1156 2662 a
1171 2639 1251 2669 princ.
1272 2652 1303 2656 —
1321 2639 1329 2652 Ε
1345 2638 1415 2669 Gen„
1433 2644 1466 2668 ιι,
1482 2640 1509 2668 8,
1528 2640 1551 2667 6,
1570 2639 1656 2667 10‚.‘J;
1676 2643 1718 2665 ιιι,

944 2676 981 2700 25.
993 2689 1023 2693 -
1042 2676 1051 2692 '¹
1068 2676 1195 2704 Ge71.,111,
1213 2677 1222 2697 1
1241 2676 1334 2704 etseq.
