2004 3037
211 244 272 274 412

213 307 357 337 minando
370 328 378 341 ,
391 306 463 334 dicit
478 307 486 324 ¹
503 315 512 334 ι
528 306 560 334 Si
581 306 644 341 quis
665 306 696 333 in
714 313 756 332 me
778 312 832 333 non
844 305 990 339 manserit,

212 357 336 384 mittetur
348 355 425 388 foras
438 354 511 382 sieut
524 353 639 388 palmes,
654 353 681 380 et
695 353 812 386 arescet,
827 352 892 379 etin
902 352 992 386 ignem

213 403 358 436 mittetur,
378 402 404 429 et
426 400 515 428 ardet.
530 399 640 434 Tertio,
654 398 819 436 prudenter
834 397 992 432 docendo,

213 448 285 477 dicit
297 450 308 466 ²
324 457 332 476 ι
350 448 404 476 Vos
426 448 489 475 dimi
513 447 628 479 amicos,
656 446 771 482 quare?
787 445 860 478 Quia
884 445 992 478 omnia,

214 504 272 532 quoe
286 504 304 523 a
317 497 399 523 Patre
412 502 468 522 meo
486 493 600 527 audivi,
615 495 681 520 nota
699 493 754 526 feci
768 493 860 526 vobis,
883 491 994 520 scilicet

214 551 281 579 quse
294 541 461 570 necessaria
480 540 520 568 ad
539 540 665 568 salutem
685 538 824 574 fuerunt,
841 538 881 566 ait
903 538 995 574 Chry-

213 592 363 619 sostomus
377 591 398 617 ³.
414 590 446 617 ln
461 588 592 617 Matthaeo
607 586 618 604 ⁶
634 595 642 615 ι
657 587 793 622 Aperiens
811 594 839 614 os
853 594 933 614 suum
948 586 995 613 do-

214 638 288 666 cebat
299 645 355 672 eoS,
370 637 460 665 dicens
473 637 572 665 :Beati
586 643 718 671 pauperes
732 636 850 670 spiritu,
866 635 994 670 quoniam

215 686 336 720 ipsorum
361 686 400 712 est
427 691 540 719 regnum
567 684 700 711 coelorum.
728 682 837 716 Quarto
850 702 860 716 ,
886 681 996 710 utiliter

215 731 371 760 suadendo
385 752 394 766 ,
416 730 518 759 dicens
531 731 563 758 ⁵:
585 729 690 758 Suadeo
716 729 769 757 tibi
791 737 874 757 emere
897 737 996 756 aurum

216 781 334 815 ignitum
348 779 508 814 probatum,
523 779 554 806 ut
569 778 684 813 locuples
699 778 760 811 fias.
779 785 794 802 a
808 777 862 804 Per
874 783 994 810 aurum,

217 828 250 855 ut
263 825 333 854 dicit
353 823 518 853 Richardus
535 824 670 858 ibidem,
694 824 826 859 signatur
849 822 976 850 charitas
987 843 995 857 ‚

217 881 283 909 quae
299 875 331 900 ut
355 880 462 900 aurum
483 871 590 907 fulget,
612 878 679 906 quae
699 869 858 898 dilectione
882 867 997 903 fervet,

217 928 284 956 quie
310 919 341 947 in
367 918 558 947 tribulatione
584 917 737 945 fornacem
767 915 998 944 examinationis

217 967 348 994 sustinet.
367 976 379 991 n
397 967 460 994 Haec
481 965 542 993 ille.
565 965 690 999 Quinto,
705 963 850 992 veraciter
871 962 997 999 Promit-

217 1014 322 1048 tendo,
337 1013 418 1041 unde
431 1013 470 1041 ait
485 1012 626 1040 Dominus
640 1013 650 1030 ⁶
666 1020 673 1039 :
691 1013 745 1045 Qui
759 1011 855 1046 diliqit
869 1018 927 1044 me,
942 1017 997 1038 ser-

217 1069 318 1088 monem
332 1068 419 1087 meum
433 1061 564 1094 servabit,
579 1062 605 1087 et
622 1061 701 1087 Pater
715 1066 788 1086 meus
803 1058 900 1092 diliqet
915 1065 974 1084 eum
985 1077 995 1092 ‚

218 1108 294 1135 etad
308 1116 366 1135 eum
378 1109 530 1139 veniemus,
549 1110 572 1134 ei
588 1107 752 1134 mansionem
774 1105 848 1141 apud
871 1112 930 1132 eum
952 1106 998 1138 fa·

218 1155 327 1182 cz‘emus.
343 1154 393 1182 Hic
408 1154 464 1182 tria
481 1153 639 1190 promittit,
655 1153 765 1181 scilicet
786 1151 977 1180 dilectionem
988 1173 998 1185 ‚

218 1200 417 1230 visitationem
437 1203 465 1229 et
489 1201 686 1229 mansionem.
713 1199 789 1234 Quid
811 1199 907 1235 majus
929 1199 998 1226 his?

219 1249 319 1283 Sexto,
345 1248 470 1276 dulciter
493 1247 698 1282 consolando,
727 1247 829 1275 dicens
844 1248 878 1274 ⁷:
906 1246 996 1274 Come-

219 1295 292 1328 due,
319 1297 400 1323 amici
424 1298 492 1327 mei,
514 1298 538 1323 et
561 1296 756 1329 inebriamini,
782 1295 927 1321 carissimi.
944 1294 998 1321 Co-

218 1342 328 1370 medite
343 1351 451 1379 corpus
462 1351 574 1377 meum,
588 1342 680 1369 bibite
696 1341 874 1377 sanguinem
884 1347 997 1375 meum,

218 1392 245 1418 et
269 1390 458 1418 inebriamini
483 1389 635 1417 divinitate
658 1397 735 1417 mea.
753 1400 766 1413 α
782 1388 911 1416 Verbum
928 1395 997 1416 caro

216 1436 326 1465 factum
350 1439 406 1471 est,
433 1439 465 1464 ut
489 1436 573 1464 cibus
599 1436 780 1472 Angelorum
806 1435 890 1463 fieret
913 1435 998 1462 cibus

216 1484 388 1518 hominum,
404 1494 418 1510 »
447 1484 487 1511 ait
510 1483 677 1518 Gregorius
700 1483 851 1519 Septimo,
874 1482 998 1510 familia-

216 1531 287 1559 riter
303 1530 506 1565 susurrando;
523 1530 602 1558 unde
624 1530 654 1558 in
675 1531 722 1558 Job
746 1529 852 1557 dicitur
866 1530 877 1547 ⁸
893 1538 899 1557 ι
914 1530 998 1557 Porro

218 1579 318 1605 dictum
341 1582 379 1605 est
404 1578 439 1605 ad
461 1586 501 1605 me
525 1579 631 1605 verbum
655 1577 860 1610 absconditum,
877 1580 902 1604 et
920 1578 999 1611 quasi

218 1627 321 1659 furtive
341 1627 458 1660 suscepit
479 1627 555 1652 auris
575 1633 633 1652 inea
650 1633 732 1653 venas
753 1626 860 1652 susurri
871 1624 906 1659 (u)
922 1624 995 1658 ejus.

219 1672 303 1706 Quod
328 1672 484 1707 Gregorius
508 1680 677 1708 exponens,
702 1672 805 1708 quinto
826 1672 997 1705 Moralium,

220 1719 290 1746 dicit
304 1720 313 1736 ⁹
324 1740 332 1753 ,
349 1719 431 1755 quod
449 1729 462 1745 «
485 1727 538 1754 per
554 1719 679 1752 verbum
697 1718 905 1746 absconditum
921 1717 997 1745 allo-

221 1765 298 1793 cutio
314 1765 422 1792 intimae
435 1765 621 1801 aspirationis
636 1765 820 1800 intelligitur,
838 1773 902 1800 qum
918 1771 999 1791 men-

221 1814 279 1839 tem
295 1812 355 1840 sive
371 1812 506 1848 spiritum
527 1812 700 1846 contingens
715 1811 867 1844 sublevat,
883 1813 909 1838 et
924 1813 997 1838 tcm-

220 1859 338 1894 porales
363 1859 556 1893 cogitationes
583 1859 770 1894 deprimens,
786 1858 861 1885 hanc
885 1857 999 1885 aeternis

221 1905 374 1933 desideriis
390 1906 570 1939 inflammat,
585 1908 616 1932 ut
633 1905 706 1932 nihil
727 1905 782 1932 nisi
805 1912 934 1940 superna
950 1912 999 1932 co-

221 1953 312 1987 gitare
338 1953 450 1987 libeat,
477 1955 503 1980 et
527 1955 630 1980 cuncta
656 1952 796 1979 inferiora
820 1953 998 1979 contemnat.

222 1999 437 2027 Absconditum
461 1999 548 2034 igitur
570 2000 695 2027 verbum
721 1999 842 2032 audire,
857 1999 899 2025 est
917 1998 1000 2025 locu—

222 2047 316 2073 tiones
331 2047 421 2074 sancti
438 2047 560 2082 Spiritus
574 2047 604 2074 in
620 2046 709 2074 cordc
726 2045 892 2081 concipere,
909 2053 999 2080 quem

222 2093 354 2121 mundus
370 2094 474 2121 audire
489 2102 548 2121 non
565 2096 675 2130 potest,
692 2093 762 2129 quia
775 2092 913 2128 Spiritum
929 2093 1000 2119 San-

224 2143 302 2168 ctum
324 2141 457 2177 accipere
481 2149 540 2168 non
565 2142 686 2177 potest,
709 2140 759 2176 qui
785 2139 824 2167 ad
848 2139 1001 2174 diligenda

224 2187 383 2215 invisibilia
407 2196 467 2215 non
490 2188 624 2222 assurgit.
647 2198 661 2214 »
678 2189 740 2215 ΙΙ<εο
764 2186 929 2221 Gregorius,
955 2187 1002 2214 Se-

224 2234 323 2269 quitur
341 2243 346 2261 :
365 2236 398 2261 Et
415 2237 493 2269 quusi
507 2237 608 2268 fur-lire
622 2237 740 2269 suscepit
759 2235 834 2260 auris
850 2242 908 2260 mea
922 2241 1002 2261 venas

222 2282 331 2308 susurri
346 2281 379 2315 (a)
402 2282 481 2316 ejus,
505 2281 557 2308 ubi
577 2281 645 2308 dicit
664 2281 820 2315 Gregorius
839 2289 846 2307 :
866 2290 879 2305 ιι
899 2281 1002 2308 Susur-

225 2327 302 2355 rium
316 2327 422 2354 occulti
437 2327 521 2355 verbi
535 2330 577 2355 est
598 2327 662 2363 ipsa
684 2327 794 2354 locutio
815 2327 1002 2362 aspirationis

226 2373 356 2401 interme.
373 2375 458 2401 Venae
474 2377 572 2401 autem
592 2374 731 2407 susurrii,
748 2373 885 2400 dicuutur
900 2381 1002 2401 earum

227 2421 419 2455 cogitationes
437 2442 447 2454 ,
476 2421 586 2456 quibus
612 2421 673 2448 haec
704 2421 767 2456 ipsa
796 2420 934 2456 aspiratio
963 2419 1003 2448 ad

227 2469 355 2495 mentem
370 2467 496 2495 ducitur.
512 2469 605 2495 Venas
624 2467 714 2502 igitur
735 2467 855 2503 superni
880 2467 1003 2494 susurrii

228 2514 306 2541 auris
327 2514 426 2542 cordis
447 2514 553 2543 furtive
568 2514 702 2550 suscipit,
723 2513 844 2550 quando
860 2514 1004 2542 subtilita-

261 2601 266 2613 “
283 2600 364 2628 locui,
380 2606 422 2631 xv,
442 2602 465 2624 6.
481 2613 511 2618 -
526 2601 536 2616 ²
551 2600 624 2627 ibid„
642 2601 678 2623 15.
695 2612 725 2617 —-
740 2600 748 2613 ³
762 2600 864 2630 Chrys,
881 2600 905 2622 iu
921 2599 1002 2628 dounvy

229 2636 298 2659 honi.
316 2636 564 2666 1.xxx'i,iil.1„xxvu,
580 2644 605 2659 n.
627 2639 646 2660 ι.
662 2649 692 2653 —-—-
705 2637 714 2652 b
727 2635 828 2661 Mami..
847 2641 870 2665 V,
886 2636 917 2664 2,
934 2636 957 2658 3-
975 2648 1005 2652 -

232 2672 241 2687 ⁵
254 2672 336 2701 Aliae..
360 2678 402 2699 ιιι,
426 2673 631 2702 19.—·'*10uu.,
647 2678 698 2701 xiv,
717 2674 756 2695 22³.
769 2684 798 2689 —-
814 2671 822 2686 ⁷
841 2671 926 2701 Cane„
943 2673 1004 2700 v,1.

230 2719 260 2725 --
279 2707 287 2719 ⁸
309 2706 361 2735 Job,
384 2714 416 2737 iv,
440 2710 474 2731 12.
496 2721 526 2725 —
542 2709 551 2721 ⁹
570 2709 656 2738 Greg.5
680 2707 781 2736 Mat-ul„
803 2706 848 2730 lib.
865 2706 896 2736 V,
912 2713 934 2729 e.
952 2711 1005 2735 XVI,

624 238 676 270 DE
697 237 854 270 SEPTEM
875 234 1105 268 lTINERIBUS
1127 234 1418 268 AETERNITATIS.

1047 305 1108 331 tem
1128 302 1286 331 locutionis
1313 302 1415 332 intime
1436 302 1537 332 afflata
1558 309 1644 331 mens
1658 303 1774 340 raptim
1796 305 1827 333 et

1046 349 1161 378 occulte
1184 350 1347 386 cognoscit.
1373 349 1433 378 Nisi
1461 349 1542 379 enim
1566 349 1606 379 ab
1631 349 1826 380 exterioribus

1048 396 1202 425 desideriis
1223 404 1255 425 se
1269 397 1448 433 abscondat,
1464 397 1580 426 interna
1592 404 1656 426 non
1672 398 1826 434 penetrat,

1049 444 1078 471 et
1091 443 1255 472 occultatur
1269 446 1302 472 ut
1313 443 1430 478 audiat,
1441 445 1470 472 et
1484 443 1568 472 audit
1580 446 1613 472 ut
1625 444 1799 472 occultetur.
1808 453 1824 471 ι

1049 491 1114 519 Haee
1126 490 1187 519 ille.
1200 491 1298 520 Verba
1316 491 1405 527 hujus
1425 491 1520 519 divini
1542 491 1666 520 susurrii
1687 491 1826 528 quando'-

1050 545 1108 574 que
1124 538 1165 566 sic
1180 540 1247 566 sunt
1261 538 1436 567 abscondita
1458 540 1486 566 et
1508 538 1642 574 occulta,
1656 539 1690 567 ut
1709 539 1741 567 in
1761 539 1829 568 inti-

1049 585 1106 613 mis
1120 585 1241 620 audita,
1265 587 1347 614 extra
1361 585 1420 613 dici
1438 593 1500 613 non
1518 585 1642 622 possint.
1658 586 1741 614 Unde
1757 586 1829 615 dicit

1050 632 1223 668 Gregorius,
1241 632 1386 668 vigesimo
1409 632 1514 669 quinto
1529 633 1674 660 Moralium
1690 632 1710 649 ¹⁰
1726 642 1734 662 .·
1753 643 1768 659 α
1781 633 1830 662 Ri-

1049 678 1113 707 vuli
1127 679 1325 715 spiritualium
1342 680 1511 716 donorum,
1527 680 1558 708 in
1573 680 1698 708 amantis
1713 681 1829 716 mente,

1050 725 1092 753 ita
1114 725 1152 754 de
1162 725 1342 766 fcoelestibus
1361 726 1506 755 subtiliter
1526 728 1664 762 currunt,
1679 728 1713 755 ut
1730 735 1783 763 per
1796 735 1831 755 os

1051 772 1148 800 carnis
1162 772 1304 808 explicari
1323 780 1385 801 non
1399 774 1532 809 possunt.
1545 782 1562 805 >v
1584 774 1648 801 Haec
1663 781 1735 809 ergo
1755 782 1831 802 nemo

1051 820 1120 852 scit,
1135 820 1192 846 nisi
1215 821 1264 854 qui
1287 821 1411 854 accipit,
1436 819 1477 847 ait
1498 819 1641 848 Dominus
1663 820 1695 848 in
1716 822 1831 856 Apoca-

1051 863 1129 902 lypsi
1140 866 1171 900 ¹¹,
1182 865 1235 893 ubi
1251 866 1321 894 dicit
1336 868 1448 903 Haymo
1461 875 1468 894 :
1483 876 1496 892 α
1507 866 1562 900 Qui
1578 866 1618 894 ad
1631 866 1689 895 hoc
1702 867 1832 903 praedes·

1052 912 1160 940 tinatus
1173 915 1234 948 est,
1249 923 1263 939 »
1280 913 1343 948 vel,
1359 915 1391 941 ut
1406 913 1477 941 dicit
1496 913 1676 949 Augustinus
1693 913 1808 942 ibidem
1822 922 1830 942 :

1055 967 1070 984 «
1084 959 1139 993 Qui
1153 960 1300 996 acceperit
1314 968 1368 996 per
1391 960 1605 996 experientiam
1616 980 1625 994 ‚
1641 960 1690 988 vel
1713 968 1767 997 per
1783 967 1832 990 re-

1053 1006 1244 1034 velationem.
1266 1017 1280 1033 »
1299 1008 1332 1034 Et
1353 1007 1443 1042 hujus
1457 1007 1646 1035 allocutionis
1659 1007 1765 1036 habuit
1782 1015 1833 1036 ex-

1052 1053 1237 1089 perientiam,
1259 1054 1310 1090 qui
1326 1054 1399 1082 dixit
1415 1053 1435 1071 ²²
1453 1062 1460 1081 τ
1476 1054 1581 1081 Anima
1602 1062 1660 1082 mea
1685 1055 1834 1090 liquefacta

1054 1103 1108 1134 est,
1124 1103 1155 1127 ut
1178 1101 1292 1128 dilectus
1312 1102 1416 1128 locutus
1439 1103 1488 1128 est.
1514 1101 1559 1129 Sic
1579 1101 1669 1136 igitur
1691 1103 1831 1137 apparet,

1054 1146 1182 1183 qualiter
1206 1149 1280 1175 Deus
1302 1147 1440 1184 spiritum
1461 1149 1597 1176 nostrum
1618 1147 1649 1176 in
1669 1147 1834 1176 meditatio—

1053 1193 1142 1222 nibus
1157 1194 1338 1231 alloquatur.
1418 1188 1436 1197 ⁶

1283 1291 1523 1326 DISTiNCTIO
1551 1292 1610 1326 IV.

1057 1367 1182 1400 Qualiter
1199 1368 1312 1404 spir-iius
1333 1368 1466 1394 humanus
1485 1367 1515 1394 in
1533 1367 1629 1394 itinere
1652 1366 1834 1395 meditationis

1305 1413 1388 1439 Deum
1413 1412 1582 1447 alloquatur.

1089 1482 1198 1516 Quarto
1214 1481 1379 1510 videndum
1390 1483 1442 1515 est,
1457 1481 1584 1518 qualiter
1596 1481 1714 1518 spiritus
1724 1484 1832 1518 noster,

1053 1529 1114 1557 sive
1130 1537 1213 1557 mens
1225 1531 1325 1557 nostra
1335 1550 1344 1563 ,
1360 1529 1391 1556 in
1406 1528 1648 1556 meditationibus
1667 1528 1726 1556 suis
1741 1530 1834 1556 Deum

1053 1583 1083 1604 se
1099 1576 1302 1612 alloquentem
1317 1575 1498 1612 alloquatur.
1516 1577 1589 1603 Cum
1605 1576 1684 1603 enim
1700 1577 1785 1610 DeuS,
1802 1578 1834 1604 ut

1051 1623 1114 1658 jam
1137 1631 1227 1658 supra
1248 1622 1359 1650 dictum
1383 1625 1441 1657 est,
1461 1622 1598 1658 spiritum
1621 1622 1683 1650 sive
1704 1625 1833 1650 mentem

1054 1673 1184 1698 nostram
1217 1670 1246 1697 in
1280 1669 1523 1697 meditationibus
1557 1669 1739 1705 quandoque
1773 1671 1832 1696 tam

1054 1716 1249 1744 amicabiliter
1269 1719 1295 1743 et
1313 1715 1440 1743 dulciter
1461 1715 1644 1751 alloquatur,
1665 1718 1696 1742 ut
1714 1715 1832 1751 spiritus

1053 1765 1152 1790 n0<ter
1162 1763 1245 1798 quasi
1255 1762 1291 1789 ad
1297 1762 1433 1789 mirando
1445 1770 1513 1789 cum
1524 1762 1669 1798 Propheta
1677 1762 1785 1790 clamet
1794 1763 1830 1790 ¹³:

1054 1812 1138 1843 Quam
1153 1810 1245 1836 dulcia
1262 1801 1386 1840 faucious*
1406 1810 1471 1836 meis
1487 1810 1593 1843 eloquia
1608 1810 1674 1835 tua!
1690 1816 1769 1844 super
1783 1810 1833 1836 mel

1054 1858 1096 1884 ori
1110 1864 1184 1884 meo.-
1204 1856 1370 1883 condecens
1392 1858 1419 1882 et
1439 1862 1559 1882 necesse
1581 1856 1640 1888 cst,
1662 1856 1695 1882 ut
1715 1855 1833 1891 spiritus

1053 1905 1152 1931 noster
1167 1904 1269 1936 Deum,
1285 1902 1489 1938 alloquentem
1500 1910 1541 1936 se,
1561 1901 1710 1929 humiliter
1725 1902 1752 1929 et
1767 1901 1833 1929 dul-

1054 1950 1125 1977 citer
1135 1958 1202 1977 cum
1212 1949 1375 1977 reverentia
1385 1951 1488 1976 etcum
1503 1949 1664 1983 gratiarum
1672 1948 1785 1976 actione
1794 1948 1834 1976 al-

1054 1996 1313 2033 loquum-‚dicens
1324 2003 1391 2023 cuin
1401 1995 1552 2023 Psalmista
1561 1995 1580 2012 ¹³
1589 2004 1596 2022 ι
1605 1995 1635 2022 Si
1645 1996 1834 2022 immaculatus

1055 2053 1108 2078 ero,
1126 2047 1213 2076 criuit,
1227 2046 1257 2070 ut
1269 2044 1460 2077 complaceant,
1473 2043 1581 2077 eloquia
1595 2043 1650 2069 oris
1665 2044 1727 2077 mei,
1740 2049 1834 2078 quan-

1055 2094 1117 2118 tum
1137 2091 1175 2118 ad
1195 2089 1406 2117 allocutionem
1428 2089 1624 2124 exteriorem;
1647 2091 1673 2116 et
1692 2089 1834 2116 meditatio

1055 2139 1144 2165 cordis
1164 2139 1217 2164 mei
1237 2139 1267 2163 in
1286 2139 1427 2171 conspectu
1443 2139 1488 2163 tuo
1503 2143 1619 2170 semper,
1637 2137 1781 2171 quantum
1795 2134 1835 2163 ad

1056 2184 1268 2213 allocutionem
1294 2183 1475 2210 interiorem.
1504 2183 1543 2210 De
1572 2182 1628 2210 hae
1655 2181 1834 2210 allocutione

1057 2232 1126 2259 dicit
1150 2230 1345 2258 Bernardus¹⁵
1370 2238 1375 2256 :
1406 2239 1418 2254 ι(
1445 2229 1523 2256 Sicut
1544 2228 1699 2265 quondam
1722 2229 1835 2264 Moyses

1057 2278 1139 2314 quasi
1163 2277 1275 2305 amicus
1295 2276 1334 2303 ad
1350 2275 1479 2304 amicum
1501 2283 1569 2302 cum
1584 2276 1709 2303 Domino
1728 2275 1834 2310 loque-

1056 2326 1163 2358 batur,
1185 2326 1213 2352 et
1234 2323 1374 2351 Dominus
1397 2322 1618 2358 respondebat,
1644 2323 1685 2349 ita
1706 2324 1733 2349 et
1755 2329 1834 2349 nunc

1056 2373 1131 2400 inter
1146 2371 1276 2399 Verbum
1291 2372 1318 2397 et
1333 2369 1479 2404 animam,
1495 2377 1529 2397 ac
1545 2369 1568 2396 si
1584 2369 1658 2396 inter
1674 2368 1749 2395 duos
1763 2368 1835 2396 vici-

1058 2427 1122 2453 nos,
1142 2417 1294 2445 familiaris
1313 2416 1480 2444 admodum
1501 2415 1665 2443 celebratur
1683 2414 1833 2442 allocutio.

1057 2468 1112 2495 Nec
1128 2466 1236 2493 mirum
1253 2473 1259 2491 :
1276 2471 1311 2491 ex
1325 2471 1386 2491 uno
1401 2463 1481 2491 enim
1494 2463 1573 2490 fonte
1593 2461 1703 2489 amoris
1717 2461 1835 2489 unicui-

1059 2550 1143 2576 statim
1159 2557 1172 2574 a
1186 2550 1267 2580 princ.
1281 2562 1310 2566 -—
1325 2549 1345 2563 ⁴⁰
1360 2548 1435 2579 ibid„
1450 2547 1492 2572 lib.
1506 2548 1561 2576 XV,
1579 2554 1602 2570 c.
1618 2552 1653 2570 ΣΙ,
1669 2559 1699 2564 ——
1718 2546 1735 2562 ¹¹
1750 2546 1836 2577 Apoc..

1059 2593 1088 2617 11,
1114 2587 1150 2610 Π.
1173 2599 1200 2603 -
1223 2586 1240 2600 ¹¹
1261 2585 1344 2613 Curii„
1367 2590 1392 2615 v,
1411 2586 1435 2608 6.
1453 2597 1484 2602 -
1507 2583 1524 2597 '³
1545 2582 1720 2611 l'sal.cxv111,
1738 2583 1835 2606 103.—

1062 2623 1080 2639 ¹⁵
1095 2622 1163 2647 Psal.
1182 2627 1261 2649 xxiii.
1286 2622 1323 2650 125,
1351 2622 1386 2644 io.
1405 2632 1435 2637 ·-
1462 2621 1480 2636 ’δ
1494 2619 1580 2648 Bern.,
1603 2619 1629 2641 in
1652 2618 1738 2646 Cant..
1757 2623 1834 2641 serm.

1061 2664 1121 2688 xm,
1138 2658 1164 2681 iu
1182 2657 1264 2687 princ.

1095 2707 1126 2735 (a)
1147 2704 1219 2735 Vulg.
1235 2703 1351 2727 susurrii.
