2004 3037
143 2537 182 2555 vm
193 2542 242 2561 pur-

147 2570 227 2592 guttva.

245 251 264 281 4
826 240 996 274 MYSTICA
1018 240 1260 274 THEOLOGIA.

243 317 307 351 lus,
322 314 458 351 quam,in
472 312 575 349 aliqua
587 310 759 340 liberalium
773 309 881 338 artium
893 309 1021 346 perfecte

243 362 410 398 intelligens
437 359 592 395 magister,
620 357 669 386 vel
696 357 728 385 in
759 358 820 385 arte
849 355 1023 384 mechanica

243 409 342 438 honus
362 407 455 435 faber.
479 405 632 440 Secundo,
651 404 763 432 scilieet
783 404 815 431 in
835 403 888 431 illo
908 403 976 431 loco
992 403 1020 430 ¹:

243 455 370 483 Accedite
390 454 427 482 ad
449 461 523 486 eum,
543 456 569 481 et
583 452 800 483 illuminamini,
817 453 884 485 etc„
899 450 1024 477 docetur

244 501 399 539 quomodo
413 508 466 537 per
480 507 584 528 omnes
599 501 748 527 creaturas
762 500 824 525 tam
837 496 1005 533 superiores
1014 517 1022 530 ‚

244 557 336 585 quam
351 547 519 582 inferiores,
535 547 635 574 anima
656 545 808 573 rationalis
827 544 868 572 ad
889 551 1024 572 amorem

243 595 386 624 creatoris
402 593 599 622 obtinendum
612 591 740 629 perfecte
755 591 917 619 instruitur.
929 590 1024 618 Tertio

243 643 335 679 ipsius
356 641 482 678 Mysticoe
501 639 670 675 Theologioe
689 641 785 666 textus
808 637 962 666 manifeste
977 646 1025 665 ex-

242 689 374 726 ponitur,
390 688 422 716 in
443 696 504 724 quo
525 687 593 715 licet
613 686 670 714 sint
687 693 785 722 pauca
802 684 911 718 verba,
925 686 1025 712 tamen

244 738 287 764 est
306 736 391 772 quasi
406 735 522 763 infinita
538 732 696 761 sententia:
718 735 779 768 qu'a
796 731 925 768 perfecte
939 731 1025 759 intel-

243 783 335 817 lecta,
355 783 416 810 tarn
436 781 582 809 librorum
602 780 682 808 Beati
701 779 833 815 Dionysii
855 777 1023 814 difficultas,

245 837 336 866 quam
354 829 444 856 totius
458 828 568 856 Veteris
587 829 615 855 et
634 826 708 854 Novi
726 826 902 854 Testamenti
921 833 1024 853 sensus

244 876 386 913 mysticus
405 876 482 903 veris
502 873 671 902 amantibus
697 873 843 901 elucescit.
860 874 933 900 Nam
951 872 1026 900 sicut

246 923 285 951 ab
301 931 360 951 uno
374 922 454 950 fonte
470 921 641 949 derivantur
650 920 750 956 plures
762 919 861 953 rivuli,
873 919 926 955 qui
938 919 1024 954 quasi

245 970 276 998 in
293 969 423 998 infinitos
442 968 550 996 fluvios
569 967 750 1001 derivantur3
767 968 795 994 et
811 966 886 993 sicut
904 966 943 993 ab
962 973 1024 993 uno

245 1019 356 1053 puncto
372 1015 493 1044 centrali
508 1014 674 1051 procedunt
687 1013 774 1050 quasi
788 1012 909 1040 infinitae
920 1012 1004 1040 lineae
1016 1021 1023 1040 :

245 1064 297 1099 sic,
312 1063 467 1091 intellectis
486 1062 543 1090 illis
558 1061 694 1097 pauculis
707 1060 822 1094 verbis,
837 1067 903 1096 quae
916 1059 959 1087 ibi
973 1067 1024 1086 ex-

244 1113 406 1147 ponuntur,
429 1110 460 1137 in
489 1109 598 1145 quibus
624 1107 743 1144 spiritus
771 1106 922 1141 edocetur,
949 1113 1025 1142 quo-

245 1157 338 1185 modo
355 1156 432 1185 uniri
454 1157 512 1184 Deo
533 1155 655 1189 debeat,
676 1155 706 1182 in
722 1161 777 1181 suo
799 1161 917 1181 summo
941 1153 1024 1188 apice

247 1203 421 1232 constitutus
435 1202 484 1239 (a),
501 1204 534 1236 set
557 1202 670 1230 ibidem
692 1200 960 1237 experimentaliter
983 1199 1026 1227 in—

1076 309 1176 337 veniet
1195 309 1286 338 totius
1305 309 1456 347 sapientiae
1477 310 1634 347 originem.
1648 311 1692 339 Ex
1703 310 1771 347 Tque
1788 317 1859 339 con-

1074 355 1227 391 junctione
1234 364 1319 385 mens
1328 356 1366 385 de
1375 357 1566 386 interioribus
1575 357 1704 385 scientiis
1717 356 1860 394 praeclare

1077 401 1297 438 intelligendis,
1325 412 1415 433 sacrae
1441 404 1598 441 Scripturae
1625 403 1861 440 expositionibus

1079 449 1180 477 verbis
1193 449 1310 478 idoneis
1323 450 1355 478 in
1368 451 1580 488 praedieatione
1593 451 1634 479 ad
1645 449 1861 479 inflammanda

1080 495 1172 524 corda
1191 496 1393 533 audientium,
1418 498 1517 526 fidelis
1538 497 1698 534 discipulus
1718 495 1861 533 multipli-

1079 543 1150 570 citer
1163 545 1191 570 et
1205 543 1426 573 affluentissime
1440 545 1584 573 eruditur.
1599 545 1710 579 Quarto
1725 543 1861 571 subdun-

1078 591 1126 617 tur
1140 591 1207 618 octo
1221 590 1389 626 industriae,
1408 591 1440 619 in
1460 592 1567 628 quibus
1582 591 1682 619 anima
1695 590 1735 619 ad
1755 589 1860 626 aequi-

1078 636 1204 664 rendam
1218 637 1305 665 istam
1318 638 1505 674 sapientiam,
1518 640 1547 666 et
1560 637 1796 666 conservandam
1808 636 1860 664 ha-

1079 683 1183 719 bitam,
1194 685 1336 720 sagaciter
1346 685 1497 713 edocetur.
1505 685 1613 713 Ultimo
1624 687 1727 713 contra
1741 684 1861 720 aliquos

1079 731 1188 760 sciolos
1202 731 1279 760 hanc
1296 740 1467 768 supremam
1488 731 1664 768 sapientiam
1682 731 1860 768 impugnan-

1079 779 1135 814 tes,
1148 780 1176 806 et
1190 778 1321 806 dicentes
1337 779 1421 815 quod
1434 786 1591 815 nunquam
1606 777 1759 814 consurgit
1773 776 1860 805 affec-

1079 828 1137 859 tus,
1149 825 1206 852 nisi
1219 825 1455 861 praemeditando
1470 828 1498 854 et
1514 825 1684 861 cogitando,
1698 823 1859 861 disputatio

1080 871 1228 906 subditur,
1248 871 1470 900 auctoritatibus
1491 873 1520 900 et
1538 871 1705 900 rationibus
1725 871 1860 907 ipsorum

1081 928 1164 948 error
1189 919 1383 954 convincitur,
1410 922 1439 947 et
1463 919 1513 955 huj
1519 927 1552 947 us
1574 918 1726 955 sapientiae
1751 917 1860 945 veritas

1080 966 1230 994 efficacius
1243 967 1401 1002 enodatur,
1417 966 1500 1003 quod
1514 966 1577 994 siue
1592 965 1692 993 media
1711 966 1860 1000 praeeunte

1081 1013 1256 1041 discretione
1271 1013 1317 1049 (b),
1333 1012 1385 1041 sed
1405 1012 1470 1040 solo
1489 1012 1600 1040 amoris
1616 1010 1752 1039 vehiculo
1771 1018 1861 1047 supra

1080 1059 1221 1096 seipsam,
1231 1060 1478 1096 quotiescumque
1491 1058 1572 1094 vult,
1590 1057 1860 1095 experimentaliter

1081 1106 1181 1134 anima
1195 1106 1378 1141 sublevatur,
1391 1105 1474 1142 quod
1486 1113 1541 1133 nec
1556 1105 1631 1133 ratio
1646 1104 1792 1140 intelligit,
1805 1111 1860 1131 nec

1080 1153 1245 1181 intellectus
1267 1153 1446 1189 speculatur,
1462 1153 1536 1181 sicut
1554 1152 1596 1180 ibi
1617 1151 1767 1180 dieitur’e
1786 1151 1856 1179 Gus-

1083 1203 1146 1233 tate,
1160 1203 1186 1227 et
1199 1200 1300 1228 videte.

459 1396 601 1432 CAPUT
625 1394 812 1429 PRIMUM.

264 1479 300 1506 De
312 1480 359 1506 via
373 1478 535 1513 purgativa,
551 1477 581 1502 in
595 1475 665 1502 duas
677 1473 830 1509 particulas
845 1472 1011 1499 distinctum.

525 1562 707 1588 PARTtCULA
730 1561 749 1585 t.

383 1620 418 1643 De
436 1617 624 1642 conditionibus
642 1616 690 1639 vioe
707 1614 849 1645 purgativae
864 1613 903 1643 (c).

287 1679 403 1705 iustitia
417 1679 440 1704 et
452 1676 586 1710 judicium
599 1675 609 1691 ⁵
624 1673 792 1708 praeparatio
807 1671 878 1698 sedis
895 1674 957 1701 tuae,
973 1672 1027 1696 etc.

253 1726 326 1753 Cum
343 1723 422 1752 enim
443 1722 542 1749 anima
560 1729 612 1756 per
634 1719 739 1747 mentis
759 1718 896 1745 affectum
911 1716 949 1744 ad
965 1723 1030 1752 per-

254 1772 359 1799 fectam
375 1769 474 1806 sponsi
493 1768 617 1796 coelestis
633 1767 774 1794 unionem
789 1763 942 1800 pervenire
957 1762 1031 1790 desi-

255 1819 357 1852 derat,
381 1824 500 1844 necesse
521 1817 582 1847 est,
602 1815 634 1840 ut
658 1813 708 1848 qui
732 1819 808 1848 pane
834 1810 1007 1845 angelorum
1020 1830 1028 1843 ,

255 1873 315 1901 quo
330 1864 408 1891 beati
424 1862 542 1898 spiritus
565 1860 737 1888 reficiuntur
752 1859 781 1885 in
795 1857 890 1892 gloria
901 1878 910 1890 ,
932 1856 1030 1883 adhuc

255 1912 285 1939 in
301 1910 417 1938 miseria
432 1910 559 1944 degens,
582 1906 666 1942 quasi
689 1904 869 1941 quibusdam
884 1903 967 1930 micis
983 1911 1031 1929 ca-

256 1958 394 1986 dentibus
409 1956 519 1992 appetit
532 1953 649 1987 satiari,
670 1951 775 1988 triplici
791 1950 889 1978 officio
906 1949 1030 1984 angelo-

255 2014 322 2033 rum
342 2004 427 2040 quasi
446 2002 592 2038 gradatim
613 2000 822 2033 ascendendo,
845 1999 875 2026 in
891 1997 1030 2025 missione

256 2052 364 2079 divinae
385 2049 543 2078 influentiae
561 2048 741 2076 sublevetur.
763 2048 835 2073 Cum
855 2045 933 2073 enim
954 2045 1032 2072 dicat

256 2099 358 2125 beatus
388 2097 542 2132 Dionysius
556 2096 566 2112 δ
594 2095 624 2122 in
652 2094 814 2121 Hierurchia
845 2093 1009 2125 Angelorum
1021 2113 1030 2123 ,

256 2145 339 2181 quod
359 2144 464 2180 triplex
487 2143 522 2170 sit
542 2141 645 2176 Angcli
664 2140 815 2173 officium,
837 2139 946 2166 scilieet
960 2146 1030 2173 pur-

257 2200 338 2227 gare,
349 2191 527 2222 illuminare,
539 2192 566 2215 et
579 2188 719 2224 perticere
730 2196 736 2220 ;
749 2188 865 2221 oportet
875 2187 907 2212 ut
920 2185 1029 2218 anima,

256 2247 321 2275 quae
336 2238 399 2264 vult
413 2235 570 2264 ascendere
584 2234 622 2261 ad
635 2233 717 2260 illum
732 2232 906 2259 altissimum
921 2239 1030 2266 panem

255 2285 285 2312 in
301 2284 434 2320 praesenti
446 2304 454 2316 ,
469 2282 498 2309 in
515 2289 574 2317 quo
590 2282 700 2307 mentes
715 2279 855 2313 angelieas
869 2277 1030 2305 absorben-

255 2334 302 2359 tur
318 2331 346 2358 in
359 2330 464 2365 gloria,
481 2328 561 2355 velut
574 2334 677 2354 corum
691 2325 841 2356 imitatrix,
854 2325 951 2359 primo
965 2332 1031 2359 pur-

256 2381 350 2413 getur,
370 2375 501 2403 seeundo
521 2373 628 2401 divinis
650 2371 816 2406 fulgoribus
837 2370 1030 2403 illuminetur,

256 2425 340 2453 tertio
354 2424 385 2450 in
398 2429 537 2458 supremo
549 2420 631 2455 apice
644 2418 775 2445 ati'ective
788 2417 952 2451 constituta,
967 2417 1031 2444 uni-

256 2472 306 2499 tivi
322 2470 431 2498 amoris
445 2467 571 2495 culmine
588 2465 764 2501 perficiatur.

292 2519 388 2545 Primo
404 2523 474 2550 ergo
491 2513 651 2541 dicendum
670 2514 712 2538 est
727 2512 763 2538 de
778 2511 875 2546 prima
889 2510 937 2537 via
947 2531 956 2544 ,
977 2509 1030 2536 sci-

256 2565 323 2592 lieet
336 2562 492 2599 purgativa
503 2582 511 2595 ,
527 2567 593 2595 quae
608 2560 649 2585 cst
664 2558 747 2593 quasi
763 2557 885 2593 puerilis
895 2577 904 2590 ,
921 2559 948 2583 et
960 2556 1029 2583 inci-

289 2641 293 2653 ¹
308 2638 378 2663 Psal.
394 2643 490 2666 xxxin,
507 2638 530 2660 6.
550 2647 575 2652 -
592 2634 602 2650 ‘—'
618 2632 691 2662 lbid.‚
709 2634 731 2656 5).
748 2645 778 2649 —
791 2631 800 2645 ⁸
817 2631 884 2656 Psul.
901 2636 1029 2659 cxxxvilt,

256 2677 294 2700 15.
310 2688 339 2693 —
359 2675 369 2691 ⁴
384 2674 458 2698 Dion.
474 2674 578 2702 Amop„
593 2669 622 2693 de
637 2668 696 2693 Cael.
713 2668 793 2696 Hier„
809 2674 831 2689 c.
848 2673 872 2689 x.
888 2679 918 2683 —-
934 2667 943 2682 ⁵
959 2666 1028 2696 Sap„

255 2717 300 2737 vri,
316 2712 353 2735 ΞΤ,
371 2708 453 2740 quoad
470 2714 581 2731 sensum.
645 2704 652 2717 n
671 2704 753 2733 Asta,
770 2708 844 2730 xxm,
860 2703 881 2724 Ἰ.

1082 1387 1226 1424 pientium
1238 1409 1246 1423 ,
1263 1395 1316 1423 per
1338 1395 1429 1423 quam
1443 1395 1527 1415 mens
1546 1387 1644 1415 adhuc
1659 1387 1742 1414 rudis
1757 1387 1859 1423 dispo-

1083 1433 1162 1461 nitur
1185 1434 1248 1461 siue
1275 1433 1446 1462 mortalium
1469 1434 1627 1461 hominum
1661 1433 1860 1468 documento,

1083 1480 1153 1508 solis
1168 1480 1302 1508 insistens
1322 1480 1463 1508 doctrinis
1484 1479 1653 1508 coelestibus
1664 1502 1673 1514 ,
1697 1483 1730 1508 ut
1747 1480 1862 1516 experi-

1084 1527 1259 1561 mentaliter,
1280 1534 1454 1563 quanquam
1469 1526 1505 1554 sit
1519 1525 1645 1562 simplex
1655 1547 1664 1561 ,
1686 1526 1733 1554 vel
1748 1526 1840 1553 laicus
1851 1548 1859 1561 ‚

1084 1574 1123 1602 ad
1143 1573 1322 1610 practicam,
1346 1581 1406 1600 non
1427 1573 1465 1601 ad
1487 1573 1649 1600 theoricam
1671 1572 1862 1601 illuminatio-

1084 1629 1164 1654 nem,
1181 1620 1282 1647 divina
1297 1620 1530 1648 manifestatione
1545 1621 1710 1647 necessario
1724 1609 1862 1647 subleve-

1084 1669 1141 1694 tur.
1166 1669 1236 1695 Ante
1251 1667 1329 1694 enim
1346 1675 1436 1702 quam
1452 1666 1503 1694 illa
1517 1667 1679 1702 sapientia,
1701 1674 1767 1702 quae
1789 1668 1862 1693 Deus

1085 1717 1127 1742 est
1151 1713 1338 1741 beatissimus
1348 1734 1357 1747 ,
1381 1713 1411 1740 in
1434 1713 1537 1749 spiritu
1561 1713 1697 1740 rationali
1721 1713 1811 1740 veluti
1832 1713 1862 1740 in

1086 1761 1177 1788 domo
1192 1760 1314 1796 propria
1329 1760 1519 1795 conquiescat
1531 1760 1616 1794 juxta
1631 1759 1706 1786 illud
1716 1760 1743 1786 ⁵:
1761 1759 1862 1786 Anima

1081 1809 1153 1842 justi
1167 1808 1238 1835 sedes
1254 1811 1292 1834 ese
1306 1809 1461 1842 saptentiae,
1478 1809 1593 1842 oportet
1608 1809 1639 1833 ut
1653 1806 1689 1833 de
1706 1805 1771 1841 ipsa
1784 1805 1861 1840 judi-

1086 1854 1165 1881 cium
1181 1856 1208 1882 et
1219 1853 1331 1888 justitia
1346 1853 1405 1880 fiat.
1423 1853 1571 1881 iudicium
1583 1874 1591 1886 ‚
1607 1855 1638 1880 ut
1652 1852 1727 1879 sicut
1745 1860 1762 1879 a
1780 1855 1862 1879 Crea-

1086 1905 1148 1930 tore
1164 1911 1218 1930 suo
1230 1911 1260 1929 se
1273 1902 1433 1930 avertendo
1450 1903 1456 1936 (
1468 1901 1541 1929 sicut
1556 1902 1588 1928 fit
1602 1901 1633 1928 in
1645 1900 1727 1928 omni
1742 1903 1862 1936 peccato

1086 1949 1222 1984 mortali)
1235 1950 1332 1985 ipsum
1343 1948 1527 1984 contempsit,
1539 1949 1704 1975 Creatorem
1718 1954 1773 1982 pro
1783 1954 1863 1974 crea-

1086 1998 1151 2024 tura
1166 1995 1392 2024 lamentabiliter
1404 1994 1618 2030 relinquendo;
1634 1994 1675 2021 sic
1690 1994 1755 2029 ipsa
1770 1992 1863 2020 humi-

1085 2043 1172 2070 lietur
1196 2042 1333 2076 totaliter,
1361 2045 1390 2069 ut
1417 2040 1582 2068 humiliatio
1606 2040 1698 2076 ipsius
1720 2038 1863 2075 incipien-

1086 2089 1121 2117 tis
1136 2089 1175 2125 (d)
1200 2089 1229 2116 in
1252 2091 1365 2116 tantum
1387 2088 1478 2124 ipsius
1499 2087 1686 2115 elementiam
1703 2088 1861 2122 provocet,

1086 2137 1116 2163 in
1134 2138 1277 2172 quantum
1300 2135 1391 2171 ipsius
1406 2136 1590 2169 contemptus
1612 2132 1745 2160 divinam
1760 2134 1862 2159 contra

1086 2191 1116 2210 se
1130 2183 1303 2209 sententIam
1318 2181 1348 2208 in
1365 2180 1490 2216 peccatis
1505 2179 1702 2207 anterioribus
1718 2185 1862 2213 provoca-

1085 2229 1135 2256 vit.
1148 2230 1267 2264 Oportet
1279 2228 1377 2261 etiam,
1389 2229 1420 2254 ut
1431 2226 1471 2253 ibi
1483 2225 1646 2261 sitjusfflia,
1658 2228 1689 2252 ut
1698 2224 1750 2251 illa
1762 2224 1862 2251 anima

1086 2284 1151 2311 quae
1173 2274 1336 2310 aliquando
1358 2273 1583 2301 delectationem
1598 2271 1741 2300 Creatoris
1761 2271 1791 2298 in
1811 2270 1862 2298 de-

1084 2322 1270 2349 lectationem
1294 2323 1432 2348 creaturae
1447 2341 1455 2354 ,
1482 2320 1609 2355 peccatis
1632 2319 1693 2346 suis
1721 2317 1861 2352 exigenti-

1086 2369 1141 2396 bus
1154 2390 1161 2402 ,
1177 2367 1387 2400 commutavit,
1408 2366 1490 2402 quod
1506 2367 1536 2393 in
1551 2368 1664 2393 tantum
1680 2364 1796 2395 doleat,
1811 2363 1860 2390 vel

1085 2415 1188 2442 saltem
1204 2423 1233 2441 sc
1249 2422 1309 2441 non
1326 2413 1427 2440 dolere
1443 2413 1553 2446 doleat,
1568 2415 1599 2439 ut
1614 2411 1722 2439 divinae
1734 2409 1858 2444 injuriae,

1086 2461 1249 2489 secundum
1272 2459 1417 2495 judicium
1442 2459 1534 2495 ipsius
1557 2461 1617 2486 tam
1640 2456 1857 2490 misericordis,

1084 2508 1219 2536 videatur
1234 2507 1398 2537 secundum
1417 2506 1579 2533 humanam
1595 2504 1732 2539 injuriam
1747 2502 1858 2538 aliqua-

1085 2557 1170 2582 tenus
1195 2553 1372 2581 satisfactum
1384 2574 1392 2587 ,
1409 2553 1493 2587 juxta
1508 2551 1582 2579 illud
1593 2551 1603 2567 ⁸
1621 2559 1627 2577 ε
1655 2550 1792 2582 Quantum
1806 2550 1859 2583 910-

1118 2628 1153 2659 (a)
1170 2628 1246 2652 Forte
1263 2627 1391 2659 leyendum
1406 2627 1582 2651 coustituetur.
1592 2637 1621 2643 —
1633 2624 1668 2655 (b)
1688 2624 1749 2649 Item
1763 2623 1861 2654 discep-

1085 2665 1189 2688 tatione.
1206 2678 1237 2682 —
1252 2664 1281 2694 (c)
1303 2663 1361 2687 ΟΜ.
1384 2662 1443 2687 edit.
1458 2662 1525 2686 deest
1540 2660 1637 2685 titulus.
1652 2672 1682 2678 —
1697 2659 1810 2690 (amorre
1823 2659 1858 2682 le-

1084 2700 1189 2731 yendunz
1205 2699 1355 2730 insipientis.
