2004 3037
859 201 989 234 CAPUT
1009 202 1139 235 LXXIX.

189 274 347 304 derisionis
357 275 385 302 et
396 273 572 311 improperii
582 272 755 302 audiebant.
766 273 856 300 Nares
869 270 968 306 etiam,

188 322 303 351 ratione
317 322 377 350 loci
391 322 541 358 Cabrariae,
554 322 586 350 in
601 329 663 359 quo
674 320 832 350 crucifixus
847 320 901 353 est,
916 318 970 347 uhi

185 369 440 405 decalvabantur,
462 368 524 398 sive
549 367 797 406 decapitabantur
823 365 970 401 malefici,

189 415 301 445 affectae
323 419 407 444 erant
422 416 526 445 foetore
545 415 638 452 gravi.
653 417 757 444 Gustus
772 413 836 451 ejus
854 413 909 441 fuit
923 411 968 441 af-

189 462 285 492 flictus
299 463 330 492 in
343 463 413 499 hoc,
424 464 509 500 quod
522 463 576 492 fuit
589 464 709 500 potatus
719 461 790 490 vino
803 460 970 497 myrrhato,

190 511 238 539 vel
253 512 335 539 aceto
351 519 420 539 cum
431 510 500 539 felle
516 511 629 539 mixto:
647 510 679 538 in
694 509 804 547 quibus
824 507 912 536 datur
926 507 972 534 in-

191 557 284 594 telligi
312 558 458 595 poculum
485 557 575 586 fuisse
604 556 834 586 amarissimum.
865 556 973 583 Sensus

191 607 290 634 autem
305 608 399 634 tactus
411 613 465 642 per
481 606 578 634 totum
593 612 702 641 corpus
717 603 844 631 diffusus
857 601 971 638 ubique

192 652 330 681 dolorem
347 653 452 689 sensit,
468 653 500 681 in
521 652 665 681 membris
679 651 819 680 videlicet
837 649 973 685 flagella-

191 699 241 736 tis,
257 700 289 728 in
304 701 444 729 manibus
459 702 487 729 et
504 700 634 737 pedibus
651 698 789 727 atrociter
806 696 972 734 perforatis.

227 748 323 776 Potest
338 748 427 776 etiam
441 747 635 781 considerari,
653 746 737 783 quod
752 746 816 783 ipse
832 745 975 773 Dominus

191 796 273 823 Jesus
293 795 430 823 sustinuit
445 795 589 823 damnum
604 795 635 822 in
653 794 759 827 rebuS,
776 800 851 829 quas
865 800 973 819 secun-

193 842 266 869 dum
293 842 447 870 hominem
471 842 586 870 habuit.
617 841 691 875 Quia
715 840 769 868 fuit
793 838 975 867 vestimentis

193 889 332 925 nudatus,
345 891 437 924 Joan.,
451 897 509 918 x1x.
520 889 563 918 Ab
576 888 679 918 amicis.
693 887 862 921 derelictus,
876 887 976 921 Marc„

192 944 261 971 xrv,
289 938 324 965 50
345 946 352 965 z
383 947 396 964 (ι
425 937 580 974 Discipuli,
609 935 711 965 relicto
745 943 781 963 eo
793 956 802 970 ,
837 934 977 970 fugerunt

193 991 307 1012 omnes.
324 996 337 1010 υ
357 985 489 1013 Afflictus
502 985 533 1013 in
547 986 610 1012 toto
621 991 756 1020 corpore,
777 982 852 1010 sicut
864 983 976 1010 tactum

193 1033 251 1066 est,
271 1039 325 1068 per
351 1032 576 1060 acerbissimam
604 1031 785 1067 passionem.
818 1032 926 1059 lterum
945 1028 976 1056 in

193 1079 295 1114 corde,
305 1079 354 1108 vel
365 1081 475 1115 mente,
483 1087 537 1116 per
551 1079 791 1115 compassionem
799 1099 808 1112 ,
817 1077 888 1113 quia
896 1084 977 1105 com-

191 1126 359 1164 patiebatur
380 1126 484 1155 amicis
502 1126 545 1154 ibi
563 1125 779 1160 assistentibus,
801 1126 829 1152 et
850 1123 977 1152 inimicis

195 1174 414 1210 ingerentibus.

228 1224 300 1251 Item
314 1229 419 1257 passus
434 1221 477 1249 est
489 1222 572 1249 ,lesus
587 1219 816 1256 quodammodo
836 1219 867 1247 in
881 1219 976 1254 fama,

193 1277 246 1297 seu
261 1269 419 1305 opinione,
441 1268 513 1305 quia
528 1267 668 1295 dicebant
685 1275 755 1295 eum
769 1267 857 1294 fuisse
870 1266 977 1303 populi

193 1316 388 1344 seductorem.
415 1316 532 1350 Mami„
557 1323 656 1350 xxvxi,
676 1316 734 1343 63:
762 1323 775 1340 «
795 1314 936 1348 Domine,
960 1324 973 1339 u

194 1363 332 1392 dixerunt
359 1363 399 1392 ad
428 1363 552 1392 Pilatum
583 1362 733 1398 principes
765 1361 976 1395 sacerdotum,

197 1421 210 1436 <‹
223 1411 371 1439 recordati
385 1418 497 1445 sumus,
515 1409 659 1446 quoniam
672 1408 810 1437 seductor
824 1409 885 1443 ille,
898 1410 974 1436 »ctc.

229 1458 454 1487 Advertendum
469 1459 512 1486 est
524 1457 611 1485 etiam
624 1457 701 1484 circa
712 1456 894 1484 salutiferam
908 1464 976 1491 pas-

193 1506 309 1534 sionem
336 1505 451 1533 Domini
481 1505 575 1533 nostri
595 1506 663 1532 Jesu
688 1503 808 1538 Christi,
834 1511 900 1539 quae
921 1503 977 1531 fuit

193 1553 300 1589 turpis,
318 1553 379 1580 imo
395 1551 564 1588 turpissima
582 1553 610 1578 ct
623 1549 825 1586 ignominiosa
842 1550 974 1578 :ratione

191 1600 266 1635 loci,
285 1599 339 1628 ubi
362 1602 449 1627 notus
471 1601 499 1626 et
519 1599 683 1626 honoratus
705 1597 815 1631 fuerat,
836 1599 864 1625 et
882 1597 976 1625 multa

191 1647 337 1675 miracula
355 1646 481 1680 fecerat,
504 1645 624 1679 scilicet,
645 1645 676 1672 in
697 1644 888 1672 Hierusalem.
904 1645 974 1672 Item

190 1695 305 1724 ratione
328 1695 488 1729 temporis,
511 1693 559 1721 vel
584 1692 643 1720 diei
669 1692 811 1720 solemnis
837 1692 973 1726 Paschre,

191 1742 314 1778 quando
340 1742 518 1769 convenerat
545 1740 585 1767 ad
609 1740 688 1767 diem
710 1739 818 1767 festum
841 1739 975 1767 maxima

190 1790 347 1817 hominum
377 1787 552 1822 multitud03
582 1787 651 1815 item
677 1787 753 1814 hora
781 1786 865 1822 quasi
892 1788 974 1814 sexta

191 1836 296 1863 ductus
315 1835 370 1863 fuit
385 1835 424 1862 ad
438 1843 570 1869 crucem,
586 1836 617 1861 ut
632 1834 670 1861 ab
687 1833 860 1861 hominibus
874 1835 974 1869 posset

190 1883 266 1910 sciri.
292 1884 363 1910 Item
385 1882 499 1909 ratione
524 1881 616 1917 ipsius
645 1881 762 1915 mortis,
784 1881 856 1916 quia
876 1884 972 1908 morte

190 1930 300 1964 cruciS,
315 1932 408 1956 morte
425 1928 526 1956 debita
539 1927 704 1955 maledictis
715 1927 969 1962 malefactoribus,

190 1980 216 2005 ct
231 1976 351 2013 iniquis.
368 1978 438 2004 ttem
453 1976 567 2003 ratione
584 1974 667 2002 modi
681 1974 719 2001 ad
732 1974 830 2009 ipsum
842 1975 970 2001 tormen-

189 2026 251 2051 tum
275 2023 385 2051 eundi:
410 2022 500 2050 exivit
521 2022 600 2049 enim
619 2023 701 2048 ,iesus
720 2031 733 2046 α
754 2020 892 2056 bajulans
914 2021 971 2048 sibi

189 2078 338 2104 crucem,»
352 2071 443 2103 Joun„
456 2078 518 2104 mx,
537 2071 584 2104 ¹73
603 2068 686 2104 quod
698 2069 773 2095 certe
789 2076 850 2095 non
863 2068 971 2103 legitur

189 2118 226 2146 de
251 2118 317 2146 aliis
337 2117 455 2145 duobus
475 2125 606 2152 nequam
628 2116 679 2152 qui
701 2115 887 2143 ducebantur
902 2124 970 2144 cum

189 2174 235 2194 eo.
252 2167 323 2194 item
341 2165 454 2192 ratione
471 2163 610 2191 consortii
625 2172 631 2190 :
655 2171 725 2190 nam
742 2162 796 2190 fuit
815 2163 970 2191 crucifixus

188 2214 218 2242 in
239 2213 340 2241 medio
363 2212 492 2239 duorum
507 2211 669 2244 latronum,
685 2210 769 2246 quasi
791 2212 866 2238 esset
880 2218 968 2246 unus,

187 2263 238 2289 aut
252 2260 409 2293 maximus,
425 2259 474 2286 vel
488 2258 638 2293 magister.

223 2308 327 2336 Adhuc
356 2308 455 2334 autem
488 2306 668 2341 aggravatur
696 2304 775 2333 illius
806 2305 969 2333 benedictae

186 2354 334 2392 passionis
357 2353 502 2381 acerbitas
527 2360 563 2380 ex
583 2351 711 2379 naturali
737 2351 879 2380 dominici
903 2360 969 2380 cor-

188 2403 269 2439 poris
290 2401 507 2437 complexione.
528 2402 646 2428 Certum
666 2401 708 2427 est
729 2399 808 2426 enim
825 2399 901 2426 illud
921 2408 968 2427 sa-

189 2458 273 2478 crum
297 2457 405 2484 corpus
426 2447 515 2475 fuisse
540 2446 757 2482 complexionis
782 2446 916 2481 optimae,
942 2449 969 2475 et

188 2496 364 2524 mirabiliter
379 2495 525 2528 delicatae,
539 2495 641 2529 utpote
656 2493 860 2528 organizatum
876 2494 968 2522 sancti

189 2543 311 2578 Spiritus
332 2551 437 2579 opere;
460 2541 541 2568 unde
567 2540 620 2568 t'uit
643 2541 705 2568 sine
728 2541 830 2576 aliquo
855 2543 968 2569 naturae

188 2589 275 2623 vitio,
292 2589 341 2617 vel
359 2597 469 2617 errore.
486 2589 558 2616 Item
575 2595 644 2615 caro
663 2596 716 2615 sua
735 2590 834 2615 sancta
854 2588 969 2616 nullam

187 2635 292 2663 habuit
301 2644 436 2672 unquam
445 2635 652 2670 rebellionem,
660 2635 709 2662 vel
720 2643 852 2671 pugnam
866 2638 969 2663 contra

188 2682 339 2718 spiritum,
355 2685 383 2709 et
401 2682 470 2710 ideo
490 2682 608 2718 spiritus
628 2682 734 2709 merito
752 2682 847 2717 magis
864 2682 970 2718 dilige-

1751 202 1810 234 583

1026 270 1079 299 hat
1093 271 1200 308 ipsam,
1213 280 1306 309 quam
1321 270 1441 300 alterius
1455 270 1574 306 spiritus
1586 269 1636 298 vel
1649 268 1751 298 anima
1761 267 1810 297 de-

1026 318 1097 346 beat
1109 318 1233 355 diligere
1246 327 1356 356 corpus
1371 325 1468 346 suum.
1480 319 1552 346 Item
1566 325 1602 346 ex
1618 315 1811 345 diuturnitate

1028 365 1142 395 diurnae
1157 367 1321 395 durationis
1336 366 1515 402 aggravatur
1533 364 1678 392 acerbitas
1696 363 1812 401 passio-

1027 413 1087 442 nis:
1104 421 1176 442 nam
1189 415 1274 443 multi
1289 415 1434 450 martyres
1447 413 1515 448 igne
1527 411 1659 446 cremati,
1669 411 1719 440 vel
1731 419 1812 448 aqua

1028 461 1191 497 submersi,
1214 461 1262 490 vel
1281 461 1376 498 capite
1391 459 1517 488 truncati
1532 459 1710 496 martyrium
1725 466 1813 486 suum

1029 508 1163 537 celeriter
1178 509 1421 545 compleverunt3
1438 506 1538 544 passio
1554 514 1626 534 vcro
1643 505 1759 534 Domini
1777 505 1810 541 (α)

1030 555 1149 584 duravit
1169 556 1254 592 quasi
1274 555 1312 584 ab
1332 554 1453 583 instanti
1472 563 1532 582 suae
1550 553 1753 590 conceptionis
1767 560 1815 580 us·

1031 610 1090 639 que
1106 603 1146 631 ad
1159 603 1266 631 horam
1280 602 1384 630 mortis
1400 601 1580 638 (certissime
1595 608 1727 636 namque
1740 608 1816 636 prae-

1030 650 1116 678 scivit
1131 649 1280 687 quidquid
1295 657 1350 678 sua
1369 648 1539 677 humanitas
1562 655 1651 684 passa
1668 647 1703 683 (b)
1725 646 1814 684 fuit);

1031 697 1198 734 specialiter
1213 699 1312 725 tamen
1331 696 1470 724 continue
1487 694 1606 723 duravit
1621 694 1659 722 ab
1675 694 1750 722 hora
1764 693 1817 722 illa

1031 747 1099 782 post
1118 753 1233 772 coenam
1254 752 1349 780 usque
1371 743 1410 771 ad
1430 743 1518 770 sextae
1537 741 1618 770 feriae
1634 741 1742 769 horam
1761 749 1817 770 no-

1032 801 1113 821 nam.
1127 794 1199 821 Item
1213 800 1249 819 ex
1265 791 1406 827 qualitate
1423 789 1640 823 membrorum,
1656 788 1687 816 in
1708 788 1818 825 quibus

1032 847 1137 876 passus
1150 839 1215 872 fuit,
1233 839 1304 875 quia
1320 838 1350 866 in
1373 837 1502 874 pedibus
1525 839 1553 864 et
1577 835 1734 870 manibus,
1751 844 1819 872 quae

1032 887 1101 914 sunt
1114 886 1252 914 membra
1265 892 1410 919 nervosa,
1427 886 1455 912 et
1475 883 1589 912 doloris
1603 882 1736 911 maxime
1750 890 1818 919 per⁴

1033 935 1159 971 ceptiva.

1070 981 1194 1016 Signum
1216 983 1316 1009 autem
1337 980 1423 1016 quod
1444 979 1545 1016 passio
1562 978 1681 1007 Domini
1704 978 1819 1014 gravis-

1034 1029 1110 1057 sima
1134 1030 1160 1056 ct
1183 1028 1376 1056 acerbissima
1397 1027 1502 1061 fuerit,
1528 1035 1566 1054 ex
1587 1026 1645 1054 hoc
1672 1025 1820 1062 praecipue

1033 1077 1130 1113 potest
1141 1075 1265 1110 haberi,
1281 1075 1364 1112 quod
1378 1076 1517 1102 narrante
1532 1075 1625 1108 Luca,
1640 1073 1671 1100 in
1687 1073 1821 1101 oratione

1034 1126 1101 1160 post
1116 1131 1243 1158 coenam,
1257 1131 1293 1151 ex
1305 1122 1474 1150 vehementi
1490 1120 1701 1157 imaginatione
1714 1120 1820 1148 futurae

1034 1170 1176 1206 angustiae
1199 1170 1248 1198 vel
1269 1170 1399 1205 doloris,
1419 1179 1432 1195 «
1450 1169 1542 1197 factus
1567 1170 1610 1196 est
1637 1168 1731 1196 sudor
1757 1169 1821 1204 ejus

1034 1218 1109 1246 sicut
1132 1219 1220 1253 guttae
1242 1217 1395 1253 sanguinis
1413 1216 1597 1244 decurrentis
1617 1216 1648 1244 in
1666 1217 1787 1244 terram.
1803 1226 1818 1242 1»

1034 1266 1112 1297 Luc„
1128 1273 1203 1298 xxn,
1218 1266 1264 1292 41.

1028 1335 1031 1338 ,
1071 1313 1215 1341 Eamdem
1234 1320 1307 1340 vero
1330 1310 1514 1339 dominicam
1535 1310 1707 1347 passionem
1721 1309 1824 1338 reddit

1033 1359 1278 1388 inaestimabiliter
1296 1358 1457 1394 gratiosam
1476 1358 1548 1392 hoc,
1573 1357 1657 1393 quod
1678 1357 1717 1385 ad
1738 1356 1823 1385 illam

1033 1409 1139 1444 sponte
1167 1415 1197 1434 se
1218 1406 1342 1440 obtulit,
1363 1406 1476 1438 Matth„
1492 1413 1578 1439 xxvi,
1595 1405 1646 1432 47:
1667 1414 1680 1429 ιι
1695 1403 1823 1440 Surgitc,

1034 1463 1148 1490 eamus,
1164 1463 1230 1482 ecce
1247 1453 1502 1489 appropinquavit
1515 1453 1567 1488 qui
1582 1461 1630 1480 me
1643 1453 1748 1480 tradet.
1762 1463 1774 1477 n
1790 1454 1823 1480 Et

1032 1504 1122 1534 Jocn„
1139 1510 1227 1536 xvm,
1243 1503 1276 1535 4,
1291 1500 1344 1528 ivit
1366 1500 1488 1528 obviam
1507 1499 1649 1527 ministris
1669 1499 1823 1535 quaerenti-

1032 1550 1090 1577 bus
1105 1550 1203 1577 Jesum
1218 1550 1421 1582 Nazarenum,
1440 1548 1468 1574 ct:
1492 1555 1561 1574 cum
1586 1546 1736 1574 audissent
1753 1555 1822 1574 eum

1034 1596 1181 1624 dicentem
1197 1604 1203 1624 :
1222 1606 1235 1620 (ι
1249 1597 1310 1630 Ego
1326 1603 1409 1629 sum,
1425 1604 1438 1619 »
1465 1593 1637 1621 ceciderunt
1655 1593 1685 1620 in
1701 1595 1819 1621 terram.

1069 1646 1140 1671 ltem
1153 1645 1256 1679 postea
1272 1643 1391 1678 captus,
1407 1641 1534 1676 vinctus,
1551 1640 1750 1675 ignominiose
1766 1640 1820 1668 de-

1033 1690 1149 1725 ductus,
1158 1690 1340 1717 mendaciter
1352 1690 1516 1722 accusatus,
1529 1688 1742 1723 colaphizatus,
1750 1696 1820 1723 spu-

1030 1738 1066 1765 tis
1077 1737 1182 1770 illitus,
1194 1736 1321 1772 flagellis
1337 1744 1447 1769 cresus,
1465 1734 1557 1771 spinis
1574 1734 1714 1762 derisorie
1730 1743 1819 1762 coro-

1029 1787 1126 1817 natus,
1143 1783 1264 1811 nullum
1278 1782 1406 1810 verbum
1419 1784 1469 1809 aut
1481 1781 1601 1817 signum
1616 1781 1818 1817 impatientiae,

1030 1839 1082 1859 scu
1097 1830 1274 1858 turbationis
1286 1829 1428 1864 ostendit;
1443 1828 1579 1864 quinimo
1595 1828 1751 1864 multiplex
1766 1828 1818 1856 be-

1029 1879 1170 1907 neficium
1181 1879 1249 1913 illis,
1259 1887 1273 1906 a
1283 1878 1390 1914 quibus
1399 1877 1437 1905 ita
1450 1876 1651 1913 premebatur,
1659 1876 1815 1912 impendit.

1029 1929 1104 1955 Nam
1120 1934 1223 1953 aurem
1240 1927 1425 1960 amputatam
1435 1932 1521 1951 servo
1535 1924 1675 1959 principis
1689 1925 1814 1959 sanavit,

1030 1976 1057 2001 ct
1076 1973 1171 2000 multa
1190 1971 1238 2008 pia
1260 1974 1287 1999 et
1306 1971 1389 1998 utilia
1409 1971 1503 1998 verba
1523 1970 1581 1997 illis
1602 1970 1692 2004 dixit,
1713 1972 1741 1998 ct
1759 1979 1814 2006 pro

1029 2020 1099 2055 ipsis
1119 2018 1346 2047 crucifixoribus
1371 2016 1431 2044 suis
1451 2017 1610 2044 clementer
1629 2017 1738 2050 oravit,
1762 2018 1814 2045 ra<

1028 2068 1103 2094 trem
1123 2074 1210 2093 suum
1232 2064 1357 2093 dulciter
1373 2064 1530 2098 invocans,
1548 2066 1576 2091 et
1594 2063 1663 2090 illos
1682 2063 1813 2099 benigne

1029 2121 1188 2146 excusans,
1213 2114 1295 2143 Lar.⁷
1327 2119 1416 2146 xxm,
1454 2112 1487 2138 34
1518 2119 1523 2137 :
1545 2120 1558 2135 «
1582 2112 1674 2144 Pater,
1700 2111 1810 2146 inquit,

1029 2160 1142 2188 dimitte
1157 2160 1233 2194 illis,
1249 2167 1311 2186 non
1327 2158 1406 2186 enim
1425 2158 1521 2186 sciunt
1536 2157 1609 2193 quid
1625 2157 1744 2185 faciunt.
1762 2168 1775 2183 »

1064 2207 1194 2243 Denique
1218 2207 1280 2234 brec
1300 2205 1402 2233 omnia
1422 2214 1526 2241 passus
1546 2213 1608 2232 non
1626 2206 1748 2240 propter
1767 2213 1809 2240 se,

1027 2254 1079 2282 sed
1097 2256 1219 2290 propter
1240 2262 1311 2288 nOSj
1337 2261 1408 2280 nam
1428 2254 1550 2289 propter
1568 2254 1690 2288 peccata
1709 2254 1811 2280 nostra

1027 2302 1175 2337 tollenda,
1193 2301 1264 2337 quia
1283 2309 1349 2336 quae
1374 2308 1435 2327 non
1459 2299 1567 2336 rapuit,
1584 2302 1654 2326 tunc
1675 2299 1785 2327 exolvit
1801 2308 1807 2326 :

1027 2349 1107 2377 unde
1131 2350 1253 2384 propter
1277 2347 1480 2375 necessitatem
1504 2348 1532 2374 ct
1560 2346 1715 2374 utilitatem
1741 2354 1810 2373 nos-

1027 2398 1117 2430 tram,
1137 2403 1198 2422 non
1218 2396 1340 2430 propter
1359 2402 1459 2428 suam3
1477 2393 1607 2421 animam
1629 2393 1707 2420 enim
1723 2401 1808 2420 suam

1026 2443 1126 2479 posuit
1140 2450 1195 2478 pro
1212 2441 1318 2469 ovibus
1335 2441 1410 2476 suis,
1431 2442 1522 2474 Jcaiz„
1538 2449 1572 2474 x,
1591 2441 1632 2467 155.
1652 2442 1705 2467 Pro
1720 2436 1808 2467 nobis

1028 2490 1139 2526 quippe
1153 2488 1316 2516 liberandis
1331 2488 1425 2515 voluit
1439 2486 1665 2523 comprehendi,
1680 2494 1735 2522 pro
1751 2494 1806 2514 no-

1027 2537 1073 2566 bis
1092 2535 1275 2564 redimendis
1292 2535 1386 2562 voluit
1406 2534 1510 2568 vendi,
1531 2542 1586 2570 pro
1607 2533 1694 2560 nobis
1710 2533 1808 2561 hono-

1027 2584 1129 2612 randis
1150 2582 1245 2610 voluit
1267 2581 1427 2615 confundi,
1448 2583 1476 2608 et
1497 2581 1527 2608 in
1546 2588 1632 2608 cruce
1653 2580 1806 2616 suspendi,

1026 2630 1195 2659 vinculatus
1215 2631 1257 2656 est
1275 2630 1307 2656 ut
1321 2628 1557 2660 absolveremur,
1572 2627 1745 2654 vulneratus
1766 2629 1808 2654 est

1058 2686 1094 2717 (a)
1111 2684 1152 2708 Al.
1168 2682 1307 2707 Dominica.
1319 2695 1350 2700 —
1365 2682 1398 2713 (b)
1411 2684 1427 2705 ,1
1435 2682 1451 2705 l.
1468 2688 1582 2712 passura.
