2004 3037
584 171 635 204 DE
657 168 920 205 CORRUPTELA
944 168 1121 201 PECCA'I'I.
1144 169 1231 201 CAP.
1253 169 1332 202 XXI.

151 239 230 270 rium
243 241 263 269 ¹.
281 240 378 269 Prima
399 241 442 269 est
459 239 619 269 scurrilitas
629 260 639 275 ‚
653 237 726 276 quia
739 237 811 273 gula
831 239 932 266 movet

152 286 192 315 ad
214 286 308 315 verba
331 286 475 316 scurrilia.
503 285 657 321 Secunda,
684 283 910 320 multiloquium
923 304 932 319 ,

152 333 262 363 scilicet
284 333 442 370 detractio,
456 333 619 370 vituperia,
639 333 668 361 et
681 331 740 360 alia
754 331 847 360 verba
868 331 932 359 ina-

151 381 212 410 nia.
227 381 332 417 Tertia,
346 381 447 418 inepta
460 379 569 415 laetitia,
585 379 618 408 id
632 380 675 407 est
688 377 810 407 lascivia
825 378 932 413 carnis,

151 428 213 457 sive
247 430 345 464 gestus
376 427 509 465 corporis
542 427 728 456 inordinatus
739 447 748 461 ,
781 425 932 454 lasciviam

151 475 257 504 mentis
279 475 496 504 demonstrans.
515 475 624 508 Quarta
636 495 644 508 ,
660 473 850 501 immunditia
865 481 932 508 quae

151 522 226 550 solet
239 521 396 558 provenire
412 529 448 550 ex
463 521 544 557 gula,
555 522 587 549 ut
601 522 643 549 est
652 520 793 554 vomitus,
809 521 836 547 et
851 527 932 547 eruc-

151 569 276 605 tationes
287 568 405 604 foetidae,
417 576 452 596 ac
463 567 590 596 luxurIa.
604 566 710 602 Quinta
724 568 766 595 est
779 565 930 594 hebetudo

151 615 277 650 mentis,
302 614 334 643 id
361 616 404 643 est
429 614 583 643 subversio
611 613 743 642 rationis.
772 613 845 642 Gula
870 612 931 641 duo

151 661 369 698 complectitur,
386 661 497 690 scilicet
517 660 764 690 comessationem
786 661 814 688 et
838 659 932 687 ebrie-

151 710 240 738 tatem
257 718 263 737 :
282 710 310 738 et
323 709 443 745 proprie
457 708 611 745 loquendo
630 707 816 744 parcimonia
840 715 931 743 oppo-

150 755 230 785 nitur
244 756 471 790 comessationi,
487 757 515 784 et
530 755 662 783 ebrietati
678 754 832 783 sobrietas

186 803 259 831 Gula
272 804 359 831 nocet
372 802 583 838 multipliciter.
603 805 627 830 ¹.
644 803 682 829 De
697 801 837 838 paradiso
855 800 931 836 ejicit

149 849 322 878 hominem:
346 849 518 885 exemplum
538 849 569 876 in
591 848 696 876 Adam.
716 849 744 875 ⁶2.
765 847 932 884 spiritualia

149 897 232 925 bona
245 897 343 933 perdit
359 906 366 925 :
384 896 556 932 exemplum
570 896 601 924 in
616 897 705 931 Esau,
725 895 776 932 qui
791 903 845 932 pro
863 895 930 923 cibo

150 943 285 972 vendidit
304 943 583 980 primogenituram.
607 945 634 972 3.
657 942 783 971 Diabolo
806 942 931 970 domum

149 992 336 1027 praeparat²z
353 991 384 1018 Si
398 991 474 1025 ejicis
488 998 536 1018 nos
554 991 631 1025 hinc,
654 991 732 1017 mitte
751 997 798 1016 nos
819 991 849 1016 in
865 997 930 1024 por-

149 1046 202 1066 cos.
218 1039 244 1065 4.
261 1038 384 1066 Servum
401 1037 505 1065 contra
520 1036 676 1064 dominum
691 1036 803 1063 animat
822 1036 831 1052 ⁸
853 1044 860 1063 z
878 1035 932 1068 Qui

150 1085 263 1112 delicate
284 1086 375 1111 nutrit
395 1091 499 1111 servum
519 1091 612 1117 suum,
635 1084 730 1110 sentiet
756 1090 815 1110 eum
836 1085 930 1109 contu-

149 1140 259 1159 macem.
271 1131 430 1159 Luxuriam
443 1130 576 1158 inducit:
593 1129 763 1164 exemplum
777 1129 813 1157 de
824 1129 897 1156 Loth
909 1129 928 1156 ἢ.

149 1180 176 1206 5.
195 1177 359 1207 Homicidia
383 1177 498 1214 perficit
524 1186 530 1205 :
554 1176 725 1212 exemplum
753 1176 790 1204 de
819 1177 929 1203 Joanne

148 1225 290 1261 Baptista,
315 1224 367 1260 qui
389 1225 399 1240 ⁵
422 1225 454 1252 in
478 1223 617 1251 convivio
640 1222 735 1259 periit.
760 1224 785 1250 6.
817 1222 931 1250 Inducit

148 1272 275 1300 mortem
290 1273 402 1299 naturae
416 1272 426 1288 ‘⁵
443 1280 449 1298 :
466 1272 581 1305 Propter
596 1271 733 1304 crapulam
749 1270 830 1296 mulli
841 1270 928 1304 perie—

147 1321 221 1346 runt.
242 1319 252 1335 ⁷
282 1319 452 1353 Quacumque
473 1318 517 1345 die
541 1317 685 1344 comederis
716 1324 749 1343 ea:
771 1324 819 1348 co,
846 1317 929 1343 morte

147 1366 280 1393 morieris.
300 1367 327 1392 7.
347 1363 462 1392 Indueit
479 1365 606 1392 mortem
623 1362 717 1398 culpae
734 1363 744 1379 ⁸
767 1371 773 1389 :
793 1362 885 1390 Vidua
899 1363 929 1389 in

148 1412 253 1439 deliciis
276 1413 385 1446 vivens,
410 1414 518 1438 mortua
538 1413 586 1438 est.
613 1411 638 1437 8.
665 1408 779 1437 inducit
803 1411 929 1436 mortem

147 1458 289 1493 gehennae
305 1467 311 1485 :
335 1457 418 1485 dives
433 1457 524 1493 epulo
540 1458 550 1473 ⁹
564 1457 685 1492 sepultus
707 1459 745 1483 cst
766 1457 796 1483 in
810 1457 927 1489 inferno.

182 1504 324 1533 Remedia
338 1504 414 1539 gulae
428 1506 495 1532 sunt
516 1505 652 1540 quatuor.
670 1503 800 1530 Primum
815 1503 857 1529 cst
871 1502 930 1537 spi-

146 1551 297 1580 ritualium
313 1551 449 1579 ciborum
462 1550 602 1587 frequens
616 1549 745 1586 sumptio
764 1550 782 1566 '⁰
802 1558 808 1576 z
825 1550 886 1577 Non
900 1550 929 1575 in

147 1599 202 1626 solo
221 1606 291 1633 pane
315 1600 386 1626 vivit
412 1599 502 1632 homo,
528 1600 582 1625 etc.
611 1596 800 1630 Secundum,
825 1595 929 1623 suturae

149 1646 246 1674 carnis
273 1647 380 1674 nostrae
408 1644 606 1673 consideratio
620 1654 628 1679 3
658 1643 854 1679 Hieronymus
872 1643 891 1658 ¹¹
921 1652 928 1670 ;

151 1703 164 1720 α
179 1693 275 1721 Facile
290 1692 452 1720 contemnit
468 1691 570 1719 omnia
580 1712 588 1725 ‚
605 1690 656 1727 qui
671 1698 701 1718 se
717 1697 833 1725 semper
848 1689 928 1724 cogi-

148 1741 190 1768 tat
216 1739 404 1768 moriturum.
430 1749 444 1766 »
472 1738 601 1766 Tertium
631 1739 673 1765 cst
700 1738 814 1765 aeternae
839 1745 930 1764 coenae

148 1787 300 1815 meditatio
312 1787 332 1806 ²²
349 1795 356 1813 ι
372 1787 456 1813 Homo
473 1785 585 1820 quidam
599 1786 664 1818 fecit
680 1792 778 1811 coenam
792 1792 928 1818 inaquam.

150 1834 292 1867 Quartum
302 1833 437 1861 estfamis
448 1831 562 1866 Christi,
575 1833 602 1859 et
612 1839 735 1858 suorum
747 1830 879 1866 pensatio
893 1831 910 1847 *³
924 1840 930 1858 :

149 1881 297 1908 Recordare
309 1881 483 1916 paupertatis
498 1887 571 1913 meae,
588 1878 720 1906 absinthii
734 1881 759 1905 et
774 1879 857 1911 fellis.

377 1974 556 2007 CAPUT
588 1973 698 2007 XXI.

444 2045 482 2071 De
500 2045 632 2071 Luoeuria.

188 2114 313 2144 Luxuria
335 2115 377 2142 est
399 2121 434 2141 ex
453 2112 616 2140 immundis
635 2111 789 2139 desideriis
813 2111 932 2140 veniens

151 2161 267 2190 lubrica
284 2160 390 2188 mentis
406 2162 433 2188 et
447 2160 543 2187 carnis
564 2158 740 2194 prostitutio.
761 2159 832 2185 Item
846 2158 932 2185 luxu-

151 2207 197 2236 ria
211 2210 254 2236 est
269 2207 436 2235 libidinosae
450 2205 610 2242 voluptatis
625 2205 773 2240 appetitus
785 2214 791 2231 :
809 2206 837 2232 et
851 2204 933 2232 intel-

153 2255 227 2290 ligas
238 2255 285 2282 hic
300 2254 462 2290 appetitum
473 2253 525 2288 qui
536 2253 577 2279 est
591 2260 626 2279 ex
641 2259 787 2279 consensu
798 2250 930 2285 rationis,

154 2301 224 2337 quia
245 2301 310 2328 talis
334 2300 480 2336 appetitus
501 2301 543 2326 cst
561 2300 716 2334 peccatum
737 2297 881 2331 mortale;
907 2300 934 2325 et

155 2347 261 2375 dicitur
283 2349 439 2383 peccatum
462 2346 603 2381 mortale,
626 2346 747 2382 quando
770 2346 845 2374 ratio
872 2353 933 2373 non

155 2395 273 2423 cohibet
286 2393 456 2429 hujusmodi
473 2393 653 2429 appetitum,
669 2401 736 2421 cum
751 2395 860 2429 posset.

190 2441 362 2469 Differentiae
378 2441 503 2468 luxuriae
521 2442 587 2468 sunt
604 2442 681 2468 octo.
704 2440 800 2468 Prima
817 2441 859 2467 est
876 2438 935 2466 sor-

156 2487 279 2523 nicatio,
304 2496 370 2525 quae
391 2489 433 2516 est
455 2487 541 2515 soluti
567 2495 636 2515 cum
657 2486 764 2515 soluta.
790 2485 933 2521 Secunda,

190 2562 196 2577 ¹
217 2562 303 2593 Greg„
322 2562 424 2593 Moral„
443 2561 487 2586 lib.
506 2561 611 2590 xxxii,
631 2567 654 2585 c.
678 2567 741 2585 xvn.
763 2573 792 2579 --
806 2561 817 2577 ²
831 2559 934 2590 Matth„

157 2603 216 2628 vm,
231 2599 269 2622 31.
284 2611 315 2616 —
331 2597 343 2614 ³
356 2599 528 2627 Prov.,xx1x,
547 2599 585 2621 21.
601 2610 632 2615 -
652 2596 662 2612 ⁸
679 2598 750 2625 Gen„
766 2602 820 2627 xm,
836 2597 876 2625 ζῶ,
894 2597 933 2619 34.

159 2646 188 2651 -
201 2633 211 2650 ⁸
227 2633 313 2665 Marc„
329 2639 364 2660 vr,
379 2635 418 2658 27.
433 2646 464 2652 -—
482 2633 492 2649 θ
506 2632 596 2663 Ecclz'.,
612 2638 715 2663 xxxvii,
732 2634 771 2658 34.
790 2645 818 2650 —-
836 2632 845 2648 7
863 2631 934 2657 Gen„

1716 175 1768 204 ¹41

991 235 1206 271 meretricium,
1227 236 1311 273 quod
1335 237 1368 266 fit
1390 237 1564 274 dupliciter,
1588 238 1700 267 scilicet
1720 247 1774 276 per

990 290 1102 318 vagam
1124 282 1282 311 libidinem
1304 292 1373 312 cum
1394 284 1518 313 diversis
1539 285 1708 322 peccando,
1724 287 1774 315 vel

991 337 1060 357 cum
1079 329 1199 365 publice
1219 331 1318 360 venali
1341 331 1584 360 concumbendo.
1610 333 1705 361 Tertia
1731 335 1774 361 est

990 377 1187 413 adulterium,
1219 386 1280 415 quo
1314 379 1480 415 conjugalis
1507 380 1611 409 thorus
1643 381 1771 409 vitiatur.

991 425 1099 458 Quarta
1119 426 1163 453 est
1181 427 1332 461 stuprum,
1359 433 1420 462 quo
1445 426 1598 462 virginalis
1623 428 1773 463 integritas

990 471 1198 507 corrumpitur.
1227 471 1333 506 Quinta
1362 472 1564 508 saerilegium,
1592 482 1652 510 quo
1680 474 1773 502 conti-

988 517 1088 546 nentia
1104 519 1161 546 Deo
1178 518 1275 546 dicata
1288 518 1405 547 laeditur
1416 541 1423 553 ,
1438 520 1471 546 ut
1485 519 1516 547 in
1536 519 1649 548 clericis
1665 523 1692 548 et
1705 521 1772 549 reli-

989 564 1080 600 giosis
1097 565 1187 593 saeris
1203 565 1359 593 ordinibus
1373 565 1554 600 sublimatis,
1573 568 1601 594 et
1616 567 1646 594 in
1661 567 1707 595 his
1722 568 1773 604 qui

990 612 1152 640 emiserunt
1163 613 1266 640 votum
1277 612 1472 640 continentiae.
1487 613 1573 641 Sexta
1584 615 1625 641 est
1636 613 1772 649 incestus,

989 666 1050 695 quo
1066 658 1219 687 vinculum
1239 659 1521 695 consanguinitatis,
1541 659 1588 688 vel
1613 660 1773 695 affinitatis,

989 705 1037 733 vel
1061 705 1313 742 compaternitatis
1337 706 1546 742 corrumpitur.
1577 707 1707 743 Septima
1731 710 1774 736 est

988 754 1144 788 peccatum
1165 753 1268 780 contra
1288 754 1425 780 naturam
1438 774 1447 788 ,
1464 753 1526 780 sive
1541 753 1695 789 sodomia,
1712 762 1772 790 quo

987 798 1131 827 naturalis
1162 807 1233 827 usus
1261 800 1448 835 pervertitur.
1478 800 1646 828 Notandum
1675 803 1774 828 autem

989 845 1073 881 quod
1092 845 1175 873 aliud
1198 847 1240 874 est
1264 848 1367 874 contra
1387 849 1525 874 naturam
1551 847 1670 883 speciei,
1691 847 1774 875 aliud

989 895 1092 921 contra
1117 895 1255 921 naturam
1280 893 1406 929 generis.
1434 893 1531 922 Primo
1560 894 1653 922 modo
1685 902 1774 922 omne

988 942 1142 976 peccatum
1158 940 1282 968 mortale
1302 943 1344 968 est
1365 942 1469 969 contra
1492 943 1629 969 naturam
1654 941 1774 977 speciei,

989 986 1060 1023 quia
1074 986 1105 1014 in
1127 986 1265 1015 rationali
1289 989 1424 1016 ereatura
1444 990 1643 1015 remurmurat
1667 987 1774 1024 synde-

987 1033 1060 1060 resis
1092 1034 1196 1061 contra
1231 1042 1320 1062 omne
1351 1036 1518 1070 peccatum.
1554 1034 1610 1062 Sed
1642 1035 1774 1063 secundo

987 1079 1080 1108 modo
1104 1082 1260 1116 peecatum
1282 1080 1427 1108 sodomiae
1454 1083 1496 1108 cst
1515 1083 1619 1109 contra
1638 1083 1774 1109 naturam

988 1127 1104 1161 generis
1115 1147 1121 1158 ‚
1138 1127 1208 1163 quia
1226 1135 1288 1155 non
1302 1126 1401 1156 solum
1418 1128 1448 1155 in
1462 1128 1603 1164 homine,
1619 1129 1672 1156 sed
1686 1129 1774 1158 etiam

987 1172 1018 1200 in
1043 1173 1139 1201 brutis
1165 1174 1273 1202 diversi
1302 1183 1388 1202 sexus
1414 1175 1444 1202 in
1474 1175 1553 1203 coitu
1583 1176 1772 1204 conveniunt.

988 1219 1069 1247 Unde
1085 1220 1109 1247 si
1123 1220 1178 1248 isto
1199 1222 1291 1249 modo
1308 1222 1359 1257 fit,
1376 1224 1478 1250 contra
1499 1224 1637 1251 naturam
1658 1224 1773 1259 generis

988 1269 1040 1295 cst.
1066 1269 1175 1296 Octava
1200 1271 1242 1297 est
1264 1269 1445 1298 libidinosus
1471 1271 1565 1298 coitus
1588 1271 1772 1308 conjugalis,

987 1314 1040 1350 qui
1069 1315 1273 1351 multipliciter
1297 1316 1449 1352 accipitur.
1477 1317 1575 1346 Coitus
1598 1318 1678 1346 enim
1701 1327 1773 1347 con-

984 1360 1094 1396 jugalis
1123 1362 1200 1389 alius
1225 1362 1321 1390 licitus
1349 1365 1407 1397 est,
1433 1364 1508 1392 alius
1537 1364 1666 1400 fragilis,
1698 1366 1773 1394 alius

984 1408 1182 1443 impetuosus.
1198 1409 1304 1437 Licitus
1319 1410 1470 1446 tripliciter
1483 1420 1489 1438 :
1505 1413 1535 1438 ut
1548 1412 1671 1447 quando
1685 1421 1773 1441 causa

985 1454 1077 1490 prolis
1094 1455 1144 1490 fit,
1165 1456 1215 1483 vcl
1237 1456 1276 1484 ad
1292 1457 1501 1493 ampliandum
1516 1458 1628 1486 cultum
1643 1459 1709 1493 Dei,
1725 1459 1772 1488 vel

988 1509 1077 1529 causa
1099 1502 1246 1530 reddendi
1270 1503 1423 1537 debitum,
1452 1505 1500 1532 vel
1527 1513 1616 1533 causa
1641 1506 1771 1533 vitandae

986 1548 1188 1576 fornicationis
1202 1557 1265 1577 non
1280 1550 1310 1577 in
1323 1559 1353 1578 se
1363 1571 1372 1585 ,
1391 1551 1443 1578 sed
1457 1551 1488 1578 in
1505 1552 1643 1586 conjuge.
1659 1553 1772 1580 Primus

987 1597 1029 1623 est
1050 1595 1181 1631 pietatis;
1198 1597 1346 1624 secundus
1366 1597 1500 1633 justitiae3
1519 1599 1617 1626 tertius
1639 1601 1769 1627 cauteiae.

986 1642 1018 1669 ln
1037 1642 1082 1669 his
1105 1642 1224 1670 nullum
1249 1643 1357 1671 dicitur
1377 1647 1532 1679 peecatum
1554 1653 1627 1673 esse.
1652 1646 1772 1681 Fragilis

987 1690 1044 1723 est,
1058 1689 1180 1724 quando
1196 1690 1228 1717 fit
1248 1698 1336 1718 causa
1352 1690 1572 1725 delectatiOnis,
1588 1694 1616 1720 et
1632 1694 1701 1720 tunc
1715 1693 1772 1720 dis-

987 1735 1148 1770 tinguitur:
1166 1736 1238 1772 quia
1253 1736 1276 1763 si
1292 1736 1376 1764 ainor
1389 1737 1467 1764 illius
1479 1738 1684 1766 delectationis
1695 1747 1770 1775 prce-

986 1782 1107 1817 ponitur
1133 1784 1207 1817 buo,
1233 1783 1359 1811 mortale
1383 1786 1538 1820 peccatum
1565 1786 1626 1820 est3
1651 1786 1674 1813 si
1698 1795 1770 1814 vero

986 1829 1192 1865 postponitur,
1218 1830 1345 1857 veniale.
1374 1832 1556 1866 Impetuosus
1580 1834 1641 1866 est,
1665 1833 1716 1868 qui
1736 1841 1772 1860 cx

988 1877 1053 1904 sola
1073 1876 1198 1904 libidine
1222 1878 1416 1913 proveniens,
1441 1880 1534 1906 metas
1559 1879 1720 1907 honestatis
1745 1883 1773 1908 et

988 1923 1110 1951 rationis
1126 1924 1326 1957 transcendit;
1348 1924 1431 1960 quod
1452 1925 1484 1952 fit
1501 1925 1634 1962 quinque
1648 1927 1747 1954 modis
1764 1936 1771 1955 ι

987 1970 1101 2006 primo,
1114 1978 1204 1999 causa
1217 1971 1358 1998 satiandae
1373 1971 1506 1999 libidinis
1520 1980 1573 2008 per
1596 1973 1774 2001 meretricias

988 2017 1163 2053 blanditias3
1181 2018 1329 2052 secundo,
1351 2027 1420 2046 cum
1439 2018 1472 2045 fit
1493 2021 1594 2047 contra
1609 2020 1776 2048 naturalem

990 2064 1130 2099 modum3
1159 2065 1262 2099 tertio,
1289 2073 1358 2092 cum
1381 2065 1413 2092 fit
1439 2066 1572 2100 tempore
1602 2066 1771 2101 prohibito,

990 2113 1112 2145 quarto,
1128 2111 1251 2146 quando
1276 2111 1308 2138 fit
1329 2111 1359 2138 in
1381 2111 1448 2138 loco
1465 2111 1636 2146 prohibito3
1658 2113 1775 2148 quinto,

991 2156 1113 2192 quando
1136 2157 1285 2185 acceditur
1300 2157 1338 2184 ad
1357 2157 1514 2184 mulierem
1530 2161 1732 2194 praegnantem
1749 2163 1776 2187 et

991 2203 1118 2230 vicinam
1134 2203 1247 2239 partui,
1264 2203 1309 2230 vel
1326 2212 1392 2239 quoe
1408 2206 1449 2231 est
1468 2204 1498 2231 in
1514 2204 1596 2232 fluxu
1612 2208 1774 2234 menstruo.

1028 2251 1106 2278 Filiae
1132 2251 1257 2278 luxuriae
1289 2252 1357 2278 sunt
1381 2253 1447 2279 octo
1473 2252 1639 2280 secundun]
1667 2255 1774 2289 Grego-

991 2297 1069 2325 rium
1087 2298 1116 2325 ¹⁴.
1134 2298 1230 2325 Prima
1251 2300 1295 2325 est
1308 2298 1420 2325 caecitas
1439 2299 1555 2334 inentis,
1572 2300 1652 2335 quia,
1669 2309 1773 2328 secun—

992 2344 1065 2372 dum
1085 2345 1299 2380 Augustinum,
1320 2345 1350 2372 in
1375 2353 1463 2380 opere
1485 2345 1609 2374 luxuriae
1624 2349 1683 2375 tota
1699 2348 1772 2376 ratio

993 2391 1179 2419 absorbetur.
1196 2392 1332 2420 Secunda
1346 2394 1388 2419 est
1403 2392 1632 2421 inconsideratio
1645 2415 1654 2428 ,
1670 2395 1772 2422 mortis

992 2438 1102 2467 scilicet
1117 2441 1144 2466 et
1165 2438 1280 2466 inferni.
1302 2438 1412 2473 Tertia,
1435 2438 1646 2475 inconstantia,
1663 2441 1772 2470 scillcet
1794 2448 1797 2451 ’

993 2528 1022 2552 11,
1040 2524 1076 2548 17.
1088 2537 1119 2541 —
1132 2524 1140 2538 ⁸
1156 2524 1163 2547 1
1180 2524 1252 2552 Tim„
1269 2528 1293 2551 v,
1309 2523 1389 2546 (5.--9
1400 2522 1468 2553 Luc„
1479 2528 1533 2552 xvi,
1550 2525 1589 2548 22.
1602 2538 1628 2541 —
1643 2526 1660 2540 ¹⁰
1670 2526 1770 2557 alaim„

994 2564 1031 2588 IV,
1047 2561 1070 2583 4.
1089 2572 1116 2577 -—
1139 2559 1159 2577 ¹¹
1174 2559 1290 2587 Hieron„
1305 2558 1339 2582 acl
1353 2557 1465 2589 Paulin.5
1481 2559 1554 2590 epist.
1570 2565 1626 2590 eiu,
1642 2560 1667 2584 iu
1682 2561 1726 2585 fin.
1740 2574 1772 2579 —-

993 2594 1012 2610 ¹²
1032 2594 1100 2623 Luc„
1126 2601 1182 2624 xiv,
1207 2596 1244 2619 16.
1261 2607 1291 2611 -
1313 2594 1330 2610 '³
1350 2593 1448 2624 Taren„
1469 2600 1512 2624 111,
1537 2596 1574 2618 19.
1593 2608 1624 2614 --
1647 2596 1665 2613 ¹⁸
1683 2597 1769 2629 Greg,

995 2630 1096 2662 Morcd„
1110 2631 1153 2656 lib.
1170 2631 1258 2660 ΧᾸΧΙ,
1274 2637 1296 2655 c.
1313 2636 1376 2654 xv11.
