2004 3037
182 1647 269 1666 Damna

163 1679 220 1706 gula
231 1685 269 1700 sex

286 255 346 285 260

285 328 363 350 sua:
379 319 421 347 sic
445 317 543 354 gulosi
564 323 621 354 pro
644 315 716 351 gula
729 314 866 343 vendunt
882 313 1006 351 praemia
1027 321 1064 341 ae-

283 370 378 396 terna.
394 367 467 394 Nam
488 363 595 392 dicitur
609 362 640 390 in
661 362 772 390 Threnis
787 362 797 379 ¹
815 371 824 388 :
839 361 976 389 Dederurzt
990 368 1063 396 quoe·

284 423 335 450 que
348 415 468 449 pretiosa
486 419 537 448 pro
551 411 618 438 cibo.
642 410 751 438 Octavo
775 410 966 444 eomparatur
989 407 1064 444 pisci

285 463 313 490 et
323 460 371 489 avi
383 469 392 496 3
408 467 480 487 nam
492 459 567 486 sicut
577 457 666 494 piscis
680 464 734 493 per
749 457 851 492 guttur
864 455 980 492 eapitur
994 462 1064 483 eum

283 507 374 536 hamo
383 528 390 540 ,
406 508 433 534 et
447 505 511 534 avis
523 513 577 542 per
591 503 704 532 collum
718 511 787 531 cum
801 502 911 538 laqueo
929 503 1062 536 tenetur-3

283 553 326 583 sie
343 553 466 590 gulosus
483 559 536 588 per
551 553 650 586 guttur
669 552 698 578 et
718 549 831 578 collum
851 549 966 585 capitur
987 547 1064 584 guloe

283 600 366 630 vitio.
383 602 416 628 Et
428 598 580 636 proecipue
594 597 669 625 inter
681 604 751 624 aves
764 596 887 632 gulosus
902 594 1007 622 similis
1020 596 1064 622 est

283 647 390 676 avibus
399 645 562 683 pinguibus
571 646 694 681 propter
708 643 763 671 tria
777 642 932 679 specaliter
944 651 950 670 :
964 641 1063 678 primo

285 694 397 732 quippe
408 714 417 727 ,
428 692 500 729 quia
514 691 577 720 avis
600 690 720 727 pinguis
745 697 807 718 non
821 691 918 725 potest
935 688 1063 716 multum

284 741 342 770 alte
356 740 479 774 volare;
501 739 542 766 sic
559 738 681 774 gulosus
709 745 764 764 nec
794 736 924 764 coelestia
947 734 1062 763 deside-

283 795 359 817 rare.
377 789 447 816 item
462 785 524 814 avis
537 784 668 821 pinguis,
686 783 760 811 sicut
774 786 841 811 sunt
853 783 1018 811 coturnices
1032 782 1063 809 in

283 834 460 867 vindemiis,
477 831 683 869 quandosunt
697 831 773 858 bene
798 830 941 867 pingues,
967 829 1004 856 de
1022 827 1064 856 fa-

285 882 334 910 cili
349 881 507 918 capiuntur
521 879 560 907 ab
576 878 731 914 accipitre;
749 877 791 905 sio
813 876 951 905 homines
971 874 1063 903 dediti

285 928 362 965 gulae
387 927 473 955 facile
491 926 650 954 vincuntur
665 933 683 952 a
707 923 876 951 tentatione.
898 924 970 950 Item
989 921 1064 950 sicut

284 976 348 1004 avis
361 973 481 1011 pinguis
489 995 498 1008 ‚
509 972 617 1001 scilicet
631 971 785 1007 accipiter,
795 969 919 1006 quando
931 971 973 996 est
986 968 1062 996 bene

284 1025 374 1056 satur,
403 1029 464 1049 non
490 1019 555 1048 vult
580 1018 682 1047 venire
708 1017 747 1045 ad
774 1025 897 1044 manum
921 1015 1058 1050 domini,

284 1069 560 1105 quantumcumque
578 1065 635 1093 sibi
659 1063 854 1092 ostendantur
873 1070 994 1097 carnes;
1021 1061 1062 1089 sic

284 1115 382 1152 gulosi
407 1114 524 1149 fugiunt
550 1120 657 1140 manus
683 1111 760 1145 Dei,
786 1111 1062 1146 quantumcumque

284 1161 420 1191 ostendat
434 1161 475 1188 eis
496 1167 598 1188 carnes
620 1159 743 1192 rubeas,
765 1157 876 1185 scilicet
899 1156 1062 1184 benedictae

283 1207 430 1245 passionis
445 1207 559 1236 Christi.
584 1208 656 1234 Nam
674 1206 705 1233 in
731 1205 935 1232 Deuteronomio
957 1203 1063 1230 dicitur

285 1255 322 1283 de
343 1255 448 1290 guloso
463 1253 496 1282 ²:
518 1256 706 1286 Incrassatus,
732 1253 938 1286 impinguatus,
963 1250 1063 1276 dilata-

285 1305 344 1337 tus,
361 1302 506 1336 dereliquit
521 1302 603 1328 Deum
619 1302 747 1334 factorem
763 1306 851 1325 suum.
868 1298 1063 1332 Comparatur

284 1349 406 1385 gulosus
421 1347 504 1382 cani,
527 1347 579 1383 qui
594 1346 675 1374 ducit
695 1353 806 1373 caeeum
822 1344 851 1372 in
866 1344 972 1372 lutum.
990 1345 1063 1371 Nam

284 1395 365 1424 canis
380 1395 490 1423 ducens
506 1402 632 1427 caecum,
646 1395 769 1429 propter
788 1392 818 1420 id
839 1391 922 1428 quod
937 1390 1018 1418 videt
1032 1390 1062 1417 in

284 1443 360 1477 luto,
375 1442 456 1470 ducit
471 1449 581 1470 caeeum
596 1440 626 1468 in
642 1440 754 1467 lutum:
773 1439 814 1466 sic
830 1438 901 1474 gula
916 1437 996 1465 ducit
1010 1445 1063 1472 gu·

284 1490 380 1518 losum
402 1490 431 1516 in
452 1488 564 1522 lutum,
585 1487 694 1515 scilicet
709 1486 739 1514 in
760 1484 980 1513 immunditiam
997 1492 1062 1519 pec-

285 1537 351 1564 cati.
369 1538 399 1564 Et
413 1535 481 1563 ideo
496 1534 601 1563 suadet
615 1534 736 1570 Sapiens
750 1534 760 1550 ³
778 1542 783 1560 :
802 1534 864 1560 Post
880 1533 1063 1568 coucupiscen-

285 1585 338 1611 tias
354 1586 414 1611 luas
427 1591 479 1610 uon
494 1590 549 1610 eas.

320 1632 431 1658 Damna
447 1630 522 1665 gulae
537 1631 605 1657 sunt
618 1627 782 1663 specialiter
801 1634 861 1654 sex.
879 1625 1009 1653 Primum
1022 1625 1064 1652 est

284 1678 390 1705 mentis
404 1677 558 1704 brutalitas
582 1677 728 1711 quantum
751 1674 790 1701 ad
817 1672 939 1701 rationis
964 1671 1062 1699 desec-

284 1727 364 1756 tum;
382 1732 452 1751 nam
472 1722 541 1750 dicit
562 1724 662 1749 Petrus
686 1723 695 1738 Β
712 1729 718 1747 :
735 1722 793 1754 Hi,
815 1719 925 1747 scilicet
949 1718 1062 1753 gulosi,

283 1774 345 1798 sunl
360 1771 431 1797 velut
454 1769 661 1796 irrationabilia
675 1776 771 1802 pecora
787 1777 794 1793 ι
811 1769 839 1793 et
858 1766 946 1793 eliam
966 1772 1062 1800 quan-

283 1819 346 1846 tum
373 1816 411 1844 ad
441 1816 589 1843 detectum
614 1813 848 1849 compassionis3
872 1812 955 1839 nulla
983 1811 1062 1838 euim

283 1863 489 1899 compassione
505 1863 641 1889 movetur
657 1860 779 1895 gulosus
799 1859 838 1886 ad
858 1866 1021 1894 pauperem
1037 1859 1064 1885 et

284 1912 425 1940 afflictum
438 1933 445 1945 ‚
463 1919 496 1938 ae
511 1910 534 1936 si
554 1910 628 1936 esset
643 1907 754 1935 animal
774 1907 904 1933 brutum.
922 1905 1002 1933 l'nde
1018 1905 1062 1932 di-

284 1959 358 1987 citur
373 1958 403 1985 iu
418 1959 499 1985 Amos
510 1958 538 1983 1³:
557 1957 680 1982 Bibcnles
701 1956 794 1981 vinum
815 1956 843 1980 in
862 1954 972 1988 phiala,
994 1952 1064 1978 nihil

284 2006 514 2040 cornpatcelmneur
540 2011 619 2036 super
649 2002 785 2028 conti-ione
807 2000 903 2034 Joseph
925 2021 933 2030 ,
965 1999 997 2026 id
1022 2000 1063 2025 est

283 2051 432 2088 pauperis.
451 2050 626 2085 Exemplum
648 2048 685 2075 de
702 2047 792 2075 divite
815 2046 943 2083 epulone
957 2046 985 2080 ὅ,
1010 2045 1063 2081 qui

284 2107 345 2126 nou
361 2101 402 2125 est
423 2105 595 2132 compassus
610 2097 717 2123 Lazaro
730 2115 738 2127 ,
755 2094 800 2121 cui
824 2096 921 2121 tamen
942 2100 1063 2128 compa-

284 2145 432 2172 tiebantur
452 2152 558 2177 caneS‚
574 2143 636 2178 ejus
655 2142 755 2169 ulcera
775 2140 928 2174 lingendti.
954 2141 1063 2167 Secun-

285 2191 357 2218 dum
383 2193 424 2218 cst
453 2190 586 2226 corporis
611 2189 784 2219 iutirmittis;
810 2195 879 2214 nam
904 2186 1010 2213 dicitur
1034 2186 1063 2213 iu

284 2239 470 2264 Ecclesiastico
482 2238 491 2253 Ἴ
505 2247 511 2262 :
526 2238 555 2262 ln
572 2237 665 2262 mullis
681 2237 746 2262 esrz's
767 2242 818 2261 uon
839 2234 925 2259 ‹Iccrl't
949 2235 1064 2267 iufirmi-

287 2287 347 2315 tas:
373 2286 400 2310 et
429 2283 515 2310 etiam
544 2290 624 2309 mors
651 2281 776 2316 triplex,
798 2280 908 2307 scilicet
934 2282 1062 2314 natur-e,

285 2331 389 2366 eulpw,
402 2332 429 2356 et
444 2330 593 2363 grhcnnae.
613 2327 741 2355 Tertium
757 2329 798 2353 ost
814 2327 872 2353 oris
887 2326 1061 2361 loquacitas,

284 2377 358 2404 sicut
372 2378 450 2411 patet
465 2376 501 2402 de
517 2375 629 2402 Herode
640 2395 646 2407 ‚
661 2374 712 2409 qui
727 2374 737 2389 ¹³
753 2373 781 2400 in
797 2373 934 2399 convivio
949 2375 1057 2400 temere

285 2423 420 2459 promisit
436 2425 463 2449 ct
475 2422 583 2457 juravit
599 2420 737 2447 saltatrici
752 2420 867 2454 puellw,
879 2428 908 2446 se
924 2420 1063 2446 (laturum

286 2470 435 2507 quidquid
451 2471 575 2505 peteret,
593 2471 620 2495 et
637 2468 674 2494 :HI
691 2467 861 2502 petitionem
878 2468 940 2501 ejus
956 2475 1063 2502 prince-

285 2518 328 2553 pit
345 2516 490 2551 amputari
507 2518 594 2550 eaput
610 2514 730 2541 Joauuis
747 2515 893 2549 Baptistae,
911 2517 938 2540 ut
956 2513 1062 2540 dicitur

286 2564 315 2591 in
341 2565 440 2591 Mum».
466 2564 606 2596 Quartum
631 2563 671 2589 est
696 2561 797 2596 iuopia
821 2569 939 2587 rerum:
963 2569 1061 2587 exeni-

318 2638 324 2653 ¹
343 2637 438 2666 Thr-en„
457 2642 479 2667 1,
498 2639 533 2660 11.
549 2648 579 2653 -
597 2636 604 2649 ²
625 2635 708 2661 Dent..
730 2640 818 2664 xxxii,
838 2635 874 2657 113.
892 2647 923 2651 —
942 2634 950 2646 ³
971 2633 1060 2661 ficeta,

286 2679 363 2703 xviii,
383 2675 420 2696 δυ.
440 2686 470 2690 -
490 2672 497 2685 i
516 2672 534 2695 tl
550 2672 628 2701 Pella,
649 2677 682 2702 ιι,
705 2672 740 2694 12.
760 2684 789 2688 -
806 2671 816 2687 ⁵
832 2670 925 2697 Amos„
941 2675 980 2698 w,
995 2671 1017 2693 G.
1030 2682 1060 2687 —

286 2706 295 2721 ⁸
310 2708 378 2733 Lite„
393 2713 448 2736 xvi,
463 2710 500 2730 1¹¹.
518 2720 545 2724 --
562 2706 570 2721 ⁷
588 2706 674 2730 Evcli..
692 2711 791 2734 XYYVH,
807 2706 846 2727 33.
859 2718 889 2722 -—
904 2704 914 2721 θ
928 2705 1006 2734 Marc,
1024 2711 1058 2735 νι,

852 245 994 279 DIAETAE
1013 243 1178 277 SALUTIS
1199 243 1276 276 TlT.
1299 244 1326 276 1.

1119 312 1206 349 plum
1226 311 1264 340 de
1284 311 1348 340 filio
1371 310 1501 348 prodigo
1515 332 1524 346 ,
1552 312 1604 348 qui
1623 311 1778 349 dissipavit
1796 315 1899 344 omnia

1120 359 1203 387 bona
1215 367 1289 394 sua,
1306 366 1464 394 quousque
1482 357 1537 386 fuit
1547 357 1588 387 ita
1601 366 1733 396 pauper,
1748 362 1832 397 quod
1845 370 1898 391 ou—

1119 406 1222 442 piebat
1235 405 1273 434 de
1290 405 1406 442 siliquis
1425 413 1587 441 porcorum
1604 406 1723 442 satiari,
1738 415 1805 444 quse
1817 408 1899 437 idem

1120 455 1202 488 sunt,
1215 453 1301 489 quod
1314 452 1410 480 furt'ur
1423 452 1588 480 secundum
1601 452 1738 490 aliquos,
1754 456 1783 482 et
1795 462 1899 484 seeun-

1121 499 1194 527 dum
1208 499 1298 535 alios,
1313 499 1437 527 cortices
1451 498 1598 527 fabarum.
1615 500 1756 534 Quintum
1775 502 1818 529 est
1835 509 1900 530 ear-

1120 547 1166 574 nis
1188 546 1326 582 luxuria,
1345 554 1417 575 nam
1440 554 1477 574 ex
1503 546 1652 575 vicinitate
1674 547 1900 584 membrorum,

1120 593 1233 621 scilicet
1246 594 1357 622 ventris
1372 596 1399 621 et
1412 593 1597 629 genitalium,
1608 593 1779 629 intelligitur
1789 594 1899 623 eonfae-

1121 639 1236 668 deratio
1250 640 1402 668 vitiorum.
1413 639 1484 668 ldeo
1497 639 1568 668 dicit
1578 641 1718 669 ieremias
1729 641 1740 658 ⁹
1751 650 1758 669 ε
1770 642 1901 670 Saturam*

1120 695 1162 715 eos
1173 709 1182 723 ,
1201 690 1227 714 et
1245 687 1371 715 moechati
1392 689 1466 715 sunt.
1491 687 1611 715 Sextum
1627 689 1670 715 est
1685 687 1784 716 cordis
1807 687 1900 717 stulti-

1120 734 1160 762 tia
1170 743 1179 768 3
1196 733 1276 761 unde
1290 733 1396 761 dicitur
1410 733 1441 761 in
1453 735 1604 762 Proverbiis
1615 734 1637 752 ¹⁰
1655 744 1662 763 :
1679 736 1843 770 Quicumque
1857 736 1900 764 his

1120 780 1157 816 (a)
1171 781 1334 812 delectatur,
1350 788 1403 808 non
1422 782 1476 808 erit
1487 783 1613 816 sapiens;
1629 783 1657 810 et
1669 782 1757 810 Oseas
1771 782 1843 810 dicit
1858 783 1879 800 ¹¹
1888 803 1898 818 ‚

1121 826 1204 863 quod
1218 828 1312 854 vinum
1326 828 1351 854 et
1365 827 1481 854 ebrietas
1496 829 1627 860 auferunt
1640 836 1695 856 cor.

1155 873 1233 901 Filiae
1258 873 1335 908 gulae
1356 875 1423 900 sunt
1444 873 1531 908 duee,
1553 873 1663 902 seilicet
1679 875 1898 911 gastrimargia,

1120 922 1148 948 et
1161 919 1296 948 ebrietas.
1313 919 1523 956 Gastrimargia
1536 922 1579 948 est
1599 929 1736 950 excessus
1755 922 1786 950 in
1805 921 1874 950 cibo
1889 931 1897 950 :

1120 969 1148 994 et
1167 966 1274 994 dieitur
1292 975 1309 994 a
1329 967 1421 995 Castro
1441 969 1469 994 et
1487 968 1595 1003 Μενρο,
1611 967 1680 996 ideo
1695 968 1779 1004 quod
1797 967 1899 996 omnia

1120 1013 1227 1049 mergit
1249 1014 1278 1041 in
1305 1016 1401 1041 castro
1424 1014 1543 1042 ventris.
1570 1014 1700 1042 Ebrietas
1729 1017 1772 1043 est
1799 1023 1898 1043 exces-

1118 1068 1168 1088 sus
1195 1060 1226 1087 in
1251 1062 1324 1096 potu
1345 1070 1351 1088 :
1378 1063 1405 1088 et
1429 1061 1534 1088 dicitur
1559 1061 1686 1090 ebrietas
1710 1062 1796 1098 quasi
1820 1066 1899 1090 eaelra

1119 1108 1214 1135 briam.
1231 1108 1304 1135 Nam
1319 1108 1378 1134 bria
1399 1107 1554 1135 dicebatur
1569 1107 1730 1144 antiquitus
1751 1108 1828 1136 calix
1849 1108 1898 1136 vel

1119 1154 1276 1190 poculum,
1293 1154 1345 1190 qui
1360 1156 1422 1182 erat
1435 1162 1575 1182 mensura
1589 1158 1676 1191 potus
1689 1163 1778 1183 :nam
1792 1155 1896 1183 vinum

1120 1201 1247 1229 dabatur
1268 1201 1307 1229 ad
1331 1210 1511 1230 mensuram.
1535 1203 1566 1229 Et
1587 1202 1647 1230 istae
1668 1202 1734 1230 duae
1748 1202 1816 1230 filioe
1830 1204 1898 1230 sunt

1119 1248 1175 1276 illae
1198 1249 1284 1283 filiae,
1306 1248 1344 1276 de
1373 1249 1483 1284 quihus
1507 1248 1615 1276 dicitur
1639 1249 1670 1276 in
1688 1250 1840 1277 Proverbiis
1850 1249 1896 1277 ¹⁸:

1119 1297 1297 1331 Sariquz'suqoe
1311 1297 1372 1323 duoe
1388 1299 1451 1323 sunt
1462 1297 1545 1331 filioe,
1561 1296 1696 1324 dicentes:
1713 1296 1801 1331 Affcr,
1818 1297 1896 1331 affer.

1119 1343 1303 1378 sanguisuga
1333 1343 1439 1371 dieitur
1463 1346 1583 1377 venter,
1611 1343 1682 1379 quia
1709 1343 1748 1370 ad
1772 1343 1898 1371 modum

1119 1391 1306 1426 sanguisugae
1329 1390 1413 1418 citius
1434 1390 1569 1418 obruitur
1593 1398 1685 1426 quam
1708 1390 1846 1425 satiatur,
1866 1392 1898 1417 ut

1120 1437 1189 1464 dicit
1206 1437 1370 1465 Bet-nardus
1383 1438 1413 1464 ¹³.
1426 1427 1601 1472 nujusdei
1616 1444 1688 1472 ergo
1699 1436 1896 1472 sanguisugae,

1119 1484 1227 1511 seilicet
1252 1484 1372 1517 ventris,
1387 1484 1452 1511 duze
1473 1486 1540 1511 sunt
1558 1484 1644 1518 filiae,
1660 1483 1769 1511 scilieet
1791 1483 1896 1519 gastri-

1119 1530 1233 1565 margia
1249 1533 1277 1558 ct
1301 1531 1427 1560 ebrietas
1439 1552 1447 1565 ,
1468 1531 1597 1558 diceutes
1614 1540 1620 1558 :
1638 1531 1724 1565 Affer.
1741 1532 1813 1558 Nam
1832 1538 1897 1565 gas-

1119 1578 1272 1613 trimargia
1299 1578 1369 1605 dicit
1390 1587 1396 1604 :
1414 1579 1492 1612 Affer
1505 1578 1594 1605 cibum
1619 1587 1625 1605 :
1652 1577 1778 1605 ebrietas
1801 1577 1895 1605 dicit:

1119 1626 1199 1659 Ass'er
1217 1628 1320 1659 potum.
1345 1626 1406 1652 Una
1423 1627 1486 1652 vult
1503 1624 1723 1661 aliquantulum
1742 1623 1897 1652 comedere

1119 1675 1186 1707 post
1199 1674 1322 1706 potum3
1339 1673 1366 1698 ct
1379 1671 1438 1699 alia
1461 1671 1681 1707 aliquantulum
1705 1671 1809 1699 hibere
1832 1673 1899 1708 post

1120 1718 1230 1745 cibum.
1248 1720 1279 1745 Et
1293 1719 1334 1746 sic
1354 1719 1383 1745 in
1398 1718 1557 1746 infinitum.

1369 1812 1547 1845 CAPUT
1580 1813 1647 1846 IX.

1414 1885 1452 1911 De
1466 1886 1599 1912 Luoeuria.

1155 1953 1281 1981 Luxuria
1308 1956 1351 1981 est
1378 1954 1592 1981 immoderatus
1619 1953 1764 1990 appetitus
1791 1961 1897 1982 secun—

1119 2001 1191 2028 dum
1213 2003 1331 2028 tactum.
1351 2001 1388 2027 De
1404 2000 1521 2027 luxuria
1546 2002 1617 2028 nota
1637 2000 1803 2036 specialiter
1820 2000 1895 2034 tria,

1119 2047 1229 2075 scilicet
1244 2047 1326 2083 quod
1341 2047 1430 2075 habet
1449 2050 1553 2083 typum
1570 2047 1709 2075 odiosum
1720 2069 1728 2082 ‚
1751 2047 1896 2075 damnum

1118 2094 1330 2128 remorsivum,
1347 2097 1464 2129 partum
1480 2094 1688 2129 perniciosum.

1155 2141 1280 2168 Luxuria
1296 2141 1386 2168 hahet
1399 2141 1506 2168 multas
1522 2141 1632 2175 figuras
1649 2140 1852 2174 detestabiles,
1867 2143 1895 2168 et

1118 2187 1325 2215 similitudines
1342 2187 1473 2214 odiosas.
1497 2186 1592 2214 Primo
1608 2186 1687 2214 enim
1705 2188 1894 2222 comparatur

1119 2235 1260 2270 gehennae
1277 2243 1282 2261 :
1297 2242 1366 2260 nam
1380 2234 1409 2260 iu
1425 2233 1560 2267 gehenna
1571 2236 1637 2260 sunt
1649 2233 1812 2269 specialiter
1827 2233 1890 2268 tria,

1118 2280 1227 2308 scilicet
1245 2280 1318 2314 ignis
1334 2279 1456 2312 ardens,
1468 2280 1577 2306 vermis
1590 2279 1716 2314 rodens,
1728 2282 1754 2307 et
1769 2279 1892 2315 sulphur

1117 2327 1220 2354 foetens
1236 2337 1243 2353 .-
1258 2327 1297 2354 sic
1314 2326 1342 2353 iu
1357 2330 1477 2362 peccato
1497 2327 1620 2355 luxuriae
1638 2331 1681 2355 est
1697 2328 1772 2363 ignis
1787 2336 1892 2355 coucu-

1118 2374 1279 2409 pist-entim,
1295 2373 1418 2407 vermis,
1441 2374 1551 2401 seilicet
1573 2382 1721 2401 remorsus
1743 2375 1893 2402 conscien-

1118 2421 1178 2454 tim,
1192 2424 1218 2447 et
1232 2420 1369 2455 sulphur,
1388 2421 1496 2447 scilicet
1511 2421 1608 2448 sumus
1624 2421 1760 2448 infamiae.
1779 2423 1810 2449 Et
1825 2422 1892 2449 ideo

1118 2467 1169 2503 qui
1183 2469 1225 2494 eet
1245 2467 1275 2493 iu
1291 2469 1412 2502 peccato
1430 2467 1568 2501 luxuriae,
1582 2468 1644 2502 jam
1666 2468 1892 2503 quodammodo

1118 2517 1160 2541 est
1175 2515 1202 2540 iu
1219 2514 1364 2549 supplicio
1381 2514 1530 2548 gebenn-¹12
1553 2514 1632 2542 Unde
1649 2515 1755 2542 dicitur
1778 2515 1808 2543 iu
1823 2517 1893 2542 Mat-

1117 2589 1146 2611 :22
1162 2590 1186 2611 vl.
1205 2595 1257 2618 isi-«1.
1280 2601 1305 2604 -
1325 2591 1333 2598 '¹
1354 2588 1455 2618 jerem„
1477 2594 1501 2618 v,
1523 2591 1545 2612 7.
1566 2601 1596 2607 -
1620 2590 1640 2603 ¹⁰
1660 2590 1743 2619 Prota,
1762 2596 1810 2620 xx,
1832 2591 1890 2614 l,-

1117 2625 1134 2639 ¹¹
1148 2625 1257 2653 05071»,
1274 2626 1309 2647 11.
1320 2637 1351 2641 -
1365 2626 1380 2637 “-’
1395 2625 1477 2653 Proin,
1489 2630 1551 2654 xxx,
1568 2626 1634 2648 15.-
1651 2626 1670 2642 ¹³
1681 2625 1892 2656 Beru.‚Apoloq.,

1115 2658 1149 2682 ad
1162 2658 1242 2682 Guill.
1260 2659 1328 2690 ubiz,
1343 2662 1408 2690 post.
1423 2660 1491 2684 med⁴

1148 2706 1182 2736 (a)
1201 2708 1263 2730 tteui
1286 2707 1331 2732 bis.

1915 2152 2004 2173 Luxuria

1915 2189 2004 2210 compa-

1914 2215 2004 2235 rationes

1908 2250 1994 2265 novem.
