2004 3037
769 199 818 232 DE
840 199 989 237 QUINTO
1011 199 1183 232 lTlNERE.

169 271 238 298 culis
250 270 355 304 Adam,
368 272 394 298 et
408 271 439 297 in
450 271 582 304 funiculis
593 268 752 300 charitatis,
764 267 796 295 id
811 269 854 296 est
864 288 872 302 ,
890 276 903 294 α
915 267 945 295 in

169 317 288 346 unitivis
295 317 518 346 atti-actionibus
529 316 632 353 primae
641 314 816 348 dilectionis,
830 314 869 342 ait
878 315 946 342 Ver-

169 364 314 393 cellensis.
333 365 354 392 0
368 365 488 392 columba
503 371 578 396 mea,
593 363 715 400 propter
725 361 873 390 charitatis
889 364 945 389 tuoe

119 431 126 440 .
168 411 374 440 sinceritatem.
396 410 527 440 Charitas
546 410 661 438 sincera
681 410 738 444 est,
762 408 802 437 ait
825 409 946 436 Bernar-

168 458 224 486 dus
238 461 246 476 ¹
261 458 290 486 in
305 459 383 487 libro
398 459 431 486 de
445 458 587 493 Diligendo
601 458 685 484 Deum
695 478 702 488 ,
717 466 730 481 «
742 463 802 492 qua
814 455 944 492 proximi

167 505 282 534 bonum
296 513 379 542 aeque
403 504 554 540 diligimus
569 505 601 532 ut
618 505 786 531 nostrum.»
805 503 877 530 Nam
892 502 943 539 qui

167 552 282 588 magis,
307 553 358 580 aut
370 553 446 580 certe
462 551 574 586 solum,
591 549 688 585 diligit
709 557 796 577 suum
810 549 943 583 bonum,

168 599 351 628 convincitur
371 606 433 627 non
453 599 530 626 caste
551 597 675 633 diligere
698 597 834 631 bonum,
860 597 944 633 quod

165 647 288 682 propter
299 654 329 674 se
344 645 456 681 diligit,
473 653 535 673 non
549 646 671 681 propter
692 643 801 680 ipsum.
827 645 921 672 Homo
933 665 942 679 ,

165 693 331 721 secundum
341 692 515 729 Prophetam
528 691 549 727 ²,
561 692 731 726 confitebitur
741 692 791 718 tibi
801 699 859 718 cum
869 691 943 718 bene-

164 741 261 774 feceris
277 742 311 768 εἰ.
327 741 463 775 Propera,
479 741 601 776 propter
617 738 764 766 charitatis
783 739 840 765 tuoe
862 737 942 766 velo-

164 786 291 814 citatem.
315 787 392 814 Nihil
417 788 496 815 enim
515 786 647 814 velocius
667 787 710 813 est
730 793 831 813 amore
855 787 941 813 acuto

164 833 302 862 tendente
321 833 352 861 in
371 841 435 861 rem
450 835 596 867 amatam,
616 833 655 861 ait
674 833 874 861 Liuconiensis
896 841 943 861 su-

163 889 216 917 per
231 881 390 917 septimum
411 882 548 916 Anqelz'cae
572 881 757 914 Hierarchiae,
783 880 830 908 cui
854 881 942 908 etiam

163 927 238 956 hora
249 928 347 956 brevis
356 928 449 964 longa
459 928 576 956 videtur
588 928 597 964 (
607 929 639 956 ut
650 936 740 964 supra
749 928 768 964 ).
788 928 809 956 0
823 930 942 962 formosa

163 983 233 1010 mea,
247 977 369 1011 propter
381 975 528 1003 charitatis
541 977 597 1003 tuae
609 975 939 1011 pulchriformitatem³2

163 1023 251 1056 Quam
272 1023 388 1058 pulchra
404 1031 450 1057 es,
465 1025 490 1050 et
512 1031 593 1057 quam
617 1022 728 1054 decora,
753 1023 896 1050 carissima
911 1024 941 1050 in

162 1069 407 1097 deliciisllbidem
422 1069 493 1097 dicit
503 1070 658 1104 Origenes:
675 1069 941 1098 «Miserabilislaus

161 1118 211 1144 tua
224 1124 285 1144 non
300 1124 336 1144 ex
350 1118 417 1151 tuo,
433 1116 486 1144 sed
501 1124 537 1143 ex
558 1124 594 1143 eo
619 1116 670 1152 qui
690 1116 786 1151 diligit
810 1118 847 1144 te.
870 1116 940 1145 Fide

162 1163 240 1191 enim
255 1163 352 1199 polles
362 1183 370 1197 ‚
387 1171 438 1199 spe
451 1163 541 1198 nites,
559 1163 698 1191 charitate
713 1163 811 1197 luces,
829 1163 940 1199 justitia

161 1210 316 1245 splendes,
332 1210 503 1238 fortitudine
518 1210 620 1238 rutilas
630 1231 638 1244 ‚
654 1210 813 1246 prudentia
828 1210 938 1246 fulges,

160 1258 188 1285 et
203 1256 395 1293 temperantia
419 1258 538 1285 candes.
558 1258 627 1285 Veni
645 1265 698 1293 per
712 1257 767 1285 iter
791 1257 939 1285 charitatis

159 1312 221 1332 non
235 1303 352 1338 divisae,
367 1304 419 1332 sed
433 1304 568 1340 integrae,
586 1311 653 1340 quae
667 1304 700 1331 fit
715 1312 748 1331 επ
766 1306 819 1332 toto
843 1305 937 1339 corde,

158 1351 190 1379 id
205 1353 265 1385 est,
286 1351 451 1379 secundum
473 1351 685 1386 Augustinum,
705 1353 766 1379 toto
787 1351 937 1380 intellectu

158 1399 220 1426 sine
236 1406 351 1432 errore,
366 1407 399 1426 eae
415 1401 471 1425 tota
486 1399 584 1431 jamma
595 1419 602 1433 ,
621 1398 652 1426 id
669 1400 729 1432 est,
750 1406 786 1426 ex
802 1400 863 1427 tota
884 1407 937 1427 vo-

157 1445 268 1473 luntate
292 1445 355 1473 sine
375 1445 624 1480 contradictione,
646 1453 678 1472 ecc
702 1448 759 1473 tota
781 1449 885 1480 mente,
906 1446 937 1474 id

157 1494 218 1528 est,
235 1492 381 1520 memoria
395 1492 457 1520 sine
473 1492 637 1520 oblivione.
655 1492 682 1520 Si
702 1501 796 1520 unum
815 1493 937 1521 illorum

159 1539 257 1574 deest,
278 1540 390 1574 integre
410 1547 472 1567 non
487 1539 579 1566 venis.
606 1539 696 1574 Hujus
718 1541 816 1567 autem
834 1540 936 1568 invita-

158 1586 244 1614 tionis
259 1586 412 1621 subjungit
425 1586 605 1620 allectivum,
620 1585 738 1613 dicens:
753 1587 831 1621 Veni,
847 1586 936 1622 quia‘

158 1636 259 1668 tempus
274 1635 426 1668 putationis
441 1634 570 1667 advenit,
586 1633 618 1660 id
638 1635 693 1667 est,
711 1633 812 1661 omnia
828 1642 935 1669 aggra-

156 1681 255 1708 vantia
272 1683 299 1708 et
312 1679 505 1716 impedientia
520 1680 672 1716 spiritum,
699 1680 885 1708 itinerantem
905 1682 935 1709 in

155 1727 260 1755 itinere
282 1727 447 1762 charitatis,
471 1729 539 1755 sunt
560 1729 678 1762 amota,
703 1727 774 1763 quia
789 1728 798 1744 Β
814 1729 935 1756 charitas

155 1777 244 1810 operit
258 1775 460 1802 multitudinem
473 1778 653 1809 peccatorum,
671 1775 680 1791 Β
694 1783 747 1802 non
762 1777 862 1810 quaerit
877 1785 935 1811 quoe

153 1830 201 1849 sua
217 1824 298 1854 sunt:
313 1824 340 1850 et
355 1821 525 1849 alleviantia
540 1822 708 1850 itinerantes
723 1822 832 1850 collata
846 1826 913 1851 sunt
925 1845 934 1858 ,

153 1869 264 1896 scilicet
284 1869 420 1904 palmites
443 1869 578 1896 omnium
601 1869 759 1897 habituum
779 1869 931 1899 virtutum.

153 1915 345 1943 vercellensis
361 1924 514 1951 exponens
534 1916 595 1943 haec
620 1916 712 1944 verba
724 1937 733 1950 ,
760 1917 830 1944 dicit
846 1927 854 1944 .-
874 1928 887 1943 «
902 1920 933 1945 In

152 1963 210 1990 vite
224 1964 375 1998 putantur,
392 1962 423 1990 id
439 1965 495 1997 est,
508 1965 677 1990 resecantur
692 1966 850 1998 sarmenta,
867 1972 932 2000 quae

153 2009 174 2036 si
192 2009 223 2037 in
236 2017 305 2037 vere
319 2012 487 2041 manerent,
503 2009 631 2037 fructum
647 2010 860 2045 multiplicem,
879 2011 932 2038 sed

152 2057 250 2083 minus
265 2056 399 2083 nobilem
407 2056 581 2092 proferrent.
596 2056 641 2084 Sic
653 2057 774 2092 (inquit)
791 2057 821 2084 in
834 2060 932 2085 mente

153 2105 220 2131 sunt
236 2103 356 2131 virtutes
371 2105 397 2130 et
412 2104 510 2130 motus
522 2124 530 2135 ‚
547 2103 597 2139 qui
613 2103 672 2139 apti
688 2103 796 2131 suntin
812 2104 871 2131 vita
886 2112 932 2131 ac-

153 2150 214 2178 tiva
228 2150 418 2184 fructificare3
433 2150 486 2177 sed
501 2149 543 2177 illi
558 2149 668 2177 fructus
681 2150 780 2177 minus
794 2153 930 2186 reputan-

152 2200 198 2225 tur
223 2198 358 2233 respectu
379 2196 528 2224 fructuum
547 2197 614 2224 vitae
637 2197 872 2233 contemplativae
886 2199 895 2214 ⁷
923 2207 928 2224 :

152 2245 243 2272 Maria
258 2246 389 2279 optimam
402 2246 508 2279 partem
523 2245 600 2278 elegit
610 2266 619 2276 ,
635 2253 708 2278 quw,
725 2246 777 2271 etc.
794 2244 930 2272 Similiter

152 2291 315 2319 intellectus
330 2291 528 2327 speculativus
542 2291 699 2318 fructificat
713 2291 743 2318 in
759 2291 929 2319 divinorum

152 2339 320 2374 cognitione
346 2346 400 2374 per
425 2339 629 2365 creaturarum
652 2338 907 2373 investigationem
920 2349 928 2373 ;

152 2386 205 2413 sed
230 2386 280 2413 ille
300 2385 411 2413 fructus
426 2385 525 2412 minus
545 2385 655 2412 nobilis
670 2387 726 2420 est,
743 2385 813 2421 quia
836 2385 927 2421 {enig—

152 2432 277 2460 maticus
292 2434 344 2467 est,
360 2434 495 2468 respectu
510 2432 686 2467 cognitionis
700 2433 827 2460 unitivae.
845 2435 928 2467 Nam,

155 2479 225 2506 dicit
245 2479 401 2515 Dionysius
414 2480 442 2513 ⁵,
461 2489 474 2504 «
490 2482 532 2507 est
546 2479 652 2506 iterum
677 2479 861 2508 divinissima
876 2488 927 2508 co-

153 2526 245 2560 gnitio
268 2527 337 2561 Dei,
354 2535 415 2563 qua
430 2526 492 2562 ipse
512 2526 699 2562 cognoscitur
718 2535 772 2563 per
791 2527 927 2563 ignoran-

185 2600 190 2613 ¹
212 2600 299 2628 Beru.,
318 2599 347 2623 cle
360 2600 434 2630 ditty.
454 2601 512 2631 Deo,
528 2600 604 2632 louge
626 2604 685 2631 post
701 2601 769 2625 med.
786 2615 816 2619 —
834 2602 844 2618 ²
858 2602 926 2627 Pml.

153 2641 245 2660 va111.
270 2637 306 2659 w.
328 2647 356 2652 -·
375 2636 384 2652 ³
402 2636 485 2666 Cant,
510 2643 543 2667 ιν,
570 2639 591 2660 1.
611 2650 640 2654 -—
663 2637 670 2650 ⁴
693 2637 767 2667 lbid.‚
789 2644 816 2665 η,
843 2638 878 2661 12.
900 2651 925 2654 —

152 2672 183 2695 ι41
205 2672 335 2702 Petr.,1v,
355 2673 377 2696 8.
395 2686 424 2690 -
443 2674 451 2687 ⁶
468 2674 474 2696 l
494 2674 562 2704 Cor„
577 2679 634 2704 xm,
653 2675 675 2698 5.
689 2687 718 2691 —
734 2674 742 2689 ⁷
761 2675 828 2704 Luc„
844 2680 869 2704 x,
887 2675 924 2699 42.

1723 208 1782 238 457

1002 267 1074 296 tiam
1085 289 1092 302 ,
1115 270 1238 306 quando
1253 271 1364 300 scilicet
1378 280 1464 302 mens
1479 274 1517 301 ab
1538 273 1679 302 omnibus
1698 274 1782 303 intel-

1002 314 1181 344 lectualibus
1205 319 1233 345 et
1248 317 1484 354 intelligibilibus
1500 321 1657 356 recedens,
1674 324 1702 350 et
1717 324 1782 350 tan-

1002 361 1070 390 dem
1091 362 1218 399 seipsam
1241 366 1406 402 excedens,
1433 367 1534 395 unitur
1556 368 1649 396 radiis
1669 370 1783 398 aeternae

1002 408 1152 445 sapientiae
1164 431 1173 444 ,
1197 410 1395 441 inscrutabilis
1420 413 1640 449 profunditatis.
1654 426 1668 442 n
1686 417 1719 445 Et
1737 425 1782 445 se-

1002 455 1111 491 quitur.
1128 457 1268 491 «Quoties
1284 467 1354 495 ergo
1366 460 1692 496 superintellectualiter
1703 471 1783 492 exer-

1001 511 1103 531 cemur
1117 504 1157 532 ad
1176 504 1311 534 divinum
1331 507 1450 535 radium
1462 528 1471 541 ,
1488 507 1572 536 toties
1598 517 1674 546 opus
1689 513 1732 538 est
1750 513 1783 539 ut

1000 557 1168 579 resecemus
1189 552 1404 582 intellectuales
1420 555 1625 591 operationes,
1649 559 1682 584 ut
1696 557 1783 586 docet

1002 597 1158 634 Dionysius
1173 600 1270 635 primo
1286 601 1318 628 de
1332 602 1450 636 Mystica
1467 602 1624 638 Theoloqz'a3
1637 605 1665 631 et
1679 604 1781 634 simili-

1000 644 1044 671 ter
1068 646 1270 674 creaturarum
1293 647 1520 682 similitudines,
1541 650 1573 677 ut
1597 650 1728 680 innuitur
1750 652 1781 680 in

999 692 1112 726 Exodo,
1131 693 1182 721 ubi
1209 693 1321 722 dietum
1342 695 1396 723 fuit
1420 697 1512 732 Moysi
1527 697 1537 714 ⁹
1553 706 1560 724 :
1577 698 1654 726 Solve
1678 700 1781 727 calcea-

999 741 1089 766 menta
1098 740 1130 767 de
1141 740 1272 775 pedibus.
1288 741 1378 770 Pedes
1393 744 1461 770 sunt
1475 743 1638 772 intellectus
1653 747 1681 774 et
1695 746 1780 774 affec-

999 785 1062 820 tus.
1080 786 1191 823 quibus
1215 788 1334 824 spiritus
1348 790 1448 818 noster
1467 791 1507 818 ad
1521 793 1664 820 aeternum
1688 794 1781 822 Deum

1000 833 1128 868 accedit,
1144 836 1176 862 ut
1198 843 1287 871 supra
1303 835 1414 864 dictum
1430 838 1482 864 est.
1505 838 1558 872 Qui
1578 838 1670 874 pedes
1692 847 1780 868 mun·

1000 878 1092 907 dandi
1109 882 1177 908 sunt
1191 881 1229 909 ab
1252 883 1393 911 omnibus
1411 884 1555 920 pellibus,
1572 885 1603 912 id
1622 887 1682 920 est,
1700 894 1781 915 crea-

998 927 1133 955 turarum
1148 928 1391 958 similitudinibus
1402 952 1411 965 ,
1435 939 1511 967 quos
1527 932 1641 968 Sponsa
1662 933 1735 962 dixit
1748 942 1779 963 se

997 973 1111 1002 lavasse
1134 975 1165 1003 in
1193 976 1315 1005 Canticz's
1335 978 1366 1012 ¹0,
1391 978 1444 1006 ubi
1469 979 1540 1007 dicit
1562 981 1778 1010 vercellensis:

1001 1022 1113 1049 «Pedes
1131 1031 1221 1058 meos,
1248 1023 1279 1051 id
1301 1026 1344 1052 est
1365 1025 1505 1053 affectum
1530 1028 1558 1054 et
1579 1027 1777 1064 intellectum,

998 1068 1107 1103 quibus
1123 1070 1219 1106 carpsi
1229 1070 1333 1099 itinera
1345 1072 1523 1108 aeternitatis,
1536 1075 1593 1101 lavi
1601 1077 1628 1102 et
1640 1076 1776 1111 purgavi,

997 1115 1044 1143 vel
1069 1117 1224 1152 purificavi
1247 1128 1253 1146 ε
1270 1120 1400 1154 quomodo
1421 1122 1521 1147 iterum
1542 1123 1691 1156 inquinabo
1716 1125 1777 1151 illos

997 1163 1111 1191 umbris
1126 1166 1153 1191 et
1166 1165 1348 1200 imaginibus
1364 1167 1592 1204 temporalium,
1605 1177 1673 1197 cum
1688 1170 1777 1198 etiam

995 1209 1207 1239 intellectuales
1223 1213 1412 1248 operationes
1424 1216 1451 1241 et
1465 1214 1569 1242 formae
1582 1215 1612 1243 in
1625 1216 1682 1244 hoc
1697 1217 1776 1250 loco,

995 1255 1028 1283 id
1043 1259 1104 1290 est,
1121 1259 1403 1294 superintellectuali
1427 1262 1565 1290 exercitio
1576 1284 1585 1297 ,
1605 1265 1777 1299 reputentur

995 1304 1109 1332 umbrae
1126 1307 1153 1333 et
1169 1306 1352 1334 offendicula
1363 1308 1377 1334 ἰ)
1388 1317 1401 1333 »
1419 1309 1483 1335 l-laec
1500 1308 1559 1337 ille.
1576 1311 1608 1338 Et
1621 1310 1683 1338 haec
1698 1311 1777 1338 suffi-

995 1351 1074 1378 ciant
1091 1360 1146 1387 pro
1162 1354 1270 1388 quarto
1286 1353 1389 1382 itinere
1405 1355 1582 1383 aeternitatis.

1010 1470 1059 1506 DE
1097 1472 1237 1511 QUINTO
1274 1473 1427 1510 ITINERE
1466 1476 1754 1524 AETERNITATIS,

1064 1560 1132 1582 QUOD
1145 1561 1189 1580 EST
1199 1562 1361 1583 AETERNORUM
1374 1564 1486 1584 OCCULTA
1498 1566 1640 1586 REVELATIO
1653 1559 1700 1595 (a).

1028 1635 1169 1667 Quintum
1185 1637 1274 1672 igitur
1289 1639 1473 1674 aeternitatis,
1489 1648 1543 1676 per
1557 1642 1641 1677 quod
1656 1643 1774 1679 spiritus

990 1683 1090 1709 noster
1105 1682 1185 1711 venit
1205 1684 1245 1711 ad
1264 1684 1458 1714 intrinsecum
1481 1690 1626 1716 secretum
1647 1692 1674 1718 et
1693 1692 1775 1718 aeter-

990 1735 1063 1755 num
1083 1730 1251 1758 manerium
1273 1732 1389 1760 Domini
1415 1735 1503 1768 Jesu,
1530 1736 1572 1762 est
1595 1737 1774 1765 aeternorum

990 1775 1106 1803 occulta
1128 1777 1279 1806 revelatio.
1298 1780 1504 1808 Revelationes
1531 1784 1630 1810 autem
1651 1785 1773 1813 aeterno-

988 1829 1056 1849 rum
1066 1825 1134 1850 sunt
1144 1824 1360 1854 studiosissime
1373 1827 1597 1856 considerandae
1612 1831 1640 1857 et
1655 1831 1772 1860 assidue

988 1869 1175 1898 ruminandae
1190 1881 1196 1899 :
1213 1872 1295 1908 quia,
1310 1873 1384 1901 sicut
1397 1874 1466 1902 dicit
1477 1876 1684 1905 Vercellensis:
1702 1888 1715 1903 «
1725 1880 1773 1906 As-

988 1915 1075 1944 sidua
1111 1918 1329 1947 revelationum
1369 1921 1567 1957 spiritualium
1612 1925 1771 1953 ruminatio

985 1963 1097 1999 praebet
1116 1965 1269 1994 assiduum
1285 1968 1496 2002 ,cognitionum
1512 1971 1540 1997 et
1556 1971 1771 2000 exultationum

987 2011 1092 2038 mentis
1107 2011 1322 2041 incrementum
1340 2024 1346 2041 :
1364 2025 1377 2040 »
1395 2017 1422 2043 et
1438 2024 1473 2044 ex
1493 2016 1550 2044 hoc
1566 2025 1718 2046 excessum
1734 2028 1771 2047 ae-

987 2058 1150 2093 ternorum,
1160 2061 1187 2086 et
1195 2059 1360 2095 ingressum
1371 2062 1558 2090 occultorum
1567 2065 1768 2101 consequitur.

1023 2105 1094 2131 Sunt
1109 2107 1208 2133 autem
1224 2106 1262 2133 ad
1277 2107 1422 2142 majorem
1436 2109 1524 2144 hujus
1539 2110 1650 2138 itineris
1668 2113 1770 2147 cogni-

984 2150 1097 2178 tionem
1113 2154 1226 2187 septem
1242 2154 1460 2183 consideranda
1474 2165 1528 2192 per
1543 2157 1690 2186 ordinem.

1023 2198 1130 2233 Primo,
1142 2200 1269 2235 qualiter
1284 2201 1337 2229 iter
1350 2203 1471 2230 occultae
1487 2204 1676 2233 revelationis
1690 2208 1769 2234 aeter-

986 2252 1110 2280 norum,
1126 2246 1180 2274 iter
1195 2247 1374 2276 charitativae
1389 2249 1552 2278 affectionis
1567 2255 1716 2287 sequatur.

1021 2293 1172 2328 Secundo,
1197 2294 1324 2330 qualiter
1351 2297 1492 2325 revelatio
1517 2300 1694 2327 aeternorum
1718 2308 1768 2328 oc-

986 2339 1064 2366 culta
1080 2339 1204 2374 dicatur,
1220 2343 1248 2368 et
1262 2342 1389 2377 qualiter
1405 2343 1612 2379 distinguatur.

1020 2386 1132 2421 Tertio,
1148 2387 1274 2422 qualiter
1289 2397 1342 2425 per
1363 2390 1533 2419 sensibilem
1554 2392 1765 2421 revelationem

984 2432 1101 2468 spiritus
1130 2436 1229 2462 noster
1253 2435 1290 2463 ad
1321 2444 1471 2464 accessum
1499 2440 1676 2467 aeternorum
1698 2440 1772 2467 mit-'

983 2481 1068 2507 tatur.

983 2568 1012 2572 -
1028 2556 1035 2567 ’³
1050 2555 1136 2585 Dion„
1151 2556 1182 2579 (le
1200 2556 1254 2581 Dm.
1269 2557 1353 2583 Nam..
1369 2565 1390 2582 c.
1406 2564 1450 2588 vii,
1462 2561 1518 2589 post
1532 2560 1598 2583 nied.
1611 2573 1640 2578 -—
1651 2561 1660 2577 ⁹
1672 2561 1761 2593 Erod.‚

983 2596 1023 2620 111,
1039 2593 1061 2615 ὅ,
1073 2604 1104 2609 --
1120 2593 1137 2606 ¹⁰
1154 2593 1237 2621 Cant„
1254 2599 1277 2622 v,
1295 2594 1316 2618 3.

1015 2639 1049 2698 ([ιέ
1065 2640 1125 2663 Caet.
1140 2640 1199 2664 edit
1214 2647 1265 2665 non
1278 2641 1374 2665 habent
1384 2642 1450 2673 quod
1461 2645 1496 2666 est
1508 2645 1656 2668 (eternorum
1667 2645 1761 2670 occulta

984 2681 1038 2698 reve
1051 2676 1111 2699 atio.
