2004 3037
224 175 263 204 '14
563 173 821 207 COMPENDIUM
847 174 1106 208 THEOLOGICAE
1127 177 1353 210 VEIuTA'rls.
1376 178 1452 210 LIB.
1476 179 1500 211 I.

223 240 310 277 quari
319 241 413 277 possit
425 241 457 269 in
469 241 642 276 hujusmodi
656 242 801 278 Creatori,
821 242 854 271 in
863 243 1003 280 pluribus

222 288 322 315 tamen
335 287 409 315 locis
423 289 482 322 est,
501 287 534 315 id
548 289 591 316 est
604 288 660 317 sub
685 288 810 318 diversis
828 289 934 318 hostiis
950 299 957 318 ε
973 293 1002 320 et

221 335 280 363 hoc
303 337 346 364 est
364 336 486 372 propter
505 335 649 364 unionem
674 336 771 365 carnis
793 337 833 365 ad
852 338 1000 374 Verbum,

221 382 302 410 unde
312 382 417 410 merito
427 382 518 411 habet
527 383 667 420 amplius,
679 391 772 420 quam
783 384 842 412 alia
854 387 1000 421 creatura,

221 428 347 464 scilicet,
363 429 447 465 quod
461 429 493 458 in
511 429 585 458 locis
598 429 738 466 pluribus
756 432 850 468 possit
863 440 936 460 esse.
959 434 1000 461 Ex

220 474 367 511 praedictis
380 477 476 512 patet,
502 477 586 513 quod
605 485 668 506 esse
691 478 804 515 ubique
829 478 1002 515 simpliciter

221 521 275 549 soli
291 522 428 551 convenit
442 523 571 552 Creatori
581 534 590 560 ;
617 524 670 552 sed
691 524 722 553 in
745 525 813 554 loco
833 534 894 554 uno
916 534 979 554 esse
991 547 999 561 ,

221 569 360 597 convenit
374 571 524 598 creaturae.
540 571 572 599 ln
586 571 723 607 pluribus
737 580 810 600 vero
825 573 898 601 locis
917 581 997 608 esse,

220 615 274 644 sed
288 624 350 644 non
363 616 476 653 ubique
486 638 494 651 ,
510 618 650 646 convenit
663 619 782 655 corpori
796 620 863 648 Jesu
883 620 998 649 Christi.

255 664 328 691 Nota
351 663 435 699 quod
455 665 529 692 Deus
548 666 591 692 est
614 664 816 702 multipliciter
838 666 870 694 in
893 667 998 702 rebus,

219 709 330 738 scilicet
344 719 351 739 :
366 718 420 747 per
433 713 571 739 naturam
581 733 590 747 ,
606 713 635 740 et
648 712 690 740 sic
709 715 751 740 est
765 713 878 749 ubique
892 715 998 750 poten-

220 756 336 791 tialiter,
360 758 594 794 prmsentialiter,
622 759 823 788 essentialiter.
851 762 921 789 Item
945 769 1000 798 per

221 804 365 838 gratiam,
384 804 426 832 sic
445 807 487 832 est
505 805 536 832 in
551 805 661 833 bonis¹
679 815 686 833 z
709 807 764 840 Qui
786 811 875 835 manet
898 809 927 835 in
942 816 996 840 me,

220 853 245 878 et
260 858 306 885 eqo
321 852 351 878 in
365 859 410 884 eo,
425 852 486 886 hic,
501 854 555 880 etc.
581 854 650 880 Item
664 861 719 889 per
739 853 885 889 gloriam,
900 854 941 882 sic
957 857 999 882 est

220 898 250 926 in
264 899 402 927 rationali
416 900 522 929 virtute
538 901 644 929 animae
655 922 664 936 ,
681 903 712 929 ut
731 902 860 937 veritas;
877 902 908 930 in
929 911 999 930 con-

219 946 396 982 cupiscibili,
412 949 444 975 ut
454 947 586 981 bonitas;
602 947 632 975 in
646 947 797 983 irascibili,
813 951 845 976 ut
857 950 996 985 potestas.

218 993 289 1021 Item
304 1001 357 1029 per
370 993 513 1022 unionem
520 1003 528 1029 3
542 994 583 1022 sic
596 993 651 1022 fuit
663 994 786 1029 injutero
798 995 923 1031 Virginis
935 995 1000 1023 uni-

218 1041 264 1067 tus
278 1039 416 1069 humanae
431 1042 560 1074 naturae,
581 1043 609 1068 et
624 1041 654 1068 iu
668 1041 806 1077 sepulcro
823 1042 921 1070 unitus
934 1051 997 1070 car-

219 1086 266 1121 ni,
291 1089 319 1114 et
342 1086 374 1115 in
395 1086 510 1115 inferno
534 1087 634 1115 unitus
655 1088 762 1116 animae
791 1089 904 1117 Christi.
927 1091 998 1118 Item

219 1134 293 1161 Deus
308 1133 414 1161 dicitur
433 1142 495 1162 esse
511 1134 620 1162 alieubi
641 1143 694 1171 per
709 1135 894 1164 occultorum
915 1145 999 1165 reve-

217 1179 373 1214 lationem;
390 1181 420 1208 in
432 1181 534 1209 Genesi
546 1182 556 1197 ²
571 1192 577 1210 ι
598 1183 665 1209 Vere
677 1184 749 1210 Deus
764 1186 802 1210 est
818 1185 848 1210 in
864 1184 919 1211 Ioco
935 1186 996 1211 islo.

217 1227 288 1254 Item
306 1235 358 1263 per
377 1228 570 1263 vestigiorum
594 1228 657 1263 ejus
675 1229 869 1257 excellentem
893 1238 998 1266 reprae-

217 1274 425 1307 sentationem3
441 1274 482 1302 sic
506 1275 613 1302 «licitur
629 1283 691 1303 esse
706 1275 737 1303 in
752 1276 845 1310 coelo,
861 1277 932 1312 quia
955 1277 996 1305 ibi

217 1320 346 1348 maxime
361 1321 472 1349 relucet
486 1330 541 1350 sua
559 1323 708 1358 potentia,
723 1323 867 1359 sapientia
879 1344 888 1357 ,
910 1324 996 1352 honi-

217 1369 270 1395 tas.
287 1368 357 1395 ltem
371 1376 424 1404 per
439 1371 550 1396 naturae
572 1369 771 1403 identitatem,
793 1370 868 1398 sicut
890 1373 932 1399 est
956 1372 998 1399 Fi-

217 1413 312 1442 liusin
325 1416 418 1449 Patre,
432 1417 460 1442 et
473 1417 554 1443 Pater
565 1416 595 1443 in
609 1416 692 1450 Filio,
702 1418 730 1444 et
745 1417 868 1453 Spiritus
880 1421 997 1446 sanetus

217 1460 247 1487 in
271 1463 405 1497 utroque.
433 1463 502 1489 Item
530 1471 583 1498 per
612 1463 824 1491 miraculorum
849 1465 997 1500 operatio-

217 1516 300 1542 nem3
323 1508 353 1535 in
369 1508 471 1536 Exodo
484 1510 493 1525 ³
511 1518 516 1536 :
535 1511 645 1543 Difficus
663 1510 711 1537 Dei
726 1514 764 1537 est
781 1511 832 1538 hic.
856 1513 926 1539 Item
943 1520 997 1548 per

217 1555 472 1583 conservationem
492 1557 520 1583 et
544 1556 810 1592 gubernationem,
838 1558 879 1585 sic
900 1561 942 1586 est
967 1559 997 1587 in

216 1602 340 1630 mundo.
357 1604 426 1630 Item
442 1604 516 1631 Deus
530 1606 572 1631 est.
586 1603 616 1630 in
627 1603 724 1639 seipso
737 1607 768 1632 ut
783 1616 798 1630 2
813 1608 840 1633 et
851 1618 878 1637 ω,
896 1614 998 1634 secun-

217 1649 289 1677 dum
301 1649 376 1677 illud
393 1659 399 1677 :

234 1724 278 1748 Dic
296 1724 339 1747 uhi
355 1725 415 1748 tunc
433 1726 513 1755 esset,
530 1732 587 1748 rum
606 1728 699 1756 pra-ter
714 1733 773 1749 eum
791 1727 852 1750 nihil
873 1731 948 1752 esset*

233 1761 303 1784 'I'uuc
316 1760 372 1790 ubi,
389 1768 457 1784 nuuc
472 1760 497 1784 iu
513 1768 554 1790 se,
571 1761 691 1792 quonium
712 1761 760 1785 sibi
775 1762 867 1787 suflicit
884 1764 946 1794 ipse⁴

253 1840 304 1867 Per
319 1840 402 1875 quod
427 1842 506 1876 patet
531 1840 639 1868 solutio
663 1842 833 1877 quaesti0nis
854 1851 997 1879 quorum-

217 1886 287 1913 dam
302 1886 483 1922 simpliCium
495 1909 503 1921 ‚
521 1888 571 1923 qui
589 1891 738 1923 quaerunt,
754 1889 806 1916 ubi
822 1891 896 1917 Deus
911 1891 997 1919 fuerit

216 1933 390 1969 priusquam
405 1934 536 1961 mundus
557 1937 648 1970 esset,
672 1936 724 1963 ubi
740 1938 808 1963 tuuc
827 1940 918 1971 esset,
941 1941 994 1966 etc.

217 1982 287 2008 Item
312 1980 373 2016 ipse
394 1983 436 2008 est
456 1981 486 2008 in
508 1982 642 2016 mundo,
664 1983 738 2010 sicut
762 1991 811 2010 rex
837 1984 866 2011 in
891 1993 993 2019 regno.

218 2027 381 2054 Bernardus
396 2036 402 2054 ε
424 2039 436 2052 «
453 2029 526 2055 Deus
542 2028 654 2065 ubique
669 2033 790 2065 regnat,
808 2031 919 2067 ubique
938 2032 995 2059 im-

216 2075 319 2108 perat,
341 2074 453 2110 ubique
476 2075 614 2110 majestas
629 2077 692 2111 ejus
707 2077 809 2105 omnia
834 2077 946 2113 replet,
970 2081 997 2106 et

217 2120 419 2156 complectitur
435 2121 581 2149 universa.
596 2132 608 2146 n
628 2124 697 2150 Item
712 2123 741 2150 in
756 2124 882 2159 angelo,
899 2127 930 2152 ut
947 2125 995 2152 dc—

217 2175 283 2199 cor;
306 2167 336 2194 iu
361 2171 504 2203 quantum
527 2169 653 2203 veritas,
679 2170 708 2197 in
729 2171 849 2205 anima,
872 2174 898 2198 et
922 2172 996 2199 sicut

216 2222 314 2249 sapor,
341 2215 370 2241 iu
395 2218 539 2250 quantum
565 2217 692 2244 bonitas
720 2219 790 2245 Item
813 2219 842 2245 in
868 2220 996 2247 Ecclesia

217 2263 278 2294 est,
295 2261 368 2288 sicut
382 2262 594 2297 paterfamilias
609 2263 639 2289 in
655 2263 762 2298 ‹lomo;
780 2265 859 2292 unde
876 2266 949 2293 illud
964 2266 972 2280 '⁴
987 2276 993 2293 :

218 2308 282 2334 Erec
298 2316 343 2341 eqo
358 2309 489 2335 vobiscum
504 2317 563 2336 sum
586 2318 668 2344 usqne
690 2311 726 2337 ‹er
745 2315 995 2339 consummationem

217 2356 321 2382 soeculi.
345 2357 415 2383 Item
442 2357 469 2383 iu
493 2357 608 2390 electi-⁸3
634 2360 665 2385 ut
688 2358 828 2386 liberator
852 2368 869 2386 a
892 2361 993 2394 malis,

218 2401 336 2436 adjutor
353 2402 382 2429 in
398 2403 500 2437 l›onis;
517 2406 545 2431 et
559 2404 615 2431 hoe
631 2407 673 2431 cst
688 2405 769 2440 quod
786 2405 855 2432 dicit
875 2408 994 2433 {lornar-

218 2447 273 2474 dus
289 2449 297 2464 ³
315 2457 320 2475 :
338 2459 351 2474 (ι
367 2451 441 2476 Deus
456 2451 498 2477 est
513 2450 542 2477 in
558 2451 697 2478 creaturis
713 2452 873 2486 mirabilis3
897 2453 926 2479 iu
944 2453 995 2480 ho-

218 2494 348 2522 minibus
363 2495 519 2531 amabilis3
538 2496 566 2524 in
582 2497 694 2531 angelis
715 2498 919 2525 desiderabilis
933 2509 938 2531 ;
965 2500 994 2526 in

218 2540 313 2576 seipso
336 2542 658 2579 incomprehensibilis3
684 2544 714 2571 in
733 2545 869 2580 reprobis
892 2545 995 2573 intole-

251 2638 352 2669 *Joan.‚
367 2646 409 2671 xv,
422 2643 445 2665 5.
455 2654 485 2659 --
500 2642 508 2656 2
520 2642 591 2674 Gen„
606 2648 700 2674 xxvuz,
716 2645 751 2668 ¹5.
764 2657 794 2661 —
805 2644 814 2660 ³
826 2643 919 2673 Exod.,
937 2649 993 2674 vui,

1056 244 1170 274 rabilis.
1182 255 1197 272 n
1213 247 1284 274 Item
1295 246 1327 274 in
1341 245 1500 281 damnatis,
1515 248 1549 274 ut
1561 248 1657 275 terror
1669 248 1699 276 et
1710 247 1835 284 horton

1056 292 1237 327 Augustinus
1250 302 1257 321 :
1276 302 1291 319 «ι
1303 293 1359 327 Qui
1373 295 1401 321 te
1415 292 1552 328 dimittit,
1567 301 1629 329 quo
1643 293 1680 329 it,
1693 293 1751 322 nisi
1771 302 1790 323 a
1806 296 1836 323 te

1055 337 1173 374 placato
1189 339 1229 368 ad
1247 341 1277 368 te
1298 339 1430 368 iratum?
1443 341 1508 368 Non
1529 340 1609 367 enim
1632 347 1759 369 manum
1780 343 1836 370 Do-

1055 385 1130 414 mini
1141 394 1301 423 possumus
1311 386 1453 423 effugere.
1463 386 1598 415 Psalmus
1605 388 1616 405 ⁶
1627 396 1635 415 :
1645 387 1679 415 Si
1691 388 1834 416 ascendero

1055 434 1086 460 in
1099 433 1204 468 coelum,
1213 436 1254 468 tu,
1269 434 1325 461 etc.
1340 433 1369 462 Si
1384 441 1456 462 vero
1469 433 1632 469 dubitatur,
1648 436 1748 462 utrum
1760 435 1836 464 Deus

1054 479 1132 508 sitin
1144 480 1280 515 diabolo,
1293 480 1450 509 sciendum
1463 481 1549 517 quod
1559 481 1699 517 quoedam
1712 482 1836 511 nomina

1055 529 1139 562 sunt,
1162 536 1229 564 quae
1259 527 1422 564 important
1448 530 1584 564 naturas,
1611 531 1701 565 prout
1723 532 1836 558 naturoe

1054 576 1122 603 sunt
1138 583 1145 602 z
1160 574 1191 602 in
1204 574 1251 602 his
1264 574 1492 604 concedendum
1506 577 1550 603 est
1563 576 1648 612 quod
1661 578 1737 604 Deus
1746 576 1835 612 insit,

1054 625 1122 650 sunt
1140 622 1199 651 alla
1217 631 1272 660 per
1301 631 1368 659 quae
1387 623 1593 659 intelliguntur
1613 624 1834 659 deformitates,

1055 672 1087 698 ut
1100 669 1240 698 diabolus
1251 679 1258 698 :
1271 670 1309 699 de
1323 671 1434 707 quibus
1445 679 1508 699 non
1519 672 1563 699 est
1576 671 1739 699 dicendum
1750 671 1834 708 quod

1055 717 1131 744 Deus
1145 717 1226 751 insit,
1239 717 1297 745 nisi
1313 717 1441 746 addatur
1457 727 1464 746 ε
1483 727 1498 744 ι(
1508 718 1539 746 in
1554 721 1701 755 quantum
1715 718 1834 755 spiritus
1863 748 1869 751 ,

1054 765 1108 798 cst,
1118 773 1131 789 n
1150 763 1198 791 vel
1212 763 1328 800 aliquid
1341 764 1410 792 tale.
1427 766 1501 792 Deus
1517 767 1561 793 est
1573 765 1604 793 in
1618 765 1719 794 anima
1732 765 1813 793 fideli
1823 787 1832 801 ‚

1054 812 1086 837 ut
1100 817 1227 846 sponsus
1240 810 1271 838 in
1286 810 1436 846 thalamo,
1454 819 1507 839 rex
1529 811 1563 849 in
1574 819 1668 848 regno
1679 833 1688 847 ,
1700 812 1788 840 turris
1801 812 1833 839 in

1054 858 1165 890 castro;
1180 857 1251 884 item
1273 857 1348 885 sicut
1369 857 1509 892 magister
1523 857 1554 885 in
1568 858 1698 893 scholis,
1721 858 1788 886 sous
1802 858 1833 886 in

1053 903 1163 938 hortis,
1179 903 1231 931 lux
1246 903 1277 931 in
1290 903 1420 931 tenebris
1429 913 1437 938 ;
1453 904 1526 932 item
1543 904 1619 932 sicut
1633 904 1787 933 thesaurus
1801 905 1833 932 in

1055 957 1143 986 agro,
1159 950 1263 978 vinum
1278 950 1308 977 in
1321 950 1443 978 cellario
1455 971 1465 985 ,
1480 950 1681 979 carbunculus
1695 951 1725 979 in
1740 959 1830 987 auro3

1054 997 1123 1025 item
1138 997 1212 1025 sicut
1226 1004 1338 1025 manna
1352 997 1382 1024 In
1398 1004 1487 1031 arca,
1511 993 1643 1032 sigillum
1657 998 1688 1025 in
1711 997 1831 1032 charta,

1054 1044 1202 1072 medicina
1222 1043 1253 1071 in
1279 1043 1425 1080 apotheca
1434 1052 1443 1078 ;
1466 1043 1536 1071 item
1566 1044 1641 1072 sicut
1664 1044 1777 1072 cithara
1801 1044 1832 1072 in

1054 1090 1191 1118 convivio
1203 1112 1212 1125 ‚
1227 1091 1327 1126 imago
1342 1090 1373 1118 in
1387 1090 1510 1127 speculo
1521 1111 1530 1124 ‚
1543 1090 1604 1118 mel
1616 1090 1647 1118 in
1661 1090 1745 1125 t'avo;
1761 1084 1832 1119 item

1054 1138 1128 1166 sicut
1141 1137 1252 1165 fructus
1266 1138 1297 1165 in
1311 1137 1436 1173 arbore,
1453 1137 1553 1165 oleum
1572 1137 1603 1165 in
1617 1137 1775 1174 lampade,
1798 1137 1832 1166 li-

1054 1185 1127 1212 lium
1142 1184 1171 1212 in
1186 1184 1331 1213 convalle.

1249 1278 1433 1312 CAPUT
1473 1278 1632 1311 XVIII.

1296 1352 1333 1378 De
1352 1351 1511 1378 AElernitate
1531 1351 1588 1377 Dei.

1089 1421 1167 1449 Sicut
1183 1423 1256 1449 Deus
1275 1419 1389 1456 ubique
1405 1421 1464 1454 est,
1486 1421 1514 1447 et
1537 1421 1638 1446 tamen
1658 1419 1742 1446 nullo
1763 1419 1831 1447 loco

1054 1467 1315 1502 circumscribitur,
1329 1466 1377 1494 vel
1389 1465 1570 1500 continetur;
1587 1465 1628 1494 sic
1641 1467 1768 1493 aeternus
1779 1467 1831 1500 est,

1054 1518 1082 1543 ct
1097 1518 1195 1542 tamen
1210 1513 1294 1541 nullo
1311 1516 1443 1549 tempore
1460 1515 1660 1540 mensuratur.
1674 1514 1737 1540 Non
1752 1512 1831 1540 enim

1055 1563 1079 1589 ei
1102 1560 1241 1597 competit
1261 1562 1376 1596 tempus
1391 1567 1538 1596 proesens,
1562 1567 1617 1586 nec
1631 1559 1830 1594 praeteritum,

1054 1617 1108 1636 ncc
1124 1608 1264 1635 futurum.
1278 1608 1349 1634 Nam
1363 1609 1478 1642 tempus
1491 1613 1620 1642 praesens
1631 1613 1754 1633 manens
1768 1613 1831 1633 esse

1054 1664 1114 1684 non
1125 1655 1229 1689 habet,
1247 1654 1319 1690 quia
1328 1653 1502 1689 pertransit;
1519 1653 1593 1679 Deus
1601 1654 1701 1680 autem
1715 1660 1844 1688 semper·

1053 1704 1151 1730 manet
1165 1701 1255 1729 idem.
1273 1700 1353 1727 lTndc
1369 1699 1494 1727 Hilarius
1511 1708 1518 1726 z
1539 1710 1551 1723 u
1568 1700 1635 1726 Esse
1650 1706 1710 1726 non
1726 1701 1768 1726 est
1782 1706 1830 1726 ac-

1053 1749 1154 1776 cidens
1170 1750 1227 1776 lleo
1241 1769 1249 1781 ‚
1265 1747 1317 1775 sed
1339 1746 1499 1774 subsistens
1514 1745 1621 1773 veritas
1632 1767 1641 1780 ,
1666 1748 1694 1774 et
1708 1753 1831 1774 manens

1054 1804 1152 1823 causa.
1162 1806 1175 1821 n
1194 1794 1329 1823 Similiter
1345 1796 1460 1828 tempus
1470 1793 1650 1828 proeteritum
1665 1792 1757 1820 modo
1770 1800 1831 1820 non

1054 1846 1110 1878 est,
1126 1851 1179 1870 nec
1195 1842 1284 1869 habet
1299 1849 1360 1868 esse
1377 1840 1555 1874 subsistens;
1573 1839 1626 1867 sed
1642 1839 1678 1867 de
1702 1841 1761 1867 Deo
1784 1839 1830 1867 di-

1053 1891 1127 1918 citur
1143 1890 1171 1917 in
1189 1888 1304 1916 Psalmo
1318 1889 1328 1905 7
1348 1897 1353 1915 :
1371 1889 1430 1923 Ipsi
1445 1888 1586 1922 peribunt,
1611 1889 1641 1913 tu
1663 1889 1752 1913 autem
1769 1894 1830 1921 per-

1055 1945 1151 1964 manes.
1174 1935 1310 1964 Similiter
1329 1937 1445 1970 tempus
1464 1933 1596 1960 futurum
1613 1940 1675 1960 non
1699 1935 1756 1967 est,
1778 1933 1829 1960 sed

1053 1985 1237 2020 expectatum
1255 1984 1328 2008 Deus
1343 1983 1443 2008 autem
1457 1987 1574 2015 semper
1586 1981 1637 2007 est.
1662 1979 1742 2007 [Inde
1758 1981 1829 2007 Mer-

1053 2031 1151 2058 curius
1165 2039 1170 2057 :
1190 2040 1204 2055 a
1214 2028 1282 2057 Sola
1296 2035 1401 2055 monas
1416 2029 1458 2054 est
1473 2038 1488 2052 α
1504 2029 1531 2054 et
1544 2038 1562 2051 ω
1573 2027 1634 2053 sine
1648 2036 1663 2051 αι
1679 2028 1706 2053 ct
1722 2037 1756 2061 ω,
1772 2026 1829 2054 hoc

1054 2080 1109 2111 est,
1130 2077 1201 2112 quia
1224 2077 1297 2103 Deus
1321 2076 1363 2102 cst
1382 2073 1563 2109 principium
1583 2073 1645 2100 sine
1666 2073 1827 2109 principio,

1053 2126 1081 2152 et
1092 2123 1159 2151 tinis
1167 2123 1228 2149 sine
1245 2122 1312 2149 tine.
1329 2122 1401 2149 Cum
1413 2121 1492 2148 enim
1507 2120 1633 2155 simplex
1649 2119 1828 2153 sitomuino,

1053 2179 1113 2198 non
1126 2170 1215 2197 habet
1227 2169 1255 2196 in
1269 2177 1298 2195 se
1309 2167 1490 2203 principium
1503 2165 1731 2200 contrarietatis,
1746 2166 1828 2201 quod

1053 2220 1095 2245 est
1109 2224 1198 2244 causa
1213 2214 1418 2250 corruptionis.
1435 2213 1511 2246 Quid
1521 2214 1619 2240 autem
1634 2212 1670 2239 sit
1684 2212 1830 2240 aeternitas

1052 2263 1215 2292 secundum
1231 2270 1303 2295 rem,
1318 2260 1473 2287 sciendum
1488 2259 1571 2295 quod
1586 2259 1706 2294 proprie
1722 2259 1828 2287 dicitur

1053 2309 1228 2338 diuturnitas
1243 2308 1304 2335 sinc
1318 2306 1464 2343 principio
1477 2327 1485 2340 ,
1503 2308 1529 2332 et
1544 2305 1605 2333 sine
1622 2305 1679 2333 fine
1695 2307 1723 2332 et
1735 2308 1828 2333 muta-

1053 2358 1162 2385 bilitate
1185 2365 1190 2382 :
1216 2357 1243 2382 et
1257 2354 1421 2381 secundum
1444 2353 1501 2380 hoc
1523 2352 1661 2379 convenit
1683 2352 1827 2380 {eternitas

1052 2404 1106 2432 soli
1123 2403 1229 2430 divium
1249 2403 1373 2434 naturae,
1390 2400 1419 2426 iu
1435 2407 1495 2434 qua
1511 2401 1551 2426 est
1575 2398 1751 2426 diuturnitas
1771 2399 1826 2426 im-

1052 2458 1162 2478 mensa.
1181 2447 1332 2476 xlltermtas
1346 2454 1416 2473 vero
1432 2445 1597 2485 secundum
1613 2445 1826 2480 etymologiam

1053 2497 1158 2524 dicitur
1173 2494 1256 2531 quasi
1272 2497 1349 2521 extra
1363 2495 1497 2523 terminos,
1512 2491 1583 2527 quia
1598 2491 1721 2519 termino
1735 2495 1824 2525 caret,

1052 2547 1112 2572 tam
1126 2541 1246 2575 initiali,
1271 2548 1362 2576 quam
1376 2539 1458 2567 finali
1475 2548 1481 2566 z
1497 2538 1550 2565 sed
1565 2537 1728 2565 seeundum
1750 2538 1826 2565 diffi-

1055 2609 1090 2631 19.
1104 2619 1134 2624 —
1151 2607 1156 2619 ¹
1173 2603 1273 2633 mmm,
1289 2608 1386 2633 xxviii,
1402 2604 1439 2626 20.
1454 2614 1482 2619 -
1497 2602 1506 2617 ἴ·
1519 2602 1605 2631 Rern„
1621 2601 1717 2632 Medil.,
1732 2608 1754 2625 e.
1768 2606 1825 2624 1.—

1054 2644 1062 2657 ¹³
1077 2641 1282 2668 Psal.cxxxv111,
1296 2641 1319 2663 8.
1332 2651 1362 2656 -
1378 2639 1385 2652 ⁷
1401 2637 1467 2662 Psal.
1483 2642 1517 2667 cr,
1532 2638 1571 2661 27„
