2004 3037
413 181 464 216 ΒΕ
485 178 840 215 SAGRAMENTORUM
861 178 1046 213 VIRTUTE.
1068 180 1156 213 CAP.
1178 179 1439 214 xxxv-XXXVI.

317 297 496 334 CAPUT
532 294 700 331 XXXV.

341 371 381 399 De
393 370 525 399 Extrema
541 369 680 397 Undione.

158 440 301 470 Mediator
314 439 365 469 Dei
377 441 408 468 et
419 438 577 468 hominnm
590 444 654 466 non
665 435 765 465 solum
775 438 901 465 vocatur

120 488 217 523 Iesus,
236 487 268 516 in
291 488 437 524 quantum
457 485 550 514 habet
570 483 687 513 salvare
699 504 708 517 ‚
731 483 786 512 sed
809 483 900 512 etiam

123 534 265 570 christus,
278 533 313 562 in
325 534 471 570 quantum
491 531 583 560 nabet
606 530 752 559 unctionis
772 530 900 566 gratiam

121 581 154 610 in
166 580 242 610 alios
254 579 434 610 diffundere.
447 578 552 607 'ri-ibus
567 577 684 606 vicibus
695 577 833 606 inunctus
846 576 902 606 fuit

121 627 216 657 navid
231 635 239 656 :
253 627 353 665 primo
373 626 406 654 in
421 626 515 654 domo
528 624 621 662 patris
635 625 681 653 sui
695 625 716 660 ¹,
735 624 767 652 in
781 624 900 660 signum

120 674 206 712 regni
218 673 310 703 futuri
326 683 334 702 :
349 673 412 702 haec
432 672 578 709 significat
592 672 765 700 unctionem
778 671 810 700 in
823 671 900 708 bap-

121 721 208 750 tismo
217 731 228 758 ς
249 721 383 750 secundo
407 720 439 749 in
465 719 584 748 nebron
597 720 608 736 ²
622 726 712 755 super
729 718 836 748 Iudam
846 739 856 754 ‚
872 721 901 747 et

119 770 224 805 postea
237 767 332 796 multa
343 767 424 796 bella
437 767 543 796 habuit
559 777 566 795 :
582 766 645 794 haec
665 766 813 802 significat
827 774 900 794 unc-

119 815 231 844 tionem
259 815 290 843 in
321 814 548 844 confirmatione
566 823 574 849 3
603 813 706 848 tertio,
735 813 842 841 iterum
868 813 899 841 in

121 861 239 891 Hebron
258 870 348 899 super
371 869 493 890 omnem
509 860 598 890 lsrael
613 861 644 895 ³,
658 862 727 897 post
749 860 826 888 hanc
848 868 900 888 au-

120 911 181 938 tem
192 909 223 937 in
237 917 311 946 pace
324 909 458 945 regnavit
473 917 480 936 :
494 908 555 936 haec
569 907 715 944 signifieat
728 907 900 936 unctionem

120 955 152 984 in
165 956 314 985 extremis.

156 1004 196 1032 De
218 1002 383 1031 substantia
405 1002 496 1038 hujus
523 1001 700 1030 sacramenti
721 1003 790 1029 sunt
811 1001 899 1038 quin-

120 1057 198 1086 que:
210 1049 343 1086 primum
353 1051 406 1084 est,
419 1048 505 1085 quod
515 1048 594 1076 hanc
604 1048 777 1076 unctionem
788 1048 899 1076 faciens

118 1095 156 1124 sit
169 1095 309 1125 sacerdos
317 1105 326 1131 ;
342 1096 508 1124 secundum
521 1098 563 1124 est
573 1095 697 1123 intentio
709 1095 829 1131 debita3
843 1097 899 1124 ter-

118 1142 194 1171 tium
213 1145 257 1171 est
275 1143 400 1171 materia
421 1142 542 1177 debita,
563 1142 673 1170 scilicet
691 1142 794 1171 oleum
815 1142 898 1170 infir-

118 1197 258 1225 morum;
283 1192 424 1226 quartum
447 1192 491 1218 est
511 1189 609 1218 forma
629 1189 812 1225 verborum,
835 1189 898 1218 haec

119 1236 249 1265 scilicet:
273 1239 326 1265 Per
347 1239 430 1265 istam
448 1239 618 1272 unctionem,
633 1239 700 1271 etc„
723 1245 816 1273 quam
837 1236 898 1265 for-

118 1291 200 1313 mam
209 1283 308 1312 dicere
319 1284 408 1312 debet
421 1284 591 1320 injungens;
603 1283 740 1320 quintum
755 1286 798 1312 est
812 1284 897 1313 locus

118 1331 328 1366 inungendus,
347 1330 419 1368 quia
432 1331 465 1359 fit
479 1331 519 1359 ad
534 1331 638 1359 oculos
649 1352 658 1366 ,
677 1331 718 1359 ad
736 1339 841 1366 aures,
857 1332 896 1360 ad

117 1386 205 1407 nares
214 1399 225 1413 ,
239 1378 279 1407 ad
293 1387 327 1407 os
336 1399 343 1412 ,
360 1378 401 1406 ad
414 1378 551 1412 lumbos,
566 1380 594 1406 et
607 1377 647 1406 ad
660 1386 783 1413 manus,
799 1381 852 1407 etc.

153 1426 186 1454 ln
199 1425 257 1454 hoc
278 1427 465 1453 sacramento
486 1425 584 1452 forma
601 1424 764 1453 verborum
784 1428 827 1454 est
845 1426 896 1453 de-

117 1471 268 1508 precativa
279 1493 288 1507 ‚
307 1471 379 1508 quia
397 1471 476 1499 istud
494 1473 711 1499 sacramentum
735 1471 823 1500 debet
844 1480 895 1500 va-

117 1519 179 1548 lere
191 1527 244 1555 per
258 1519 424 1548 orationem
438 1519 582 1554 Ecclesiae,
598 1522 625 1547 et
636 1527 690 1555 per
701 1520 828 1548 modum
839 1521 897 1548 sui-

116 1565 225 1602 fragii:
245 1566 334 1594 datur
352 1566 432 1594 enim
452 1565 492 1594 ad
510 1565 648 1594 effectum
659 1586 670 1600 ,
694 1575 785 1603 quem
802 1567 895 1596 homo

117 1621 170 1650 per
184 1613 307 1650 propria
328 1621 420 1650 opera
433 1615 533 1649 posset
552 1613 714 1649 consequi,
735 1614 792 1642 nisi
810 1615 894 1643 infir-

116 1660 203 1689 mitas
216 1660 383 1697 impediret.
401 1660 483 1688 Unde
497 1662 568 1688 nota
582 1660 667 1696 quod
683 1661 715 1688 in
729 1661 788 1689 alio
800 1662 836 1697 (ιι)
851 1670 896 1690 sa-

115 1709 266 1735 cramento
279 1706 442 1735 verborum
462 1706 558 1735 forma
572 1714 635 1735 non
650 1710 692 1736 est
705 1708 736 1736 in
750 1708 815 1736 sola
828 1717 894 1738 ora-

115 1754 195 1782 tione
205 1776 215 1789 ‚
229 1754 286 1782 nisi
300 1754 330 1782 in
344 1755 411 1783 isto.
428 1755 500 1783 Dicit
514 1755 594 1783 enim
607 1756 735 1784 Iacobus
745 1757 773 1784 ³:
788 1757 820 1784 Si
833 1759 894 1792 quis

114 1802 281 1836 infirmatur,
295 1801 408 1829 inducat
416 1802 596 1837 presbyteros,
609 1805 634 1830 et
646 1806 720 1831 orent
731 1811 812 1839 super
823 1813 891 1833 eum.

114 1849 147 1877 In
161 1847 344 1883 quibusdam
354 1856 426 1876 vero
439 1849 630 1877 sacramentis
644 1850 775 1878 consistit
786 1851 817 1878 in
829 1851 894 1879 sola

116 1895 317 1923 enuntiatione
337 1896 501 1924 verborum
517 1896 628 1930 virtus,
650 1896 724 1924 sicut
739 1897 769 1925 in
783 1898 893 1934 baptis-

115 1948 166 1968 mo
177 1950 184 1974 3
201 1941 275 1969 dixit
287 1942 366 1970 enim
379 1942 519 1970 Dominus
529 1943 540 1960 ⁵
555 1951 561 1970 z
577 1944 755 1978 Baptizantes
767 1952 818 1977 eos,
831 1953 892 1973 non

114 1985 224 2015 faciens
234 1988 416 2016 mentionem
428 1988 466 2016 de
478 1989 622 2017 oratione.
636 1991 667 2017 111
679 1990 781 2026 aliquo
794 1994 893 2020 autem

115 2037 310 2070 sacramento,
319 2034 485 2062 secundum
493 2035 652 2071 quosdam,
662 2037 791 2065 consistit
797 2038 893 2067 forma

114 2080 146 2108 iu
164 2081 298 2109 oratione
317 2084 345 2110 et
363 2081 583 2116 enuntiatione,
607 2085 639 2110 ut
659 2083 690 2110 in
708 2087 892 2113 sacramento

114 2127 293 2164 poenitentiae
307 2138 316 2163 ;
351 2131 568 2156 consueverunt
601 2129 681 2157 enim
710 2130 893 2159 confeffiores

114 2174 213 2210 primo
227 2183 313 2203 orare
324 2196 334 2210 ,
349 2174 480 2203 dicentes
495 2184 501 2203 :
525 2176 745 2211 Absolutionem,
761 2181 894 2206 remissio-

115 2229 191 2254 nem,
207 2224 274 2256 etc„
298 2223 326 2250 et
346 2225 450 2258 postea
473 2222 591 2250 dicere:
618 2224 734 2252 Absolro
759 2228 793 2252 te.
820 2226 893 2253 Cum

116 2268 196 2296 enim
213 2268 245 2296 in
264 2271 386 2304 peccato
410 2268 579 2297 offendatur
602 2271 677 2298 Deus
698 2273 727 2299 et
745 2271 888 2308 Ecclesia,

116 2317 219 2343 contra
239 2315 370 2351 primum
386 2316 491 2344 merito
505 2316 539 2344 fit
553 2317 647 2345 oratio
658 2338 669 2352 ,
688 2321 715 2346 et
733 2321 836 2347 contra
851 2328 894 2347 se-

116 2362 248 2390 cundum
269 2362 428 2391 absolutio.
455 2363 534 2390 Istud
557 2365 657 2391 autem
675 2369 893 2395 sacramentum

116 2416 178 2436 non
191 2409 279 2437 datur
296 2409 352 2437 nisi
371 2409 479 2437 adultis
498 2410 550 2445 qui
568 2413 690 2446 peccata
710 2413 838 2441 venialia
853 2414 894 2441 vi-

117 2454 222 2483 dentur
235 2455 348 2484 habere
358 2476 368 2491 ,
388 2458 491 2484 contra
506 2464 572 2492 quae
586 2457 748 2487 institutum
762 2462 822 2495 est;
838 2469 892 2489 nec

117 2501 204 2530 datur
227 2502 292 2530 aliis
315 2511 408 2539 quam
431 2502 556 2531 infirmis
579 2504 610 2531 in
631 2505 766 2540 periculo
789 2508 892 2536 mortis

117 2548 289 2577 constitutis.
308 2550 392 2578 sanis
412 2551 512 2578 autem
533 2558 594 2578 non
613 2551 700 2580 datur
720 2553 778 2582 hoe
796 2562 891 2584 sacra-

149 2611 157 2628 ¹
173 2611 181 2635 1
195 2611 264 2643 Req..
277 2617 332 2642 xvi,
348 2612 388 2637 13.
398 2624 430 2630 —
444 2612 455 2629 ¹
467 2612 487 2636 ΙΙ
503 2612 572 2644 Req.‚
587 2620 617 2644 11,
635 2615 658 2639 4.
671 2628 701 2634 —
715 2616 724 2631 ³
738 2617 810 2648 thid„
826 2624 852 2648 v,
866 2619 889 2642 3.

116 2648 162 2664 —2
175 2647 238 2678 lac„
252 2652 277 2676 v,
295 2648 383 2672 ¹4.—⁵
392 2647 497 2678 Motae„
510 2654 604 2680 xxviii,
622 2652 692 2675 19.—
703 2652 736 2682 (a)
745 2653 787 2676 Al.
797 2653 889 2684 aliquo.

237 2699 312 2723 TOM·
335 2700 403 2723 vm.

1675 183 1734 213 225

955 249 1110 284 mentum,
1133 248 1205 286 quia
1223 248 1336 278 habent
1354 247 1439 277 aliud
1460 248 1628 277 remedium
1647 256 1735 286 para·

956 296 1020 324 tum
1030 317 1040 331 ‚
1055 295 1166 325 scilicet
1178 295 1402 332 poenitentiam3
1422 303 1478 324 nec
1495 295 1584 325 datur
1596 296 1653 324 nisi
1666 304 1736 333 pos-

956 342 1120 371 tulantibus
1129 365 1139 378 ‚
1155 343 1207 380 qui
1219 342 1380 372 devotione
1393 350 1511 371 sursum
1525 342 1688 379 eriguntur.
1703 344 1737 372 Et

955 388 981 416 si
994 397 1072 426 saepe
1084 389 1253 418 infirmatur
1266 390 1334 426 quis
1345 389 1386 418 ad
1395 391 1535 425 mortem,
1549 398 1627 427 saepe
1639 391 1738 428 potest

956 435 1079 473 inungi3
1102 437 1156 466 sed
1169 437 1200 465 in
1214 445 1276 466 una
1292 435 1463 465 infirmitate
1479 445 1542 466 non
1561 437 1651 466 debet
1669 437 1737 474 quis

956 482 1003 512 bis
1017 483 1142 520 inungi,
1164 483 1221 512 nisi
1241 483 1348 512 eadem
1361 483 1517 512 infirmitas
1531 484 1610 512 ultra
1623 492 1737 514 annum

956 530 1158 567 protrahatur,
1168 531 1209 559 ita
1221 530 1306 567 quod
1317 530 1348 558 in
1359 538 1421 559 uno
1433 538 1513 559 anno
1525 533 1648 568 propter
1659 539 1738 561 eam·

957 578 1027 607 dem
1040 578 1242 608 infirmitatem
1255 587 1346 607 nemo
1360 579 1407 607 bis
1421 579 1592 615 inungatur.

993 626 1118 654 Effectus
1129 626 1219 662 hujus
1232 626 1408 654 sacramenti
1417 625 1574 663 multiplex
1586 628 1646 655 est:
1660 635 1738 656 unus

956 675 998 702 est
1009 673 1130 707 sanitas,
1145 681 1213 710 quae
1224 675 1268 701 est
1280 673 1391 711 duplex
1406 682 1414 701 ι
1428 681 1488 702 una
1499 677 1543 702 est
1553 674 1737 712 principalis,

956 720 1067 749 scilicet
1080 720 1218 749 liberatio
1237 720 1276 749 ab
1297 720 1467 749 infirmitate
1486 721 1651 757 spirituali,
1671 729 1738 758 quae

957 767 1140 796 contrahitur
1151 775 1206 804 per
1218 770 1339 804 peccata
1353 767 1496 803 venialia,
1511 768 1622 804 quibus
1636 768 1738 798 anima

957 813 1064 842 debilis
1083 814 1209 843 efficitur
1227 814 1267 842 ad
1286 815 1497 851 exequendum
1515 817 1614 843 actum
1637 816 1738 851 gratim

957 863 984 888 et
998 861 1121 897 gloriae:
1140 861 1199 890 aHa
1218 864 1260 890 est
1274 862 1451 890 secundaria
1472 862 1581 891 sanitas
1587 883 1596 898 ‚
1612 871 1679 900 quae
1694 866 1737 892 est

957 908 1042 944 quasi
1057 908 1178 936 essectus
1197 910 1239 936 cst
1258 909 1378 944 signum
1391 909 1500 945 prioris
1517 910 1669 945 sanitatis,
1683 911 1737 939 sci-

956 954 1025 983 licet
1051 955 1161 983 sanitas
1189 955 1354 992 corporalis
1367 966 1375 983 :
1405 958 1434 984 et
1460 956 1519 985 hoc
1542 960 1585 985 est
1611 965 1714 986 verum
1725 980 1734 994 ‚

956 1002 1079 1038 quando
1094 1002 1203 1031 sanitas
1222 1002 1386 1039 corporalis
1405 1003 1525 1040 expedit
1545 1005 1662 1032 sanitati
1675 1005 1735 1042 spi-

955 1049 1053 1077 rituali
1068 1058 1075 1077 :
1100 1052 1169 1078 tunc
1193 1050 1272 1078 enim
1295 1049 1374 1077 istud
1398 1053 1617 1079 sacramentum
1635 1055 1736 1081 causat

955 1098 1114 1133 utrumque
1141 1096 1172 1124 in
1199 1096 1428 1133 suscipientibus
1453 1098 1554 1134 digne.
1583 1099 1734 1128 Interdum

955 1143 1035 1171 enim
1047 1143 1127 1171 utilis
1138 1145 1181 1171 est
1192 1144 1302 1172 sanitas
1313 1145 1489 1181 corporalis,
1503 1145 1613 1174 scilicet
1625 1146 1665 1175 ad
1675 1155 1735 1175 me-

953 1191 1044 1219 ritum
1057 1191 1160 1226 gloriae
1181 1192 1407 1220 cumulandum.
1423 1192 1505 1221 Valet
1523 1193 1611 1222 etiam
1626 1195 1666 1222 ad
1680 1195 1733 1224 de-

954 1238 1106 1266 votionem
1121 1238 1324 1274 excitandam,
1340 1241 1368 1268 et
1381 1239 1564 1269 velociorem
1578 1242 1733 1271 transitum

953 1285 992 1313 ad
1007 1285 1127 1314 coelum.

989 1333 1021 1360 ln
1034 1332 1091 1361 hoc
1104 1335 1300 1370 sacramento,
1315 1333 1389 1363 sieut
1403 1335 1434 1362 in
1445 1336 1565 1371 caeteris,
1580 1337 1634 1365 tria
1645 1340 1730 1367 sunt:

952 1388 1046 1409 unum
1060 1384 1103 1410 est
1116 1385 1335 1411 sacramentum
1354 1385 1489 1419 tantum,
1508 1384 1619 1413 seilicet
1632 1386 1731 1415 unctio

953 1428 1098 1464 exterior3
1121 1429 1205 1457 aliud
1219 1432 1260 1458 est
1274 1438 1321 1458 res
1336 1432 1468 1466 tantum,
1488 1431 1598 1460 scilicet
1612 1432 1731 1462 effeetus

953 1474 1081 1510 duplicis
1104 1476 1251 1510 sanitatis,
1275 1479 1306 1504 ut
1328 1477 1441 1505 dictum
1463 1480 1524 1513 est;
1548 1479 1666 1508 tertium
1689 1482 1732 1509 est

951 1525 1170 1550 sacramentum
1191 1524 1218 1550 et
1239 1531 1304 1557 τρε,
1332 1524 1441 1552 scilicet
1469 1525 1608 1561 quaedam
1629 1527 1729 1556 unctio

950 1568 1111 1604 spiritualis
1125 1569 1256 1604 interior,
1272 1570 1303 1597 id
1319 1572 1379 1606 est,
1398 1571 1504 1599 mentis
1516 1572 1687 1607 jucunditas
1702 1575 1731 1602 et

950 1615 1099 1643 solatium.

1174 1699 1316 1732 CAPUT
1344 1700 1500 1734 XXXVI.

1090 1798 1097 1801 .
1145 1779 1182 1804 De
1207 1778 1380 1806 Sacramento
1408 1779 1532 1808 Ordinis.

985 1854 1120 1889 Quinque
1135 1857 1336 1889 sacramenta,
1356 1855 1393 1883 de
1414 1856 1523 1892 quibus
1538 1857 1651 1887 dictum
1665 1862 1725 1895 est,

948 1899 1093 1936 pertinent
1108 1900 1146 1928 ad
1163 1903 1270 1929 statum
1284 1909 1437 1938 personam
1453 1903 1507 1931 sed
1522 1904 1594 1940 duo,
1609 1905 1646 1933 de
1662 1907 1726 1943 quj-

948 1946 1005 1974 bus
1030 1947 1192 1976 dicendum
1217 1951 1278 1984 est,
1304 1950 1450 1985 pertinent
1474 1951 1513 1979 ad
1536 1960 1726 1982 communem

948 1996 1054 2022 statum
1070 1995 1204 2023 Ecclesiae
1218 2005 1224 2023 :
1243 1996 1313 2032 quia
1324 1997 1400 2025 ordo
1413 1999 1539 2033 pertinet
1553 2000 1593 2027 ad
1607 2008 1728 2034 genera-

949 2040 1058 2068 tionem
1070 2042 1254 2077 spiritualem
1265 2053 1273 2077 3
1290 2044 1513 2074 matrimonium
1528 2054 1611 2082 vero,
1627 2047 1665 2076 ad
1678 2056 1726 2084 ge·

947 2087 1132 2115 nerationem
1147 2089 1305 2117 carnalem.

984 2133 1124 2161 Ordinem
1148 2136 1288 2170 praecedit
1313 2137 1411 2173 prima
1435 2141 1572 2175 tonsura,
1600 2141 1670 2177 quia
1695 2143 1726 2172 in

949 2181 1030 2207 omni
1050 2181 1172 2209 transitu
1189 2181 1225 2209 de
1240 2185 1316 2211 statu
1330 2184 1370 2211 ad
1388 2187 1496 2213 statum
1515 2188 1726 2217 convenienter

944 2226 1140 2263 interponitur
1159 2229 1260 2266 aliqua
1280 2230 1434 2267 dispositio
1453 2233 1562 2261 media.
1590 2235 1672 2264 Unde
1692 2236 1723 2263 in

947 2274 1070 2302 transitu
1082 2283 1099 2302 a
1109 2277 1185 2303 statu
1195 2275 1340 2305 laieorum
1351 2278 1390 2306 ad
1403 2281 1510 2307 statum
1521 2281 1725 2311 ministrorum

948 2321 1016 2356 Dei,
1033 2322 1242 2350 convenienter
1258 2324 1355 2359 prima
1375 2327 1497 2354 tonsura
1517 2327 1723 2364 interponitur.

947 2368 990 2395 Fit
1004 2368 1092 2396 etiam
1106 2369 1137 2396 in
1151 2369 1206 2397 hac
1221 2372 1343 2399 tonsura
1361 2372 1532 2408 aliquorum
1547 2375 1724 2411 capillorum

947 2416 1088 2443 resecatio
1112 2416 1143 2443 in
1164 2417 1289 2445 modum
1314 2426 1449 2455 coronae,
1475 2421 1545 2456 quia
1568 2422 1600 2449 in
1622 2423 1724 2451 minis·
1768 2443 1770 2445 >

947 2461 1054 2490 terium
1076 2462 1156 2490 illius
1179 2464 1349 2499 assumitur,
1374 2466 1422 2493 cui
1444 2468 1573 2503 servire,
1597 2477 1722 2505 regnare

947 2511 999 2536 est.

982 2557 1030 2583 Est
1043 2556 1142 2593 itaque
1157 2556 1268 2593 duplex
1282 2558 1401 2593 signum
1417 2559 1617 2590 distinctivum
1631 2563 1662 2590 in
1677 2571 1724 2592 or-

948 2601 1074 2638 dinatis,
1105 2603 1214 2632 scilicet
1237 2605 1363 2632 exterius
1386 2607 1527 2642 tonsura,
1551 2610 1579 2637 et
1602 2609 1723 2638 interius

947 2649 1105 2678 character.
1125 2650 1170 2678 Ad
1191 2658 1252 2678 esse
1274 2653 1373 2680 autem
1392 2653 1505 2681 ommis
1524 2656 1644 2684 tonsura
1663 2665 1725 2684 non

1569 2706 1604 2735 15
