2004 3037
452 258 502 291 DE
526 256 763 291 GRATIARUM
783 254 1146 288 SANCTlFlCATlONE.
1171 256 1256 287 CAP.
1280 257 1358 289 xvi.

102 329 231 357 meretur
244 327 336 356 homo
351 327 465 356 tantum
479 334 534 363 per
546 333 640 354 unum
655 326 767 360 actum,
783 330 878 360 quan-

102 376 165 403 tum
179 382 232 411 per
246 374 343 409 mille,
361 375 497 402 manente
517 372 622 402 eadem
645 371 745 400 radice
767 372 795 398 et
816 377 878 398 non

104 423 260 449 crescente.
284 421 386 449 Valent
408 422 506 449 tamen
529 418 701 455 hujusmodi
726 425 818 454 opera
839 417 879 444 ad

103 468 198 496 multa
223 467 291 496 alia.
321 467 403 496 Unde
426 475 529 495 versus
555 475 561 493 :
591 466 742 500 secundat,
769 464 880 492 scilicet

104 516 248 550 mentem;
263 514 386 547 stabilit,
403 513 512 541 scilicet
529 513 666 548 virtutes,
684 515 780 547 auget,
801 510 879 539 scili-

105 563 149 589 cet
162 561 300 589 meritum
314 559 503 588 accidentalis
516 559 648 596 praemii,
662 561 775 595 peccata
789 560 880 586 remit-

105 609 158 642 tit,
184 609 327 644 quantum
350 607 390 635 ad
416 615 557 643 poenam,
580 615 646 642 quae
671 606 735 641 jam
758 605 881 632 dimissa

105 655 173 682 sunt
187 653 289 690 quoad
303 654 418 681 reatum
432 661 486 689 per
502 653 636 689 gratiam.
656 653 783 680 Debilitat
797 651 882 679 fomi-

105 702 179 735 tem,
202 703 318 728 removet
342 700 498 735 acediam,
523 701 654 728 exercitat
668 698 833 733 hominem,
849 697 880 725 id

105 748 161 782 est,
179 746 391 775 assuefactione
411 747 503 782 boni,
519 750 601 782 atque
618 748 726 782 repellit
746 745 881 774 tentatio-

105 801 157 822 nes
172 793 295 822 diaboli.

141 842 214 869 Nota
229 841 312 877 quod
325 841 453 877 primam
476 841 601 877 gratiam
624 840 725 868 nullus
745 842 882 876 peccator

105 889 201 923 potest
211 887 318 916 mereri
330 889 451 925 proprie
461 898 469 924 ;
482 891 510 916 et
519 889 576 916 hoc
590 888 746 924 multiplici
756 888 880 916 ratione.

105 934 216 969 Prima,
233 934 303 970 quia
317 934 383 963 talis
403 943 465 963 non
477 935 566 963 habet
579 935 712 963 radicem
730 934 883 969 merendi,

106 981 138 1008 id
147 983 199 1016 est,
213 981 346 1016 gratiam.
363 982 513 1018 Secunda,
523 985 644 1018 propter
656 983 746 1009 status
758 981 883 1017 indigni-

106 1029 211 1062 tatem,
227 1028 298 1064 quia
312 1030 450 1064 peccator
464 1036 526 1056 non
541 1030 583 1056 est
598 1029 705 1064 dignus
720 1036 808 1064 pane,
822 1037 882 1064 quo

106 1074 240 1102 vescitur.
252 1075 362 1109 Tertia,
379 1075 451 1111 quia
463 1075 573 1102 nullius
588 1075 717 1103 hominis
734 1083 809 1111 opus
823 1075 884 1110 pla-

106 1122 151 1148 cet
174 1122 253 1155 Deo,
279 1120 335 1148 nisi
358 1121 475 1157 placeat
498 1121 560 1157 ipse
582 1122 674 1158 prius.
699 1122 780 1150 Unde
802 1122 883 1158 prius

105 1166 232 1203 respexit
250 1169 324 1195 Deus
338 1167 369 1195 in
388 1168 479 1202 Abel,
494 1176 586 1204 quam
608 1168 645 1196 ad
665 1176 791 1196 munera
805 1169 883 1204 ejus,

105 1215 137 1241 ut
152 1213 257 1241 dicitur
277 1214 309 1241 in
328 1214 432 1242 Genesi
444 1216 462 1242 ¹.
479 1215 604 1250 Quarta,
626 1215 697 1251 quia
712 1214 884 1242 naturaliter

106 1260 251 1288 antecedit
272 1269 361 1289 causa
376 1270 463 1289 suum
489 1262 644 1296 effectum;
670 1262 710 1289 sic
734 1264 762 1289 et
773 1261 881 1297 gratia,

106 1315 175 1334 cum
190 1307 226 1335 sit
248 1315 338 1335 causa
352 1308 465 1343 meriti,
481 1308 621 1344 praecedit
646 1309 794 1336 meritum.
818 1310 883 1344 Ipsa

107 1354 206 1389 enim,
231 1355 396 1383 secundum
423 1356 618 1391 Augustinum
638 1355 648 1370 ²
665 1378 673 1391 ,
700 1357 883 1385 voluntatem

105 1404 238 1429 nostram
260 1403 418 1438 praevenit,
435 1405 467 1431 ut
477 1403 618 1438 velimus,
637 1405 665 1431 et
683 1403 830 1440 sequitur,
847 1412 883 1431 ne

105 1447 212 1476 frustra
232 1449 369 1477 velimuS.

142 1495 253 1529 Gratia,
276 1495 351 1523 sicut
377 1504 467 1532 supra
492 1497 604 1524 dictum
626 1498 682 1531 est,
697 1505 750 1532 per
768 1497 883 1525 bonum

106 1549 193 1569 usum
214 1542 296 1577 ejus,
318 1543 346 1569 et
368 1543 474 1570 merito
499 1543 658 1578 condigni,
681 1545 810 1571 meretur
831 1552 883 1571 au-

105 1588 167 1623 geri
179 1587 210 1615 in
224 1588 288 1623 via,
300 1591 333 1616 ut
347 1591 432 1617 aucta
446 1592 593 1617 mereatur
607 1589 709 1626 perfici
725 1590 755 1617 in
769 1590 881 1625 patria;

106 1636 133 1662 et
160 1634 217 1662 hoc
239 1643 257 1662 a
280 1636 338 1663 Deo
352 1657 360 1670 ,
383 1636 467 1671 cujus
492 1638 534 1664 est
557 1637 681 1671 gratiam
706 1637 882 1671 infundere,

106 1689 214 1716 augere
235 1683 262 1709 et
284 1681 426 1717 perficere
450 1683 616 1710 secundum
642 1683 882 1719 cooperationem

104 1727 263 1756 voluntatis
286 1731 402 1756 nostroe.
427 1730 499 1756 Nam
527 1729 602 1757 sicut
629 1731 703 1757 Deus
727 1732 768 1758 est
791 1731 883 1766 ipsius

106 1775 206 1809 gratiae
226 1775 336 1803 fontale
361 1776 542 1812 principium
566 1776 712 1804 influendi
727 1798 736 1811 ,
759 1777 800 1804 sic
819 1777 882 1812 ipse

105 1821 185 1848 solus
207 1823 249 1849 est
269 1822 449 1858 principium
469 1823 598 1857 augendi
619 1831 673 1859 per
693 1824 817 1851 modum
836 1823 881 1851 in-

105 1866 271 1903 fundentis3
288 1869 382 1903 gratia
399 1877 489 1904 vero,
512 1878 564 1904 per
585 1870 711 1897 modum
735 1870 831 1897 meriti
855 1873 882 1898 et

106 1913 271 1949 dignitati53
301 1915 353 1942 sed
380 1915 510 1943 liberum
534 1916 709 1951 arbitrium,
734 1925 787 1952 per
815 1925 881 1944 mo-

106 1959 179 1986 dum
196 1961 392 1996 cooperantis.
409 1962 488 1990 Sicut
508 1962 636 1990 liberum
651 1963 806 1991 arbitrium
828 1972 882 1999 per

105 2006 230 2040 gratiam
250 2010 378 2034 meretur
402 2009 506 2036 merito
528 2009 667 2044 condigni
689 2013 881 2045 augmentum

105 2052 204 2087 gratiae
224 2053 254 2080 in
279 2055 354 2080 statu
372 2054 441 2088 viae,
462 2054 502 2081 sic
522 2056 609 2083 etiam
623 2059 752 2083 meretur
776 2057 879 2085 merito

105 2098 247 2133 condigni
262 2099 353 2134 ipsius
367 2100 620 2136 complementum
634 2102 664 2128 in
679 2104 754 2129 statu
768 2103 878 2137 patriae,

140 2145 225 2178 Quod
248 2148 346 2173 autem
369 2154 405 2174 ex
428 2147 578 2182 condigno
598 2156 765 2175 mereamur
788 2149 880 2176 vitam

104 2193 259 2226 aeternam,
272 2193 370 2220 multae
385 2196 452 2221 sunt
466 2202 571 2221 causan
585 2195 682 2222 Prima
697 2196 738 2222 est
749 2195 880 2225 efficacia

105 2237 176 2265 doni
191 2239 312 2275 Spiritus
332 2241 423 2268 sancti
439 2242 626 2277 cooperantis
644 2242 674 2269 in
695 2242 818 2277 merit03
835 2251 879 2269 se-

104 2285 202 2313 cunda
217 2307 226 2320 ,
251 2287 358 2314 veritas
380 2288 428 2314 Dei
452 2288 666 2324 promittentis3
692 2288 790 2323 tertia,
814 2297 879 2324 per-

104 2331 280 2360 suasibilitas
294 2333 379 2361 liberi
394 2334 506 2362 arbitrii
521 2335 743 2369 consentientis,
763 2337 791 2362 et
805 2335 880 2363 fina-

104 2377 169 2405 liter
192 2381 405 2414 perseverantis
422 2390 430 2415 ς
454 2383 559 2417 quarta
575 2403 583 2416 ,
607 2381 765 2409 difficultas
788 2384 879 2409 status

105 2425 254 2460 merendi3
271 2427 373 2461 quinta
385 2448 394 2462 ,
419 2427 546 2462 dignitas
566 2427 668 2455 Christi
688 2428 789 2463 capitis
810 2436 879 2455 nos-

105 2471 140 2496 tri
160 2471 376 2500 intervenientis
384 2494 394 2508 ,
414 2474 497 2509 quod
519 2474 678 2509 glorificari
700 2474 789 2502 debet
810 2483 878 2503 cum

104 2517 246 2545 membris
262 2519 335 2554 suis3
352 2522 448 2555 sexta,
461 2520 623 2548 liberalitas
638 2521 686 2548 Dei
707 2521 877 2556 tribuentis,

104 2570 194 2598 quem
217 2572 278 2592 non
300 2565 384 2594 decet
406 2574 499 2602 parva
522 2567 665 2601 reddere;
690 2567 814 2603 septima
837 2571 878 2596 est

104 2609 283 2646 obsequium
310 2612 435 2641 fideliter
463 2613 718 2650 obtemperantis;
748 2616 852 2643 octava
868 2636 877 2649 ,

137 2667 146 2683 ¹
160 2668 231 2699 Gen„
251 2675 289 2699 iv,
313 2670 335 2694 4.
355 2683 385 2688 —
406 2672 417 2687 ¹
438 2671 580 2701 Euclio-id„
603 2678 626 2696 c.
649 2677 740 2703 mxu,
759 2680 784 2697 u.
807 2675 831 2697 9.
849 2687 875 2691 -

137 2707 169 2736 (a)
187 2706 246 2730 Coet.
262 2709 321 2732 edit.
338 2711 542 2736 consuetudines.

227 2760 301 2783 ΤΟΜ.
324 2763 392 2785 v111.

1652 262 1708 290 177

934 321 1074 350 nobilitas
1098 323 1196 359 operis
1220 324 1303 360 quod
1331 332 1367 352 ex
1392 324 1531 354 charitate
1555 325 1709 362 procedit,

936 369 1019 406 quod
1040 371 1153 397 tantum
1175 370 1323 406 ponderat
1346 371 1377 398 in
1402 374 1561 408 conspectu
1582 372 1710 408 Judicis‚

936 418 1081 454 quantum
1102 425 1187 445 amor
1201 426 1237 445 ex
1253 418 1313 453 quo
1333 418 1490 454 procedit,
1511 421 1538 447 et
1559 419 1627 448 ideo
1649 427 1711 448 non

935 466 1030 499 potest
1052 463 1228 493 sufficienter
1249 464 1305 492 nisi
1326 472 1444 493 summo
1470 465 1551 494 bono
1572 474 1710 495 remune-

933 511 1002 538 rari.

972 559 1066 594 Opera
1081 566 1147 594 quse
1161 566 1222 586 non
1241 558 1315 586 fiunt
1339 558 1367 586 in
1391 558 1547 594 charitate,
1568 559 1635 587 lieet
1652 568 1713 588 non

936 604 1056 632 valeant
1070 604 1110 632 ad
1122 605 1213 633 vitam
1225 607 1376 640 aeternam,
1387 606 1486 633 valent
1498 607 1597 634 tamen
1606 606 1645 634 ad
1656 606 1714 635 alia

937 651 1045 687 multa3
1058 652 1137 680 unde
1152 660 1276 680 versus:
1293 653 1382 687 Aptat
1397 661 1450 687 cor,
1466 652 1576 680 scilicet
1592 653 1631 680 ad
1651 661 1713 681 sus-

938 697 1106 733 ceptionem
1122 698 1221 734 gratiae
1232 709 1240 734 ;
1256 701 1357 726 minuit
1368 707 1474 734 poenam
1481 720 1491 734 ,
1505 699 1615 727 scilicet
1632 699 1715 728 illam

939 755 1004 782 quae
1015 747 1183 782 deberetur,
1193 747 1216 774 si
1233 755 1295 775 non
1310 747 1391 774 fieret
1405 746 1480 775 illud
1494 755 1580 783 opuS,
1591 755 1653 775 non
1663 755 1715 775 au-

939 796 996 821 tem
1017 794 1100 822 illam
1119 802 1184 830 quae
1198 794 1261 829 jam
1276 793 1402 822 debetur
1412 803 1418 828 ;
1436 796 1461 821 et
1480 794 1529 821 dat
1545 794 1613 822 bona
1629 796 1715 829 terroe,

939 840 1049 868 scilicet
1062 841 1238 877 temporalia
1244 851 1251 877 3
1265 841 1397 876 Occupat,
1409 840 1565 868 scilicetne
1576 841 1612 868 sit
1625 841 1717 869 homo

939 887 1056 915 interim
1072 887 1200 922 otiosus,
1211 887 1259 915 vel
1272 887 1355 923 operi
1370 887 1450 915 malo
1465 887 1582 916 deditus
1593 898 1601 923 3
1618 895 1718 915 assues-

939 935 994 968 cit,
1008 934 1118 962 scilicet
1133 935 1172 962 ad
1193 934 1269 962 bene
1292 934 1497 970 operandum,-
1515 935 1644 968 delectat,
1660 934 1716 961 sci-

939 979 1007 1008 lieet
1023 983 1169 1014 mentem‚·
1185 983 1314 1016 mitigat,
1331 981 1441 1009 scilicet
1460 981 1612 1016 fomitem3
1629 984 1717 1015 arcet,

940 1027 1051 1055 scilicet
1065 1028 1180 1055 fluxum
1192 1028 1316 1064 peccati.
1333 1028 1438 1056 Ultimo
1460 1028 1614 1055 sciendum
1635 1028 1719 1063 quod

940 1074 1056 1101 nullum
1071 1075 1186 1102 malum
1202 1075 1256 1102 erit
1279 1074 1473 1111 impunitum,
1490 1076 1518 1102 et
1531 1074 1647 1103 nullum
1664 1074 1718 1102 bo-

940 1128 1013 1148 num
1030 1121 1286 1150 irremuneratum.

1200 1215 1342 1248 CAPUT
1366 1215 1457 1249 XVI.

996 1287 1033 1313 De
1053 1286 1272 1321 diffinitionibus
1292 1290 1317 1314 et
1336 1288 1498 1322 differentiis
1517 1290 1658 1316 virtutum.

990 1356 1114 1384 Virtutes
1142 1358 1307 1386 secundum
1335 1359 1517 1387 macrobium
1543 1361 1552 1377 ³
1582 1359 1719 1389 dicuntur

940 1404 1124 1440 quandoque
1150 1404 1291 1440 politicae,
1318 1405 1500 1441 quandoque
1522 1407 1716 1442 purgatoriae,

940 1451 1124 1486 quandoque
1138 1452 1256 1486 purgati
1281 1452 1389 1486 animi,
1414 1453 1596 1489 quandoque
1619 1462 1719 1481 exem-

939 1497 1047 1532 plares.
1065 1498 1175 1525 Primas
1187 1498 1273 1525 docet
1289 1498 1429 1526 Salomon
1445 1499 1475 1526 in
1488 1500 1642 1527 Proverbiis
1652 1522 1660 1535 ,
1675 1509 1719 1528 se-

940 1543 1051 1571 cundas
1063 1543 1093 1570 in
1104 1545 1265 1571 Ecclesiaste
1276 1566 1284 1579 ,
1299 1545 1395 1573 tertias
1410 1545 1440 1572 in
1451 1547 1571 1573 Ccmttcis
1579 1567 1587 1580 ,
1599 1549 1717 1582 quartas

939 1589 969 1617 in
986 1591 1043 1617 Deo
1058 1590 1195 1625 legimus.
1212 1590 1337 1618 Politieae
1353 1599 1483 1628 namque
1499 1592 1656 1627 dicuntur,
1673 1601 1717 1621 se-

940 1636 1071 1664 cundum
1095 1637 1177 1672 quod
1193 1639 1299 1672 regunt
1319 1638 1411 1665 vitam
1432 1638 1596 1666 humanam
1615 1640 1717 1675 quoad

940 1693 1031 1720 opera
1052 1685 1216 1720 exteriora,
1238 1687 1266 1713 et
1295 1687 1460 1714 secundum
1482 1688 1565 1723 quod
1583 1692 1718 1724 pugnant

939 1734 1041 1759 contra
1055 1732 1135 1760 vitia.
1161 1733 1339 1768 Purgatoriae
1368 1733 1523 1768 dicuntur,
1552 1735 1716 1763 secundum

939 1778 1021 1813 quod
1039 1778 1102 1813 jam
1126 1781 1193 1806 sunt
1214 1779 1245 1806 in
1260 1779 1382 1807 victoria
1401 1780 1556 1815 vitiorum,
1578 1783 1606 1808 01
1624 1782 1715 1817 respi-

939 1825 1019 1852 ciunt
1032 1825 1140 1860 partim
1167 1825 1321 1861 interiora,
1337 1827 1444 1862 partim
1471 1827 1625 1855 exteriora
1648 1830 1716 1855 Pur-

939 1872 999 1906 gati
1014 1872 1105 1899 animi
1121 1872 1270 1906 dicuntur,
1287 1873 1425 1908 quando,
1440 1873 1523 1901 victis
1540 1874 1603 1908 jam
1621 1874 1715 1907 vitiis,

937 1926 1090 1953 possessor
1104 1919 1247 1946 virtutum
1262 1919 1399 1955 quiescit,
1412 1928 1479 1947 raro
1495 1920 1716 1956 insurgentibus

936 1965 1040 2000 primis
1055 1965 1196 1992 motibus.
1216 1966 1403 2001 Exemplares
1425 1966 1572 2001 dicuntur,
1596 1975 1661 2002 quae
1686 1968 1715 1994 in

937 2013 1034 2038 mente
1057 2011 1159 2039 divina
1181 2011 1342 2039 consistunt
1364 2021 1370 2039 z
1391 2020 1461 2039 nam
1484 2012 1557 2040 idere
1573 2013 1714 2040 virtutum

937 2057 967 2084 in
982 2059 1041 2085 Deo
1067 2060 1153 2090 sunt,
1170 2060 1196 2084 ct
1212 2058 1273 2093 ipsc
1288 2066 1387 2085 rerum
1410 2059 1544 2086 omnium
1560 2061 1601 2086 est
1617 2067 1714 2087 exem-

935 2104 1011 2138 plar.

971 2149 1137 2176 Aristoteles
1159 2149 1265 2177 dividit
1285 2151 1294 2166 ·'·
1311 2150 1429 2178 virtutes
1448 2151 1478 2177 in
1501 2151 1713 2180 intellectuales

937 2197 964 2222 et
981 2195 1249 2223 consuetudinales.
1273 2196 1484 2225 intellectuales
1500 2198 1606 2226 dividit
1620 2198 1650 2226 in
1665 2207 1712 2226 so-

934 2241 1048 2276 phiam,
1066 2242 1096 2269 id
1112 2245 1162 2276 est,
1181 2243 1373 2278 sapientiam,
1388 2247 1415 2271 et
1429 2244 1668 2280 intelligentiam,
1685 2247 1713 2273 et

935 2288 1108 2323 phronisin,
1125 2289 1155 2316 id
1171 2292 1230 2324 est,
1247 2290 1435 2325 prudentiam
1450 2291 1577 2326 spiritus.
1595 2293 1627 2319 Et
1650 2292 1711 2319 haec

934 2335 989 2362 tria
1010 2335 1148 2363 ordinant
1165 2344 1220 2364 nos
1242 2337 1280 2364 ad
1302 2339 1406 2370 Deum,
1424 2337 1495 2373 quia
1513 2338 1619 2373 sophia
1638 2338 1711 2373 regit

935 2381 1089 2415 affectum,
1113 2383 1308 2418 intelligentia
1322 2384 1521 2418 intellectum,
1542 2385 1595 2412 sed
1618 2384 1709 2420 phro-

934 2427 1004 2454 nisis
1018 2430 1177 2464 utrumque
1195 2439 1201 2456 z
1218 2430 1377 2465 prudentia
1400 2431 1479 2457 enim
1498 2431 1616 2466 spiritus
1636 2431 1710 2466 regit

935 2474 1125 2508 cogitationes
1141 2478 1168 2503 et
1187 2476 1366 2503 affectiones.
1393 2477 1517 2504 Virtutes
1541 2485 1612 2505 vero
1639 2485 1708 2504 con-

934 2520 1132 2549 suetudinales
1148 2523 1183 2558 (a)
1199 2522 1304 2550 dividit
1318 2522 1349 2550 in
1360 2523 1544 2551 honestatem
1560 2525 1587 2550 et
1601 2523 1708 2551 libera-

933 2567 1055 2595 litatem.
1072 2570 1135 2597 Haee
1154 2569 1214 2597 duo
1238 2569 1377 2598 ordinant
1399 2579 1453 2599 nos
1473 2571 1512 2599 ad
1535 2571 1707 2606 hominem,

934 2614 1004 2650 quia
1026 2615 1165 2644 honestas
1189 2616 1307 2645 ordinat
1330 2617 1482 2646 hominem
1503 2618 1605 2654 quoad
1628 2618 1706 2653 seip-

934 2677 942 2690 ³
966 2677 1089 2706 Macmb„
1115 2678 1140 2702 iu
1175 2680 1257 2703 Somn.
1285 2679 1406 2709 Scipion„
1433 2680 1475 2704 lib.
1499 2681 1522 2709 1,
1550 2688 1572 2704 0.
1600 2686 1656 2705 vm.
1678 2693 1707 2700 -

933 2713 943 2729 Β
957 2713 1044 2743 Arist„
1061 2713 1153 2742 Ellzz'c„
1172 2715 1214 2738 lib.
1233 2716 1252 2746 l,
1267 2723 1290 2738 c.
1309 2722 1346 2739 111.

1529 2763 1567 2792 12
