2004 3037
71 1955 155 1981 Officia¹

50 1993 98 2013 qum
118 1993 156 2007 nc-

63 2022 144 2045 0111111111

50 2050 156 2071 obedien-

51 2081 110 2102 tiam.

604 233 652 265 DE
674 230 866 268 CONSILIIS
889 229 1162 263 EVANGELICIS.
1185 231 1273 264 CAP.
1299 232 1353 264 111.

166 299 241 330 ‚facit
263 301 380 337 virgam
407 301 531 330 faciliter
555 299 714 335 inclinare,
734 298 776 328 sic
799 298 947 335 gracilitas

172 347 346 377 humilitatis
359 348 429 377 facit
442 348 578 377 homines
591 347 715 376 faciliter
727 346 861 375 obedire.
877 345 946 375 ldeo

173 395 244 424 dicit
259 395 418 432 Apostolus
439 395 477 424 de
492 394 605 424 Christo
621 393 630 411 ¹
647 403 654 422 :
670 395 837 422 Humiliavit
855 395 947 421 semet-

172 444 277 478 ipsum,
292 445 383 478 faetus
406 442 530 470 obediens
553 449 637 476 usque
659 441 696 469 ad
719 444 839 469 mortem.
863 441 948 469 Juvat

174 491 261 519 etiam
290 490 492 520 obedientiam
526 489 711 518 consuetudo
735 499 743 525 ;
773 497 842 518 nam
874 489 948 517 sicut

175 545 269 574 equus
296 537 434 566 assuescit
461 536 797 571 circumvolutionibus,
821 537 853 564 ut
877 535 949 564 sciat

174 593 205 613 se
223 584 262 613 ad
284 592 402 613 omnem
423 585 539 620 partem
560 584 696 617 flectere:
712 583 753 612 sic
774 583 947 612 assuefactio

174 631 351 660 obedientiae
372 630 442 659 facit
464 631 601 659 homines
622 631 662 659 ad
683 632 789 659 nutum
812 630 946 659 obedire.

173 679 212 707 De
227 677 278 706 tali
293 685 370 714 equo
393 678 470 706 bene
495 677 630 706 ductibili
655 677 762 706 dicitur
785 677 816 705 in
836 679 948 705 Prover-

172 725 241 756 biis*
255 733 262 752 :
277 726 370 760 Equus
382 728 500 761 paratur
514 725 550 752 ad
565 725 636 752 diem
651 725 714 752 belli
729 733 738 752 :
754 726 883 752 Dominus
897 733 947 752 au-

173 774 223 800 tem
246 773 359 800 salutem
383 773 492 800 tribuit.
522 773 607 800 Juvat
634 772 719 800 tertio
746 771 947 800 obedientiam

172 818 291 847 dilectio
307 819 357 847 Dei
372 828 378 847 z
395 827 466 847 nam
482 819 557 847 sicut
580 819 657 854 ignis
671 818 739 847 tacit
753 827 851 846 ceram
872 819 949 846 mol-

171 865 231 893 lem
255 868 283 894 et
303 866 502 902 tractabilem,
519 866 560 894 sic
583 873 668 894 amor
687 866 737 894 Dei
755 866 864 901 ignitus
879 865 948 894 facit

171 911 325 941 hominem
355 913 488 941 obedire.
516 913 598 941 Unde
626 913 733 941 dIcitur
760 913 792 941 in
819 914 890 941 Luca
912 914 922 930 ³
939 922 944 941 :

171 959 263 994 Iynem
281 962 344 988 veni
366 963 472 988 mittere
495 962 526 988 in
551 963 665 992 terram,
687 960 718 988 id
741 962 800 995 est,
817 961 947 988 animam

171 1006 321 1035 devotam.
348 1008 434 1035 Juvat
447 1007 641 1035 nihilominus
662 1007 862 1035 obedientiam
878 1015 948 1035 con-

170 1054 298 1088 temptus
312 1054 427 1086 mundi,
441 1056 469 1082 et
478 1054 624 1090 separatio
637 1054 796 1082 voluntatis
811 1053 849 1081 ab
865 1054 947 1081 omni

171 1107 202 1128 re
218 1100 376 1136 corporali.
394 1101 473 1128 Sicut
491 1101 570 1128 enim
584 1101 672 1137 pellis
689 1103 731 1129 est
754 1101 915 1129 tractabilis
930 1108 948 1128 a

170 1146 253 1182 ligno
268 1149 420 1183 separata,
436 1156 502 1183 quae
516 1150 615 1176 tamen
629 1149 671 1176 est
683 1147 796 1183 rigida,
811 1147 946 1184 quandiu

171 1195 214 1222 est
226 1193 308 1229 ligno
324 1194 431 1229 affixa3
454 1195 495 1222 sie
514 1195 624 1230 anima,
645 1204 712 1223 eum
724 1195 815 1223 instar
829 1195 915 1231 pellis
930 1203 948 1222 a

171 1241 293 1268 terrenis
308 1241 480 1277 sejungitur,
493 1242 532 1270 ad
547 1242 749 1270 obediendum
763 1242 849 1269 facile
863 1242 948 1269 incli—

172 1289 268 1321 natur,
285 1288 315 1316 in
331 1289 415 1324 cujus
433 1297 561 1325 persona
576 1289 647 1316 dicit:
671 1289 843 1317 Psalmista4
858 1298 865 1316 ;
893 1290 948 1316 Pa—

170 1338 246 1362 ratus
259 1343 317 1362 sum
327 1355 335 1369 ,
351 1337 376 1362 et
389 1343 441 1363 non
455 1344 513 1363 sum
528 1337 659 1364 turbatus.
675 1337 760 1364 Juvat
774 1336 861 1363 etiam
877 1336 947 1364 obe-

172 1381 311 1409 dientiam
327 1382 426 1410 unctio
443 1383 542 1417 gratiae
560 1383 682 1410 interius
698 1392 703 1409 :
718 1383 792 1410 sicut
807 1383 885 1410 enim
901 1391 947 1410 co-

170 1427 249 1455 rium
262 1430 383 1456 unctum
399 1428 431 1456 fit
451 1429 542 1456 molle
559 1430 587 1456 et
606 1429 772 1463 tractabile,
799 1429 881 1465 quod
903 1431 947 1456 ta-

171 1481 240 1502 men
263 1477 329 1502 ante
351 1475 523 1502 unctionem
549 1477 611 1503 erat
631 1475 740 1503 durum
764 1477 793 1503 et
815 1476 945 1511 rebelle3

171 1521 212 1548 510
225 1521 317 1549 homo
341 1521 435 1549 facilis
457 1524 499 1549 est
522 1522 561 1550 ad
581 1522 803 1556 obedientiam,
824 1523 947 1558 quando

171 1569 271 1597 anima
284 1569 362 1596 intus
375 1571 417 1597 est
430 1571 518 1597 uncta
529 1577 583 1605 per
597 1570 732 1604 gratiam.
747 1571 809 1597 llaec
820 1572 863 1597 est
877 1578 947 1597 unc-

172 1616 230 1650 tio,
247 1616 284 1643 de
300 1625 360 1652 qua
374 1617 444 1644 dicit
455 1617 603 1644 Joannes⁸
617 1626 623 1644 :
641 1618 794 1644 tinctionem
810 1625 889 1651 quam
906 1626 947 1644 ac-

171 1664 295 1698 cepistis,
310 1667 416 1690 maneat
428 1666 457 1690 iu
466 1664 548 1691 vobis.
565 1663 696 1691 Tandem
708 1664 793 1698 juvat
805 1663 948 1691 obedien-

170 1709 242 1737 tiam
256 1710 401 1738 modestia
411 1710 624 1746 praeeipientis3
641 1710 812 1746 exemplum
825 1710 861 1738 de
876 1712 946 1745 Deo,

171 1757 221 1792 qui
237 1765 330 1784 unum
351 1758 449 1785 solum
466 1758 582 1793 lignum
601 1757 774 1794 prohibuit,
796 1760 823 1785 et
846 1758 947 1786 omnia

170 1803 229 1832 alia
244 1804 404 1840 concessit,
421 1805 521 1833 dicens
537 1806 547 1822 ⁶
564 1815 570 1833 :
588 1807 625 1832 De
641 1807 713 1832 omni
728 1806 801 1840 liquo
820 1806 948 1840 paradisi

171 1851 292 1886 comede;
308 1851 340 1878 de
359 1853 430 1886 liguo
455 1855 542 1880 autem
563 1854 682 1880 scientia}
705 1853 767 1879 boni
785 1855 810 1879 et
825 1853 892 1880 mali
914 1860 947 1879 ue

172 1898 299 1924 comedas.

208 1943 299 1972 Habet
321 1944 408 1972 etiam
433 1945 602 1974 obedientia
627 1946 744 1978 officia,
770 1955 835 1982 quae
850 1947 946 1982 ipsam

173 1992 319 2026 occupant
333 2012 342 2026 ,
369 1991 478 2019 scilicet
499 1992 555 2020 tria
582 2001 690 2027 genera
718 1995 944 2028 praeceptorum.

172 2037 252 2065 Unde
266 2039 336 2065 nota
347 2059 355 2071 ,
378 2038 461 2074 quod
477 2038 566 2066 debet
581 2039 705 2074 quilibet
727 2039 849 2067 obedire
870 2048 944 2075 prce-

171 2084 261 2120 ceptis
275 2085 375 2112 inditis
384 2085 418 2120 (a)
431 2093 484 2121 per
494 2087 640 2119 naturam,
653 2093 719 2121 quae
733 2086 839 2121 scripta
852 2088 919 2113 sunt
929 2094 946 2114 a

170 2131 262 2159 Tohia
285 2131 399 2159 dicente
413 2133 422 2149 ⁷
440 2141 446 2159 z
465 2133 541 2165 Quod
563 2133 595 2159 ab
611 2134 665 2159 alio
685 2133 774 2159 oderis
796 2133 845 2159 tibi
863 2134 924 2166 fieri
936 2153 945 2166 ,

169 2179 232 2206 vide
242 2187 273 2207 ne
286 2182 315 2206 tu
325 2180 472 2214 aliquando
485 2181 566 2207 alteri
576 2181 672 2213 facias;
687 2181 715 2207 et
729 2179 759 2207 in
773 2180 903 2207 Matthaeo
914 2180 924 2196 Β
936 2189 943 2207 1

172 2226 270 2253 Omnia
285 2235 455 2262 quoecumque
466 2228 550 2254 vultis
562 2235 594 2254 ne
605 2229 712 2260 faciant
727 2228 800 2254 robis
816 2227 944 2261 homines,

170 2280 200 2299 ea
214 2274 296 2300 nolite
319 2274 407 2306 facere
422 2275 468 2301 eis.
492 2274 542 2301 Vel
567 2274 712 2302 debemus
732 2273 855 2301 obedire
875 2282 946 2309 prae-

170 2319 260 2354 ceptis
284 2319 421 2354 injunctis
445 2328 497 2356 per
523 2320 698 2356 scripturam
714 2341 722 2355 ,
748 2329 815 2356 quae
839 2320 946 2355 scripta

170 2368 236 2393 sunt
250 2366 280 2393 in
292 2367 385 2394 Eaeodo
395 2367 414 2398 ⁰,
429 2367 481 2394 ubi
495 2370 647 2403 ponuntur
661 2368 763 2395 decem
779 2370 924 2403 praecepta
937 2376 943 2394 z

170 2413 229 2439 Non
251 2413 356 2440 habebis
381 2414 441 2441 deos
465 2415 586 2452 alienos,
612 2416 663 2442 etc.
684 2415 828 2442 Debemus
857 2414 944 2441 etiam

171 2457 293 2486 obedire
308 2460 460 2496 praeceptis
475 2460 622 2496 inspiratis
636 2469 689 2496 per
705 2461 828 2496 gratiam
839 2482 846 2495 ,
862 2463 894 2488 ut
909 2461 945 2489 de

171 2503 326 2533 dilectione
341 2507 391 2534 Dei
406 2509 435 2535 et
448 2508 597 2543 proximi,
618 2516 684 2544 quae
704 2508 812 2544 scripta
828 2510 894 2536 sunt
914 2508 944 2536 in

205 2590 209 2603 ¹
225 2589 326 2621 Philip„
344 2598 369 2620 11,
386 2593 408 2616 8.
419 2605 449 2611 —
464 2594 472 2607 ²
484 2593 567 2620 Proin,
583 2594 680 2623 xxt,3l.
692 2606 722 2611 —
739 2593 748 2609 ³
762 2594 827 2622 Luc,
842 2599 888 2623 ΧΠ,
906 2594 944 2616 49.

172 2637 201 2642 -
216 2625 226 2641 ⁴
241 2626 307 2650 Psal.
323 2633 412 2657 cxvnr,
429 2630 451 2653 6,
465 2642 495 2646 -
509 2630 519 2646 ⁵
536 2630 541 2652 Ι
558 2630 639 2659 λοαη.,
656 2635 683 2659 11,
699 2630 737 2652 27.
753 2642 784 2647 -—
801 2629 809 2642 ⁰
828 2629 898 2658 Gen„
915 2633 944 2658 11,

173 2662 214 2689 16,
239 2663 275 2685 17.
294 2675 324 2679 -
342 2663 351 2679 '1
375 2663 438 2690 Tob..
464 2671 497 2694 iv,
526 2666 562 2689 16.
578 2679 608 2682 -
631 2665 642 2681 ¹³
661 2664 762 2690 Mateta,
781 2671 834 2694 vii,
858 2666 894 2688 12.
914 2677 944 2681 —

171 2696 181 2712 Β
200 2696 290 2726 Esou„
310 2705 354 2727 xx,
371 2700 398 2722 14
413 2701 438 2723 et
452 2706 505 2730 seq.
524 2713 555 2718 —-
574 2701 592 2717 ¹⁰
611 2700 713 2730 Mateta,
730 2706 796 2731 nu,
814 2701 898 2724 37-39.
914 2712 944 2717 —-

1722 233 1782 263 28¹1

1001 298 1131 326 Matthaeo
1146 298 1177 327 ¹⁰.
1202 300 1312 328 Horum
1331 298 1548 336 expositionem
1574 306 1672 335 quaere
1694 306 1784 335 supra

1001 345 1034 373 in
1048 346 1173 374 materia
1188 346 1225 375 dc
1239 347 1392 384 praeceptis
1402 368 1411 383 ‚
1435 349 1462 375 ct
1476 347 1506 375 in
1520 347 1645 376 materia
1659 347 1697 375 de
1711 347 1782 375 cha-

1003 391 1099 421 ritate.

1228 462 1424 508 CAPUT
1468 474 1551 508 111.

1278 553 1316 580 De
1334 553 1508 588 Paupertate.

1038 629 1076 657 De
1099 629 1272 664 paupertate
1293 630 1364 656 nota
1388 627 1554 664 specialiter
1578 627 1651 663 tria,
1672 628 1781 657 seilicet

1003 675 1086 711 quod
1101 677 1261 711 paupertas
1276 677 1317 703 est
1332 674 1449 703 coeleste
1469 674 1596 710 pretium
1610 695 1618 709 ,
1637 683 1705 703 cum
1720 683 1780 711 quo

1001 730 1147 758 pauperes
1157 724 1337 757 mercantur,
1349 721 1465 749 coeleste
1476 721 1781 758 prandium,adquod

1001 776 1148 805 pauperes
1161 768 1321 797 invitantur
1332 789 1341 803 ,
1357 770 1386 796 et
1400 768 1517 796 eoeleste
1532 768 1657 804 solium,
1673 768 1705 796 in
1720 777 1781 805 quo

1001 824 1149 852 pauperes
1165 816 1310 844 locantur.

1037 862 1134 890 Primo
1149 863 1238 898 igitur
1256 864 1416 899 paupertas
1431 864 1474 890 051
1497 863 1613 891 coeleste
1633 863 1761 899 pretium
1772 884 1780 897 ,

1002 917 1063 945 quo
1079 917 1096 937 a
1111 910 1145 945 (b)
1158 910 1343 946 pauperibus
1358 909 1465 937 emitur
1479 909 1597 942 eoelum,
1623 910 1697 938 sieut
1712 910 1782 938 dicit

1001 956 1206 991 Augustinus¹¹
1219 967 1227 984 .-
1243 967 1256 983 11
1270 959 1416 992 Regnum,
1429 957 1534 993 inquit,
1551 957 1695 985 coelorum
1709 965 1781 993 pau-

1001 1006 1114 1039 pertate
1130 1004 1263 1032 emitur.»
1276 1006 1308 1032 Et
1323 1006 1392 1032 nota
1409 1004 1492 1040 quod
1502 1012 1628 1040 regnum
1637 1004 1780 1032 coelorum

999 1050 1064 1085 J'urc
1081 1051 1241 1087 emptionis
1257 1051 1396 1079 convenit
1409 1051 1609 1087 pauperibus,
1632 1051 1703 1087 quia
1725 1051 1780 1086 ipsi

1002 1098 1123 1134 proprie
1138 1098 1258 1126 solvunt
1271 1098 1415 1134 pretium,
1432 1098 1514 1134 quod
1528 1099 1639 1126 taxavit
1653 1097 1781 1126 Christus

1003 1145 1104 1172 dicens
1128 1145 1147 1162 1²
1169 1155 1175 1173 z
1209 1146 1301 1173 Omnis
1329 1147 1378 1181 qui
1408 1146 1549 1180 reliquerit
1583 1145 1692 1173 deinum
1730 1148 1781 1172 aut

1002 1200 1080 1226 agros
1088 1213 1097 1227 ,
1115 1193 1169 1219 etc.

1038 1238 1174 1266 Secundo
1186 1241 1346 1275 paupertas
1357 1240 1398 1266 est
1409 1238 1524 1266 coeleste
1534 1238 1707 1274 prandium,
1718 1247 1779 1275 quo

1003 1293 1151 1321 pauperes
1166 1285 1347 1313 reficiuntur.
1358 1285 1435 1313 Sicut
1450 1286 1530 1313 euim
1544 1285 1781 1322 videmus,qu0d

1006 1332 1129 1368 qnando
1153 1332 1297 1360 clamatur
1316 1332 1354 1360 ad
1374 1333 1612 1369 eleemosynam,
1628 1333 1677 1361 vel
1695 1341 1782 1369 pran-

1004 1380 1087 1407 dium
1113 1380 1160 1415 (r),
1182 1380 1236 1407 soli
1254 1388 1399 1416 pauperes
1414 1380 1536 1407 veniunt
1556 1382 1583 1408 et
1603 1380 1780 1416 accelerant;

1002 1426 1043 1453 sic
1060 1426 1099 1454 ad
1121 1426 1282 1462 prandium
1298 1426 1380 1461 eoeli,
1398 1427 1436 1454 ad
1459 1427 1542 1462 quod
1556 1427 1687 1455 Christus
1706 1427 1783 1454 invi-

1002 1474 1062 1507 tat,
1079 1473 1132 1500 soli
1156 1481 1303 1509 pauperes
1324 1473 1451 1500 intrant:
1475 1473 1558 1509 quod
1583 1474 1728 1509 figuratur
1752 1474 1782 1501 in

1001 1520 1084 1554 Luca,
1099 1520 1152 1547 ubi
1168 1520 1274 1548 (licitur
1290 1520 1322 1555 ¹³,
1339 1520 1422 1556 quod
1438 1521 1512 1547 homo
1528 1521 1640 1555 quidam
1654 1522 1719 1554 fecit
1735 1529 1783 1548 coe-

1001 1575 1063 1594 nam
1078 1576 1201 1602 inaquam
1213 1588 1222 1602 ,
1234 1569 1289 1595 etc.
1306 1568 1339 1594 Et
1353 1569 1423 1594 nota
1437 1567 1521 1602 quod
1536 1567 1592 1594 tria
1607 1575 1717 1602 genera
1730 1567 1783 1595 ho-

1001 1614 1116 1641 minum
1132 1614 1172 1641 ad
1187 1614 1269 1641 illam
1286 1622 1402 1641 eoenam
1417 1613 1516 1641 venire
1531 1614 1704 1648 noluerunt,·
1728 1614 1782 1642 sed

1003 1661 1207 1689 excusationes
1219 1660 1341 1688 frivolas
1351 1660 1565 1695 allegaverunt,
1577 1660 1686 1688 seilicet
1700 1661 1780 1689 avari

1003 1707 1111 1735 divitiis
1134 1707 1302 1741 incrassati,
1326 1707 1491 1742 immundi,
1515 1707 1712 1742 impinguati,
1734 1716 1783 1735 su-

1000 1754 1096 1790 perbi,
1110 1754 1221 1782 dilatati
1237 1754 1417 1788 honoribus,
1429 1754 1513 1789 juxta
1527 1754 1604 1781 illud
1618 1756 1782 1783 Deuterono-

1001 1804 1052 1829 mii
1068 1802 1087 1818 ¹³
1101 1811 1107 1828 :
1125 1803 1305 1836 Incrassatus,
1321 1803 1528 1836 impinyuaius,
1545 1802 1693 1835 dilatatus,
1710 1802 1782 1830 (Iere-

1002 1850 1083 1883 liquit
1101 1850 1184 1876 Deum
1196 1850 1325 1881 factorem
1342 1856 1429 1876 suum.
1447 1848 1534 1876 Avari
1549 1848 1715 1883 figurantur
1729 1856 1782 1884 per

1001 1895 1102 1929 illum,
1128 1896 1179 1931 qui
1204 1894 1337 1931 quinque
1359 1895 1432 1930 juga
1454 1895 1550 1922 boum
1573 1897 1702 1930 emerat,
1728 1895 1782 1923 im·

1000 1942 1116 1976 mundi,
1133 1950 1187 1977 per
1209 1942 1294 1969 illum
1310 1941 1361 1978 qui
1376 1950 1501 1969 uxorem
1521 1942 1661 1976 duxerat3
1679 1950 1782 1978 super-

1000 1989 1107 2025 bi‚per
1125 1990 1211 2017 illum
1223 1989 1273 2025 qui
1296 1989 1400 2016 villam
1424 1989 1779 2025 comparaveratAEtideo

1001 2044 1105 2063 omnes
1118 2036 1163 2064 isti
1181 2044 1198 2063 a
1213 2044 1296 2063 coena
1316 2036 1367 2063 illa
1392 2036 1512 2071 proprie
1533 2038 1599 2063 sunt
1612 2035 1737 2070 exclusi,
1754 2039 1780 2064 et

1000 2083 1055 2110 soli
1071 2091 1216 2118 pauperes
1235 2082 1487 2109 intromissi.Nam
1503 2082 1777 2110 dicituriliidomffi:

1004 2130 1075 2156 Voca
1097 2137 1228 2164 pauperes
1249 2132 1274 2156 et
1300 2129 1408 2163 debiles,
1429 2132 1454 2155 et
1478 2129 1613 2164 introduc,
1630 2131 1684 2156 010.

1035 2177 1143 2210 Tertio,
1161 2179 1320 2212 paupertas
1337 2179 1378 2204 est
1395 2176 1510 2204 ecclesie
1526 2176 1653 2211 solium,
1670 2177 1699 2204 in
1717 2185 1777 2212 quo

999 2230 1146 2258 pauperes
1167 2223 1280 2255 sedent,
1304 2223 1378 2250 sicut
1407 2222 1517 2250 dicitur
1540 2223 1570 2250 in
1587 2224 1714 2251 Matthoeo
1731 2223 1750 2240 ¹⁶
1768 2234 1776 2251 .-

1003 2270 1055 2297 Vos
1071 2272 1119 2304 qui
1133 2271 1286 2304 reliquistis
1302 2272 1402 2303 omnia,
1419 2273 1443 2297 et
1461 2271 1546 2297 secuti
1561 2272 1625 2297 estis
1640 2279 1691 2304 me,
1709 2273 1775 2306 0103

1000 2319 1026 2344 01
1037 2317 1168 2352 sequitur
1181 2326 1188 2343 ι
1201 2317 1334 2344 Sedebitis
1348 2320 1372 2344 et
1385 2324 1429 2343 ros
1439 2325 1518 2351 snper
1530 2317 1613 2350 seiles,
1621 2317 1777 2350 judicantes

1001 2365 1143 2392 duodecim
1160 2366 1246 2392 tribus
1262 2366 1355 2393 Israel.
1372 2365 1427 2392 Sed
1443 2367 1527 2398 nota,
1545 2365 1628 2400 (111011
1641 2365 1715 2392 sicut
1728 2366 1778 2400 qui

1810 637 1842 656 De
1851 641 1902 662 pau-

1809 668 1892 693 pertale

1796 697 1902 718 notati-ia.

1810 1250 1853 1268 Pau
1857 1254 1904 1274 per-

1796 1280 1829 1298 tas
1861 1286 1872 1299 c
1877 1285 1903 1299 1.-

1817 1327 1881 1367 pran-

1820 1372 1889 1392 dium.

1794 2234 1826 2253 tas
1859 2240 1899 2252 rw-

1794 2295 1854 2315 lium.

1001 2414 1074 2439 esset
1099 2420 1188 2448 supra
1213 2412 1321 2440 coelum
1340 2433 1349 2446 ,
1376 2413 1466 2439 totam
1495 2414 1601 2438 terram
1627 2413 1777 2447 reputaret
1811 2429 1814 2432 <

1000 2459 1085 2495 quasi
1093 2461 1234 2494 punctum
1245 2459 1294 2494 (d);
1303 2458 1344 2486 510
1356 2466 1502 2494 pauperes
1514 2460 1605 2486 totam
1613 2460 1720 2486 terram
1733 2466 1777 2486 re-

1002 2556 1017 2569 '¹
1035 2555 1121 2580 Simile
1142 2555 1238 2587 aliquid
1259 2556 1385 2586 reperitur
1399 2556 1466 2586 apud
1487 2557 1562 2586 Aug„
1578 2555 1607 2578 de
1622 2556 1688 2579 verb.
1705 2556 1775 2580 Dom.

999 2597 1076 2615 serm.
1092 2597 1185 2616 xxv111.
1202 2605 1229 2609 -
1248 2593 1265 2608 ¹2
1281 2592 1383 2622 Mami„
1398 2599 1453 2622 mx,
1471 2594 1541 2616 25›.—
1556 2592 1574 2608 ¹³
1585 2591 1649 2617 Luc.v
1667 2597 1720 2621 xiv,
1738 2593 1775 2615 111.

999 2640 1025 2645 -—
1042 2627 1061 2643 ¹⁶
1078 2628 1160 2654 Dent„
1174 2633 1260 2657 xxxii,
1279 2630 1353 2652 15.—
1371 2629 1388 2645 ¹⁵
1403 2629 1468 2654 Luc„
1485 2633 1539 2657 XIV,
1555 2629 1626 2651 21.—
1640 2627 1659 2643 ¹⁶
1673 2627 1777 2657 Manli„

998 2668 1052 2692 xtx,
1069 2665 1108 2687 29.
1121 2676 1149 2681 -
1163 2665 1197 2694 (a)
1211 2663 1270 2687 Cat.
1287 2664 1347 2688 edit.
1363 2664 1466 2695 judicis.
1481 2677 1512 2681 —
1527 2663 1560 2693 (b)
1576 2663 1636 2686 lieni
1649 2670 1663 2687 a
1675 2670 1735 2694 quo.
1748 2676 1778 2683 ›—

1002 2699 1034 2730 (c)
1050 2700 1110 2723 [tem
1125 2700 1282 2730 paradisum.
1293 2713 1323 2718 —
1334 2700 1367 2730 (cl)
1385 2701 1447 2724 Item
1462 2701 1588 2724 centrum.
