2004 3037
232 297 292 328 374

231 361 295 391 sine
319 369 372 392 esu
396 361 532 392 carnium
553 363 582 392 et
603 361 667 392 vini
690 361 810 399 potione
834 361 1011 399 poenitentes

232 410 382 440 maneant.
396 418 412 438 n
428 409 493 439 Haec
507 416 615 439 canon.

477 494 658 520 PARTICULA
677 493 768 519 xxvi.

232 555 270 579 De
296 552 448 585 paenitentia
473 553 630 584 parentum,
656 551 701 583 qui
731 551 854 583 frangunt
881 550 1012 582 sponsalia

419 588 530 614 liliorum
545 590 604 620 post
616 589 716 619 septem
732 593 824 612 annos.

266 648 428 685 Trigesima
449 648 563 686 prima,
584 649 688 685 quaest.
708 655 754 682 ιιι,
774 655 810 676 ex
830 646 1012 676 Eliberitano

232 695 364 725 Concilio
380 696 409 725 ¹:
432 704 446 723 u
467 695 495 724 Si
514 694 566 732 qui
595 696 731 732 parentes
755 693 848 722 fidem
873 693 1014 729 fregerint

233 744 456 782 sponsaliorum
478 742 506 778 ¹,
534 743 642 772 trienni
673 745 806 780 tempore
834 750 852 771 a
880 750 1015 770 commu-

232 791 323 821 nione
350 791 526 820 abstineant.
551 790 580 819 Si
603 798 676 819 vero
704 789 786 818 idem
809 797 937 826 sponsus
965 787 1014 817 vel

234 847 359 876 sponsa,
378 838 410 866 in
425 837 479 866 illo
499 837 581 874 gravi
596 837 721 866 crimine
737 837 748 854 ³
765 844 828 865 non
847 835 958 864 fuerint
976 834 1014 871 (a)

235 885 423 922 deprehensi,
435 884 565 914 excusati
579 885 665 913 erunt
677 884 688 901 ⁸
697 884 846 920 parentes
862 882 890 910 Si
900 889 972 910 vcro
984 881 1015 909 in

234 932 343 961 eodem
364 931 437 960 vitio
458 930 583 966 fuerint,
605 932 633 959 et
650 929 813 967 polluerint
833 937 865 957 se
890 935 1016 957 consen-

234 979 346 1014 tiendo,
354 978 491 1016 superior
500 978 644 1007 sententia
653 978 795 1006 servetur.
806 987 820 1004 »
832 978 899 1005 Haee
907 983 1014 1005 canon.

476 1062 656 1088 PAnTlCULA
674 1061 776 1087 xxvu.

236 1123 272 1148 De
287 1120 440 1154 poenitentia
454 1121 524 1152 eJ'us,
541 1119 584 1152 qui
601 1119 671 1144 ducit
685 1118 710 1143 iu
729 1118 924 1144 matrimonium
939 1124 1017 1150 quam

463 1156 554 1188 polluit
567 1162 614 1188 per
628 1155 791 1180 adulterium.

271 1217 432 1254 Trigesima
445 1216 553 1253 prima,
569 1216 671 1252 quaest.
688 1223 707 1250 1,
724 1223 760 1243 ex
775 1214 907 1243 Concilio
923 1214 1018 1242 Elibe-

237 1265 331 1294 ritano
341 1265 365 1292 ⁵:
377 1275 391 1290 «
406 1264 433 1293 Si
450 1271 511 1300 qua
524 1263 617 1290 vidua
632 1262 718 1290 suerit
732 1262 888 1297 moechata,
901 1263 929 1289 et
939 1270 1019 1289 cum-

238 1312 306 1340 dem
321 1313 424 1348 postea
432 1310 571 1339 habuerit
581 1310 730 1345 maritum,
742 1311 809 1346 post
820 1308 1017 1345 quinquennii

238 1360 354 1396 tempus
373 1359 438 1387 acta
460 1357 592 1393 legitima
610 1357 799 1393 poenitentia,
823 1355 935 1392 placuit
953 1363 1019 1384 eam

239 1405 278 1435 ad
303 1405 546 1435 communionem
569 1403 766 1432 reconciliari.
783 1406 803 1430 ‘n
826 1405 890 1432 lloee
911 1410 1019 1431 canon.

473 1504 654 1529 PARTlCL'LA
674 1502 788 1528 xxviii.

445 1574 480 1598 Dc
508 1571 659 1604 poenitentia
688 1570 817 1595 maledici.

277 1645 386 1679 Extra„
401 1642 439 1671 de
453 1641 614 1676 Maledicis,
629 1641 785 1677 Gregorius
801 1641 919 1668 Nonus.-
940 1649 953 1664 ιι
965 1639 1024 1667 Sta-

243 1691 368 1726 tuimus,
390 1691 423 1718 ut
448 1690 472 1717 si
496 1689 563 1726 quis
587 1690 690 1717 contra
710 1689 801 1716 ileum
822 1687 869 1714 vel
891 1686 1024 1722 aliquem

242 1741 416 1768 Sanctorum
439 1745 581 1771 suorum,
601 1738 629 1764 et
647 1736 776 1764 maxime
799 1736 918 1763 beatam
935 1734 1024 1770 Virgi-

243 1794 325 1820 nem,
337 1785 470 1820 linguam
484 1784 514 1812 in
527 1783 744 1819 blasphemiam
755 1782 875 1818 publice
890 1781 1024 1809 relaxare

243 1831 478 1869 praesumpserit,
498 1839 551 1867 per
570 1830 744 1866 episcopum
767 1837 862 1864 pcrnae
880 1827 1025 1855 subdatur

245 1880 366 1908 inferius
387 1880 549 1912 annotarim,
572 1879 601 1905 ut
622 1877 760 1904 videlieet
783 1878 895 1912 septem
919 1875 1026 1902 (liebus

246 1926 419 1961 dominicis,
444 1933 504 1962 prae
525 1924 639 1952 foribus
661 1923 791 1951 ecelesiae
809 1923 839 1950 in
859 1922 1025 1955 manifesto,

247 1974 320 2003 dum
339 1974 466 2009 aguntur
483 1971 640 1999 missarum
655 1970 819 2003 solemnia,
834 1969 1027 2005 blasphemus

248 2021 385 2056 existens,
401 2019 507 2048 ultimo
523 2018 643 2046 illorum
659 2016 707 2044 die
723 2016 887 2050 dominico,
902 2015 1028 2051 pallium

248 2071 275 2097 et
288 2068 488 2096 calceamenta
497 2073 557 2093 non
568 2064 686 2097 habeat,
697 2063 803 2097 ligatus
814 2063 941 2097 corrigia
952 2061 1029 2090 circa

249 2114 377 2149 collum,
392 2115 564 2150 septemque
579 2110 816 2147 praecedentibus
834 2109 920 2137 sextis
935 2109 1028 2143 seriis,

248 2163 361 2199 jejunet
383 2161 412 2189 in
430 2167 507 2196 pane
530 2161 557 2186 et
577 2166 671 2194 aqua,
693 2156 847 2184 ecclesium
863 2156 1031 2184 nullatenus

252 2210 447 2245 ingressurus.
462 2205 599 2240 Quolibet
610 2212 731 2240 quoque
745 2203 957 2239 praedictorum
973 2202 1031 2229 die-

254 2263 331 2290 rum,
347 2256 404 2282 tres
418 2253 442 2280 si
457 2253 574 2289 poterit,
590 2251 724 2287 alioquin
740 2250 817 2278 duos
831 2250 943 2278 reficiat
958 2257 1031 2285 pau-

254 2310 353 2339 peres,
372 2301 433 2328 sivc
454 2307 562 2333 unum,
583 2300 611 2326 ct
634 2299 657 2325 si
682 2305 736 2325 nec
756 2297 794 2325 ad
809 2297 866 2324 hoc
881 2296 1033 2324 facultates

255 2349 317 2385 ejus
328 2349 493 2383 suppetant,
506 2346 535 2373 id
547 2346 576 2372 in
586 2353 706 2381 pwuam
716 2346 913 2371 commutetur
927 2343 1031 2370 aliam:

256 2395 303 2424 cui
319 2395 418 2428 ctiam,
434 2393 456 2420 si
472 2392 602 2420 renuerit
617 2392 748 2427 recipere
763 2399 797 2418 ac
813 2398 954 2426 peragere
970 2398 1033 2425 poe-

256 2442 409 2471 nitentium
421 2439 631 2476 supradictam,
644 2438 773 2465 ecelesiae
790 2437 978 2465 interdicatur
994 2437 1035 2464 in-

258 2496 390 2525 gressus,
405 2488 433 2515 ct
453 2486 484 2514 in
504 2486 588 2513 obitu
608 2485 803 2513 ecelesiastica
823 2485 919 2511 careat
938 2482 1036 2518 scpul-

258 2539 334 2570 tura,
344 2542 398 2571 pcr
410 2532 604 2569 temporalem
615 2534 755 2567 praeterea
769 2532 942 2567 potestatem
953 2538 1036 2557 coac-

261 2583 351 2617 tione,
366 2582 390 2609 si
405 2588 523 2609 necesse
544 2579 641 2614 suerit,
659 2579 791 2615 episcopi
811 2577 968 2605 diwaesani
984 2576 1036 2604 ad-

295 2672 297 2681 ’
317 2670 388 2692 (Σιιηιτ.
407 2667 515 2691 Eliberae‘l
530 2685 536 2696 ‚
553 2672 608 2689 cain.
624 2667 694 2689 iil.—
706 2665 714 2679 ²
731 2666 787 2688 Nou
804 2663 947 2694 copulando
964 2662 1036 2688 iiiios,

263 2704 328 2727 sieut
339 2704 498 2734 juraverunt,
510 2702 540 2725 (lc
556 2708 684 2725 consensu
700 2708 832 2724 eorulu.-—
844 2700 853 2713 ³¹
867 2699 967 2723 Scilicet
980 2698 1037 2728 quia

264 2739 375 2770 copulari
405 2738 494 2762 volunt
526 2737 591 2760 iuter
615 2743 641 2760 se
652 2755 659 2767 ‚
682 2744 733 2760 non
764 2736 879 2759 obsi-aule
909 2734 1038 2757 voluntale

265 2777 408 2807 parentum.
425 2787 455 2792 -
473 2774 483 2790 ὅ
504 2774 599 2797 noveru
616 2772 700 2803 quoad
718 2778 822 2802 ponium
845 2770 976 2798 lie-elesii»,
994 2768 1038 2792 sed

872 286 1206 327 GONFESSIONALE.

1064 361 1160 390 hibita
1174 362 1277 390 contra
1291 369 1370 390 eum.
1385 361 1595 399 Blasphemus,
1608 361 1634 391 si
1648 361 1733 391 dives
1743 362 1842 399 fuerit,

1066 408 1267 446 quadraginta
1288 408 1470 446 solidorum,
1493 409 1608 446 alioqui
1626 408 1762 446 triginta,
1780 409 1844 439 sive

1065 455 1180 492 viginti,
1196 458 1225 484 et
1238 456 1263 484 si
1277 456 1317 484 ad
1328 456 1361 484 id
1379 464 1441 484 non
1462 456 1604 492 sufficiat,
1623 455 1758 494 quinque
1771 455 1843 486 soli-

1066 503 1176 532 dorum
1189 503 1301 532 usualis
1311 505 1438 532 monetae
1449 512 1541 542 poena
1553 503 1719 539 mulctetur,
1729 503 1846 533 nullam

1066 551 1099 579 in
1118 550 1176 578 hoc
1196 551 1432 579 misericordiam
1452 551 1608 580 habiturus
1615 560 1626 586 ;
1647 550 1732 588 quod
1756 550 1847 580 eliam

1066 597 1143 626 inter
1169 598 1228 627 alia
1260 599 1506 628 communitatum
1535 600 1643 628 statuta
1668 601 1807 636 ponatur.
1828 609 1843 626 »v

1068 646 1132 674 flaec
1147 653 1255 674 canon.

1326 711 1509 738 PARTICULA
1527 712 1617 737 XXlX.

1096 772 1133 796 De
1147 770 1301 803 poenitentia
1313 771 1455 797 sacerdotis
1469 772 1606 798 revelantis
1623 772 1823 798 contessionem.

1106 834 1144 862 De
1157 833 1338 868 Poenitentia,
1347 833 1581 870 distinctionem,
1589 835 1746 872 Gregorius
1754 837 1848 873 Papa:

1073 889 1087 908 α
1105 880 1248 909 Sacerdos
1268 882 1335 910 ante
1353 881 1456 910 omnia
1476 883 1594 918 caveat,
1613 890 1652 911 ne
1670 882 1708 911 de
1726 882 1773 910 his
1798 881 1851 919 qui

1071 927 1248 956 confitentur
1272 928 1299 956 ei
1318 930 1442 965 peccata
1463 937 1517 958 sua
1538 928 1627 957 alicui
1650 929 1766 964 recitet,
1789 936 1852 958 non

1070 975 1249 1012 propinquis
1255 996 1265 1011 ,
1280 983 1341 1003 non
1357 976 1520 1012 extraneis,
1535 983 1644 1013 neque,
1665 976 1749 1013 quod
1763 975 1850 1012 absit,

1071 1029 1126 1058 pro
1141 1022 1243 1059 aliquo
1257 1022 1411 1051 scandalo.
1428 1025 1501 1051 Nam
1515 1023 1539 1051 si
1553 1023 1612 1051 hoc
1627 1022 1739 1058 fecerit,
1755 1022 1851 1059 depo-

1071 1071 1174 1104 natur,
1190 1071 1218 1097 et
1232 1069 1372 1098 omnibus
1391 1069 1582 1102 diebusvitae
1595 1078 1655 1098 suae
1670 1069 1851 1106 ignominio-

1072 1124 1122 1145 sus
1136 1116 1356 1154 peregrinando
1370 1119 1484 1153 pergat.
1500 1128 1514 1143 ι»
1532 1118 1597 1146 flaec
1611 1125 1717 1146 canon.

1342 1201 1522 1226 PARTICULA
1541 1201 1618 1226 XXX.

1076 1257 1111 1282 De
1135 1256 1288 1289 pmnitentia
1307 1256 1379 1288 ejus,
1405 1256 1448 1288 qui
1475 1256 1623 1288 compulsus
1651 1255 1855 1282 conditionaliter

1404 1292 1525 1324 perjurat.

1112 1352 1258 1388 l'igesima
1281 1333 1432 1386 secunila,
1461 1352 1622 1389 quoestione
1646 1351 1762 1388 quinta,
1789 1352 1856 1380 Pius

1076 1401 1155 1436 Papa
1168 1409 1174 1426 :
1194 1410 1207 1425 «
1222 1399 1276 1433 Qui
1292 1399 1464 1436 compulsus
1479 1407 1496 1427 a
1509 1399 1633 1427 domino
1649 1399 1744 1427 sciens
1758 1399 1857 1436 perJu-

1076 1449 1132 1481 rat,
1147 1446 1265 1482 utrique
1283 1446 1411 1483 perjuri,
1431 1448 1458 1474 et
1474 1437 1672 1481 dominus,'ct
1684 1446 1787 1474 miles:
1804 1446 1857 1474 clo-

1077 1493 1190 1529 mhms,
1208 1492 1278 1529 quia
1296 1493 1450 1529 praecpit3
1467 1493 1568 1528 miles,
1583 1493 1654 1529 quia
1673 1493 1742 1530 plus
1761 1492 1857 1521 domi-

1078 1549 1166 1575 num,
1183 1549 1273 1577 quam
1288 1540 1420 1568 animam
1436 1540 1548 1568 dilexit.
1565 1540 1593 1569 Si
1604 1541 1688 1569 ‘liber
1708 1542 1764 1576 est,
1781 1548 1855 1577 qua-

1079 1587 1217 1623 draginta
1233 1587 1296 1616 dies
1310 1587 1340 1615 in
1356 1595 1433 1624 pane
1449 1589 1477 1615 ct
1491 1596 1570 1624 aqua
1584 1587 1737 1624 poeniteat,
1753 1589 1781 1615 et
1793 1595 1858 1623 sep-

1080 1636 1138 1663 tem
1159 1636 1315 1671 sequentes
1333 1642 1442 1669 annos;
1461 1634 1485 1661 si
1505 1643 1607 1662 servus
1631 1634 1782 1670 ejusdcm,
1802 1635 1859 1662 tres

1080 1681 1340 1718 quadragesimas,
1355 1683 1382 1709 ct
1404 1681 1550 1716 legitimas
1569 1680 1656 1709 terias
1676 1677 1822 1717 poenit'eat.
1843 1690 1856 1706 »

1081 1730 1144 1757 llaec
1159 1737 1265 1756 canon.

1345 1805 1523 1830 PARTlCLssLA
1544 1806 1631 1830 XXXl.

1084 1867 1119 1890 De
1134 1865 1286 1897 poeuiteutia
1300 1864 1364 1896 ejus,
1377 1863 1421 1895 qui
1439 1862 1551 1894 perjurat
1565 1862 1591 1887 in
1603 1862 1722 1887 manibus
1737 1863 1872 1895 episcopi„

1319 1901 1359 1925 vel
1378 1899 1404 1923 in
1421 1906 1497 1924 cruce
1513 1901 1618 1923 sacrata.

1120 1963 1266 1999 vigesima
1278 1961 1426 1996 secunda,
1441 1963 1544 1998 quaest.
1565 1961 1686 1997 quinta:
1702 1971 1715 1986 (ι
1729 1960 1782 1994 Qui
1799 1969 1863 1998 per-

1082 2011 1162 2046 jurat
1177 2010 1206 2037 iu
1221 2017 1313 2037 manu
1323 2009 1466 2045 episcopi,
1478 2008 1526 2035 vel
1542 2008 1571 2035 in
1584 2016 1670 2035 eruce
1682 2010 1862 2042 consecrata,

1086 2060 1143 2085 tres
1158 2065 1252 2085 annos
1266 2056 1416 2092 poeniteat.
1433 2055 1486 2089 Qui
1506 2056 1605 2082 autem
1627 2057 1746 2082 coactus
1764 2053 1864 2087 suerit,

1087 2107 1114 2133 et
1129 2105 1270 2140 ignorans
1284 2112 1314 2131 se
1327 2102 1532 2139 perjuraverit,
1549 2105 1576 2129 et
1592 2104 1693 2138 postea
1704 2101 1865 2137 cognoscit,

1089 2154 1145 2180 tres
1164 2150 1408 2187 quadragesimas
1423 2148 1570 2185 poeniteat.
1588 2157 1601 2174 n
1619 2150 1681 2175 lloec
1698 2155 1803 2175 canon.

1353 2232 1531 2257 mu‘rlct'LA
1552 2232 1651 2256 xxxn.

1123 2292 1159 2316 Dc
1173 2289 1323 2321 poeniteutia
1337 2289 1405 2320 ejus,
1421 2289 1463 2319 qui
1478 2290 1581 2313 coactus
1596 2288 1707 2320 perjurat
1722 2295 1769 2319 pro
1784 2287 1835 2311 vita

1398 2325 1556 2349 redimenda.

1128 2386 1262 2423 Capitulo
1283 2387 1433 2422 sequenti,
1450 2394 1486 2414 ex
1501 2386 1687 2414 Poem‘tente‘ali
1703 2384 1866 2413 Theodori:

1096 2434 1151 2462 «Si
1173 2433 1239 2469 quis
1257 2435 1376 2461 coactus
1390 2441 1445 2468 pro
1464 2433 1524 2461 vita
1542 2431 1732 2465 redimenda',
1747 2431 1795 2459 vel
1813 2439 1867 2467 pro

1093 2480 1226 2517 qualibet
1247 2488 1350 2513 causa,
1373 2480 1421 2508 vel
1440 2479 1610 2507 necessitate
1632 2478 1778 2514 perjurat,
1798 2477 1869 2514 quia

1093 2528 1160 2564 plus
1175 2535 1283 2562 corpus
1296 2535 1386 2562 quam
1402 2526 1532 2554 animam
1545 2525 1656 2558 dilexit,
1668 2527 1725 2552 trcs
1742 2524 1869 2561 quadra-

1095 2574 1221 2610 gesimas
1230 2573 1381 2609 pwniteat;
1393 2574 1441 2601 alii
1450 2573 1585 2608 judicant
1594 2575 1649 2599 tres
1661 2580 1765 2607 annos,
1775 2579 1868 2599 unum

1095 2630 1131 2650 ex
1144 2621 1190 2648 his
1203 2621 1233 2648 in
1248 2629 1325 2656 pauc
1340 2623 1367 2649 et
1382 2628 1469 2657 aqua.
1485 2630 1498 2646 u
1515 2621 1579 2647 llaec
1593 2627 1701 2647 canon.

1095 2702 1147 2719 nou
1166 2694 1249 2725 quoad
1266 2697 1363 2718 reulum
1382 2701 1388 2718 ς
1408 2701 1437 2717 ex
1457 2700 1508 2724 quo
1530 2693 1597 2717 enim
1617 2699 1721 2724 operum
1737 2692 1869 2721 dederunt,

1096 2739 1126 2755 ιιι·
1139 2730 1182 2754 tilii
1192 2730 1381 2761 col‘uiluriptur,
1390 2731 1561 2760 peccaverunt
1574 2729 1722 2753 mortaliter.
1732 2741 1760 2745 -
1776 2728 1786 2743 ⁵
1799 2729 1869 2750 Cone.

1098 2766 1228 2795 Eliberit„
1245 2773 1300 2790 cun,
1317 2767 1355 2790 72.
1373 2778 1402 2783 —
1419 2765 1452 2796 (a)
1468 2765 1509 2789 Al.
1523 2765 1546 2788 in
1561 2764 1632 2796 gravi
1648 2763 1753 2788 erimine
1770 2762 1869 2788 suerint.
