2004 3037
94 1573 150 1592 Vei-a
156 1578 188 1592 sa-

95 1603 177 1629 pientia

92 1636 177 1656 inutili-

87 1697 184 1718 scientiis

87 1728 179 1754 impedi-

85 2319 182 2344 Mystinae

84 2349 176 2368 Theilo-

46 2378 47 2383 ¹
76 2380 117 2404 εἰῶ
143 2379 180 2399 de-

90 2410 166 2433 finitio,

89 2443 110 2460 et
120 2440 168 2466 ejus

74 2473 181 2492 excellen-

861 339 1176 387 PROLOGUS

250 597 310 624 Vioe
322 595 389 622 sion
404 592 522 628 Ζιιρεηῦί,
539 601 567 620 eo
579 592 650 628 quod
664 600 716 620 non
727 593 775 626 sit,
793 592 841 626 qui
854 591 939 618 vadat
953 589 990 617 ad

209 643 414 670 solemnitatem.
434 640 511 668 Licet
534 638 694 667 Hieremias
714 631 860 674 propheta
883 636 989 664 dixerit

209 688 267 716 hoc
276 687 413 720 verbum,
428 685 626 722 captivitatem
640 684 744 721 populi
757 683 802 711 sui
817 683 986 719 deplorans;

209 737 308 762 tamen
330 734 388 762 hoc
410 732 518 770 poterit
540 731 707 768 speculator
730 730 857 766 quisque
879 729 987 756 intelli-

211 789 283 817 gens
311 780 491 814 exclamare,
516 780 627 806 tantam
652 777 851 812 captivitatem
873 776 986 803 anima-

209 835 287 862 rum,
300 828 412 854 tantam
428 825 659 853 declinationem
673 832 691 851 a
705 823 814 851 semitis
827 822 944 858 justitiae
959 823 987 849 et

208 874 264 901 viis
286 873 430 909 aequitatis
451 873 481 900 in
504 871 619 899 mundo
643 870 780 898 universo
805 869 983 896 discernens.

211 921 270 948 Vioe
284 920 362 947 enim
379 919 516 947 dicuntur
530 917 693 946 amantium
708 915 856 944 desideria
871 915 984 942 anima-

207 974 289 1001 rum,
307 966 415 1002 quibus
434 965 473 993 ad
493 966 584 992 Deum
604 965 631 991 et
651 963 690 991 ad
708 970 868 998 supernam
883 961 984 988 civita-

206 1015 266 1041 tem
286 1012 482 1045 Hierusalem,
497 1019 586 1048 super
602 1017 722 1038 omnem
737 1009 882 1037 rationem
896 1010 925 1035 et
938 1007 983 1035 in-

206 1059 368 1093 tellectum,
385 1059 474 1086 etiam
487 1058 518 1085 in
532 1059 649 1085 terreno
665 1063 788 1091 corpore
801 1055 982 1088 habitantes,

205 1106 312 1133 animae
336 1105 539 1133 sublevantur.
558 1105 626 1137 Quae
647 1102 702 1130 viae
721 1102 809 1130 etiam
831 1102 919 1136 lugere
940 1100 983 1128 di-

205 1154 321 1186 cuntur,
337 1160 372 1179 eo
388 1150 471 1187 quod
486 1158 546 1178 non
562 1150 599 1177 sit
613 1149 664 1185 qui
681 1149 720 1176 ad
735 1150 845 1176 tantam
859 1149 981 1175 solemni—

206 1202 289 1226 tatem
303 1197 436 1234 aspiciat,
451 1205 486 1225 eo
502 1196 596 1232 quod,
612 1196 726 1230 abjecta
741 1203 811 1222 vera
826 1194 980 1230 sapientia,

204 1247 264 1273 tam
287 1245 382 1272 clerus
403 1251 496 1280 quam
515 1242 646 1279 populus
669 1241 829 1269 mundanis
853 1240 980 1274 deliciis,

203 1291 252 1319 vel
267 1291 419 1318 inutilibus
439 1289 671 1323 curiositatibus,
691 1296 722 1315 se
741 1287 907 1321 immergat.
924 1286 981 1314 Sed

203 1338 287 1374 quod
302 1337 395 1365 multo
414 1337 510 1371 magis
525 1337 568 1363 est
584 1334 759 1368 dolendum,
775 1335 803 1361 et
822 1333 920 1361 cordis
938 1333 980 1360 la-

203 1385 312 1421 crymis
327 1383 537 1412 incessabiliter
551 1381 787 1414 lamentandum,
797 1379 880 1416 quod
895 1379 981 1407 multi

203 1431 346 1466 religiosi,
360 1430 444 1458 multi
458 1429 545 1456 etiam
558 1428 613 1455 viri
624 1427 729 1455 famosi
742 1426 879 1463 reputati,
889 1426 980 1454 veluti

203 1477 358 1514 quondam
372 1475 502 1512 populus
525 1474 713 1506 Israelitious,
728 1473 830 1501 relicto
845 1473 882 1508 (a)
901 1472 981 1500 cultu

202 1523 346 1552 Creatoris
365 1523 425 1557 sui,
441 1521 617 1550 manufactis
630 1520 719 1548 idolis
733 1520 911 1553 servierunt,
928 1519 979 1552 sic,

202 1571 304 1599 relicta
321 1577 393 1597 vera
413 1568 574 1604 sapientia,
590 1576 650 1603 qua
665 1568 739 1594 Deus
758 1566 839 1594 solus
853 1565 980 1602 perfecte

203 1617 324 1645 interius
340 1616 456 1650 colitur,
477 1617 504 1642 et
518 1623 536 1642 a
550 1614 621 1641 solis
641 1613 808 1642 amantibus
828 1612 978 1646 adoratur,

204 1664 327 1692 diversis
348 1662 490 1695 scientiis,
515 1662 542 1688 et
570 1659 814 1687 fabricationibus
837 1658 980 1694 multipli-

204 1711 281 1738 cium
297 1710 541 1744 argumentorum
561 1706 734 1740 inventitiiS,
755 1705 839 1741 quasi
859 1705 980 1740 quibus-

203 1757 274 1785 dam
286 1755 382 1789 idolis,
396 1753 604 1782 miserabiliter
619 1754 749 1780 mentem
765 1751 977 1787 impleverunt:

201 1803 232 1831 in
247 1802 355 1838 quibus
375 1802 415 1828 sic
436 1800 645 1833 absorbentur,
665 1798 788 1826 diabolo
810 1798 977 1832 instigante,

202 1849 280 1877 etsie
294 1856 377 1876 mens
392 1848 525 1883 ipsorum
539 1847 569 1874 in
584 1846 644 1873 istis
660 1845 786 1872 totaliter
799 1843 976 1880 possidetur,

201 1898 232 1923 ut
241 1903 311 1923 vera
326 1893 470 1930 sapientia
480 1893 579 1920 locum
591 1892 621 1919 in
632 1892 672 1919 eis
682 1900 743 1919 non
754 1890 894 1918 inveniat.
904 1891 977 1917 Nam

200 1943 255 1970 hac
268 1941 279 1956 ¹
291 1943 408 1976 pessima
423 1941 612 1975 occupatione,
628 1947 719 1974 quam
735 1940 803 1965 Deus
823 1938 897 1964 dedit
911 1938 978 1971 filiis

199 1989 345 2022 hominum,
362 1986 516 2014 infeliciter
536 1985 732 2021 captivantur,
753 1984 792 2012 ita
812 1986 844 2010 ut
864 1991 924 2010 non
941 1983 975 2010 sit

199 2034 395 2070 spiraculum,
421 2041 481 2069 quo
506 2041 593 2060 suum
612 2033 776 2060 Creatorem
803 2030 902 2058 anima
923 2037 976 2064 per

199 2081 398 2115 flammigeras
417 2080 526 2108 amoris
546 2078 715 2106 affectiones
731 2077 890 2111 contingat.
912 2077 975 2103 Non

199 2128 278 2154 enim
294 2127 400 2154 adhoc
415 2127 544 2154 animam
558 2125 718 2157 creaverat,
729 2125 760 2151 ut
775 2124 877 2150 contra
890 2130 974 2149 suam

199 2173 425 2209 generositatem
443 2172 630 2199 multitudine
646 2172 859 2206 quaternorum
875 2169 974 2196 ovina-

198 2229 264 2247 rum
279 2219 402 2255 pellium
416 2219 588 2254 repleretur,
603 2218 654 2244 sed
673 2217 711 2244 ad
726 2217 782 2243 hoc
799 2218 829 2242 ut
845 2218 918 2242 essct
932 2223 974 2242 se-

198 2267 250 2294 des
264 2266 428 2301 sapientise,
451 2266 478 2291 et
499 2265 529 2291 in
549 2264 612 2299 ipsa
628 2272 679 2290 rex
694 2263 834 2298 pacificus
849 2261 973 2288 civitatis

198 2320 341 2348 supernae,
357 2311 465 2338 scilicct
482 2313 554 2337 [teus
569 2310 741 2341 altissimus,
758 2308 906 2335 resideret.
925 2310 972 2335 Sa-

197 2359 306 2394 pit-utta
320 2358 397 2385 enim
410 2357 473 2384 hoee
492 2365 557 2392 quae
574 2358 688 2389 Myslz‘mz
705 2356 845 2388 Theoloffl'a
858 2355 970 2385 divinar,

198 2414 214 2432 a
230 2405 318 2432 Paulo
329 2403 467 2439 apostolo
484 2405 527 2430 est
541 2403 654 2436 edocta,
668 2410 684 2429 a
695 2402 833 2437 Dionysio
844 2404 970 2435 Areopa-

198 2451 257 2486 gita
278 2459 331 2478 suo
355 2449 500 2485 discipulo
523 2449 704 2484 conscripta,
730 2456 795 2482 quae
825 2447 904 2474 idem
929 2449 971 2474 est

197 2497 279 2533 quod
294 2496 424 2524 extensio
447 2495 556 2523 amoris
570 2495 601 2521 in
620 2496 711 2522 Deum
726 2502 779 2530 per
794 2494 903 2521 amoris
919 2493 969 2521 de—

195 2544 345 2572 siderium.
367 2544 514 2576 Quantum
533 2541 619 2569 distat
642 2543 722 2569 ortus
742 2541 779 2568 ab
800 2540 968 2574 occidente,

229 2644 232 2657 ¹
254 2643 419 2670 ll.s·m..1‚t.
434 2654 461 2658 -
477 2642 484 2654 ’·’
497 2639 676 2668 Ecclc.,l,13.

1045 589 1180 618 omnium
1196 592 1397 618 creaturarum
1411 590 1564 619 seientiam
1579 591 1818 629 incomparabili-

1044 638 1087 664 ter
1101 637 1288 673 praeexcellit.
1303 639 1375 665 Nam
1390 637 1464 665 alias
1479 637 1615 666 scientias
1629 639 1735 666 mundi
1751 638 1821 667 doc-

1043 683 1121 710 tores
1135 682 1271 718 edocent,
1283 683 1335 711 sed
1346 683 1383 711 de
1393 683 1448 712 hac
1460 691 1477 711 a
1487 683 1552 712 solo
1567 685 1624 713 Deo
1636 685 1820 720 immediate,

1042 737 1104 757 non
1126 737 1144 757 a
1167 729 1285 757 mortali
1307 730 1429 758 homine
1451 731 1570 766 spiritus
1593 731 1742 766 edocetur.
1764 733 1820 760 lsta

1042 774 1150 803 divinis
1165 775 1448 810 illuminationibus,
1463 779 1492 804 et
1508 777 1748 806 distillationibus
1763 786 1819 807 coe-

1041 821 1164 850 lestibus
1181 822 1318 851 scribitur
1334 823 1365 851 in
1379 823 1484 857 corde;
1501 823 1552 852 illa
1566 832 1638 852 vero
1654 833 1753 860 penna
1767 833 1818 853 an-

1040 869 1123 902 seris,
1135 870 1162 896 et
1171 870 1336 897 atramento
1346 869 1483 897 scribitur
1493 869 1524 897 in
1535 870 1624 906 pelle.
1637 872 1692 899 ista
1701 879 1771 899 vere
1781 871 1816 908 (b)

1041 915 1130 943 dicit:
1150 916 1276 950 Sufficit:
1300 924 1370 943 nam
1386 924 1441 952 per
1461 916 1546 944 istam
1565 917 1682 945 animus
1697 925 1818 945 causam

1039 961 1167 996 invenit,
1185 962 1294 990 scilicet
1318 963 1410 990 Deum
1429 965 1592 991 creatorem
1611 972 1715 998 suum,
1737 966 1765 992 et
1786 964 1818 991 in

1038 1008 1116 1044 ipso,
1131 1009 1182 1044 qui
1197 1011 1240 1036 est
1250 1009 1316 1036 fons
1329 1009 1468 1036 bonitatis
1478 1010 1567 1037 totius
1577 1012 1605 1037 et
1614 1010 1817 1044 beatitudinis,

1038 1055 1291 1083 immediatissime
1306 1055 1340 1092 (rr)
1356 1056 1546 1091 conquiescit.
1563 1056 1627 1084 Alia
1647 1065 1718 1084 vero
1739 1065 1816 1084 nun—

1039 1109 1130 1137 quam
1145 1101 1232 1129 dicit:
1248 1103 1376 1136 Sufficit3
1392 1109 1462 1130 nam
1474 1103 1587 1137 justum
1603 1103 1749 1138 judicium
1764 1105 1816 1139 est,

1038 1150 1071 1175 ut
1092 1148 1160 1184 qui,
1184 1156 1246 1175 non
1267 1148 1400 1176 curando
1422 1149 1459 1176 de
1482 1157 1600 1177 summa
1619 1149 1779 1186 sapientia,
1799 1158 1818 1178 a

1037 1203 1154 1223 summa
1169 1195 1290 1223 veritate
1307 1196 1415 1230 deviat,
1431 1196 1523 1224 veluti
1537 1205 1629 1224 caecus
1643 1197 1674 1224 in
1688 1197 1817 1225 tenebris

1037 1241 1217 1276 involvatur,
1231 1244 1259 1269 et
1273 1242 1313 1270 sic
1327 1251 1380 1278 per
1394 1251 1472 1270 vana
1491 1246 1519 1270 et
1539 1243 1642 1277 devia,
1658 1244 1758 1271 anima
1772 1243 1816 1271 in-

1036 1287 1149 1316 fatuata
1169 1289 1307 1316 humanis
1324 1289 1561 1324 inventionibus,
1586 1290 1735 1317 insensata
1756 1289 1816 1317 dis-

1037 1338 1144 1362 currat.
1166 1337 1236 1362 ltem
1258 1336 1311 1363 ista
1330 1335 1467 1363 affectum
1489 1336 1667 1370 inflammat,
1687 1336 1816 1364 intellec-

1037 1383 1100 1408 tum
1125 1381 1286 1416 illuminat3
1314 1382 1373 1410 alia
1394 1390 1466 1410 vero
1489 1390 1580 1418 quam
1604 1382 1715 1418 pluries
1736 1383 1815 1411 inve-

1037 1428 1121 1455 niens
1132 1436 1202 1456 vera
1209 1429 1352 1465 sapientia
1363 1437 1414 1456 cor
1425 1431 1610 1463 evacuatum,
1620 1429 1712 1463 inflat,
1724 1437 1814 1466 quam

1036 1475 1148 1511 pluries
1163 1476 1252 1503 variis
1265 1475 1469 1512 opinionibus,
1485 1477 1513 1503 et
1527 1475 1651 1504 diversis
1665 1476 1815 1504 erroribus

1037 1522 1217 1549 intellectum
1232 1522 1413 1550 obtenebrat.

1074 1569 1162 1603 igitur
1185 1568 1284 1596 relicta
1311 1569 1443 1595 humana
1465 1568 1624 1604 sapientia,
1647 1568 1814 1597 curiositate

1037 1615 1163 1642 scicntiae
1173 1615 1293 1649 inutiliS,
1303 1616 1593 1650 argumentationum
1602 1617 1629 1643 et
1638 1605 1814 1652 opinionum

1037 1661 1180 1697 capturis,
1196 1661 1335 1696 religiosa
1350 1662 1449 1689 anima
1471 1670 1525 1698 per
1543 1662 1653 1689 amoris
1667 1663 1813 1691 ascensio-

1036 1716 1104 1735 nem
1120 1708 1158 1735 ad
1173 1707 1284 1735 fontem
1300 1708 1435 1735 omnium
1450 1708 1649 1736 desiderando
1661 1709 1812 1744 ascendat,

1035 1754 1064 1782 in
1083 1762 1143 1790 quo
1167 1754 1230 1782 solo
1254 1755 1381 1789 reperiat
1399 1755 1561 1782 veritatem.
1585 1755 1642 1782 Sed
1660 1755 1732 1791 quia
1751 1755 1813 1783 haec

1034 1809 1151 1828 summa
1163 1801 1307 1837 supientia
1320 1809 1380 1829 non
1391 1804 1485 1836 potest
1498 1801 1535 1829 ab
1548 1801 1669 1829 homine
1683 1803 1812 1838 edoceri,

1033 1847 1169 1874 subditur
1193 1847 1348 1883 quomodo
1368 1847 1513 1883 quilibet,
1538 1850 1812 1885 quantumcumque

1032 1892 1139 1927 laicus,
1156 1894 1184 1920 in
1200 1893 1302 1921 schola
1318 1894 1366 1921 Dei
1387 1894 1528 1928 existens,
1544 1894 1621 1922 hanc
1636 1895 1811 1930 sapientiam

1032 1939 1070 1966 ab
1090 1940 1154 1975 ipso
1174 1940 1344 1967 immediate
1365 1940 1503 1976 recipiat,
1525 1949 1612 1976 snper
1631 1949 1751 1968 omnem
1768 1942 1811 1969 in—

1033 1985 1197 2020 tellectum,
1223 1994 1276 2022 per
1299 1987 1409 2014 amoris
1427 1986 1581 2021 affectum,
1602 1995 1692 2022 quam
1712 1988 1811 2015 nullus

1030 2032 1241 2068 philosophuS,
1260 2032 1422 2068 nullusque
1442 2033 1516 2060 alius
1535 2033 1677 2061 scholaris
1692 2034 1808 2062 saeeula-

1030 2079 1129 2114 risque
1159 2079 1307 2114 magister,
1336 2078 1419 2106 nulla
1448 2079 1578 2107 humana
1601 2079 1807 2115 intelligentia,

1030 2127 1305 2161 quantumcumque
1321 2125 1445 2159 studeat,
1463 2126 1667 2161 apprehendit.

1065 2172 1179 2207 Triplex
1199 2174 1241 2199 est
1263 2171 1352 2206 igitur
1366 2171 1414 2198 via
1428 2172 1482 2198 ista
1500 2172 1539 2198 ad
1554 2173 1660 2206 Deum,
1676 2172 1804 2200 scilicet:
1839 2181 1927 2208 Triplex

1029 2218 1198 2253 purgativa,
1220 2225 1279 2253 qua
1294 2225 1378 2245 mens
1398 2217 1436 2244 ad
1456 2217 1628 2245 discendam
1642 2226 1744 2245 veram
1759 2226 1805 2246 sa—
1834 2212 1914 2263 ’ἡέᾒέ

1028 2265 1170 2300 pientiam
1186 2264 1368 2300 disponitur3
1383 2264 1513 2292 secunda
1523 2273 1593 2292 vero
1607 2265 1805 2293 illuminativa
1829 2248 1874 2294 «paul
1881 2250 1920 2294 Ξε-

1030 2311 1145 2344 diritur,
1161 2319 1221 2346 qua
1236 2318 1318 2337 mens
1337 2311 1495 2345 cogitando
1511 2311 1550 2337 ad
1566 2302 1676 2338 amoris
1690 2311 1804 2339 inssam·
1819 2305 1925 2330 pientiam

1029 2358 1190 2384 mationem
1205 2357 1373 2384 accenditur
1386 2365 1392 2383 :
1410 2357 1494 2384 tertia
1508 2357 1630 2391 unitiva,
1648 2366 1708 2393 qua
1720 2367 1803 2386 mens

1027 2411 1114 2438 super
1133 2411 1252 2430 omncm
1273 2403 1467 2436 intellectum,
1487 2403 1632 2431 rationem
1648 2406 1676 2431 et
1695 2404 1801 2432 intelli-

1026 2450 1166 2484 gentiam,
1182 2457 1199 2476 a
1213 2449 1277 2476 solo
1293 2451 1349 2476 Deo
1365 2457 1480 2476 sursum
1492 2452 1559 2477 actu
1570 2450 1715 2485 dirigitur.
1730 2452 1801 2478 Nam

1025 2497 1099 2524 sicut
1119 2497 1254 2524 videmus
1276 2497 1307 2523 iu
1333 2496 1489 2532 pontibus,
1513 2496 1586 2523 dum
1607 2497 1695 2530 fiunt,
1718 2497 1801 2533 quod

1024 2542 1106 2576 prius
1121 2541 1201 2576 ligna
1216 2542 1433 2577 supponuntur,
1449 2542 1481 2568 ut
1497 2540 1619 2568 firmitas
1634 2541 1711 2568 muri
1726 2541 1799 2577 lapi-

1848 1579 1934 1601 Suasio.

1057 2604 1088 2634 (a)
1101 2603 1137 2627 ua
1152 2602 1214 2627 edit.
1229 2602 1318 2634 Luqd.‚·
1333 2604 1386 2627 coet.
1401 2602 1460 2627 edit.
1474 2604 1554 2627 recto.
1565 2616 1593 2621 -—
1607 2603 1641 2633 (b)
1659 2604 1721 2628 Coet.
1739 2603 1799 2628 edit,

1023 2645 1093 2662 vero.
1106 2652 1135 2656 —-
1150 2639 1182 2669 (c)
1198 2639 1257 2661 Item
1273 2638 1506 2662 immediatissimae.
