2004 3037
80 608 186 630 Sacerdos

80 641 181 667 proprius

80 677 119 692 nex
137 677 186 691 mo-

81 704 115 725 dis
131 704 186 724 dici-

112 737 154 756 tur.

199 150 258 181 382

197 217 261 245 tuta
271 215 368 244 facere
381 213 546 247 tentaverit,
561 211 672 248 gradus
690 211 737 240 sui
753 211 888 249 periculo
901 212 974 240 sub-

197 263 317 299 jacebit,
329 272 342 289 »
359 262 393 289 ut
406 260 477 288 dicit
491 259 618 288 Calixtus
631 260 711 295 Papa
726 258 821 295 (caus.
835 266 878 294 rx,
890 267 921 295 q.
933 265 973 294 11,

199 318 225 338 c.
237 309 270 346 1.)
279 308 354 338 Talis
361 306 506 343 ,iudicatio
518 306 615 334 nullas
625 305 716 334 habet
725 305 815 342 vires,
830 305 975 342 quoniam

198 356 298 385 nullus
323 354 360 391 (a)
374 353 495 382 alterius
517 352 626 389 judicis
650 352 706 380 nisi
729 351 776 380 sui
800 353 975 381 sententiam

199 402 320 432 tenebit.
337 401 365 429 Si
379 402 478 430 autem
495 399 616 435 cogitas,
633 399 705 436 quia
717 401 778 427 tota
792 399 841 427 die
855 401 990 428 contra-.

198 450 278 478 rium
295 448 360 477 fieri
377 447 531 483 videmus;
553 446 722 483 respondeo
738 455 746 474 ι
767 447 858 475 Tanto
872 447 957 483 pejus
964 456 974 483 3

199 499 229 526 et
251 497 303 534 qui
323 496 379 524 hos
402 502 531 523 canones
555 501 618 522 non
645 494 775 529 servant,
802 493 976 528 gravissime

199 545 333 582 peccant.

236 590 395 620 Sciendum
417 591 537 624 tamen,
562 587 647 624 quod
671 587 810 624 proprius
837 586 977 615 sacerdos

201 638 326 673 alicujus
339 645 391 665 sex
405 635 504 664 modis
516 634 640 662 efficitur
653 642 660 661 :
676 641 738 662 uno
752 633 845 662 modo
859 641 914 669 per
926 633 978 661 de-

201 684 439 714 terminationem
453 681 627 719 superioris‚
642 683 732 718 prout
744 680 978 709 determinantur

201 734 334 770 pastores
347 731 397 759 vel
409 729 512 758 vicarii
526 729 565 757 ab
580 728 649 764 illis,
666 728 774 764 quibus
788 728 856 756 licet
867 727 978 756 habere

202 779 328 808 vicarios
352 786 389 806 ex
409 775 628 813 dispensatione
652 774 830 811 superioris;
845 775 978 802 secundo

201 827 294 855 modo
312 833 367 862 per
384 823 576 862 privilegium
598 816 789 858 aliquorum,
809 823 842 849 ut
855 821 979 857 quidam

201 873 332 910 religiosi
352 874 441 900 sunt:
465 870 519 899 sed
540 869 649 898 talibus
669 868 810 902 confessi,
832 867 889 896 nisi
907 867 980 903 legi-

202 922 307 950 timum
326 919 573 956 impedimentum
587 916 734 950 habeant,
749 915 860 943 debent
874 915 980 942 iterum

202 966 346 997 sacerdoti
359 965 482 1002 proprio
492 963 634 992 confiteri.
649 962 756 997 Tertio,
768 970 822 998 per
831 961 980 990 licentiam

202 1014 315 1052 proprii
332 1011 507 1045 sacerdotis,
523 1019 593 1038 cum
607 1009 694 1037 mittit
713 1008 849 1036 subditos
868 1008 907 1036 ad
929 1007 982 1036 ali-

204 1070 280 1098 quos
294 1060 435 1088 discretos
451 1067 459 1086 ε
482 1057 534 1086 illa
548 1059 647 1085 tamen
668 1055 787 1084 lieentia
805 1063 867 1083 non
892 1055 982 1083 debet

203 1108 268 1137 fieri
283 1106 457 1144 generaliter
472 1104 512 1133 ad
527 1112 641 1138 omnes
657 1103 710 1130 sed
731 1102 770 1130 ad
783 1102 863 1136 illos,
881 1101 928 1129 vel
942 1101 982 1129 ad

203 1156 300 1189 illum,
315 1161 405 1191 quem
417 1152 469 1180 scit
479 1159 541 1179 csse
553 1151 713 1179 discretum
726 1152 754 1177 et
767 1152 881 1177 notum.
894 1149 982 1182 Quar-

204 1205 248 1238 to,
271 1210 339 1229 cum
361 1200 427 1236 quis
445 1200 489 1227 est
507 1197 725 1233 vagabundis,
745 1198 773 1224 et
794 1195 983 1232 pervenitad

204 1249 390 1278 sacerdotem
412 1247 571 1274 discretum
598 1246 626 1272 et
646 1246 760 1272 notum.
781 1243 899 1277 Quinto,
915 1250 983 1270 cum

205 1297 272 1333 quis
286 1298 329 1323 est
343 1295 373 1322 in
388 1293 511 1322 articulo
528 1293 664 1320 extremm
679 1290 875 1319 necessitatis:
888 1289 919 1317 in
932 1289 984 1317 illa

206 1343 284 1371 enin]
295 1343 390 1379 potest
402 1340 526 1377 quilibet
538 1338 676 1367 sacerdos
692 1337 856 1374 quemlihet
870 1345 939 1364 vere
950 1338 980 1371 (b)

207 1390 364 1418 contritum
387 1387 543 1416 absolvere
565 1386 603 1413 ab
632 1385 713 1413 omni
741 1383 983 1412 excommunica-

206 1438 286 1465 tione
301 1438 329 1463 et
344 1435 382 1463 ab
399 1434 481 1462 omni
504 1435 625 1469 peccato
635 1453 644 1466 ,
660 1433 934 1468 quantumcumque
949 1430 985 1457 sit

207 1492 306 1519 grave.
330 1482 410 1510 Unde
435 1480 526 1509 Julius
546 1482 625 1516 Papa
648 1479 746 1514 (cauS.
769 1486 849 1511 xxvi,
866 1486 895 1514 q.
911 1477 983 1512 w):

209 1543 223 1558 «
250 1531 278 1559 Si
300 1530 455 1567 presbyter
482 1526 672 1562 abnegaverit
695 1525 898 1561 prenitentiam
919 1532 983 1552 mo-

206 1578 359 1612 rientibus,
373 1584 440 1604 reus
455 1577 498 1603 cst
519 1574 697 1602 animarum.
713 1584 725 1598 η
744 1574 849 1607 Sexto,
864 1572 986 1608 propter

206 1625 333 1653 nimium
348 1623 494 1651 desectum
509 1621 679 1649 sacerdotis.

243 1672 378 1707 Quinque
401 1672 499 1698 autem
520 1668 630 1696 faciunt
650 1666 776 1694 nimium
795 1665 941 1692 defectum
956 1664 985 1691 in

207 1717 421 1747 sacerdotibus.
451 1717 545 1743 Ununi
570 1717 626 1748 est,
651 1714 674 1741 si
703 1714 770 1740 sunt
794 1711 986 1739 consessionis

207 1765 374 1802 proditores
390 1773 396 1791 z
414 1771 465 1799 per
481 1763 537 1789 hoc
553 1761 631 1789 enim
647 1768 708 1788 non
724 1759 822 1787 solum
842 1759 987 1785 damnan-

208 1815 253 1840 tur
269 1810 453 1844 aeternaliter,
468 1809 531 1843 sed,
548 1811 580 1836 ut
592 1807 698 1835 dicitur
713 1807 743 1834 in
757 1813 882 1838 canone,
898 1804 986 1831 etiam

209 1859 239 1888 in
262 1857 398 1895 praesenti
420 1857 584 1893 puniuntur
607 1863 659 1890 per
685 1855 714 1881 B.
740 1852 914 1887 Gregorium
935 1851 986 1878 de-

209 1906 355 1943 positione
371 1906 396 1932 et
411 1905 554 1940 perpetua
568 1899 805 1938 peregrinatione
829 1899 883 1934 (dc
894 1899 986 1931 Poen.‚

210 1954 276 1982 dist.
288 1961 327 1987 vi,
336 1961 361 1980 c.
374 1951 510 1985 Sacerdos)
521 1959 528 1983 ;
539 1957 591 1985 per
605 1947 988 1980 ln1ioccntiumlll‚nonso-

210 2001 270 2029 tum
286 1998 469 2036 depositione
480 2017 488 2031 ‚
503 1996 555 2024 sed
576 1995 696 2031 insuper
715 1996 793 2021 arcta
815 1991 987 2020 monasterii

211 2047 372 2076 intrusione
385 2046 529 2082 (Extrav.,
548 2042 584 2070 de
599 2044 677 2070 Peru.
696 2043 723 2069 et
737 2039 857 2068 Remiss.
871 2059 879 2073 ,
896 2039 988 2066 Omnis

211 2097 352 2129 utriusque
363 2092 543 2126 sczus.)1tem
554 2090 628 2117 alius
640 2096 734 2116 canon
746 2088 837 2124 (caus.
855 2094 883 2120 V,
900 2093 930 2121 (Ι.
947 2092 988 2116 vt,

212 2152 236 2170 e.
262 2142 290 2177 v)
309 2150 314 2168 :
341 2151 354 2166 «
378 2138 502 2167 Delatori
526 2138 575 2164 aut
603 2136 706 2170 lingua
739 2134 912 2170 capuletur,
939 2133 988 2159 aut

213 2189 347 2217 convicto
374 2188 461 2221 caput
490 2185 664 2217 damnetur,
693 2181 740 2209 vcl
769 2182 947 2216 amputetur.
972 2188 986 2204 v>

213 2239 276 2265 llaec
296 2243 401 2263 canon.
419 2232 575 2268 Cupulctur
587 2253 594 2265 ,
611 2230 641 2257 id
659 2232 711 2263 est,
730 2227 926 2264 suspendatur
941 2234 989 2253 ca-

213 2287 276 2320 put,
299 2282 408 2309 scilicet
423 2279 507 2307 civile
518 2300 525 2312 ,
540 2285 600 2305 non
616 2276 767 2310 naturale,
784 2273 867 2310 quod
883 2273 989 2300 dicitur

214 2333 302 2359 status
318 2327 447 2357 hominis
463 2326 587 2361 Masta„
604 2323 640 2351 de
657 2322 743 2358 capit.
761 2320 918 2354 diminut.)
943 2321 991 2347 Sc-

214 2377 361 2409 cundum,
377 2375 401 2401 si
416 2376 483 2400 sunt
494 2371 601 2399 notorii
615 2370 699 2405 juris,
712 2371 749 2402 et,
761 2371 793 2395 ut
807 2367 907 2400 crede,
923 2366 989 2393 sacti

214 2424 415 2453 fornicatores
440 2419 584 2453 Tertium,
607 2418 630 2444 si
655 2418 722 2444 sunt
747 2414 850 2450 judicii
879 2413 991 2441 confes-

215 2472 305 2499 sionis
331 2475 536 2505 perversores,
559 2473 594 2493 eo
618 2463 701 2500 quod
729 2463 797 2490 sunt
823 2461 859 2488 dc
882 2461 991 2496 quibus

248 2549 329 2577 ¹120„
346 2553 370 2577 v,
384 2547 463 2569 23.-
478 2544 486 2558 ²
501 2542 603 2572 Mami„
618 2547 658 2571 xv,
678 2541 712 2565 it.
729 2553 759 2557 —
775 2539 786 2555 ³
803 2537 902 2563 Manli..
914 2543 990 2567 xviii,

216 2585 254 2608 28.
271 2597 301 2601 ——
314 2584 322 2596 ⁴
335 2582 410 2611 Rom„
427 2586 487 2611 xiii,
500 2581 523 2604 7.
535 2591 566 2596 -
580 2578 587 2592 ⁵
606 2577 693 2605 Ει·ε[ι“,,
709 2582 743 2606 ιν,
762 2577 784 2600 8.
799 2587 830 2592 -
844 2575 852 2587 ‘²
868 2574 943 2604 Aug,
958 2573 992 2596 acl

217 2619 320 2649 Maced„
334 2618 406 2649 epist.
424 2622 476 2646 ων,
491 2615 522 2640 at.
538 2619 614 2644 cmii,
626 2620 652 2637 u.
669 2614 708 2637 ⁴20.

815 163 819 168 «
832 143 1166 179 CONFESSIONALE.

1031 212 1103 242 dicit
1115 213 1205 243 Isains
1217 213 1245 242 ¹:
1265 215 1312 243 Vae
1325 216 1374 250 qui
1383 214 1544 251 justificatis
1556 216 1674 254 impium
1685 224 1736 253 pro
1749 225 1808 246 mu-

1029 262 1150 294 neribus.
1161 265 1187 290 et
1193 263 1334 298 justiliam
1338 263 1412 298 justi
1425 265 1543 298 aufertis
1557 265 1592 292 ab
1605 265 1806 302 mortarium,

1030 308 1055 336 si
1079 311 1147 337 sunt:
1174 309 1346 346 aliquarum
1368 318 1565 346 personarum
1591 310 1806 340 sollicitatores.

1031 355 1186 391 Quintum,
1200 356 1225 384 si
1239 365 1361 392 gravem
1382 359 1411 385 et
1428 366 1537 386 caecam
1550 357 1703 394 patiuntur
1720 357 1807 394 igno-

1030 403 1168 437 rantiam,
1184 411 1222 431 ne
1235 404 1246 419 2
1259 405 1286 431 si
1300 412 1380 431 caecus
1395 412 1491 432 coecum
1501 404 1592 438 ducat,
1608 406 1662 432 etc.
1677 406 1762 439 Nam,
1776 407 1809 434 ut

1032 449 1139 478 dieitur
1149 449 1181 477 in
1193 451 1312 478 Sentent.
1327 450 1380 478 lib.
1392 452 1437 486 lV,
1453 450 1519 479 dist.
1533 459 1592 486 ΠΙ,
1606 459 1632 479 c.
1647 451 1713 485 ult„
1728 452 1756 479 et
1771 451 1808 480 de

1032 497 1124 531 Poen.,
1141 496 1207 524 dist.
1224 505 1264 530 vx,
1278 505 1304 525 c.
1318 497 1395 530 Quod
1406 500 1496 525 autem
1510 497 1624 535 dicitur,
1641 507 1656 524 α
1670 497 1754 526 aliud
1767 499 1810 526 est

1031 541 1133 571 favore
1147 543 1196 572 vel
1215 543 1286 572 odio
1305 544 1490 572 sacerdotem
1511 544 1668 581 proprium
1681 545 1810 573 contem-

1032 597 1120 625 nere,
1142 590 1225 627 quod
1248 598 1377 618 canones
1395 590 1572 627 probibent;
1597 591 1680 620 aliud
1700 599 1810 620 caecum

1033 637 1136 671 vitare,
1156 637 1239 673 quod
1253 637 1389 666 Urbanus
1402 637 1497 666 facere
1513 640 1623 673 monet,
1638 646 1675 666 nc
1689 640 1716 666 si
1729 645 1810 666 coecus

1034 691 1139 716 coecum,
1152 693 1165 710 n
1182 685 1236 712 etc.
1251 685 1283 712 Et
1294 683 1353 712 illis
1363 684 1480 712 casibus
1494 687 1563 713 tunc
1575 684 1699 712 efficitur
1713 684 1810 712 subito

1034 731 1109 760 alius
1130 732 1269 760 sacerdos
1289 732 1444 768 proprius,
1468 740 1530 760 uon
1553 732 1679 768 quilibet
1700 735 1809 767 tamen,

1035 778 1089 806 sed
1104 777 1255 813 discretus,
1277 780 1306 806 ct
1325 780 1413 806 notus
1432 786 1469 806 ex
1490 779 1595 807 ordine
1609 779 1657 806 vel
1670 786 1808 815 persona.

1035 824 1105 852 Dico
1129 827 1228 852 autem
1250 827 1329 852 notus
1349 824 1401 862 (c),
1424 832 1462 853 ne
1484 815 1570 853 detur
1588 825 1705 854 occasio
1725 825 1814 854 deeli-

1035 871 1128 898 nandi
1142 871 1182 898 ad
1202 871 1365 900 haereticos.
1385 871 1414 900 Si
1428 879 1500 900 vero
1514 871 1724 908 praedictorum
1738 879 1812 908 qua-

1036 920 1103 946 tuor
1116 917 1190 946 nihil
1209 918 1368 954 impediat,
1390 920 1488 955 potest
1506 917 1657 946 consessor
1671 917 1813 946 confiten-

1036 966 1095 993 tem
1126 965 1165 993 ab
1189 966 1329 993 omnibus
1354 965 1510 994 absolvere
1534 973 1601 993 cum
1628 965 1813 993 distinctione

1036 1011 1188 1048 praedicta,
1216 1012 1363 1046 videlicet,
1393 1012 1477 1048 quod
1503 1011 1646 1040 confitens
1674 1011 1710 1040 sit
1737 1011 1813 1040 bene

1038 1059 1190 1094 contritus,
1206 1059 1288 1095 quod
1304 1067 1364 1087 non
1382 1060 1420 1088 sit
1433 1060 1622 1095 gravioribus
1641 1059 1815 1088 criminibus

1038 1105 1177 1140 irretitus,
1201 1106 1283 1142 quod
1303 1114 1365 1134 non
1387 1106 1495 1142 maj0ri
1510 1106 1815 1134 excommunicatione

1038 1152 1215 1188 innodatus,
1230 1153 1313 1189 quod
1329 1153 1504 1181 contessoris
1522 1152 1656 1181 subditus
1669 1161 1729 1181 uno
1743 1160 1816 1189 prae-

1039 1198 1186 1227 dictorum
1200 1207 1251 1227 sex
1265 1199 1436 1228 modorum.

1315 1270 1495 1311 mnri'cum
1516 1285 1548 1310 n.

1040 1346 1137 1375 Quibus
1165 1346 1285 1370 sacerdos
1309 1346 1410 1378 possit,
1434 1346 1475 1370 vel
1498 1352 1550 1370 non
1578 1345 1658 1377 possit
1683 1345 1817 1377 injungere

1071 1382 1235 1441 pofniteutias
1257 1381 1331 1406 utiles
1354 1382 1386 1406 ud
1411 1382 1537 1413 satutem,
1563 1384 1589 1406 et
1610 1381 1642 1405 de
1667 1381 1818 1413 poenitentia

1071 1425 1098 1442 so
1111 1425 1187 1442 emin.

1075 1480 1294 1510 Attendendum
1323 1481 1426 1516 igitur,
1455 1488 1524 1508 cum
1549 1480 1606 1508 sint
1628 1479 1684 1508 tria
1710 1487 1818 1515 genera

1041 1528 1260 1559 confitentium,
1282 1527 1365 1563 quod
1381 1527 1546 1555 secundum
1565 1535 1668 1555 omnes
1683 1526 1818 1554 doctores

1040 1574 1144 1611 primis
1161 1574 1242 1602 nulla
1257 1575 1352 1610 potest
1366 1574 1481 1609 injungi
1502 1573 1672 1609 poenitentia
1687 1573 1765 1601 utilis
1779 1572 1818 1601 ad

1041 1621 1178 1655 salutem,
1199 1629 1253 1648 nce
1277 1629 1330 1656 per
1354 1621 1499 1655 majorem
1522 1620 1668 1655 videlicet,
1692 1628 1747 1648 nec
1765 1627 1818 1656 per

1042 1668 1196 1695 minorem.
1220 1668 1329 1694 llorum
1347 1670 1445 1694 autem
1460 1668 1527 1694 sunt
1546 1675 1596 1694 sex
1610 1674 1717 1701 genera
1733 1675 1740 1694 ε
1758 1666 1817 1702 pri-

1042 1715 1102 1747 mi,
1118 1716 1269 1749 raptores3
1285 1713 1422 1747 secundi,
1442 1713 1588 1747 usurarii3
1609 1713 1701 1747 tertii,
1717 1712 1817 1740 incen—

1043 1761 1143 1795 diari13
1160 1760 1254 1796 quarti
1268 1780 1276 1794 ,
1292 1760 1387 1792 sures;
1413 1759 1528 1795 quinti,
1544 1759 1717 1793 simoniaci3
1734 1759 1817 1793 sexti,

1043 1807 1140 1835 dolosi
1156 1807 1414 1840 circumventores
1430 1809 1461 1833 ut
1473 1807 1539 1833 suut
1550 1805 1680 1841 perversi
1692 1805 1817 1840 judices,

1042 1853 1180 1882 advocati
1197 1853 1306 1889 iniqui,
1324 1855 1410 1880 testes
1424 1852 1488 1880 falsi
1501 1874 1508 1885 ‚
1522 1852 1720 1887 negotiatores
1740 1851 1819 1879 frau-

1042 1901 1172 1936 dulenti,
1196 1903 1224 1929 et
1242 1900 1433 1936 hujusmodi,
1458 1900 1568 1936 quibus
1593 1899 1733 1928 omnibus
1759 1906 1820 1927 non

1041 1951 1138 1985 potest
1159 1948 1219 1976 alia
1237 1956 1255 1976 a
1277 1955 1467 1984 quocumque
1491 1946 1607 1982 injungi
1630 1945 1820 1983 poenitentia,

1043 1995 1099 2023 nisi
1114 1995 1166 2022 illa
1181 1994 1352 2030 evangelica
1366 1994 1376 2011 ³
1393 2003 1399 2021 :
1420 1994 1510 2021 Redde
1524 1994 1595 2029 quod
1610 1993 1701 2021 debes:
1723 1995 1750 2020 et
1770 1992 1821 2020 ina

1044 2041 1206 2078 apostolica
1222 2042 1231 2058 ⁴
1248 2050 1254 2068 :
1278 2041 1391 2068 Reddite
1413 2041 1534 2067 omuibus
1557 2040 1650 2067 debita
1668 2049 1675 2067 :
1697 2041 1725 2067 ct
1746 2038 1821 2067 illud

1044 2090 1223 2116 Εςςῖεςίιιετίςὶ
1234 2088 1243 2105 ¹⁵
1258 2098 1266 2114 .·
1278 2088 1368 2115 Redde
1382 2087 1502 2115 debitum
1518 2090 1601 2114 tuum.
1613 2086 1699 2120 Quod
1709 2086 1732 2113 si
1745 2085 1821 2113 hanc

1045 2138 1196 2171 acceptare
1212 2134 1339 2162 nolucrit
1360 2134 1520 2168 confitens,
1536 2133 1619 2161 nulla
1634 2133 1692 2160 alia
1707 2132 1821 2168 injungi

1044 2184 1153 2218 potest,
1174 2190 1239 2218 quae
1260 2181 1315 2208 sibi
1336 2181 1433 2208 valeat
1457 2180 1496 2207 ad
1520 2180 1658 2214 salutem3
1680 2179 1766 2215 quia,
1791 2180 1822 2207 ut

1046 2229 1115 2257 dicit
1131 2229 1308 2264 Augustinus
1326 2228 1356 2255 in
1376 2226 1503 2263 Epistola
1523 2227 1559 2253 ad
1583 2227 1770 2254 Macedonium
1786 2225 1818 2260 ⁶3

1045 2279 1073 2303 ct
1084 2276 1189 2311 legitur
1205 2283 1284 2302 caus,
1301 2282 1359 2308 xiv,
1370 2282 1399 2310 (1.
1415 2282 1443 2301 vi
1457 2283 1462 2301 :
1482 2284 1494 2299 «
1508 2274 1535 2301 Si
1550 2282 1596 2301 res
1611 2273 1717 2307 aliena,
1734 2279 1820 2308 prop-

1046 2326 1088 2351 ter
1104 2331 1193 2358 quam
1212 2324 1366 2357 peccatum
1387 2323 1446 2354 cst,
1469 2320 1560 2356 possit
1585 2320 1688 2353 reddi,
1712 2321 1739 2346 et
1758 2326 1819 2346 non

1045 2369 1191 2402 redditur,
1206 2368 1376 2404 pfflnitentia
1389 2375 1450 2394 non
1465 2367 1570 2402 agitur,
1586 2366 1639 2394 scd
1653 2365 1817 2393 simulatur.

1046 2417 1073 2444 Si
1087 2424 1158 2444 vcro
1173 2414 1344 2451 poenitcutia
1364 2414 1505 2441 veraciter
1519 2413 1632 2448 agitur,
1647 2420 1708 2439 non
1723 2411 1820 2439 dimit-

1046 2464 1114 2491 titur
1129 2464 1292 2498 peccatum,
1309 2460 1363 2488 nisi
1378 2460 1545 2488 restituatur
1559 2459 1702 2486 ablatum.
1719 2469 1732 2485 n
1750 2459 1820 2493 Sep-

1046 2510 1109 2538 timi
1124 2512 1201 2543 sunt,
1225 2508 1334 2544 quibus
1355 2507 1444 2536 etiam
1458 2515 1476 2535 a.
1489 2506 1572 2534 nullo
1586 2505 1701 2541 injungi
1724 2506 1821 2541 potest

1080 2573 1115 2604 (ci)
1135 2573 1195 2597 Coet.
1213 2572 1273 2597 edil.
1289 2572 1391 2596 nullius.
1403 2583 1434 2589 —
1453 2570 1487 2603 (h)
1507 2570 1568 2595 Item
1586 2575 1685 2594 verum.
1704 2570 1734 2602 (c)
1757 2569 1820 2594 ltem

1048 2611 1127 2634 noum.
