2004 3037
87 1423 166 1444 Prima

74 1454 154 1475 tubulae

59 1487 168 1512 praeceptu

60 1517 110 1538 tria.

72 1702 169 1728 Praeeep-

62 1733 109 1753 tum
118 1734 137 1753 1.

86 2403 178 2423 Idolola«

73 2436 115 2455 tria
140 2436 179 2455 tri-

74 2469 132 2493 ple-Y.

657 172 707 204 DE
728 171 958 204 PRAECEPTIS
979 171 1137 205 DlVlNlS.
1160 172 1248 206 CAP.
1271 173 1310 205 11.

175 240 416 276 Augustinum¹,
441 241 468 268 et
495 240 570 268 alios
595 240 731 269 doctores
755 239 896 276 mysticos
923 241 951 268 et

175 286 314 321 morales,
325 286 423 323 prima
436 287 540 316 tabula
556 287 661 316 dIcitur
675 286 825 315 continere
840 287 953 314 tantum

175 333 228 362 illa
242 335 399 370 praecepta,
410 341 476 370 quoe
487 333 626 362 ordinant
634 333 788 361 hominem
799 333 838 361 ad
851 334 952 367 Deum,

175 380 223 408 vel
242 380 282 408 acl
301 380 392 408 vitam
412 380 690 417 contemplativam,
711 388 777 417 quae
796 381 863 408 sunt
883 380 952 415 tria,

177 426 286 455 scilicet
302 427 384 456 :Non
402 427 511 454 habebis
530 427 591 454 deos
612 428 725 462 alienos,
744 429 796 455 etc.
820 426 955 455 Secunda

177 476 276 503 autem
299 474 402 503 tabula
430 474 559 502 continet
579 476 694 503 tantum
718 475 770 503 illa
789 477 954 512 praecepta,

178 530 244 559 qum
265 522 403 550 ordinant
429 521 582 550 hominem
610 522 650 550 acl
671 523 863 558 proximum,
889 531 955 558 quaa

177 571 245 598 sunt
264 570 394 606 septem,
419 568 529 596 scilicet
544 578 551 596 :
567 570 678 597 Honora
702 573 808 604 patrem
830 572 904 597 tuum
930 573 955 597 et

177 619 289 644 matrem
304 618 388 650 tuam,
404 617 457 644 etc.
474 618 505 644 Et
518 616 580 644 hoec
593 616 722 644 breviter
737 616 866 651 fuerunt,
883 616 957 645 sicut

178 662 320 699 Josephus
333 664 433 691 narrat
447 663 486 691 ad
501 663 636 691 litteram.
654 665 686 691 Et
702 665 772 692 nota
786 663 835 691 hie
846 684 855 698 ,
871 664 956 700 quod

179 711 253 738 Deus
271 709 384 738 habitat
402 709 432 737 in
452 710 542 745 coelo,
559 712 587 738 et
608 710 761 746 proximus
780 710 810 738 in
829 711 954 739 mundo.

177 757 314 785 Peccator
341 757 448 792 igitur,
478 757 530 793 qui
558 765 618 785 non
648 757 786 785 observat
810 759 957 793 praeeepta

178 803 280 840 primae
300 803 423 838 tabulae,
449 812 515 840 quae
538 803 678 831 ordinant
702 804 740 832 ad
763 805 870 839 Deum,
895 812 956 832 non

178 853 307 878 meretur
321 851 455 878 habitare
474 850 504 878 in
519 850 593 878 ooelo
605 872 613 885 ,
627 850 679 878 ubi
695 853 769 878 Deus
784 853 826 879 est
841 860 847 878 :
864 853 891 879 et
906 852 956 887 qui

179 905 240 926 non
267 897 403 925 observat
424 900 572 934 praecepta
593 898 730 926 secundae
749 898 870 933 tabulae,
892 906 958 934 quae

180 944 318 972 ordinant
336 944 375 972 ad
392 944 561 980 proximum
575 966 582 978 ,
604 952 665 972 non
687 946 730 972 θεῖ
752 945 859 980 dignus
874 945 957 974 habi-

179 993 240 1020 tare
253 991 284 1019 in
299 993 376 1019 terra
390 991 439 1019 vel
454 991 485 1018 in
503 991 636 1025 mundo,
651 991 703 1019 ubi
719 994 762 1019 est
780 992 934 1028 proximus
949 1002 955 1020 :

179 1040 207 1066 et
221 1038 261 1065 sie
275 1046 329 1074 per
342 1045 527 1074 consequens
541 1037 734 1074 relinquitur,
749 1039 833 1074 quod
846 1039 959 1067 habitet

178 1084 210 1112 in
234 1084 366 1120 inferno,
394 1084 446 1112 ubi
474 1085 516 1112 est
544 1084 702 1120 diabolus,
723 1085 808 1120 juxta
831 1085 907 1113 illud
923 1087 955 1112 ².-

177 1133 283 1167 Liqatt's
297 1131 420 1159 manibus
446 1133 470 1159 et
491 1132 621 1167 pedibus,
636 1132 764 1167 projicite
786 1132 822 1168 (a)
845 1141 903 1160 eum
928 1134 958 1160 in

179 1179 299 1206 tenebras
315 1180 470 1206 exteriores.
488 1178 584 1206 Prima
598 1179 701 1206 tabula
722 1179 830 1206 dicitur
844 1181 958 1207 tantum

179 1225 328 1253 continere
351 1225 403 1253 illa
423 1227 584 1261 praecepta,
607 1233 674 1261 quae
699 1225 839 1254 ordinant
861 1226 958 1254 homi-

178 1279 249 1301 nem
263 1272 302 1300 ad
322 1274 428 1307 Deum,
445 1272 493 1300 vel
509 1272 548 1300 ad
568 1272 659 1300 vitam
675 1273 956 1309 contemplativam;

179 1319 320 1355 secunda,
333 1327 398 1355 quae
409 1319 549 1347 ordinant
558 1319 712 1347 hominem
722 1320 761 1348 ad
774 1320 958 1356 proximum,

179 1366 228 1395 vel
243 1366 282 1394 ad
294 1366 386 1394 vitam
400 1366 536 1394 activam.

216 1413 351 1441 Secundo
372 1413 538 1441 notandum
558 1415 599 1441 est
620 1413 650 1440 in
671 1413 801 1449 speciali,
825 1414 908 1449 quod
929 1414 960 1441 in

181 1460 279 1497 prima
297 1460 398 1488 tabula
417 1462 483 1488 sunt
502 1460 557 1487 tria
575 1462 732 1496 praecepta,
748 1461 901 1488 hominem
921 1461 960 1488 ad

182 1509 275 1535 Deum
289 1507 457 1535 ordinantia
469 1507 499 1534 in
511 1507 602 1535 vitam
617 1507 888 1543 contemplativam.
904 1507 961 1535 Pri-

182 1563 267 1582 mum
286 1556 347 1582 est:
366 1555 425 1583 Non
445 1554 552 1581 habebis
572 1556 638 1582 Deos
658 1555 769 1581 alienos.
793 1554 961 1582 Secundum

183 1604 240 1629 est:
254 1603 315 1630 Non
328 1609 443 1629 assumes
455 1609 548 1628 nomen
564 1603 612 1628 Dei
626 1603 656 1628 'in
670 1610 779 1628 vanum.
797 1603 829 1629 Et
843 1602 961 1629 tertium

183 1650 226 1676 est
240 1657 246 1676 :
263 1650 403 1681 Memento,
419 1651 450 1675 ut
465 1648 536 1675 diem
550 1649 655 1675 sabbati
669 1650 827 1682 sanctifices.

217 1695 348 1724 Primum
361 1695 450 1730 igitur
465 1696 645 1730 praeoeptum
659 1695 762 1730 primae
777 1695 887 1723 tabulae
902 1697 960 1723 est:

183 1744 245 1771 Non
259 1743 366 1770 habebis
382 1742 449 1769 Deos
464 1743 576 1774 alienos,
596 1741 649 1769 sed
667 1749 762 1769 unum
780 1742 887 1777 solum,
904 1742 961 1770 sci·

183 1789 250 1817 licet
265 1791 356 1816 Deum
370 1788 473 1816 vivum
486 1790 514 1816 et
528 1796 641 1822 verum,
654 1788 738 1824 juxta
749 1789 854 1817 illud³:
871 1790 961 1825 Audi,

183 1837 280 1868 Israel,
296 1837 425 1863 Dominus
442 1837 510 1862 Deus
523 1838 609 1862 vester
623 1837 693 1863 Deus
708 1844 777 1863 unus
793 1839 841 1863 est.
859 1838 890 1864 ln
904 1837 962 1864 hoc

184 1883 272 1918 igitur
291 1883 438 1918 praecepto
459 1882 634 1917 prohibetur
656 1882 752 1910 omnis
771 1882 960 1919 idololatria,

186 1932 213 1957 et
228 1931 330 1956 contra
344 1929 401 1956 hoc
417 1928 538 1962 faciunt,
554 1937 615 1956 non
630 1929 727 1956 solum
748 1929 893 1964 infideles,
909 1938 962 1966 pa-

186 1975 255 2011 gani
271 1977 298 2002 et
312 1975 449 2009 haeretioi,
464 1983 571 2002 verum
585 1975 673 2003 etiam
688 1976 785 2003 omnis
800 1977 891 2004 homo
912 1977 963 2012 qui

187 2030 320 2050 amorem
343 2021 541 2057 praecipuum,
568 2030 657 2057 quem
683 2022 771 2049 debet
795 2031 906 2058 ponere
933 2024 963 2050 in

187 2071 257 2102 Deo,
277 2068 362 2104 ponit
382 2069 412 2095 in
433 2076 624 2104 quocumque
646 2068 728 2095 bono
750 2072 867 2103 crcato3
892 2069 965 2097 sicut

187 2115 377 2149 ambitiosus,
404 2115 456 2150 qui
480 2123 594 2142 summe
619 2115 714 2150 diligit
738 2124 913 2149 nummum5
939 2119 966 2144 et

188 2163 325 2199 gulosus,
343 2162 394 2198 qui
414 2170 528 2189 summe
548 2162 645 2197 diligit
662 2164 795 2189 ventrem
816 2171 912 2190 suum.
935 2164 967 2190 Et

188 2210 256 2238 ideo
271 2211 352 2243 nota,
368 2208 451 2245 quod
468 2209 575 2244 triplex
595 2212 637 2236 est
657 2209 836 2244 idololatria,
857 2210 967 2237 scilicet

188 2264 386 2293 paganorum,
402 2264 570 2291 avarorum,
588 2257 616 2283 et
633 2256 818 2292 gulosorum.
836 2257 965 2284 Idolola-

189 2304 244 2331 tria
257 2311 446 2340 paganorum
461 2304 504 2330 est
517 2303 607 2338 mala,
621 2304 692 2339 quia
706 2304 807 2331 colunt
821 2312 927 2331 aurum
941 2306 968 2332 et

191 2353 355 2387 argentum,
374 2351 459 2386 juxta
474 2349 568 2378 illudh
586 2359 592 2378 z
610 2351 762 2378 simulacra
782 2353 904 2386 gentium
923 2359 968 2378 ar-

192 2401 299 2433 gentum
319 2401 343 2425 et
365 2406 470 2425 aurum.
492 2397 661 2425 Idololatria
679 2406 838 2426 avarorum
858 2399 900 2426 est
917 2406 969 2433 pe-

191 2445 249 2479 j0r‚
265 2445 337 2480 quia
351 2444 435 2480 quasi
453 2446 544 2471 Deum
559 2444 685 2472 adorant
703 2453 860 2473 nummum
877 2455 882 2472 :
899 2453 969 2472 nam

195 2490 316 2518 avaritia
331 2493 373 2518 est
387 2491 519 2518 idolorum
534 2493 647 2518 servitus
660 2490 680 2526 ⁵,
700 2492 864 2519 secundum
879 2494 970 2528 Apos—

196 2536 298 2565 tolum.
313 2537 484 2566 Idololatria
499 2537 673 2573 gulosorum
689 2540 730 2566 est
745 2539 884 2574 pessima,
900 2539 970 2574 quia

231 2636 261 2667 (α)
278 2636 352 2667 Vulg.
368 2637 470 2662 mittite.
485 2650 516 2656 -
530 2636 563 2668 (b)
580 2637 640 2662 Caet.
660 2637 720 2662 edit.
735 2638 800 2663 deest
814 2645 851 2663 se.

1735 174 1794 204 277

1009 239 1105 276 gulosi
1118 240 1219 269 colunt
1231 242 1322 270 Deum
1334 239 1524 275 vilissimum,
1537 239 1650 268 scilicet
1660 241 1794 268 ventrem

1008 294 1106 321 suum,
1123 287 1173 324 qui
1190 289 1233 316 est
1246 287 1354 316 latrina
1373 288 1402 315 et
1416 286 1616 322 immunditia,
1632 286 1669 315 de
1685 285 1794 322 quibus

1009 333 1080 361 dicit
1103 334 1260 370 Apostolus
1275 335 1309 362 ⁶:
1335 335 1454 368 Quorum
1481 335 1551 362 Deus
1574 335 1666 361 venter
1688 336 1746 366 est,
1768 336 1794 361 et

985 404 986 407 ,
1009 381 1098 414 qloria
1115 383 1145 408 in
1162 383 1318 415 confusione
1336 383 1468 416 ipsorum.
1489 380 1599 416 pagani
1619 381 1794 417 comparant

1009 428 1102 455 Deum
1113 436 1187 456 auro
1199 427 1345 464 pretioso;
1358 427 1451 462 avari,
1462 435 1586 455 nummo
1599 427 1774 463 rubiginoso
1781 437 1790 463 ;

1011 474 1117 510 gulosi,
1134 475 1229 503 ventri
1244 475 1455 511 ignominioso.

1046 522 1216 550 Secundum
1239 523 1420 559 proeceptum
1439 523 1503 550 est:
1524 523 1587 551 Non
1609 530 1727 550 assumes
1746 530 1792 550 no-
1816 533 1914 559 pump-

1011 577 1070 596 men
1084 570 1135 596 Dei
1147 570 1175 596 in
1190 577 1300 597 vanum.
1317 571 1348 597 ln
1362 577 1424 606 quo
1438 568 1614 605 prohibetur
1628 569 1793 605 perjurium
1806 565 1854 585 ἴω
1870 564 1903 585 ¹¹·

1011 616 1039 643 et
1053 615 1251 652 blasphemia,
1267 617 1295 643 et
1309 623 1398 643 omne
1412 617 1568 652 peccatum
1579 615 1628 643 vel
1641 615 1794 644 inordina-

1011 662 1051 690 tio
1071 662 1191 698 linguae,
1208 662 1338 690 maxime
1358 663 1460 690 eontra
1480 664 1581 690 Deum.
1602 664 1634 690 Et
1652 664 1723 690 nota
1738 662 1794 691 tria

1010 709 1058 737 hic
1082 709 1248 745 specialiter
1277 709 1314 737 de
1341 709 1489 746 perjurio,
1518 708 1567 736 vel
1594 708 1792 745 blasphemia.

1010 755 1119 791 Primo,
1132 756 1203 792 quia
1218 756 1366 792 perjurus,
1381 756 1429 783 vel
1442 756 1637 792 blasphemus
1649 755 1795 792 pessimus

1012 803 1134 830 destruit
1153 803 1285 831 animam
1299 811 1384 831 suam
1402 812 1408 830 :
1430 805 1575 839 provocat
1594 803 1675 830 enim
1694 804 1796 830 contra

1012 858 1042 877 se
1061 851 1119 877 tres
1138 858 1291 886 personaS,
1314 858 1443 886 quarum
1466 849 1552 877 favor
1573 849 1661 877 valde
1683 851 1726 877 θεῖ
1743 858 1796 877 ne-

1013 897 1154 924 cessarius
1169 897 1201 924 in
1215 897 1328 932 judicio
1345 897 1384 924 ad
1400 896 1574 924 sententiam
1589 896 1795 930 obtinendam,

1013 944 1123 971 scilicet
1140 944 1284 979 judicem,
1304 945 1390 972 testes
1407 946 1434 972 et
1451 944 1624 972 advocatos.
1643 944 1697 978 Qui
1717 944 1796 972 enim

1012 990 1084 1018 salse
1102 991 1181 1025 jurat
1194 998 1247 1026 per
1263 992 1365 1025 Deum,
1386 991 1476 1018 habet
1491 992 1593 1018 eontra
1609 999 1638 1018 se
1651 990 1795 1026 judicem,

1012 1037 1122 1064 scilicet
1149 1038 1260 1071 Deum,
1285 1037 1336 1073 qui
1363 1039 1405 1065 est
1426 1038 1548 1072 justus⁷,
1574 1039 1605 1065 ut
1631 1037 1738 1064 dicitur
1766 1037 1797 1065 in

1013 1084 1138 1111 Psalmo.
1156 1084 1209 1117 Qui
1222 1084 1303 1119 jurat
1317 1083 1389 1111 false
1403 1092 1457 1120 per
1472 1085 1604 1117 Sanetos,
1619 1084 1710 1112 habet
1725 1091 1796 1111 con-

1013 1132 1057 1158 tra
1075 1139 1105 1158 se
1121 1131 1294 1166 advocatos,
1316 1130 1426 1158 scilicet
1444 1131 1576 1165 Sanctos,
1596 1131 1647 1167 qui
1663 1133 1730 1158 sunt
1744 1130 1797 1159 ad-

1012 1178 1109 1206 vocati
1124 1177 1226 1212 nostri,
1243 1180 1270 1205 et
1290 1177 1455 1213 specialiter
1471 1178 1522 1213 qui
1540 1178 1621 1213 jurat
1637 1185 1691 1214 per
1704 1177 1798 1213 Virgi-

1012 1232 1082 1252 nem
1098 1227 1222 1252 matrem
1236 1223 1286 1251 Dei
1300 1233 1307 1251 ε
1324 1232 1395 1252 nam
1410 1224 1447 1252 de
1463 1224 1514 1252 illa
1529 1226 1627 1252 cantat
1641 1224 1796 1252 Ecclesia⁸:

1015 1273 1067 1298 Eia
1087 1279 1156 1306 erqo,
1181 1272 1314 1298 advocata
1331 1273 1434 1304 nostra,
1457 1273 1510 1298 etc.
1532 1271 1688 1299 Summum
1707 1271 1799 1299 advo-

1014 1320 1112 1346 catum
1130 1319 1275 1354 provocat
1294 1320 1396 1346 contra
1417 1326 1462 1352 se,
1486 1317 1536 1354 qui
1556 1317 1630 1345 false
1647 1318 1728 1353 jurat
1746 1326 1800 1354 per

1014 1365 1171 1399 Christum,
1187 1365 1236 1392 vel
1257 1373 1310 1401 per
1325 1373 1434 1401 corpus
1454 1373 1552 1399 suum,
1574 1365 1623 1392 vel
1642 1364 1734 1392 altare
1754 1373 1800 1393 sa-

1015 1419 1108 1446 crum,
1121 1412 1192 1447 quia
1204 1411 1266 1447 ipse
1279 1414 1322 1439 est
1333 1411 1500 1448 praecipuus
1512 1412 1676 1439 advocatus
1689 1413 1799 1447 noster,

1011 1460 1096 1494 juxta
1119 1459 1195 1486 illud
1210 1459 1219 1475 ⁹
1236 1468 1242 1486 ;
1263 1459 1431 1486 Advocatum
1446 1459 1572 1486 habemus
1594 1459 1670 1494 apud
1685 1460 1800 1486 Patrem

1014 1508 1113 1540 Jesum,
1130 1508 1182 1533 etc.
1205 1506 1259 1538 Qui
1274 1513 1344 1532 vero
1364 1505 1437 1532 false
1454 1505 1535 1540 jurat
1552 1513 1606 1541 per
1627 1507 1730 1532 sancta
1749 1505 1800 1533 Dei

1016 1552 1186 1587 Evangelia,
1201 1551 1294 1579 fidem
1308 1551 1356 1579 vel
1372 1551 1582 1579 conscientiam
1598 1560 1694 1586 suam,
1709 1551 1801 1580 habet

1016 1601 1119 1627 contra
1134 1607 1163 1627 se
1181 1600 1213 1635 (b)
1232 1600 1317 1627 testes
1336 1609 1342 1626 :
1364 1607 1435 1626 nam
1454 1600 1556 1626 sancta
1576 1598 1625 1626 Dei
1641 1598 1802 1634 Evangelia

1016 1648 1084 1674 sunt
1098 1646 1265 1674 testimonia
1283 1645 1429 1680 veritatis;
1446 1648 1474 1673 et
1487 1645 1562 1673 fides
1578 1647 1606 1673 et
1621 1645 1801 1674 conscientia

1016 1696 1117 1721 nostra
1131 1695 1198 1720 sunt
1212 1695 1297 1720 testes
1318 1692 1424 1727 nostri,
1446 1693 1530 1728 juxta
1552 1692 1628 1720 illud
1644 1692 1664 1708 ¹⁰
1681 1701 1687 1720 :
1707 1692 1801 1720 Gloria

1017 1743 1109 1768 nostra
1128 1741 1181 1767 haeo
1198 1742 1246 1774 est,
1263 1741 1316 1767 etc.
1335 1739 1494 1773 Quomodo
1515 1747 1586 1774 ergo
1606 1739 1801 1775 blasphemus

1016 1788 1064 1816 vel
1079 1787 1214 1823 perjurus
1231 1786 1327 1821 faciet,
1345 1786 1396 1822 qui
1411 1786 1575 1821 veritatem,
1589 1786 1733 1821 judicem,
1750 1785 1800 1813 ad-

1017 1836 1157 1863 vocatum
1178 1835 1206 1861 et
1228 1835 1312 1861 testes
1334 1835 1436 1860 contra
1456 1841 1486 1860 se
1506 1833 1613 1860 habet?
1633 1834 1686 1860 Per
1707 1840 1800 1869 quam

1017 1882 1098 1918 viam
1120 1881 1238 1908 incedet
1257 1880 1287 1908 in
1309 1882 1441 1908 extremo
1462 1882 1489 1907 et
1504 1880 1584 1915 justo
1602 1879 1716 1914 judicio
1739 1879 1798 1913 Dei,

1018 1929 1071 1956 ubi
1092 1928 1142 1956 vix
1163 1929 1258 1963 justus
1283 1927 1465 1961 salvabitur,
1487 1927 1539 1962 qui
1564 1926 1686 1962 quando
1708 1926 1801 1954 credit

1017 1984 1072 2012 pro
1088 1983 1117 2002 se
1133 1975 1307 2002 sententiam
1321 1974 1443 2008 habere,
1459 1974 1549 2001 habet
1570 1976 1672 2001 contra
1688 1973 1739 2000 se?
1763 1974 1800 2000 De

1019 2022 1127 2050 talibus
1143 2022 1335 2057 conqueritur
1352 2020 1503 2054 Dominus,
1525 2020 1624 2047 dicens
1638 2020 1656 2036 ¹²
1674 2029 1680 2047 ε
1695 2021 1801 2054 Juyiter

1020 2071 1075 2095 tota
1092 2069 1135 2095 die
1152 2076 1246 2094 nomen
1264 2075 1349 2094 neum
1370 2067 1579 2101 blasphematur.
1602 2068 1666 2093 Non
1686 2066 1801 2094 mireris

1020 2123 1090 2149 ergo
1107 2115 1130 2141 si
1145 2115 1282 2150 perjurus
1296 2115 1324 2141 et
1338 2113 1532 2148 blasphemus
1547 2113 1734 2148 damnentur,
1749 2113 1799 2148 qui

1020 2169 1131 2189 nomen
1147 2161 1195 2188 Dei
1211 2160 1376 2195 gloriosum
1391 2163 1545 2187 assumunt
1559 2160 1589 2187 in
1604 2168 1726 2195 vanum,
1743 2160 1802 2187 Vir-

1021 2209 1121 2243 ginem
1143 2208 1315 2243 gloriosam,
1332 2207 1423 2234 fidem
1439 2215 1535 2240 suam,
1551 2208 1579 2234 et
1592 2207 1802 2235 conscientiam

1022 2264 1117 2291 suam,
1135 2256 1234 2282 sancta
1251 2254 1421 2289 Evangelia,
1440 2256 1467 2281 ct
1483 2254 1639 2289 Christum,
1657 2256 1684 2282 et
1699 2262 1802 2282 omnes

1022 2305 1153 2337 Sanctos,
1168 2305 1195 2331 et
1215 2311 1302 2330 omne
1322 2303 1438 2330 bonum
1457 2304 1611 2329 assumunt
1629 2302 1659 2329 in
1679 2309 1802 2336 vanum,

1023 2353 1050 2379 et
1071 2350 1182 2385 omnia,
1204 2351 1236 2377 ut
1257 2349 1385 2384 videtur,
1406 2349 1516 2377 habent
1536 2357 1591 2385 pro
1613 2348 1717 2376 nihilo.
1740 2350 1804 2376 Non

1024 2398 1086 2433 erit,
1107 2398 1242 2434 inquam,
1262 2398 1382 2431 mirum,
1404 2396 1427 2423 si
1448 2405 1465 2424 a
1486 2397 1554 2431 Deo,
1579 2398 1607 2423 et
1625 2395 1753 2430 Virgine,
1777 2397 1819 2430 et,

1059 2495 1155 2526 ¹Aug.‚
1176 2495 1200 2517 in
1214 2493 1305 2523 Eirorl„
1320 2493 1363 2517 libi
1382 2494 1410 2523 11,
1425 2500 1449 2524 q.
1466 2499 1536 2517 Lxxi.
1548 2506 1578 2510 —
1595 2491 1721 2519 2111ιι111ι.,
1737 2497 1803 2521 xxii,

1027 2532 1063 2555 13.
1076 2544 1106 2548 -
1122 2531 1130 2545 ³
1145 2531 1226 2558 Dent„
1245 2536 1277 2559 xi,
1291 2531 1313 2553 5.
1325 2543 1356 2546 —
1368 2529 1377 2545 'w
1392 2529 1457 2552 Psoi.
1476 2530 1630 2557 cx111,4.—
1643 2529 1650 2541 ⁵
1666 2527 1803 2558 15phes.,v,

1026 2569 1048 2591 5.
1066 2580 1096 2583 -—
1117 2567 1244 2597 ¹³Pl1il1p..
1262 2571 1300 2594 111,
1321 2568 1358 2589 Η).
1379 2579 1409 2583 --
1428 2566 1435 2579 ⁷
1450 2565 1517 2589 Psal.
1532 2572 1557 2595 x,
1580 2566 1603 2587 8.
1618 2575 1648 2582 -·
1670 2564 1677 2577 ³
1700 2563 1803 2593 Antiph.

1027 2602 1101 2626 Saloe
1120 2603 1221 2632 chsina.
1237 2616 1263 2618 —
1285 2602 1295 2618 ⁹
1315 2602 1322 2625 l
1339 2602 1421 2631 luam,
1437 2607 1466 2632 11,
1486 2603 1505 2625 1.
1525 2614 1553 2617 —
1575 2601 1593 2617 ¹0
1609 2600 1629 2624 ll
1646 2599 1715 2630 Com,
1731 2605 1749 2629 1,
1767 2600 1804 2623 12.

1027 2651 1057 2655 —
1070 2639 1087 2655 ¹¹
1101 2639 1160 2669 Isw,
1177 2644 1224 2669 Lu,
1239 2640 1261 2662 ὅ.
