2004 3037
214 207 272 236 174

212 275 238 302 3.
252 272 374 301 Ratione
387 271 518 306 effeetus,
528 271 601 307 quia
613 271 708 300 virtus
719 273 875 308 peccatum
889 271 987 308 expel-

210 320 254 355 lit,
265 319 386 348 soientia
398 326 471 346 non.
483 319 511 346 4.
522 317 645 346 Ratione
659 318 792 354 originis,
809 319 881 355 quia
893 319 986 347 virtus

209 374 228 394 a
241 367 300 394 Deo
314 364 488 400 infunditur,
504 365 623 393 scientia
643 373 696 401 per
711 365 842 394 studium
855 365 985 402 acquiri-

208 414 265 440 tur.
285 414 311 440 5.
327 411 450 441 Ratione
463 411 546 446 finis,
562 411 633 447 quia
647 411 715 440 finis
736 411 849 440 virtutis
864 413 906 440 est
920 412 985 448 glo-

207 459 262 493 ria,
277 460 305 486 et
318 466 381 486 non
395 458 522 486 scientiae
532 457 579 494 (a).
594 459 621 486 6.
638 458 760 487 Ratione
775 459 899 494 objecti,
915 459 986 495 quia

206 505 321 533 virtutis
340 505 492 541 objectum
512 507 555 532 est
576 504 709 539 bonum,
732 505 859 534 scientiae
885 507 985 534 autem

205 560 320 580 verum.
346 554 371 579 7.
395 551 518 579 Ratione
542 551 673 580 materiae
691 551 722 579 in
745 560 806 588 qua
831 554 889 587 est,
912 552 985 589 quia

205 598 298 627 virtus
311 606 373 626 non
385 597 441 625 nisi
452 598 484 625 in
494 597 563 625 filiis
575 598 636 632 Dei,
647 598 768 626 scientia
781 606 843 626 non
857 606 981 635 semper.

206 647 232 673 8.
244 645 366 673 Ratione
381 644 553 679 securitatis,
570 644 641 680 quia
655 645 786 673 securius
798 648 841 673 est
856 653 919 673 esse
931 645 984 673 bo-

205 700 294 726 num,
309 700 401 728 quam
419 699 481 720 esse
501 691 726 727 philosophum.
742 693 768 720 9.
785 692 908 720 Ratione
925 693 982 720 ho-

205 739 343 774 nestatIs,
371 738 442 774 quia
464 738 561 773 maior
582 737 678 773 glorIa
699 740 742 766 est
767 739 852 774 sequi
875 740 981 774 Deum,

206 793 298 822 quam
323 784 518 813 Aristotelem.
539 785 583 812 10.
606 784 728 813 Ratione
752 785 866 813 vitandi
893 785 982 820 mali,

206 832 278 869 quia
291 831 379 868 primi
392 833 539 867 parentes,
553 831 578 859 si
592 831 791 860 extendissent
805 832 845 861 ita
858 840 982 860 manum

205 878 245 907 ad
258 879 373 914 lignum
388 878 468 910 vitae,
488 877 562 905 sicut
576 877 616 905 ad
635 877 751 913 lignum
765 878 903 910 scientiae.
919 885 982 906 non

205 925 395 953 incurrissent
414 926 456 952 tot
473 924 554 953 mala
572 924 603 952 in
618 931 649 952 se
663 926 691 952 et
704 924 735 952 in
751 925 891 961 posteris,
907 924 982 954 sicut

205 972 401 1000 incurrerunt.

483 1055 626 1088 CAPUT
655 1055 696 1088 X.

438 1132 476 1159 De
494 1131 586 1166 effectu
604 1133 744 1159 virentum.

239 1203 354 1232 Virtutis
376 1203 520 1239 gaudium
540 1204 683 1240 praecellit
705 1204 848 1239 gaudium
862 1203 979 1240 mundi,

205 1251 267 1278 t.in
279 1250 413 1286 jugitate,
423 1258 475 1278 seu
490 1250 646 1278 duratione
659 1251 666 1267 ¹
682 1251 799 1278 :Secura
811 1259 883 1278 mens
899 1253 979 1286 quasi

199 1298 266 1332 juye
281 1299 432 1324 convivium
441 1306 449 1332 ;
466 1297 512 1324 sed
531 1296 662 1331 gaudium
676 1298 820 1333 hypocritae
839 1297 876 1324 ad
890 1299 980 1325 instar

202 1345 306 1379 puncti.
318 1345 345 1371 2.
357 1344 389 1371 ln
403 1343 529 1379 puritate
544 1343 739 1377 conscientiae,
751 1344 825 1371 sicut
837 1344 978 1372 mundius

203 1390 362 1426 quiescitur
380 1390 411 1417 in
429 1389 566 1424 floribus,
589 1397 681 1425 quam
697 1390 727 1417 in
747 1389 820 1418 luto.
837 1393 862 1418 3.
883 1392 915 1419 ln
934 1391 978 1418 di-

202 1437 311 1472 gnitate
321 1446 328 1471 ;
339 1436 452 1464 Glossa:
465 1446 479 1462 α
489 1435 580 1463 Elatio
594 1436 685 1463 animi
700 1436 737 1464 de
752 1436 797 1463 his
809 1445 875 1472 quae
887 1437 978 1472 digna

201 1485 281 1518 sunt;
294 1483 438 1518 gaudium
449 1482 553 1510 mundi
564 1482 600 1509 de
612 1482 742 1518 indignis
753 1485 803 1510 est.
815 1493 828 1509 »
842 1485 868 1510 4.
885 1485 916 1511 ln
931 1491 977 1512 sa-

200 1529 337 1557 lubritate
351 1530 378 1556 ²:
393 1530 471 1557 Nihil
484 1529 581 1556 utilius
599 1530 629 1555 in
647 1530 706 1556 vita
726 1530 876 1557 hominibus
893 1530 944 1565 (b);
961 1537 976 1557 e

201 1579 303 1604 contra
315 1575 459 1611 gaudium
474 1575 578 1602 mundi
591 1575 601 1591 ³
613 1584 619 1602 ε
633 1576 763 1602 Eaetrema
779 1577 876 1610 qaudii
889 1577 976 1604 luctus

199 1625 320 1657 occupat.
337 1624 363 1649 5.
380 1623 411 1649 ln
425 1622 577 1654 libertate;
592 1621 631 1649 ad
645 1621 760 1649 Galatas
775 1621 784 1636 ⁶
797 1631 802 1649 :
821 1623 880 1655 Qua
893 1623 976 1650 liber-

201 1672 254 1696 tate
270 1670 391 1697 Christus
411 1677 456 1697 nos
479 1670 604 1696 liberavit
614 1678 623 1701 ;
640 1671 667 1696 et
688 1677 822 1696 rursum:
840 1671 873 1696 ln
892 1671 975 1697 liber-

200 1718 280 1743 tatem
295 1717 382 1743 vocati
397 1723 496 1743 sumus.
509 1717 646 1743 Peccator
662 1718 760 1744 autem
775 1716 881 1751 ligatus
896 1717 972 1744 est⁵:

199 1763 363 1797 Iniquitatos
377 1770 431 1789 suae
444 1764 555 1796 capiunt
572 1763 701 1796 impium,
718 1766 742 1789 ec
755 1764 868 1795 funibus
880 1771 974 1797 pecca-

199 1812 286 1836 torum
300 1817 408 1836 suorum
422 1811 628 1844 constringitur.
645 1812 670 1837 6.
689 1812 718 1837 ln
734 1810 836 1837 divina
849 1818 974 1846 praesen-

198 1855 334 1890 tialitate3
358 1856 554 1890 Augustinus:
574 1866 587 1881 «
608 1856 674 1883 'l'ale
695 1856 809 1883 bonum
829 1859 871 1884 est
891 1858 972 1892 Drus,

198 1904 229 1930 ut
253 1902 364 1929 nemini
385 1910 453 1930 eum
474 1902 618 1930 deserenti
638 1902 714 1930 bene
735 1903 780 1930 sit.
801 1913 814 1928 »
833 1903 888 1930 Sed
903 1906 973 1931 nota

197 1948 377 1976 contrarium
391 1948 422 1975 in
436 1948 531 1977 malis.

232 1996 325 2023 Virtus
353 1997 492 2030 operatur
519 1995 595 2023 mira
621 1995 840 2031 multipliciter,
865 1995 973 2024 scilicet

198 2046 222 2070 ¹.
245 2043 276 2070 in
299 2042 389 2076 coelo,
412 2042 459 2069 cui
482 2042 543 2069 vim
558 2042 641 2077 sacit3
660 2042 740 2070 unde
756 2043 786 2069 in
801 2043 970 2070 Matthaeo⁶:

195 2090 314 2123 Regnum
338 2090 460 2116 caelorum
480 2090 535 2116 vim
552 2090 668 2123 patitur,
685 2091 737 2116 etc.
754 2089 781 2115 2.
802 2090 833 2116 ln
848 2089 972 2123 mundo,

196 2135 266 2171 quia
290 2135 416 2163 custodit
439 2134 605 2169 hominem,
630 2143 667 2162 nc
691 2135 882 2163 comburatur
903 2135 971 2170 igne

196 2181 453 2217 concupiscentiae,
469 2184 497 2208 et
511 2189 546 2208 ne
560 2184 711 2216 mergatur
725 2181 755 2208 in
770 2182 855 2217 aquis
867 2181 972 2217 volup-

196 2229 272 2263 tatis,
284 2236 320 2255 ne
333 2227 503 2263 inquinetur
516 2227 578 2254 luto
592 2227 821 2261 incontinentiae,
836 2229 864 2255 et
878 2236 914 2255 ne
929 2228 972 2255 la-

196 2277 309 2303 ceretur
331 2273 423 2309 spinis
442 2273 580 2300 avaritiae.
606 2275 633 2300 3.
658 2274 688 2299 ln
707 2273 797 2301 corde
821 2274 970 2309 humano,

196 2322 268 2359 quia
289 2321 477 2349 vulneratum
500 2321 600 2354 sanat,
623 2320 808 2355 inquinatum
820 2321 953 2354 Lmundat
961 2342 969 2356 ,

196 2370 348 2397 mortuum
366 2367 511 2399 vivificat,
531 2368 709 2394 excaecatum
725 2366 880 2394 illuminat.
897 2369 922 2394 4.
940 2369 971 2395 ln

196 2415 326 2449 inferno,
342 2414 414 2450 quia
427 2413 504 2448 ignis
518 2412 669 2440 infernalis
682 2420 743 2440 non
755 2415 850 2448 potest
862 2413 970 2442 laedere

196 2462 377 2496 virtuosum,
392 2459 467 2488 sicut
484 2466 539 2487 nec
554 2459 630 2495 ignis
648 2458 807 2487 materialis
821 2459 969 2487 salaman-

196 2508 327 2583 ὼῖῐίἲίυε
336 2552 543 2582 rationabilem
557 2551 704 2580 illuminat
715 2551 754 2580 ad
769 2552 970 2587 cognitionem

230 2614 235 2626 ¹
250 2613 332 2642 Pron„
345 2618 386 2640 xv,
405 2613 441 2636 15.
453 2611 503 2629 -Ξ
514 2611 584 2642 Sup.,
600 2616 656 2640 vui,
668 2612 692 2634 7.
702 2623 731 2628 -
742 2610 752 2627 ⁸
764 2610 850 2641 Pron„
863 2616 916 2641 xiv,
932 2612 968 2634 13.

198 2661 227 2666 -
239 2649 246 2662 ⁴
264 2648 331 2672 Gal..
349 2653 383 2677 ιν,
398 2648 442 2676 31;
459 2653 485 2675 v,
501 2648 537 2670 ¹3.
552 2659 579 2664 —
593 2646 603 2663 Β
614 2647 697 2675 Pron„
713 2652 737 2676 V,
749 2647 789 2670 22.
799 2659 829 2664 —
843 2646 853 2663 ⁸
867 2647 969 2677 Mulae„

545 202 803 236 COMPENDIUM
825 203 1086 237 THEOLOGIGAE
1106 205 1330 239 VERITATIS.
1352 207 1427 239 LIB.
1450 207 1488 240 V.

1039 272 1102 301 veri
1106 282 1116 308 3
1133 274 1396 310 concupiscibilem
1409 275 1516 304 excitat
1528 275 1568 304 ad
1579 283 1714 306 amorem
1725 277 1814 314 boni;

1039 319 1220 349 irascibilem
1241 321 1387 349 confortat
1413 322 1454 350 ad
1479 322 1704 351 detestationem
1731 325 1814 354 mali.

1039 367 1109 394 ltem
1123 367 1182 395 Deo
1197 368 1348 403 assimilat,
1363 369 1435 405 quia
1447 369 1524 397 Patri
1538 377 1592 405 per
1605 370 1718 398 virtutis
1732 370 1816 406 vigo-

1038 420 1118 448 rem,
1139 414 1213 442 Filio
1236 422 1290 450 per
1314 415 1444 443 veritatis
1466 415 1674 452 splendorem,
1697 416 1815 453 Spiritui

1038 462 1139 488 sancto
1156 468 1211 496 per
1230 461 1377 491 charitatis
1397 462 1545 490 fervorem
1565 462 1680 498 angelis
1696 463 1814 492 confor-

1038 507 1107 534 mat.
1127 506 1341 544 Hieronymus:
1361 517 1374 534 α
1388 509 1420 536 ln
1438 516 1526 537 carne
1541 509 1620 537 enim
1633 511 1738 545 praeter
1752 516 1816 538 car-

1037 560 1108 580 nem
1133 553 1247 588 vivere,
1272 556 1384 582 naturae
1415 556 1458 582 est
1489 555 1643 591 angelicae,
1673 563 1735 584 non
1760 556 1815 584 hu-

1037 606 1142 627 manae.
1156 609 1170 624 n
1183 600 1308 628 Mentem
1319 601 1474 636 jucundat,
1490 604 1585 638 ornat,
1601 602 1746 636 sublevat,
1759 601 1814 630 ho-

1037 647 1139 680 norat,
1162 648 1262 681 sanat,
1283 646 1424 683 vivificat,
1449 648 1546 682 cibat,
1572 648 1656 683 ditat,
1677 647 1813 676 mundat.

1036 693 1108 720 Item
1130 693 1223 721 virtus
1236 693 1317 722 mala
1335 695 1481 730 praeterita
1499 694 1635 731 expellit,
1657 695 1814 732 praesentia

1035 737 1204 774 impugnat,
1223 742 1251 768 et
1272 748 1290 768 a
1313 740 1418 769 futuris
1440 741 1607 777 praemunit.
1629 743 1700 770 Item
1721 742 1814 770 virtus

1035 787 1165 813 mentem
1179 785 1257 814 hene
1277 786 1416 820 instituit,
1430 787 1576 815 dilectum
1587 789 1646 816 Deo
1659 788 1813 817 hominem

1035 830 1120 866 facit,
1134 831 1263 860 fructum
1277 835 1338 861 tam
1351 834 1479 870 praemii,
1501 842 1594 870 quam
1609 835 1704 863 meriti
1718 835 1813 864 addu-

1036 877 1088 912 cit,
1104 879 1280 915 temporalia
1294 880 1417 908 discrete
1432 880 1577 916 disponit,
1593 889 1686 917 opera
1703 889 1771 918 quae
1782 882 1813 910 in

1035 930 1066 951 se
1081 924 1277 954 indifferentia
1292 928 1374 961 sunt,
1396 927 1477 955 bona
1491 926 1566 954 tacit.
1588 927 1667 956 Sicut
1686 935 1731 963 ea,
1747 936 1813 964 quae

1036 969 1113 998 dicta
1127 973 1204 1005 sunt,
1220 972 1351 1001 delarant
1369 972 1457 1001 nobis
1472 973 1592 1001 effectus
1606 973 1746 1002 virtutum
1762 982 1812 1010 ge-

1034 1018 1164 1052 nerales,
1190 1019 1230 1047 ita
1258 1022 1323 1048 suut
1349 1020 1437 1048 etiam
1465 1021 1649 1056 singularum
1671 1022 1812 1050 virtutum

1035 1064 1154 1093 effectus
1170 1065 1262 1101 aliqui
1282 1067 1425 1102 speciales
1439 1076 1446 1095 ε
1462 1067 1536 1095 sicut
1553 1070 1594 1096 est
1616 1067 1697 1104 quod
1715 1067 1811 1096 humi-

1034 1109 1100 1138 litas
1123 1112 1181 1139 Deo
1205 1112 1340 1148 subjicit,
1362 1114 1534 1149 poenitentia
1552 1114 1682 1149 reducit,
1700 1115 1811 1150 justitia

1035 1156 1168 1192 deducit,
1187 1158 1357 1188 obedientia
1371 1161 1528 1196 conducit,
1545 1161 1686 1197 patientia
1700 1162 1810 1197 perdu-

1034 1203 1080 1237 cit,
1092 1206 1309 1239 perseverantia
1319 1206 1489 1242 introducit,
1499 1208 1612 1243 puritas
1623 1208 1730 1244 jungit,
1741 1207 1810 1236 cha-

1033 1249 1102 1278 ritas
1117 1252 1176 1279 Deo
1190 1252 1262 1280 unit.

1307 1348 1450 1382 CAPUT
1473 1349 1531 1382 xi.
1550 1388 1569 1395 ,

1263 1418 1300 1445 De
1318 1421 1421 1447 meritis
1441 1421 1579 1447 virtutum.

1068 1485 1200 1512 Meritum
1215 1487 1257 1513 est
1271 1486 1344 1514 boni
1359 1488 1457 1524 operis
1472 1488 1601 1517 efficacia
1615 1489 1653 1517 ad
1668 1489 1805 1518 obtinen-

1032 1530 1105 1558 dum
1119 1531 1150 1559 id
1166 1532 1248 1567 quod
1262 1541 1323 1561 non
1341 1533 1477 1569 habetur,
1503 1535 1550 1563 vel
1570 1536 1608 1563 ad
1632 1535 1805 1564 habendum

1028 1577 1134 1612 justius
1149 1579 1230 1614 quod
1244 1579 1379 1608 habetur.
1391 1581 1471 1609 Unde
1482 1590 1534 1617 per
1544 1582 1730 1618 meritumjde
1744 1591 1805 1611 non

1031 1624 1131 1653 debito
1144 1626 1176 1653 lit
1191 1626 1323 1654 debitum
1334 1648 1342 1661 ,
1359 1630 1387 1655 et
1400 1628 1498 1663 ipsum
1512 1629 1645 1657 debitum
1662 1629 1694 1657 fit
1709 1630 1804 1665 magis

1031 1674 1186 1701 debitum:
1211 1675 1285 1703 sicut
1307 1684 1358 1703 rex
1378 1676 1428 1704 dat
1449 1685 1577 1713 equum,
1605 1686 1695 1713 quem
1721 1679 1805 1706 miles

1028 1728 1090 1748 non
1105 1721 1227 1755 meruit,
1243 1722 1296 1749 sed
1310 1730 1363 1757 per
1377 1731 1464 1750 usum
1483 1724 1552 1759 equi
1574 1727 1701 1752 meretur
1723 1733 1802 1752 eum-

1029 1766 1098 1794 dem
1113 1775 1223 1803 equum
1236 1768 1298 1803 jam
1314 1768 1426 1796 datum.

1064 1814 1107 1841 Ad
1122 1814 1347 1849 intelligendum
1361 1817 1459 1843 autem
1474 1817 1613 1852 praedicta
1624 1839 1633 1852 ‚
1649 1818 1803 1846 sciendum

1029 1861 1112 1896 quod
1126 1861 1231 1896 triplex
1247 1862 1435 1898 distinguitur
1448 1864 1596 1898 meritum,
1610 1864 1721 1892 scilicet
1734 1873 1803 1893 con-

1028 1907 1107 1942 grui,
1125 1907 1225 1942 digni,
1241 1910 1268 1935 et
1293 1908 1446 1944 condigni.
1466 1910 1597 1938 Meritum
1612 1911 1737 1946 congrui
1761 1914 1803 1939 est

1027 1961 1080 1989 per
1093 1954 1175 1989 quod
1191 1954 1356 1990 disponitur
1375 1956 1559 1991 subjectum,
1574 1959 1606 1984 ut
1621 1958 1713 1992 possit
1731 1958 1804 1985 reci-

1027 2007 1096 2035 pere
1103 2000 1227 2034 gratiam
1237 2001 1401 2029 secundum
1410 2002 1552 2030 rationem
1561 2003 1668 2031 divinae
1674 2004 1799 2039 justitiae.

1028 2045 1106 2073 lstud
1122 2049 1245 2074 vocatur
1266 2047 1418 2083 dispositio
1434 2049 1577 2084 materiae,
1598 2049 1707 2077 scilicet
1729 2050 1801 2078 dum

1028 2093 1093 2128 quis
1113 2092 1181 2121 facit
1195 2093 1279 2129 quod
1299 2094 1329 2121 in
1353 2102 1383 2122 se
1404 2097 1454 2122 est.
1477 2095 1608 2124 Meritum
1629 2096 1710 2131 digni
1732 2096 1802 2124 dicit

1027 2139 1216 2167 idoneitatem
1233 2141 1381 2175 operantis
1392 2141 1431 2168 ad
1443 2141 1661 2176 assequendum
1671 2142 1702 2169 id
1717 2143 1800 2178 quod

1027 2188 1163 2213 meretur.
1189 2185 1321 2214 Meritum
1343 2186 1485 2221 condigni
1507 2186 1577 2214 dicit
1603 2187 1799 2223 :equalitatem

1027 2231 1122 2260 meriti
1136 2231 1175 2259 ad
1189 2232 1466 2259 remunerationem.
1485 2232 1552 2260 Dico
1567 2236 1666 2261 autem
1682 2235 1800 2270 a‘quali-

1027 2280 1115 2306 tatem
1130 2286 1190 2305 nou
1205 2278 1434 2312 arithmeticam,
1449 2279 1501 2306 sed
1521 2280 1729 2314 geometricam
1740 2302 1749 2314 ,
1769 2281 1800 2309 id

1027 2328 1146 2352 estnon
1171 2325 1356 2360 quantitatis,
1378 2325 1430 2352 sed
1452 2326 1666 2361 proportionis.
1687 2329 1718 2354 Et
1742 2327 1798 2354 hoc

1026 2373 1125 2406 patet,
1142 2370 1213 2406 quia
1231 2372 1304 2397 Deus
1318 2378 1435 2406 semper
1449 2374 1616 2400 remunerat
1631 2380 1719 2408 supra
1736 2381 1797 2400 me-

1026 2417 1115 2444 ritum
1125 2437 1134 2451 ,
1149 2417 1223 2444 sicut
1240 2416 1326 2452 punit
1341 2417 1411 2445 citra
1426 2417 1617 2453 condignum.
1642 2419 1722 2446 Unde
1738 2427 1798 2447 non

1026 2466 1068 2490 est
1082 2463 1156 2490 inter
1171 2462 1307 2490 meritum
1326 2465 1354 2490 et
1371 2463 1527 2498 praemium
1546 2464 1668 2500 aequalis
1682 2465 1797 2500 quanti-

1026 2511 1088 2543 tas,
1102 2508 1156 2537 sed
1177 2509 1331 2544 proportio
1344 2530 1352 2543 ,
1375 2509 1446 2545 quia
1470 2510 1551 2545 apud
1566 2511 1655 2538 Deum
1670 2519 1732 2539 non
1757 2513 1799 2540 est

1023 2555 1133 2590 justitia
1147 2555 1368 2590 commutativa‚
1383 2563 1452 2583 cum
1462 2556 1536 2584 nulli
1551 2556 1659 2585 debeat
1671 2557 1797 2594 aliquid,

1027 2619 1065 2643 xi,
1084 2613 1119 2637 12.
1136 2626 1165 2630 —
1186 2612 1218 2642 (a)
1235 2614 1294 2637 Caet.
1311 2612 1372 2637 edit.
1389 2613 1537 2637 scientia.—
1553 2613 1585 2644 (ὸ)
1603 2615 1664 2638 Cant.
1681 2615 1741 2639 edit.
1758 2615 1798 2637 Ιιο-

1027 2655 1111 2672 minu.
