2004 3037
103 2350 170 2371 Dolor

88 2382 146 2402 mest

72 2412 163 2432 damna·

84 2444 111 2463 tis
122 2449 149 2464 ex

72 2476 164 2499 quatuor

73 2506 152 2525 causis.

193 246 252 276 334

189 319 242 340 non
260 311 443 346 etii-linquetur.
459 310 553 339 Tertia
567 317 656 346 poena
675 311 718 338 est
733 309 837 346 foetor,
851 312 885 338 ut
899 309 971 338 dici-

189 360 236 386 tur
246 358 255 374 ²
271 367 278 386 :
294 359 387 393 Iynis,
403 358 519 393 sulphur
532 359 558 385 et
568 358 686 393 spiritus
694 358 883 392 procellarum,
899 366 968 394 pars

188 405 282 432 calicis
296 413 401 440 eorum,
415 404 448 432 id
461 407 504 433 est
517 412 613 441 poenae
624 412 739 433 eorum.
755 405 864 439 Quarta
877 413 968 441 poena

188 452 232 480 est
245 451 357 487 frigus,
373 451 445 488 quia
466 451 574 480 dieitur
587 452 598 468 ²
615 461 621 479 :
648 452 814 479 Transibunt
835 452 869 480 ab
889 453 968 487 aquis

187 500 294 526 nivium
322 499 359 526 ad
386 499 500 527 calorem
526 500 652 531 nimium,
679 498 732 535 qui
759 498 813 526 erit
836 498 968 527 maxima

186 555 275 584 poena
285 568 295 582 ,
310 547 433 576 mutatio
455 547 570 582 subita,
586 546 657 583 quia
670 548 776 575 natura
789 547 968 575 mutationes

187 602 249 623 non
273 594 382 631 patitur
401 594 590 630 repentinas,
616 595 650 621 ut
675 593 746 622 dicit
767 593 966 630 Hippocrates.

187 641 294 676 Quinta
308 649 398 678 poena
413 641 467 670 erit
480 641 574 670 fames
587 640 730 674 maxima,
743 641 827 676 juxta
840 641 918 669 illud
930 641 940 658 ³
958 650 964 669 :

186 689 265 717 Servi
280 689 334 716 mei
349 689 498 720 comedent,
515 691 540 716 et
555 695 600 715 vos
621 689 755 715 esurietis.
777 687 821 716 lbi
836 695 967 724 namque

187 737 230 764 est
257 736 338 763 tanta
363 735 482 771 inopia,
510 734 593 771 quod
620 742 719 770 neque
742 736 855 770 guttam
882 743 968 771 aquae

186 785 325 820 poterunt
338 782 465 816 habere,
485 784 518 810 ut
538 781 646 817 legitur
667 781 704 810 de
726 781 816 810 divite
838 781 967 818 epulone

186 829 303 866 sepulto
319 829 350 856 in
371 828 486 857 inferno
501 827 520 856 ”.
542 828 623 856 Unde
645 827 801 864 Gregorius
814 829 824 845 ⁵
844 837 850 856 :
871 838 885 854 α
898 830 968 857 Gut-

186 878 247 904 tam
260 885 346 913 aquae
360 876 452 912 petiit,
467 875 519 912 qui
533 875 642 903 micam
654 875 740 912 panis
754 877 862 904 Lazaro
876 883 968 910 nega-

186 923 237 952 vit.
250 934 263 950 n
281 923 408 952 Maxima
419 931 509 959 poena
523 923 578 951 erit
590 922 684 950 fames
693 943 702 958 ,
719 931 786 959 quae
800 922 842 950 ibi
857 922 922 956 erit,
941 924 969 950 et

186 971 282 1007 magis
296 970 471 998 immortalis
486 973 529 998 est
552 970 682 998 carentia
703 969 827 998 visionis
845 969 966 999 divinae.

186 1017 267 1045 Unde
287 1017 445 1053 Gregorius
463 1017 473 1034 ⁶
491 1025 498 1044 t
521 1027 534 1043 α
555 1016 730 1045 Immortalis
751 1016 793 1044 ibi
808 1016 901 1044 fames
923 1017 965 1044 in—

185 1064 305 1099 terficit,
320 1064 391 1101 quia
404 1064 510 1092 faciem
525 1072 610 1092 suam
628 1064 762 1092 Salvator
783 1063 825 1091 eis
839 1063 966 1092 abscon-

186 1110 238 1139 dit.
255 1122 270 1138 »
285 1112 370 1139 Sexta
383 1119 472 1147 poena
484 1113 526 1139 est
541 1113 643 1144 tortor,
653 1110 702 1138 vel
716 1110 815 1147 potius
829 1112 964 1146 tortores,

185 1158 256 1194 quia
279 1157 385 1186 dicitur
400 1159 409 1175 ⁷
433 1167 439 1185 ε
465 1158 592 1185 Tradidit
616 1166 675 1185 eum
700 1158 860 1191 tortoribus,
885 1157 965 1184 donec

184 1205 307 1233 redderet
327 1207 481 1233 universum
502 1206 630 1233 debitum.
656 1205 785 1240 Septima
807 1212 898 1240 poena
923 1206 966 1232 est

184 1253 291 1280 horror
297 1262 305 1287 ;
320 1252 400 1280 unde
414 1251 424 1267 ⁸
437 1261 444 1280 ι
465 1253 513 1279 Ubi
528 1253 618 1279 nullus
633 1252 707 1284 ordo,
724 1253 773 1279 sed
785 1254 966 1286 sempiternus

186 1300 279 1327 horror
293 1300 441 1326 inhabitat.
457 1301 490 1327 Et
501 1299 556 1326 ista
571 1298 624 1326 erit
634 1299 766 1326 maxima
781 1306 880 1334 poena,
895 1297 965 1334 quia

185 1345 321 1373 videmus
345 1345 370 1373 si
393 1353 472 1373 nunc
494 1347 650 1381 appareret
674 1344 761 1372 nobis
784 1352 861 1372 unus
885 1343 965 1372 solus

186 1391 340 1427 diabolus,
358 1400 484 1428 magnus
499 1392 605 1420 horror
624 1394 652 1420 et
670 1393 755 1428 quasi
769 1391 965 1420 intolerabilis

186 1441 259 1467 esset
275 1449 282 1467 :
299 1439 373 1476 quid
389 1447 460 1475 ergo
481 1439 534 1467 erit
556 1441 641 1473 tunc,
665 1447 733 1466 cum
749 1441 790 1466 tot
806 1439 964 1467 horribiles

185 1486 394 1522 apparebunt?
413 1487 522 1514 Octava
542 1494 631 1522 poena
649 1486 702 1514 erit
723 1485 845 1514 tenebra
860 1485 890 1513 in
905 1493 965 1521 qua

184 1532 446 1561 incarcerabuntur
474 1534 502 1560 et
527 1532 700 1568 ligabuntur
725 1532 866 1568 reprobi,
894 1532 964 1568 quia

185 1578 291 1606 dicitur
305 1580 315 1595 ⁹
337 1589 343 1607 :
364 1581 470 1614 Liqucis
485 1580 598 1614 pedibus
614 1583 639 1607 et
654 1580 775 1607 manibus
790 1579 862 1613 ejus,
878 1579 965 1614 proji-

185 1627 236 1653 cite
251 1635 308 1653 eum
324 1628 353 1654 z'n
369 1627 490 1654 tenebras
505 1627 659 1654 anteriores.
677 1628 708 1653 Et
723 1626 880 1661 Gregorius
893 1625 964 1653 dicit

185 1672 215 1700 in
233 1674 382 1701 Moralibus
398 1674 418 1691 ¹⁰
435 1683 441 1700 :
462 1684 474 1698 «
495 1673 571 1709 Ignis
586 1673 738 1701 infernalis
753 1673 964 1700 concrematio-

184 1728 253 1747 nem
283 1721 373 1748 habet
386 1742 393 1755 ‚
417 1723 444 1748 et
476 1729 538 1748 non
570 1721 677 1748 lucem.
705 1732 717 1744 »
744 1722 826 1748 Nona
850 1728 939 1755 poena
954 1742 963 1753 ‚

184 1768 212 1793 et
235 1767 319 1802 quasi
346 1767 518 1803 principalis
545 1767 599 1794 erit
626 1767 723 1801 dolor,
748 1767 819 1802 quia
846 1767 876 1793 in
905 1766 963 1793 illis

183 1814 278 1848 poenis
293 1822 354 1841 non
368 1814 465 1841 solum
486 1814 537 1841 erit
559 1813 701 1840 acerbitas
712 1834 720 1847 ‚
738 1812 790 1840 sed
805 1813 962 1840 contrarie-

184 1861 236 1887 tas.
263 1861 343 1888 Unde
369 1860 439 1888 dicit
463 1860 620 1895 Gregorius
644 1860 675 1886 iu
699 1861 867 1894 illoi'ali‘bus,
884 1859 961 1887 libro

183 1914 263 1935 nono
287 1907 305 1923 ¹¹
323 1916 329 1934 ε
351 1918 364 1932 (ι
380 1907 564 1935 Horrendum
584 1907 662 1934 enim
678 1906 731 1934 erit
752 1906 904 1942 reprobis,
920 1906 962 1933 ibi

184 1954 271 1982 dolor
285 1962 353 1982 cum
367 1954 537 1989 formidine,
553 1954 675 1981 flamma
689 1961 757 1980 cum
773 1953 962 1987 obscuritate,

182 2009 263 2028 mors
279 2001 341 2028 sine
357 2004 450 2029 morte
463 2023 471 2036 ‚
487 2001 554 2028 finis
578 2001 640 2028 siue
662 2000 738 2035 fine,
755 2000 885 2028 defectus
900 2000 961 2028 sine

183 2047 316 2082 deiectu,
333 2048 402 2084 quia
419 2050 446 2075 et
464 2056 544 2075 mors
560 2047 647 2080 vivit,
663 2049 690 2074 ct
706 2047 773 2074 linis
789 2055 905 2083 semper
919 2047 962 2074 in-

183 2094 266 2130 cipit,
283 2097 310 2122 et
328 2095 458 2122 defectus
476 2094 602 2122 deiicere
618 2094 720 2122 nescit.
737 2095 812 2122 Mors
826 2094 960 2129 perimit,

183 2144 210 2169 et
230 2149 290 2169 non
307 2141 467 2177 extinguit3
485 2143 512 2169 et
531 2141 618 2169 dolor
633 2141 760 2174 cruciat,
776 2143 803 2168 et
819 2148 962 2175 pavorem

183 2196 243 2215 non
258 2188 346 2223 sugat.
364 2190 396 2216 Et
418 2189 492 2216 ratio
517 2190 577 2221 est,
598 2188 669 2223 quia
694 2196 762 2214 cuin
783 2190 920 2223 peccator
935 2189 962 2214 et

184 2235 321 2263 diabolus
339 2236 370 2263 in
393 2236 479 2271 culpa
503 2236 705 2270 consentiant,
728 2236 840 2270 justum
864 2237 907 2262 est
931 2237 962 2262 ut

184 2285 322 2310 creaturae
338 2283 366 2309 in
381 2282 579 2318 reproborum
594 2290 683 2317 poena
698 2282 885 2308 conveniant.
902 2292 914 2305 υ

220 2330 252 2356 Et
274 2329 457 2363 notandum,
475 2328 557 2363 quod
578 2336 595 2355 a
615 2328 738 2355 diversis
763 2328 876 2362 causis,
891 2328 962 2363 ipsis

183 2375 319 2411 reprobis
334 2375 408 2402 inest
423 2375 519 2402 dolor.
532 2375 603 2402 Sunt
613 2376 711 2401 autem
725 2377 852 2409 quatuor
868 2383 961 2402 causae

185 2422 307 2450 doloris.
323 2421 419 2450 Prima
438 2424 494 2456 est,
517 2421 587 2457 quia
608 2421 769 2448 amiserunt
792 2421 872 2448 bona
886 2424 960 2448 tem-

184 2469 298 2505 poralia
312 2469 400 2504 hujus
416 2467 520 2496 mundi
541 2477 547 2495 :
564 2468 641 2495 unde
657 2467 687 2495 in
702 2467 818 2495 Psalmo
836 2469 856 2484 ¹2
873 2477 878 2494 :
898 2469 961 2495 Cum

219 2530 306 2554 ιΡκτιί.
323 2535 355 2560 x,
371 2530 394 2553 7.
411 2542 440 2546 -
459 2529 468 2544 ²
480 2528 536 2558 Job,
554 2534 625 2557 xxiv,
646 2530 682 2552 19.
696 2541 726 2544 —
740 2528 825 2557 ³1³0„
844 2533 902 2558 va,
922 2530 958 2552 13.

185 2579 215 2582 —
233 2566 242 2582 ⁵
262 2566 328 2594 Licin,
353 2571 409 2595 xvi,
435 2566 463 2588 22
487 2566 512 2588 et
536 2571 589 2594 seq.
614 2577 644 2581 —
665 2564 675 2580 5
697 2564 783 2594 Grcg.‚
806 2564 830 2586 in
853 2564 959 2594 Emnq.y

185 2608 262 2625 serm.
279 2606 374 2631 xxxix,
391 2602 448 2624 ante
469 2599 537 2624 med.
557 2613 583 2617 -
605 2602 613 2613 '⁴
629 2600 716 2630 Greg„
732 2599 835 2627 illm-al„
855 2599 898 2622 lib.
916 2600 958 2628 ΥΙ,

186 2643 208 2660 c.
228 2643 279 2660 xvi.
298 2650 328 2655 —
350 2637 358 2650 ⁷
375 2635 478 2664 Mami„
499 2641 580 2664 xx'111,
600 2635 639 2658 34.
660 2648 691 2653 -—
710 2635 719 2648 ¹
739 2634 800 2664 Job,
819 2640 849 2662 x.
870 2636 906 2658 22.
930 2647 959 2652 —

186 2672 194 2685 ²
218 2673 319 2699 stimuli„
344 2678 412 2701 nii,
440 2673 477 2696 13.
503 2685 532 2688 -
559 2671 578 2686 ¹⁰
604 2671 690 2701 meg,
715 2669 816 2700 moral„
842 2670 883 2693 lib.
910 2670 959 2701 ix,

186 2713 207 2731 e.
225 2714 316 2732 xxviii.
328 2721 357 2727 -
374 2710 389 2724 ¹¹
406 2707 481 2738 ibid„
497 2714 518 2731 c.
535 2712 626 2736 xxxu,
643 2706 710 2729 cirea
723 2705 791 2730 med.
810 2719 836 2723 -
857 2706 874 2721 ¹2
891 2706 956 2729 Psul.

719 240 726 242 “
754 241 894 274 DJAETAE
914 241 1080 275 SALUTIS
1101 243 1180 276 TIT.
1202 244 1243 276 X.

1023 311 1161 340 interierit
1180 312 1342 346 homo‚‚non
1362 315 1449 340 sumet
1467 315 1573 348 mnia,
1595 323 1643 344 nee
1664 317 1803 348 descendet

1023 365 1084 386 cum
1106 366 1135 386 eo
1161 360 1249 394 yloria
1273 359 1339 394 ejus.
1365 359 1500 388 Secunda
1528 368 1618 390 causa
1644 364 1706 399 est,
1731 365 1803 402 quia

1023 405 1140 440 tempus
1158 405 1370 442 perdiderunt;
1384 406 1465 435 unde
1479 406 1502 425 ¹⁸
1515 416 1522 435 :
1541 409 1653 437 Transit
1665 412 1762 445 testas,
1777 415 1803 440 et

1022 452 1101 484 facta
1115 454 1153 479 est
1169 454 1278 486 messis,
1301 455 1327 480 et
1352 461 1405 481 non
1423 455 1526 482 salvati
1543 462 1644 483 sumus.
1669 457 1803 486 Damnati

1021 505 1153 534 namque
1177 499 1282 526 darent
1307 499 1433 528 libenter
1455 502 1549 529 totum
1577 503 1725 531 mundum
1747 511 1802 540 pro

1022 551 1083 571 uno
1102 546 1255 573 momento
1277 546 1436 582 temporis,
1453 547 1478 574 si
1499 550 1620 584 possent
1638 549 1748 578 habere
1763 549 1804 578 ad

1021 590 1237 626 poenitendum.
1252 592 1346 620 Tertia
1361 601 1450 622 causa
1464 596 1517 629 est,
1532 595 1603 631 quia
1613 595 1759 624 visionem
1773 597 1802 624 et

1022 636 1150 672 gloriam
1169 638 1218 666 Dei
1236 638 1448 675 perdiderunt3
1470 641 1550 669 unde
1575 642 1646 670 dicit
1660 642 1801 679 Chrysos-

1022 685 1137 719 tomus,
1158 685 1243 721 quod
1266 694 1371 714 omnes
1395 687 1537 723 gehennae
1562 688 1707 717 cruciatus
1733 691 1802 718 sunt

1022 731 1153 759 carentia
1175 731 1298 760 visionis
1322 733 1382 761 Dei.
1410 734 1519 768 Quarta
1543 743 1632 763 causa
1652 738 1712 771 est,
1732 737 1803 773 quia

1021 777 1128 806 inferni
1143 778 1286 807 vilitatem
1306 781 1335 808 et
1355 780 1505 809 miseriam
1525 782 1725 819 acquisierunt
1731 793 1740 819 ς
1760 785 1803 812 est

1021 824 1101 852 enim
1109 824 1193 852 loeus
1203 824 1354 854 infernalis
1368 827 1554 864 tenebrosus,
1566 830 1594 856 et
1605 829 1782 865 penuriosus
1794 839 1801 858 :

1023 870 1107 906 quod
1121 871 1176 899 erit
1189 872 1323 900 maxima
1335 881 1426 909 poena
1436 873 1578 902 divitibus
1592 877 1619 903 et
1630 875 1804 905 hominibus

1020 917 1207 954 voluptuosis
1222 921 1250 946 et
1263 920 1468 956 magnatibus,
1484 921 1556 958 quia
1570 921 1601 949 in
1616 921 1676 950 vita
1689 922 1802 951 habue-

1020 966 1090 992 runt
1104 964 1211 993 domos
1227 966 1289 994 sine
1303 965 1404 1003 fumo,
1421 970 1449 995 et
1466 967 1509 996 ibi
1524 968 1578 996 erit
1591 967 1691 996 fumus
1707 969 1802 998 eonti-

1020 1019 1098 1039 nuus
1109 1033 1118 1047 ‚
1133 1012 1205 1048 quia
1219 1012 1326 1041 dicitur
1341 1014 1361 1031 ¹⁴
1376 1023 1383 1041 ε
1399 1015 1498 1042 Fumus
1513 1015 1568 1050 ejus
1583 1017 1613 1043 in
1626 1017 1720 1050 furore
1733 1024 1800 1045 meo.

1022 1060 1058 1086 De
1074 1058 1136 1087 istis
1158 1060 1254 1095 poenis
1275 1060 1346 1088 dicit
1365 1061 1530 1090 Bernardus
1549 1062 1579 1089 in
1605 1070 1741 1091 sermone
1765 1063 1802 1091 de

1020 1105 1141 1141 negotIO
1163 1107 1308 1142 spirituali
1328 1108 1346 1124 ¹⁵
1371 1118 1378 1134 :
1397 1117 1412 1133 «
1427 1110 1449 1137 ο
1469 1108 1642 1144 gehennalis
1660 1109 1743 1145 regio
1758 1109 1802 1138 fu-

1021 1152 1144 1187 gienda,
1163 1153 1215 1181 ubi
1235 1154 1312 1189 ignis
1326 1154 1444 1190 ardens,
1462 1154 1554 1191 frigus
1568 1155 1678 1191 rigens,
1692 1156 1802 1184 vermis

1020 1198 1195 1227 immortalis
1210 1221 1218 1235 ,
1247 1200 1334 1228 foetor
1363 1201 1557 1230 intolerabilis
1568 1223 1577 1236 ‚
1605 1202 1706 1231 mallei
1734 1211 1800 1240 per-

1020 1246 1177 1282 cutientes,
1198 1247 1327 1275 tenebrae
1342 1248 1509 1284 palpabiles
1521 1270 1530 1283 ,
1547 1248 1681 1277 confusio
1696 1257 1801 1286 pecea-

1020 1294 1134 1327 torum,
1151 1293 1303 1322 innodatio
1317 1295 1505 1323 vinculorum
1517 1317 1525 1330 ‚
1539 1295 1697 1324 horribiles
1711 1295 1801 1324 facies

1021 1339 1205 1368 daemonum!
1219 1341 1307 1368 Totus
1323 1343 1416 1387 treino
1432 1341 1471 1370 ad
1485 1341 1658 1378 hujusmodi
1671 1342 1801 1378 regionis

1020 1395 1207 1416 memoriam.
1224 1399 1237 1415 »

1054 1435 1148 1463 Tertio
1160 1438 1202 1464 est
1212 1436 1325 1464 ibidem
1337 1445 1494 1473 poenarum
1505 1438 1691 1467 diuturnitas.
1706 1441 1800 1468 Poenae

1020 1482 1099 1510 enim
1122 1482 1279 1511 infernales
1303 1487 1387 1512 crunt
1415 1485 1580 1519 diuturnze,
1604 1486 1665 1515 imo
1689 1487 1798 1524 sempi-

1020 1530 1118 1564 ternse,
1135 1530 1206 1566 quia
1220 1530 1326 1558 dicitur
1336 1531 1355 1548 ¹⁶
1368 1540 1374 1558 :
1389 1531 1454 1564 Quis
1470 1540 1503 1559 ωι-
1518 1533 1592 1561 vobis
1606 1535 1707 1569 poterit
1724 1534 1801 1561 habi-

1021 1581 1078 1605 tare
1093 1586 1152 1605 cum
1167 1578 1309 1606 ardoribus
1323 1581 1514 1614 sempiternis?
1530 1580 1550 1597 ¹⁷
1565 1581 1702 1609 Discedite
1716 1590 1732 1609 a
1747 1590 1798 1617 me,

1021 1625 1177 1657 maledicti,
1192 1627 1221 1652 in
1237 1627 1324 1660 ignem
1346 1629 1484 1654 aeternum.
1503 1627 1575 1655 Dicit
1589 1628 1746 1664 Gregorius
1763 1629 1799 1664 ¹⁸,

1020 1671 1103 1707 quod
1118 1681 1131 1698 «
1143 1672 1181 1699 ad
1192 1680 1332 1707 magnam
1342 1673 1485 1707 justitiam
1495 1674 1602 1708 judicis
1617 1675 1750 1710 pertinet,
1768 1677 1801 1703 ut

1020 1727 1175 1754 nunquam
1204 1722 1322 1746 careant
1350 1720 1515 1755 supplicio,
1546 1721 1597 1756 qui
1625 1728 1777 1757 nunquam
1789 1741 1797 1755 ,

1020 1765 1092 1793 dum
1106 1765 1427 1799 viverent‚voluerunt
1451 1774 1549 1793 carere
1575 1770 1707 1802 peccato.
1728 1777 1741 1792 »
1767 1769 1799 1795 Et

1018 1811 1093 1839 illud
1110 1814 1152 1839 est
1166 1820 1281 1839 summe
1297 1812 1481 1840 horrendum
1496 1813 1525 1840 in
1536 1813 1591 1841 ista
1600 1822 1699 1849 poena,
1715 1813 1798 1850 quod

1019 1858 1054 1885 sit
1068 1858 1200 1886 maxima
1215 1861 1242 1886 et
1256 1861 1373 1886 aeterna.
1389 1859 1417 1886 Si
1434 1859 1512 1886 enim
1528 1860 1661 1888 damnati
1675 1860 1799 1895 singulis

1019 1904 1125 1932 diebus
1144 1905 1261 1939 flerent,
1278 1907 1305 1932 et
1328 1906 1358 1932 in
1378 1906 1446 1933 fletu
1466 1907 1629 1934 emitterent
1649 1907 1799 1935 modicam

1018 1951 1201 1987 lacrymam,
1224 1952 1291 1987 plus
1311 1952 1347 1980 de
1363 1960 1441 1988 aqua
1462 1961 1515 1988 per
1534 1961 1707 1989 processum
1729 1956 1801 1982 tem-

1018 1998 1099 2033 poris
1116 1998 1152 2026 de
1177 1998 1270 2026 oculis
1286 1999 1372 2026 unius
1388 1999 1519 2028 damnati
1535 2000 1641 2034 exiret,
1657 2008 1748 2036 quam
1763 2000 1800 2029 sit

1018 2053 1097 2080 aqua
1119 2045 1205 2073 totius
1226 2046 1341 2073 mundi.
1373 2047 1461 2081 Cujus
1482 2047 1620 2083 probatio
1645 2050 1701 2082 est,
1729 2047 1799 2083 quia

1018 2092 1069 2119 illa
1085 2100 1163 2128 aqua
1179 2096 1221 2120 est
1235 2092 1366 2128 iniinita,·
1383 2101 1462 2129 aqua
1477 2096 1575 2122 autem
1590 2094 1678 2122 totius
1691 2094 1797 2122 mundi

1019 2139 1162 2167 estfinita.

1054 2188 1162 2219 Quarto
1182 2188 1224 2214 est
1245 2186 1274 2213 in
1295 2187 1410 2215 inferno
1432 2195 1589 2223 poenarum
1610 2188 1793 2216 universitas.

1018 2234 1088 2260 Sunt
1114 2233 1193 2260 enim
1225 2233 1348 2268 quidam
1372 2234 1469 2262 dicere
1492 2235 1641 2270 volentes,
1664 2235 1747 2271 quod
1765 2236 1795 2262 in

1018 2279 1131 2307 inferno
1147 2279 1291 2307 universae
1306 2283 1402 2316 partes
1416 2281 1559 2317 hominis,
1577 2284 1637 2310 tam
1651 2281 1794 2317 corporis,

1018 2334 1109 2362 quam
1125 2326 1245 2361 animae,
1261 2329 1326 2362 post
1346 2327 1426 2354 diem
1445 2328 1548 2363 judicii
1564 2330 1649 2356 erunt
1669 2328 1700 2355 in
1715 2328 1794 2363 igne,

1018 2373 1087 2408 quia
1103 2372 1209 2400 dicitur
1225 2373 1245 2390 ¹⁹
1263 2383 1269 2400 :
1289 2375 1389 2402 Timete
1409 2384 1481 2409 eum,
1497 2377 1545 2410 qui
1563 2378 1707 2410 postquam
1725 2376 1794 2402 occi-

1018 2420 1099 2452 derit,
1110 2423 1198 2454 potest
1207 2428 1302 2455 corpus
1316 2424 1341 2448 et
1352 2423 1471 2448 animam
1483 2422 1596 2457 perdere
1608 2423 1636 2448 ἐκ
1649 2421 1794 2455 qehennam

1018 2468 1098 2501 z'qnz's.
1124 2468 1204 2494 Nunc
1229 2470 1328 2496 autem
1347 2469 1498 2504 videmus,
1521 2468 1603 2505 quod
1619 2468 1710 2497 homo
1733 2477 1793 2497 non

1018 2568 1116 2592 vaiiI,
1135 2563 1172 2587 18.
1188 2577 1218 2582 -
1236 2564 1253 2578 ¹³
1270 2565 1370 2594 levem„
1384 2571 1464 2596 xviii,
1479 2566 1517 2589 20.
1533 2578 1564 2584 -
1581 2565 1598 2582 ¹⁴
1617 2565 1675 2591 lm..
1691 2571 1751 2596 mv,
1767 2566 1791 2589 ὕ.

1016 2611 1046 2616 -
1067 2599 1085 2614 '⁵
1107 2599 1192 2629 Rern„
1214 2606 1290 2624 serm.
1311 2601 1342 2624 [Ie
1356 2601 1445 2631 Quinq.
1463 2601 1570 2631 liemon..
1593 2603 1649 2631 post
1667 2600 1747 2631 med„
1768 2603 1793 2624 et

1016 2640 1094 2657 serm.
1110 2634 1134 2657 in
1152 2635 1209 2663 fest.
1230 2636 1257 2659 S.
1277 2636 1371 2665 Nicol„
1385 2637 1453 2661 circa
1467 2636 1510 2660 fin.
1528 2650 1558 2655 —
1581 2638 1599 2652 ¹⁶
1617 2637 1676 2666 lsa„
1694 2642 1792 2666 xxxiii,

1018 2671 1054 2694 il.
1066 2682 1096 2688 —
1114 2670 1130 2685 ¹⁷
1146 2670 1247 2699 Malaz„
1263 2678 1325 2702 xxv,
1339 2674 1376 2696 ΑΗ.
1388 2685 1418 2690 -
1435 2673 1453 2688 ¹⁸
1467 2673 1552 2704 Greg..
1565 2672 1678 2703 0111!qu
1688 2671 1732 2695 lib.
1750 2671 1792 2699 Ν,

1017 2712 1037 2728 c.
1054 2710 1125 2735 μιν,
1139 2708 1198 2730 ante
1213 2707 1280 2731 med.
1296 2720 1327 2725 —
1343 2708 1363 2724 ’Β
1375 2707 1474 2737 Matth..
1494 2714 1520 2738 x,
1538 2709 1577 2733 28.

1842 1454 1920 1474 Poena-

1816 1491 1864 1506 rum
1890 1485 1922 1506 iu-

1814 1516 1869 1537 ferui
1874 1516 1921 1537 diu-

1815 1547 1915 1568 tui-nitas.

1824 2207 1915 2228 Univer-

1810 2238 1862 2258 situs
1872 2245 1917 2265 po:-

1809 2270 1914 2290 narumin

1810 2300 1903 2321 inferno.
