2004 3037
587 188 634 222 DE
656 188 812 223 cnR1sT1
834 188 1112 222 HUMANITATE.
1137 190 1222 223 CAP.
1246 192 1310 226 XV.

141 264 176 287 ex
199 255 310 286 unione
335 257 376 286 ad
401 256 540 286 Verbum.
566 257 606 286 Ex
635 256 784 294 praedictis
811 255 919 293 collige

140 303 224 340 quod
238 304 377 338 Chi-istus,
389 303 420 332 in
435 305 580 340 quantum
593 304 697 338 homo,
709 304 816 333 dicitur
830 306 921 340 caput

139 349 273 378 Ecclesiae
298 350 405 386 triplici
427 350 562 378 ratione:
589 350 704 386 primo,
730 351 853 387 propter
873 350 919 378 in-

138 395 292 425 fluentiam
316 396 416 432 gratiae
423 417 432 432 ,
457 395 531 424 sicut
554 395 666 425 dictum
689 398 746 430 est;
773 396 917 432 secundo,

139 445 261 479 propter
289 441 525 471 conformitatem
553 444 682 478 naturae,
710 451 802 479 quam
828 442 919 472 hahet

141 491 230 525 caput
244 489 282 518 ad
297 489 443 524 membra,
454 489 594 525 quialicet
603 489 732 518 Christus
742 489 868 518 excellat
882 489 918 525 (a)

138 536 275 564 membra
290 543 344 564 sua
363 537 508 572 quantum
529 536 569 564 ad
589 538 727 565 naturam
747 535 919 570 divinitatis,

138 584 238 612 tamen
253 583 413 612 conformis
424 584 466 612 est
475 583 533 612 illis
548 583 579 612 in
589 585 696 612 natura
709 583 916 618 humanitatis;

138 630 222 658 tertio
238 629 345 658 dicitur
358 632 440 665 caput
453 630 665 666 metaphorice,
680 630 751 667 quia
765 630 840 658 sicut
854 637 918 658 cor-

136 684 193 712 pus
211 676 313 705 Christi
331 684 438 704 verum
456 679 570 705 constat
589 685 624 704 ex
645 676 810 713 purissimis
823 684 918 705 mem-

137 722 213 758 bris,
228 723 267 750 ita
286 731 394 759 corpus
415 723 477 758 ejus
495 723 654 759 mysticum
671 732 706 752 ex
722 723 804 760 puris
820 722 918 751 fideli-

135 768 201 797 hus.
220 770 293 797 Nam
308 769 345 797 de
359 769 545 805 plenitudine
566 770 628 806 ejus
646 778 752 798 omnes
768 770 918 806 accipiunt

136 814 315 843 heneficium
330 815 429 851 gratiae
445 818 472 844 et
484 816 615 852 spiritus,
629 817 681 852 qui
696 817 735 845 ad
751 825 819 845 eum
835 824 917 845 acce-

138 860 223 896 dunt,
239 862 288 889 vel
298 869 352 898 per
366 861 458 890 fidem
471 864 594 897 rectam,
606 862 654 891 vel
669 871 721 894 per
737 863 808 891 fidei
823 871 918 891 sacra-

138 910 282 936 mentum.
298 908 362 937 Alia
374 909 488 937 ratione
503 909 640 944 Christus,
653 910 819 937 secundum
833 910 918 946 quod

136 953 243 989 homo,
270 954 376 982 dieitur
399 956 487 991 caput
509 955 652 991 Ecclesiae,
668 956 777 984 scilicet
796 958 918 992 propter

136 1002 248 1028 naturae
271 1000 524 1036 conformitatem,
548 1009 639 1037 quam
661 1005 751 1038 caput
772 1003 863 1031 habet
878 1003 918 1031 ad

136 1048 229 1075 totum
250 1054 369 1082 corpus.
386 1049 460 1075 Nam
477 1047 552 1075 sicut
576 1055 684 1084 corpus
707 1048 812 1076 Christi
831 1051 917 1078 natu-

135 1093 197 1121 rale
212 1094 324 1121 constat
344 1101 379 1121 ex
394 1093 559 1129 purissimis
574 1095 733 1130 membris,
755 1095 795 1123 ita
810 1103 917 1131 corpus

136 1140 198 1175 ejus
211 1140 369 1176 mysticum
383 1148 420 1168 ex
437 1141 519 1176 puris
533 1140 682 1169 fidelibus.
700 1144 840 1170 Praeterea
848 1163 857 1177 ,
873 1151 918 1170 se-

135 1186 267 1214 cundum
282 1187 365 1222 quod
380 1187 486 1215 eadem
501 1187 595 1222 gratia
610 1188 767 1223 singularis
782 1197 917 1225 personae

136 1240 202 1268 quae
220 1233 386 1261 habilitavit
408 1233 572 1262 humanam
592 1236 731 1262 naturam
754 1235 857 1263 Christi
877 1236 916 1264 ad

134 1278 277 1307 unionem
297 1279 399 1315 Verbi,
423 1282 455 1308 ut
475 1281 613 1309 videlicet
634 1281 726 1317 digna
745 1284 820 1310 esset
838 1283 916 1310 uniri

134 1326 220 1354 tantae
243 1326 425 1361 celsitudini,
445 1329 568 1355 vocatur
588 1328 682 1363 gratia
704 1328 840 1363 unionis,
863 1337 916 1365 per

134 1380 226 1408 quam
236 1372 363 1401 Christus
373 1373 435 1409 ipse
446 1381 508 1401 non
522 1375 637 1402 tantum
650 1375 786 1403 felicitate
802 1376 914 1411 gloriae,

133 1426 239 1446 verum
253 1419 342 1447 etiam
361 1419 534 1448 adoratione
549 1420 640 1448 latriae
655 1421 764 1456 dignus
783 1422 855 1450 fuit:
873 1423 915 1450 di-

133 1464 262 1492 cendum
282 1465 366 1501 quod
384 1473 489 1493 verum
509 1468 566 1501 est,
588 1467 753 1495 secundum
775 1468 858 1503 quod
873 1471 915 1496 est

134 1512 311 1540 constructio
326 1512 492 1546 transitiva,
508 1521 576 1540 cum
596 1513 702 1541 dieitur
718 1514 812 1549 gratia
827 1515 912 1542 unio-

132 1558 196 1586 nis:
215 1559 285 1586 tunc
301 1559 380 1586 enim
395 1559 479 1587 aliud
494 1562 536 1587 est
550 1560 660 1595 gratia,
676 1560 759 1588 aliud
773 1563 815 1588 est
829 1561 911 1589 unio.

132 1606 188 1633 Sed
204 1607 368 1634 secundum
379 1607 464 1642 quod
474 1608 517 1634 est
529 1607 707 1635 constructio
718 1607 911 1643 intransitiva,

131 1653 164 1679 ut
175 1652 211 1680 sit
221 1660 332 1687 sensuS,
343 1653 437 1688 gratia
449 1653 578 1688 unionis,
590 1653 622 1681 id
637 1655 679 1681 est
692 1654 763 1681 unio
775 1654 912 1683 humanae

131 1701 242 1726 naturae
257 1699 296 1727 ad
318 1699 467 1733 divinam,
489 1708 555 1735 quae
571 1700 660 1735 gratis
675 1702 703 1728 et
724 1700 786 1728 sine
802 1701 912 1728 meritis

132 1744 200 1772 data
222 1747 264 1773 est
287 1746 462 1774 humanitati
487 1746 613 1780 Christi,
637 1747 678 1774 sic
701 1747 798 1774 differt
819 1748 913 1782 gratia

131 1791 248 1819 unionis
269 1800 287 1820 a
306 1792 400 1827 gratia
416 1793 584 1828 personali,
605 1796 632 1821 et
651 1802 668 1821 a
688 1794 782 1829 gratia
797 1794 910 1830 capitiS,

131 1837 204 1865 sicut
227 1839 298 1866 unio
322 1839 459 1867 differt'a
482 1839 576 1874 gratia
597 1839 764 1867 habituali:
789 1842 911 1876 propter

131 1885 214 1920 quod
233 1886 338 1914 dicitur
355 1887 385 1914 in
403 1888 504 1914 Joanne
521 1889 527 1904 ¹
551 1887 634 1923 quod
654 1887 776 1923 Spiritus
795 1890 911 1916 sanctus
937 1903 941 1906 ·

131 1930 216 1959 datus
231 1934 273 1959 est
294 1933 320 1960 ei
340 1941 393 1960 non
415 1934 451 1960 ad
467 1941 637 1961 mensuram:
654 1934 737 1969 quod
754 1934 910 1969 dupliciter

131 1978 288 2012 exponitur
305 1987 311 2005 :
326 1979 423 2014 primo
435 1979 475 2006 sic
488 1989 494 2007 z
511 1981 571 2008 Non
584 1980 620 2007 ad
639 1988 806 2014 mensuram,
822 1980 853 2007 id
868 1983 911 2008 cst

130 2023 268 2058 totaliter,
285 2032 345 2051 non
359 2025 585 2060 particulariter,
601 2027 633 2052 ut
653 2026 802 2061 quidquid
816 2027 910 2062 potuit

130 2070 204 2097 Deus
224 2069 250 2097 ei
271 2070 307 2097 de
328 2070 435 2106 Spiritu
457 2072 556 2098 sancto
579 2071 664 2105 dare,
691 2072 773 2099 dedit
792 2073 836 2107 ei;
866 2081 910 2100 se-

130 2115 229 2144 cundo
245 2116 285 2143 sic
303 2126 308 2143 :
325 2118 387 2144 Non
407 2117 443 2143 ad
457 2125 625 2151 mensuram,
640 2117 672 2144 id
687 2119 728 2144 est
743 2126 830 2152 super
845 2127 908 2146 om-

129 2170 197 2190 nem
212 2163 437 2198 proportionem
451 2166 586 2199 respectu
600 2163 729 2191 aliorum
741 2164 906 2192 hominum.

165 2210 203 2236 De
218 2209 274 2237 hoe
290 2217 422 2245 quoque,
442 2211 525 2245 quod
548 2210 618 2237 dicit
632 2211 758 2238 Joannes
773 2210 782 2225 ²
800 2212 908 2246 plenum

129 2257 225 2290 qratiae
239 2259 263 2282 et
278 2257 417 2290 veritatis,
432 2258 502 2283 nota
517 2256 600 2291 quod
615 2257 835 2292 quintupliciter
851 2258 908 2284 dis-

128 2301 269 2336 tinguitur
283 2301 448 2336 plenitudo.
464 2302 561 2330 Prima
579 2305 620 2330 est
635 2303 826 2337 sufficientiae,
842 2312 908 2339 quas

129 2347 160 2375 in
174 2347 308 2383 quolibet
321 2348 400 2382 justo
422 2349 575 2384 reperitur.
593 2349 727 2377 Secunda
743 2352 785 2377 est
803 2350 906 2386 copiae,

130 2401 195 2429 quae
209 2393 262 2421 fuit
276 2394 306 2421 in
321 2394 462 2429 apostolis
472 2395 500 2421 ⁶:
521 2396 626 2429 Repleti
640 2398 701 2422 sunt
717 2403 804 2423 omnes
814 2418 821 2427 ,
839 2398 905 2430 etc.,

130 2441 158 2466 ct
170 2439 200 2467 in
216 2440 362 2475 Stephano
378 2441 404 2467 ⁶:
419 2441 571 2476 Stephanus
585 2442 682 2475 plenus
698 2444 789 2476 qratia
812 2447 836 2469 et
851 2444 906 2475 for-

131 2487 256 2514 titudine.
272 2487 365 2515 Tertia
379 2489 422 2515 est
442 2487 654 2522 universitatis,
671 2496 736 2524 quae
754 2491 796 2516 est
813 2488 844 2516 in
859 2491 906 2517 Ec-

164 2559 265 2590 ¹Joan.‚
279 2565 319 2590 111,
337 2561 418 2585 34.-
431 2561 442 2577 Ξ
454 2561 571 2591 Jowz..1,
587 2562 625 2584 14.
640 2574 671 2579 —-
688 2561 698 2578 ³
711 2562 777 2588 Act..
791 2568 821 2594 1¹,
840 2565 863 2587 4.
875 2577 906 2582 —

131 2596 139 2609 ⁴
152 2595 218 2623 Act„
232 2600 269 2623 vs,
285 2597 308 2619 8.
323 2609 354 2614 —
368 2597 378 2614 ⁵
395 2596 483 2626 Eccli„
498 2602 571 2627 niv,
584 2598 624 2622 25.
634 2610 665 2616 —
682 2598 691 2612 θ
704 2599 775 2628 Luc„
789 2604 809 2629 1,
821 2601 862 2624 28.
877 2613 906 2619 -

133 2631 140 2643 '
154 2631 237 2658 Man„
251 2635 269 2658 Ι,
288 2631 322 2654 ili.

1696 201 1756 230 159

977 256 1080 293 clesia,
1095 258 1142 286 cui
1157 258 1275 288 nullum
1290 260 1404 291 donum
1421 263 1511 293 deest.
1526 265 1636 298 Quarta
1650 267 1693 294 est
1705 273 1756 295 ex-

976 304 1128 340 cellentiae,
1145 313 1211 341 quae
1221 305 1276 334 fuit
1289 306 1320 334 in
1330 307 1419 338 beata
1430 310 1559 346 Virgine,
1571 319 1637 348 quae
1652 320 1756 342 omnes

976 352 1092 379 sanctos
1107 351 1272 381 excedebat
1285 352 1317 382 in
1331 356 1444 389 gratia⁶
1457 366 1464 384 :
1486 359 1519 385 In
1533 366 1573 386 me
1587 360 1673 387 omnis
1693 367 1755 394 qra-

976 398 1034 430 tia,·
1054 397 1064 413 ⁸
1083 398 1151 432 Ave,
1171 400 1263 433 qratia
1281 401 1374 435 plena.
1390 403 1505 438 Quinta,
1521 405 1756 441 supertluentiae,

976 451 1042 478 quae
1065 443 1119 472 fuit
1142 444 1173 473 in
1196 445 1309 475 Christo
1326 448 1356 474 ⁷:
1384 448 1497 477 Plenum
1520 453 1619 485 qratioe
1640 455 1665 480 et
1685 455 1756 481 veri-

976 491 1055 518 tatis.

1011 536 1093 564 Circa
1114 538 1316 568 innocentiam
1332 540 1435 569 Christi
1456 542 1514 570 hoc
1528 543 1683 572 sciendum
1702 548 1755 582 est,

975 582 1058 618 quod
1079 582 1184 612 habuit
1202 585 1419 615 immunitatem
1434 589 1531 617 omnis
1547 590 1641 626 culpae
1660 600 1754 628 quan-

974 630 1035 657 tum
1053 629 1092 657 ad
1108 633 1216 666 actum,
1233 634 1261 660 et
1275 635 1418 668 quantum
1434 635 1471 663 ad
1487 643 1574 672 posse
1591 647 1597 665 :
1615 638 1686 674 quia
1700 647 1755 668 nec

974 676 1119 711 peccavit,
1134 685 1189 705 nec
1204 686 1327 714 peccare
1342 681 1446 716 potuit,
1460 689 1515 710 nec
1530 686 1684 718 peccatum
1699 686 1755 714 ori-

974 721 1072 757 ginale
1087 731 1105 750 a
1119 725 1201 759 patre
1217 726 1319 760 traxit,
1341 727 1412 763 quia
1432 730 1547 764 patrem
1568 738 1628 758 non
1649 731 1755 760 habuit

975 769 1135 805 carnalem,
1149 778 1205 798 nec
1219 779 1237 799 a
1252 774 1345 801 matre
1359 774 1465 802 habuit
1479 778 1646 812 peccatum,
1662 786 1754 814 quam

973 815 1095 851 Spiritus
1109 819 1226 846 sanctus
1238 819 1364 848 totaliter
1379 828 1396 849 a
1411 821 1513 850 fomite
1528 822 1674 853 liberavit.

1241 913 1385 948 CAPUT
1409 916 1485 951 XV.

1104 985 1142 1012 De
1157 986 1332 1020 plenitudine
1351 991 1491 1024 sapientioe
1511 991 1622 1020 Christi.

1009 1053 1086 1081 Sicut
1100 1053 1131 1081 in
1146 1055 1259 1084 Christo
1274 1056 1328 1085 fuit
1346 1059 1443 1086 omnis
1458 1059 1613 1095 plenitudo
1633 1063 1751 1099 gratiae,

972 1099 1013 1127 ita
1029 1102 1056 1127 et
1080 1101 1177 1129 omnis
1198 1102 1355 1137 plenitudo
1381 1105 1548 1141 sapientiae,
1569 1115 1630 1136 non
1654 1109 1752 1139 solum

973 1148 1119 1181 quantum
1134 1147 1173 1176 ad
1187 1149 1408 1184 cognitionem,
1433 1160 1537 1180 verum
1554 1155 1642 1183 etiam
1656 1164 1751 1192 quan-

972 1193 1035 1220 tum
1051 1193 1090 1220 ad
1104 1194 1213 1222 modos
1225 1197 1253 1223 et
1268 1196 1448 1226 differentias
1463 1202 1683 1236 cognoscendis,
1699 1203 1751 1238 qui

972 1241 1040 1267 sunt
1054 1240 1197 1277 quinque.
1214 1242 1327 1270 Primus
1338 1246 1380 1271 est
1392 1246 1521 1280 cognitio
1536 1248 1752 1283 sempiternalis

972 1293 1008 1313 ex
1031 1289 1114 1322 parte
1139 1288 1300 1317 divinitatis
1317 1299 1323 1317 ε
1349 1293 1376 1318 et
1401 1291 1458 1319 hoc
1483 1293 1576 1321 modo
1601 1296 1753 1330 cognoscit

972 1333 1072 1361 omnia
1099 1334 1208 1370 simul,
1234 1336 1344 1364 scilicet
1366 1337 1449 1366 finita
1473 1341 1500 1366 et
1523 1340 1653 1375 infinita,
1680 1342 1751 1378 quia

971 1379 1052 1414 apud
1080 1381 1170 1408 Deum
1199 1382 1296 1410 omnis
1322 1383 1451 1412 infinitas
1476 1387 1519 1413 est
1547 1386 1640 1415 finita.
1675 1389 1750 1417 Deus

971 1425 1050 1453 enim
1064 1427 1145 1455 videt
1159 1428 1254 1456 multa
1279 1438 1340 1457 uno
1353 1452 1361 1465 ,
1384 1431 1495 1460 scilicet
1516 1433 1613 1469 seipso
1640 1443 1646 1461 ι
1669 1435 1748 1463 unde

969 1479 1031 1500 non
1046 1473 1144 1501 differt
1164 1474 1205 1502 ibi
1226 1476 1309 1511 quod
1324 1476 1424 1511 videt,
1441 1480 1469 1506 et
1483 1486 1536 1514 per
1555 1480 1638 1515 quod
1652 1481 1747 1516 videt,

969 1519 1040 1553 quia
1054 1519 1135 1547 videt
1149 1528 1179 1548 se
1193 1529 1246 1556 per
1261 1530 1308 1556 se,
1326 1525 1352 1550 et
1364 1523 1395 1550 in
1410 1532 1440 1551 se
1455 1524 1537 1552 videt
1551 1527 1670 1562 omnia,
1687 1535 1747 1556 non

969 1565 1066 1592 solum
1081 1574 1147 1602 quae
1161 1567 1229 1595 feeit
1239 1588 1248 1601 ,
1273 1569 1325 1596 sed
1341 1570 1429 1598 etiam
1444 1579 1509 1606 quae
1523 1572 1619 1600 facere
1634 1575 1746 1609 potest,

969 1620 1035 1647 quae
1050 1616 1116 1641 sunt
1131 1614 1256 1643 infinita.
1270 1616 1422 1644 Secundus
1436 1618 1546 1646 modus
1561 1622 1602 1647 est
1617 1621 1746 1655 cognitio

968 1660 1166 1689 sensualitatis
1182 1669 1217 1688 ex
1231 1664 1314 1697 parte
1338 1664 1449 1698 carnis,
1465 1666 1493 1692 et
1506 1665 1558 1693 iste
1579 1666 1687 1694 modus
1705 1670 1747 1695 est

968 1706 1097 1741 cognitio
1116 1715 1169 1742 per
1189 1709 1402 1744 experientiam
1416 1732 1424 1745 ,
1453 1720 1513 1747 qua
1535 1713 1663 1741 Christus
1685 1722 1746 1743 non

966 1753 1056 1780 sensit
1071 1754 1172 1782 omnia
1195 1755 1301 1790 simul,
1318 1757 1389 1792 quia
1407 1766 1510 1786 sensus
1524 1768 1585 1788 non
1608 1764 1650 1789 est
1672 1770 1741 1797 per-

967 1800 1098 1835 ceptivus
1121 1809 1241 1836 rerum,
1266 1802 1322 1830 nisi
1348 1804 1386 1831 ad
1409 1806 1598 1840 praeseutiam
1621 1808 1740 1843 objecti.

965 1846 1075 1873 Tertius
1089 1848 1198 1875 modus
1221 1851 1262 1876 est
1276 1850 1434 1885 spiritualis
1450 1860 1485 1879 ex
1509 1856 1591 1888 parte
1612 1855 1717 1882 mentis
1733 1865 1741 1882 .-

966 1894 994 1920 et
1015 1893 1068 1920 iste
1090 1894 1196 1929 triplex
1217 1895 1288 1929 fuit,
1311 1897 1420 1925 scilicet
1438 1907 1491 1934 per
1514 1902 1665 1936 naturam,
1690 1910 1742 1937 per

966 1939 1101 1975 gratiam,
1115 1943 1142 1968 et
1156 1949 1210 1976 per
1225 1942 1359 1976 gloriam.
1376 1945 1428 1971 Per
1442 1947 1580 1973 naturam
1596 1949 1637 1974 est
1650 1947 1740 1983 igitur

964 1986 1064 2013 tertius
1079 1987 1187 2014 modus
1202 1990 1416 2025 cognoscendi,
1442 1999 1502 2026 quo
1517 1993 1650 2025 {Christus
1670 2002 1740 2029 cog-

964 2031 1048 2059 novit
1063 2033 1180 2068 omnia,
1197 2042 1263 2069 quae
1278 2038 1410 2070 spectant
1433 2038 1471 2065 ad
1487 2038 1615 2066 universi
1632 2041 1739 2069 consti-

964 2078 1118 2112 tutionem,
1134 2079 1186 2106 sed
1200 2080 1290 2115 longe
1307 2082 1506 2118 excellentiuS,
1521 2093 1613 2120 quam
1628 2086 1737 2122 Adam,

964 2123 1051 2151 etiam
1066 2125 1192 2152 existens
1206 2125 1237 2152 in
1252 2129 1357 2155 natura
1372 2127 1511 2157 instituta.
1536 2132 1660 2164 Quartus
1674 2141 1739 2161 mo-

964 2169 1019 2196 dus
1034 2172 1075 2196 est
1089 2179 1143 2206 per
1156 2172 1280 2206 gratiam
1295 2182 1301 2200 z
1314 2174 1371 2201 hoc
1383 2176 1475 2203 modo
1491 2177 1619 2205 Christus
1632 2187 1740 2214 eogno-

963 2215 1003 2241 vit
1018 2217 1118 2244 omnia
1134 2226 1200 2253 quae
1214 2221 1345 2254 spectant
1359 2221 1398 2248 ad
1416 2221 1539 2250 humani
1559 2225 1674 2259 generis
1695 2234 1739 2254 re-

963 2260 1181 2298 demptionem,
1197 2264 1286 2299 longe
1303 2268 1401 2294 tamen
1423 2269 1627 2305 excellentius,
1646 2280 1735 2307 quam

962 2307 1070 2343 aliquis
1095 2310 1307 2346 prophetarum
1319 2334 1327 2346 ‚
1354 2314 1402 2340 vel
1437 2315 1524 2342 etiam
1550 2318 1736 2352 angelorum.

962 2355 1025 2381 Non
1039 2355 1136 2383 solum
1151 2357 1229 2384 enim
1250 2358 1353 2386 habuit
1369 2360 1497 2388 Christus
1517 2363 1669 2391 scientiam
1685 2373 1738 2399 per

961 2400 1095 2429 habitum
1109 2402 1256 2438 innatum,
1270 2407 1301 2432 ut
1311 2406 1405 2433 Adam
1422 2410 1449 2434 et
1462 2409 1572 2443 angeli,
1584 2410 1635 2437 sed
1649 2410 1736 2438 etiam

961 2455 1014 2482 per
1027 2447 1162 2476 habitum
1177 2450 1306 2478 infusum
1317 2472 1326 2485 ,
1342 2452 1423 2480 velut
1437 2455 1528 2481 sancti
1544 2463 1598 2491 per
1610 2458 1735 2491 gratiam

960 2492 1128 2523 illuminati.
1153 2497 1356 2531 cognitionem
1379 2507 1449 2527 vero
1476 2508 1537 2528 non
1557 2502 1660 2529 habuit
1683 2510 1736 2537 per

960 2539 1094 2569 habitum
1108 2542 1305 2578 acquisitum,
1329 2544 1381 2580 qui
1403 2548 1524 2582 propter
1538 2548 1734 2584 imperfectio-

957 2669 961 2673 *
995 2637 1025 2666 (α)
1038 2636 1077 2661 Al.
1091 2636 1206 2661 excedat.
