2004 3037
860 363 1151 405 OPUSCULUM

630 488 916 543 DIAETA
999 477 1409 544 SALUTIS¹

834 771 1184 809 ARGUMENTUM

884 858 938 895 (Em
950 858 995 886 edi
999 860 1018 886 t.
1031 859 1131 891 Vatic.)

250 952 365 986 Dz'aetae
382 962 503 984 nomen
517 950 776 994 significationes
793 950 900 983 varias
916 949 1053 982 sortitur
1071 961 1077 981 :
1095 960 1171 981 nam
1187 948 1427 981 habitationem
1443 947 1479 980 in
1494 946 1597 980 hortis
1611 945 1815 979 amoenitatis

207 1014 239 1043 et
254 1009 434 1054 voluptatis
447 1020 545 1042 causa
562 1011 744 1041 extructam
761 1008 941 1051 significat,
958 1012 989 1040 et
1003 1007 1211 1041 coenaculum
1227 1007 1261 1039 in
1278 1006 1416 1040 aedibus.
1431 1005 1527 1038 Unde
1542 1004 1679 1050 quidam
1694 1003 1815 1037 diaetas

206 1067 375 1101 affirmant
395 1067 516 1108 dictas,
537 1077 574 1099 eo
596 1066 686 1111 quod
707 1066 743 1098 in
768 1066 814 1099 eis
836 1078 894 1111 per
919 1067 1006 1099 diem
1029 1066 1198 1108 ederetur,
1224 1065 1325 1111 idque
1345 1064 1507 1099 Varronis
1531 1063 1725 1097 auctoritate
1750 1062 1817 1095 ful-

207 1126 310 1160 ciunt.
327 1126 439 1158 Diaeta
450 1136 583 1170 quoque
598 1128 734 1159 vocatur
748 1125 854 1158 vietus
869 1125 952 1158 ratio
961 1138 969 1167 ;
986 1129 1017 1158 et
1033 1124 1091 1157 illa
1106 1135 1180 1168 pars
1195 1123 1378 1164 medicinae‚
1390 1133 1464 1167 quae
1479 1122 1637 1165 victui(a)
1648 1120 1815 1163 medetur,

209 1183 376 1218 diaetetz'ca
392 1186 615 1228 nuncupatur.
639 1183 808 1216 Postremo
833 1182 936 1216 dz'oeta
959 1182 1060 1215 unius
1081 1183 1146 1216 diei
1168 1182 1230 1215 iter
1252 1181 1433 1225 significat,
1450 1184 1488 1213 ut
1506 1180 1630 1224 legitur
1652 1179 1688 1212 in
1711 1179 1816 1224 capite

210 1242 384 1283 Nonnulli,
403 1242 443 1275 de
457 1242 584 1284 Rescr„
601 1245 633 1275 et
645 1241 681 1274 in
695 1253 723 1274 c.
745 1242 916 1282 Quamvis,
935 1241 985 1274 tit.
1003 1253 1071 1283 xv1‚
1089 1241 1128 1274 de
1143 1240 1230 1274 offic.
1248 1240 1334 1281 ord„
1352 1239 1387 1272 in
1396 1243 1498 1272 sexto.
1517 1239 1567 1272 Ex
1581 1238 1641 1271 hac
1656 1237 1819 1281 significa-

209 1302 297 1335 tione
309 1301 344 1334 S.
360 1300 679 1334 Bonaventurahuie
687 1300 846 1345 opusculo
858 1311 979 1333 nomen
991 1299 1082 1333 dedit
1090 1299 1208 1332 Dioetoe
1219 1298 1350 1340 salutis,
1365 1297 1569 1342 dicatamque
1582 1307 1642 1341 pro
1651 1296 1706 1329 via
1722 1306 1820 1329 usur-

208 1364 276 1407 pat,
294 1363 332 1392 ut
347 1370 387 1392 ex
401 1359 471 1403 ipso
486 1359 645 1403 prooemio
660 1363 760 1403 patet.
777 1358 946 1392 Dividitur
961 1361 1072 1391 autem
1087 1358 1148 1391 hoc
1163 1356 1370 1402 Opusculum
1386 1356 1422 1388 in
1436 1367 1557 1389 novem
1572 1355 1701 1397 diaetas,
1718 1357 1750 1388 et
1763 1354 1821 1388 de-

210 1430 279 1452 cem
297 1418 410 1451 titulos
423 1429 499 1450 cum
516 1417 693 1462 appendice
709 1417 864 1462 quadam.
883 1417 979 1450 Ratio
996 1420 1107 1450 autem
1123 1427 1226 1461 quare
1244 1416 1355 1460 plures
1369 1415 1434 1448 sint
1449 1415 1551 1457 tituli,
1575 1425 1677 1459 quam
1693 1413 1798 1447 diaetae
1810 1439 1819 1456 ,

210 1477 278 1510 haec
291 1480 339 1510 est
356 1489 363 1509 z
381 1476 460 1521 quia
484 1487 603 1510 novem
626 1475 688 1508 viis
709 1476 750 1508 ab
770 1476 913 1508 Auctore
935 1475 1120 1508 constitutis
1146 1475 1187 1507 ad
1210 1475 1368 1507 ultimum
1392 1473 1574 1507 terminum
1597 1472 1792 1518 pervenitur
1808 1498 1817 1514 ‚

211 1539 303 1568 extra
317 1546 417 1579 quem
433 1545 500 1567 non
523 1538 571 1567 est
585 1534 725 1567 ulterius
740 1534 1019 1578 progrediendum
1038 1546 1044 1566 ε
1062 1534 1202 1578 ideoque
1220 1532 1309 1565 tituli
1327 1544 1448 1566 novem
1471 1536 1549 1565 sunt
1567 1543 1626 1576 pro
1642 1531 1820 1564 diaetarum

211 1594 355 1635 ratione,
372 1593 412 1626 de
426 1593 581 1638 peccatis,
596 1593 635 1626 de
650 1591 865 1638 poenitentia,
884 1597 959 1635 etc.;
987 1592 1105 1625 titulus
1120 1603 1197 1625 vero
1214 1591 1361 1624 decimus
1385 1591 1424 1623 de
1448 1590 1554 1634 gloria
1575 1589 1718 1635 paradisi
1732 1593 1764 1623 et
1778 1589 1819 1623 de

212 1651 318 1697 poenis
331 1651 454 1684 inferni
471 1655 604 1694 tractat,
622 1652 700 1696 quia
716 1655 787 1696 post
800 1651 967 1696 judicium
984 1651 1157 1695 generale,
1175 1650 1269 1683 electi
1285 1650 1325 1683 ad
1340 1650 1504 1683 coelestem
1518 1649 1663 1694 paradisi
1678 1648 1820 1693 patriam

212 1710 343 1744 aeternis
372 1709 537 1743 afficiendi
568 1710 715 1755 praemiis
742 1709 987 1749 convolabunt3
1018 1709 1149 1754 reprobi
1174 1720 1254 1742 vero
1280 1708 1315 1741 in
1341 1708 1464 1741 inferni
1491 1708 1662 1741 baratrum
1692 1707 1822 1740 aeternis

212 1769 380 1813 affligendi
400 1768 598 1802 cruciatibus
620 1768 855 1802 detrudentur.
877 1768 944 1801 Has
968 1779 1081 1801 omnes
1102 1767 1172 1801 vias
1190 1767 1415 1800 sanctissimus
1437 1766 1543 1800 David
1569 1766 1760 1811 complexus
1774 1768 1822 1798 est

212 1828 306 1861 brevi
321 1828 380 1860 illo
395 1839 492 1861 versu
508 1828 562 1861 Ps.
579 1839 683 1861 xxxvl
696 1828 706 1844 ²
719 1840 725 1860 :
739 1827 878 1860 Declina
895 1839 915 1859 a
931 1827 1021 1860 malo
1032 1854 1041 1867 ,
1061 1832 1091 1859 et
1102 1828 1162 1871 fac
1180 1826 1313 1859 bonum.
1331 1825 1416 1859 Nam
1431 1825 1549 1870 primae
1564 1824 1670 1858 diaetae
1685 1824 1820 1857 initium

213 1897 270 1918 seu
298 1886 459 1919 terminus
472 1912 480 1928 ‚
498 1898 516 1919 a
531 1897 598 1930 quo
627 1886 667 1919 ad
695 1886 924 1931 poenitentiam
952 1886 1145 1930 pervenitur
1165 1911 1172 1927 ,
1205 1888 1375 1930 peccatum
1404 1888 1451 1917 est
1472 1910 1480 1926 ,
1511 1884 1552 1917 ab
1580 1893 1684 1928 eoque
1710 1882 1821 1916 statim

213 1943 374 1977 declinare
389 1947 535 1988 oportet,
559 1943 711 1988 nihilque
734 1944 770 1976 in
791 1955 828 1977 eo
849 1944 1032 1977 immorari.
1059 1945 1185 1976 Beatus
1210 1943 1298 1976 enim
1322 1943 1373 1975 vir
1398 1942 1454 1975 ille
1479 1945 1548 1984 est,
1572 1945 1610 1974 ut
1635 1941 1723 1974 idem
1746 1951 1822 1985 pro-

214 2001 326 2046 pheta,
344 2002 398 2034 Ps.
416 2014 447 2043 1,
464 2005 618 2043 testatur,
637 2003 693 2046 qui
707 2003 744 2035 in
759 2003 815 2035 via
827 2009 1045 2047 peccatorum
1069 2014 1136 2034 non
1160 2002 1263 2034 stetit.
1291 2002 1405 2046 Itaque
1430 2001 1540 2033 statim
1562 2000 1622 2032 hac
1645 1999 1699 2033 via
1722 1998 1821 2031 decli-

214 2064 309 2102 nata,
326 2071 383 2104 per
407 2060 486 2093 alias
509 2061 620 2093 diaetas
646 2060 713 2093 sive
728 2061 816 2103 vias,
836 2072 911 2104 quae
933 2060 974 2093 ad
997 2061 1125 2093 bonum
1146 2060 1333 2092 faciendum
1357 2062 1523 2103 spectant,
1540 2057 1820 2103 progrediendum

214 2123 277 2160 est,
292 2129 466 2163 quousque
489 2118 530 2151 ad
549 2122 704 2151 {eternam
727 2118 867 2162 patriam
885 2118 1127 2162 perveniamus.
1150 2117 1326 2162 Appendix
1344 2128 1422 2150 vero
1445 2116 1697 2161 applicationem
1718 2119 1820 2150 mate-

213 2177 339 2209 riarum
360 2176 467 2209 Dietae
487 2176 606 2209 salutis
626 2176 785 2219 eontinet,
816 2176 937 2220 quibus
964 2176 1000 2208 in
1028 2175 1202 2209 dominicis
1228 2179 1259 2207 et
1280 2175 1514 2208 festivitatibus
1538 2174 1735 2207 Sanctorum
1762 2185 1822 2219 per

214 2246 341 2268 annum
367 2235 615 2268 occurrentibus
626 2262 635 2275 ‚
660 2234 805 2279 quodam
833 2234 894 2267 tibi
924 2234 1090 2279 proposito
1118 2234 1262 2267 themate
1273 2260 1281 2276 ‚
1312 2234 1558 2267 concionatores
1583 2236 1731 2266 utantur.
1764 2232 1822 2266 Est

214 2304 291 2326 sane
305 2292 512 2337 Opusculum
527 2293 588 2326 hoc
603 2293 688 2326 miro
704 2292 843 2326 artificio
859 2293 1076 2337 compositum
1090 2320 1098 2336 ,
1119 2305 1215 2326 sacrae
1232 2293 1411 2338 Scripturae
1425 2293 1505 2326 locis
1520 2296 1628 2326 totum
1645 2292 1818 2333 refertum,

213 2351 360 2396 pulchris
380 2351 479 2384 etiam
496 2351 771 2384 similitudinibus
794 2355 949 2384 ornatum
967 2363 974 2384 :
992 2352 1114 2397 quihus
1142 2363 1192 2385 res
1205 2378 1213 2394 ,
1234 2352 1274 2385 de
1301 2363 1367 2397 qua
1393 2351 1522 2395 agitur,
1547 2350 1758 2391 confirmari,
1788 2354 1820 2383 et

214 2410 318 2444 veluti
330 2410 440 2453 imago
462 2410 503 2443 ad
519 2409 635 2443 vivum
659 2421 810 2454 expressa
834 2410 875 2443 ob
901 2410 1012 2443 oculos
1035 2410 1113 2455 poni
1136 2411 1247 2456 possit.
1278 2410 1421 2455 Ideoque
1446 2409 1601 2443 omnibus
1631 2408 1819 2452 legentibus

214 2480 281 2502 non
296 2468 495 2501 mediocrem
511 2468 688 2501 utilitatem
712 2472 842 2513 praestat
856 2481 863 2511 3
883 2468 922 2501 iis
938 2480 1016 2503 vero
1033 2469 1211 2503 maximam
1226 2495 1233 2511 ,
1252 2468 1311 2513 qui
1336 2469 1371 2501 in
1392 2467 1630 2513 praedicationis
1646 2466 1738 2500 verbi
1750 2466 1816 2499 'Dei

215 2537 352 2559 munere
366 2531 552 2560 versantur.

249 2607 254 2620 ¹
270 2607 310 2637 Cf.
328 2607 391 2631 Edit.
407 2607 498 2635 Vatic..
514 2614 555 2632 au.
574 2609 641 2638 1596,
666 2611 728 2632 tom.
743 2610 786 2639 Vl,
806 2617 863 2641 pag.
884 2611 945 2641 2855
961 2610 1020 2634 edit.
1038 2610 1114 2640 Ven.,
1129 2617 1171 2633 an.
1188 2611 1255 2639 1611,
1268 2610 1329 2634 tom.
1344 2609 1378 2639 11;
1392 2609 1451 2633 edit.
1469 2608 1560 2639 Lugd.,
1575 2614 1617 2632 an.
1631 2608 1700 2638 1647,
1716 2608 1778 2631 tom.
1796 2607 1816 2636 l,

216 2649 274 2673 pag.
287 2643 346 2671 2833
360 2642 419 2667 edit.
435 2643 511 2672 Ven.,
526 2650 568 2667 an.
586 2645 654 2675 1754,
670 2645 732 2669 tom.
752 2646 806 2676 ΧΗ,
821 2653 881 2677 pag.
899 2646 954 2670 248.
967 2659 996 2662 —
1012 2646 1019 2659 ²
1036 2646 1100 2670 Psal.
1114 2651 1205 2676 xxxw,
1221 2647 1259 2670 29.

247 2690 281 2721 (α)
296 2690 360 2715 Edit.
377 2691 434 2715 Vat.
450 2691 525 2716 victu.
