2004 3037
627 250 675 282 DE
697 248 856 288 QUARTO
879 247 1048 280 lTlNERE.
1073 247 1173 280 DIST.
1197 249 1221 280 1.

118 316 235 354 Aquila,
251 316 326 346 sicut
339 317 409 347 dicit
423 320 505 355 Hugo
520 321 541 354 ¹,
557 325 645 356 super
659 317 796 354 quintum
812 316 892 344 deci·

118 372 202 392 mum
226 365 363 400 Anqelt'cae
390 366 573 401 Hierarchioe,
600 365 663 394 avis
690 365 732 393 est
761 363 893 398 altifera,

118 412 146 438 et
171 411 229 439 cito
254 411 372 448 volans,
397 414 426 441 et
451 412 598 449 significat
621 411 781 447 agilitatem
807 410 892 446 spiri-

116 459 182 493 tus,
195 469 208 485 »
228 460 282 487 etc.
301 459 321 488 0
335 460 452 493 formosa
466 468 542 494 mea,
566 460 688 496 propter
709 457 892 494 contempla-

117 504 204 533 tionis
224 506 282 534 tuae
302 506 469 542 speciosum
490 506 649 542 obJectum.
667 507 708 534 Ex
727 504 891 542 pulchritu-

117 551 186 580 dine
203 552 282 580 enim
297 553 403 589 objecti
417 553 559 588 beatifici,
576 554 688 581 mentes
706 551 890 587 contempla-

116 598 200 628 trices
225 599 450 636 beatificantur,
477 601 505 628 et
530 599 782 636 pulchrificantuiz
811 598 891 626 Unde

115 644 281 682 Dionysius,
296 646 327 674 in
341 646 470 681 Anaetica
486 647 663 679 Hierarchia,
680 646 751 674 dicit
764 655 770 673 :
790 655 804 672 t(
818 647 892 673 Deus

113 693 254 728 pulchros
265 693 335 722 facit
348 701 417 722 suos
433 693 680 730 contemplatores
694 695 722 721 et
734 695 892 728 amatores,

111 738 196 774 juxta
209 740 286 768 illud
300 740 338 768 ad
353 741 518 769 Corinthios
532 742 542 758 ⁴²
564 749 570 769 :
594 742 649 770 Nos
671 743 759 768 autem
773 741 892 768 revelata

112 787 182 819 facie
196 787 312 822 qloriam
327 788 436 815 Domini
448 789 626 823 speculantes,
642 789 672 815 in
688 788 807 815 eamdem
821 789 890 815 ima-

112 834 200 867 ginem
215 835 470 867 transformabimur
481 856 487 867 ,
507 836 560 862 etc.
577 834 637 862 Tali
657 834 892 870 contemplatrici

114 880 220 908 dieitur
236 882 246 898 ³
266 890 273 908 z
296 882 410 909 Ostende
424 882 490 909 mihi
503 883 601 915 faciem
616 885 698 909 tuam.
715 883 807 909 Facies
822 883 892 909 enim

115 929 163 954 tua
184 927 291 959 decora,
314 936 374 955 non
394 927 502 956 decore
526 928 691 965 corporali,
708 928 761 956 sed
784 929 891 956 decore

114 981 202 1008 vero,
222 976 250 1002 et
273 974 430 1011 spirituali,
455 977 482 1003 et
504 975 644 1003 interiori.
669 976 738 1003 Vem·
759 983 830 1010 ergo
855 975 892 1003 de

114 1021 218 1049 labore
237 1021 276 1050 ad
296 1022 451 1058 requiem,
467 1022 504 1050 de
524 1022 629 1050 dolore
653 1022 692 1050 ad
714 1023 892 1051 consolatio-

114 1076 195 1102 nem,
220 1068 257 1096 de
279 1069 424 1104 languore
453 1069 493 1096 ad
520 1069 795 1105 impassibilitatem.
825 1071 894 1098 Veni

115 1114 153 1142 ad
169 1113 321 1143 interiores
335 1115 462 1143 theorias
476 1116 596 1144 uuitivae
617 1116 892 1152 contemplationis,

115 1162 258 1198 tanquam
282 1162 320 1190 ad
338 1161 479 1190 interiora
499 1163 622 1197 deserti,
645 1163 697 1190 ubi
717 1163 780 1198 jam
803 1172 894 1200 appa-

115 1211 180 1237 rent
193 1209 292 1245 flores,
309 1210 340 1237 id
354 1212 396 1238 est
408 1210 583 1246 splendores
595 1210 718 1238 eoelestis
732 1210 892 1246 sapientiae,

117 1256 168 1291 qui
183 1256 224 1283 ibi
244 1259 388 1292 apparent
405 1256 437 1284 in
459 1257 707 1292 contemplatione
730 1257 825 1292 clara,
842 1257 894 1293 qui

116 1302 199 1338 prius
214 1304 240 1330 te
254 1303 385 1331 latebant
400 1303 430 1331 in
445 1304 543 1339 prima
557 1303 774 1331 desideriorum
793 1306 893 1332 exten-

117 1349 209 1377 sione.
225 1350 307 1378 Unde
328 1350 359 1378 in
378 1351 425 1377 Job
442 1350 548 1378 dicitur
568 1350 577 1366 ⁴
601 1359 607 1378 ε
625 1351 732 1378 Audita
748 1353 824 1378 auris
846 1360 894 1379 aa·

117 1397 177 1423 divi
195 1399 236 1430 te,
252 1405 322 1424 nunc
339 1399 428 1424 autem
448 1398 538 1424 oculus
558 1405 630 1425 meus
652 1398 725 1425 videt
745 1400 777 1425 te.
808 1399 893 1433 Veni,

117 1444 219 1479 aperta
233 1445 301 1471 sunt
311 1445 407 1479 prata,
422 1446 624 1479 apparuerunt
636 1444 735 1471 herbae
746 1444 894 1480 florentes,

116 1490 215 1518 varios
240 1490 339 1524 flores,
369 1493 397 1518 et
420 1490 596 1525 odoriferos,
625 1492 652 1518 et
676 1491 842 1526 spirituales
865 1492 895 1519 in

117 1536 245 1565 Ecclesia
258 1537 465 1575 producentes.
480 1537 559 1565 Unde
572 1538 729 1572 Gregorius
745 1546 896 1574 exponens

118 1584 193 1611 illud
216 1585 333 1612 Genesis
347 1585 356 1601 ὅ
379 1594 385 1612 :
410 1585 482 1612 Odor
505 1586 559 1619 filii
581 1586 635 1612 ‘mei
656 1587 725 1612 sicut
748 1585 813 1612 odor
835 1587 897 1620 agri

115 1633 207 1666 pleni,
234 1631 305 1659 dicit
323 1631 333 1647 ⁵
353 1640 359 1659 ε
382 1631 498 1659 «Aliter
523 1631 638 1659 redolet
660 1631 714 1659 ssos
737 1640 816 1667 uvae,
843 1640 897 1667 per

119 1686 208 1714 quem
237 1678 391 1713 signantur
418 1678 627 1714 praedicatores
662 1678 803 1706 doctrinis
833 1678 895 1706 ine-

118 1724 224 1760 briati;
244 1725 327 1752 aliter
342 1724 397 1752 flos
416 1725 484 1759 olei,
499 1725 531 1752 id
547 1727 588 1752 est
603 1725 828 1758 misericordes,
844 1726 896 1761 qui

118 1772 227 1805 lucent,
244 1773 272 1799 et
284 1771 418 1800 refovent
438 1771 569 1807 debiles;
587 1772 670 1799 aliter
686 1772 741 1800 ssos
761 1780 849 1807 rosae,
864 1772 896 1800 id

120 1820 179 1854 est,
203 1821 347 1854 martyres
373 1818 515 1854 exemplis
535 1818 713 1854 fragrante53
735 1819 819 1846 aliter
840 1819 896 1847 flos

118 1865 184 1900 lilii,
198 1865 230 1893 id
245 1868 296 1898 est,
306 1865 435 1900 virgines
446 1865 605 1893 candidam
615 1866 726 1893 famam
737 1866 895 1902 spirantes3

119 1912 203 1940 aliter
229 1912 284 1939 flos
309 1911 409 1945 violae,
439 1911 469 1939 id
492 1913 551 1946 est,
580 1912 706 1939 humiles
730 1921 895 1948 purpuram

118 1958 242 1986 coelestis
260 1958 327 1985 vitae
349 1960 514 1993 servantes3
537 1958 621 1985 aliter
641 1959 721 1993 spica
743 1959 848 1993 nardi,
864 1959 896 1986 id

117 2007 159 2033 est
178 2004 299 2041 perfecti
319 2007 345 2032 et
364 2004 490 2039 maturi,
507 2012 599 2040 opera
618 2005 699 2033 bona
719 2006 897 2033 fructifican-

116 2053 174 2086 tes,
188 2062 201 2078 n
220 2051 290 2079 dicit
304 2051 472 2086 Gregorius.
494 2053 526 2078 Et
540 2051 680 2086 Origenes
696 2061 702 2079 ;
722 2062 735 2078 «
750 2053 819 2086 Quis
831 2054 895 2088 jam

116 2106 177 2126 non
192 2100 306 2133 surgat,
327 2098 394 2133 quis
415 2105 475 2125 non
498 2100 656 2134 properet,
674 2100 723 2126 aut
744 2099 809 2134 quis
832 2108 894 2128 non

115 2145 232 2179 veniat,
247 2145 300 2172 ubi
314 2146 357 2172 tot
375 2144 507 2172 utilitatis
522 2144 648 2179 insignia
664 2147 864 2174 concurrunt?
879 2158 892 2174 »

116 2194 168 2220 Per
183 2192 258 2220 illud
278 2192 332 2219 iter
353 2191 468 2220 ssoridae
491 2192 749 2228 contemplationis
768 2192 894 2222 fideliter

116 2241 144 2267 et
166 2247 303 2267 amorose
329 2238 483 2266 ambulare
511 2238 621 2266 tribuat
647 2239 750 2274 nobis,
775 2240 827 2275 qui
851 2244 894 2269 est

116 2287 292 2314 aeternorum
307 2286 367 2320 via,
384 2285 492 2313 veritas
506 2287 534 2312 et
548 2285 616 2313 vita.
633 2288 735 2313 Amen.

125 2405 174 2440 DE
211 2404 364 2445 QUARTO
402 2404 553 2440 ITINERE
590 2405 881 2446 AETERNITATIS‚

175 2493 242 2516 QUOD
251 2494 294 2512 EST
304 2493 464 2513 AETERNORUM
475 2494 643 2513 CilARlTATWA
655 2495 776 2515 AFFECTIO
788 2488 831 2523 (sl).

154 2571 296 2603 Quartum
309 2570 363 2597 iter
381 2570 547 2597 aeternitatis
573 2570 622 2606 (ὁ),
638 2579 690 2606 per
708 2573 790 2607 quod
807 2573 893 2609 spiri—

120 2618 166 2645 tus
178 2617 326 2644 humanus
341 2616 419 2644 venit
439 2617 477 2644 ad
491 2617 683 2644 intrinsecum
697 2621 852 2654 secretum,
868 2622 895 2648 et

154 2680 162 2696 ¹
180 2680 257 2710 Hug„
275 2678 304 2703 in
321 2685 376 2709 cap.
394 2678 537 2710 quintumd.
555 2679 615 2704 Coel.
632 2680 712 2712 Hier„
726 2681 770 2705 lib.
789 2683 819 2712 X,
838 2684 896 2713 post

123 2714 191 2740 med.
207 2728 237 2733 --
251 2715 261 2731 ²
275 2715 294 2738 ΙΙ
312 2714 380 2745 σωκ,
396 2720 441 2744 111,
462 2716 499 2739 18.
517 2728 544 2734 —
557 2716 567 2732 ³
583 2716 664 2747 Cant,
682 2722 714 2747 11,
732 2719 755 2741 4.
769 2731 799 2735 -—
816 2719 823 2731 ⁴
839 2718 893 2747 Job,

1667 250 1726 281 437

947 317 1089 344 aeternum
1104 315 1271 344 manerium
1284 317 1351 345 Jesu
1359 337 1368 352 ,
1383 317 1425 345 est
1438 316 1617 345 aeternorum
1631 315 1727 344 chari-

946 362 1037 391 tativa
1051 362 1177 390 affectio.
1190 363 1233 391 Ad
1245 363 1329 398 eujus
1344 363 1453 392 itineris
1467 363 1613 399 maj0rem
1625 362 1726 400 cogni-

947 409 1075 444 tionem,
1090 411 1203 446 septem
1218 411 1285 438 sunt
1299 410 1442 438 notanda.

984 455 1098 492 Primo,
1118 465 1210 493 quare
1229 457 1283 485 iter
1304 457 1482 485 charitativae
1495 456 1658 486 affectionis
1671 457 1725 486 iter

947 503 1203 539 contemplationis
1214 503 1385 532 immediate
1400 505 1551 540 sequatur.

982 550 1129 585 Secundo,
1146 550 1219 586 quid
1234 550 1270 578 sit
1285 550 1455 579 charitativa
1465 550 1593 585 affectio,
1609 552 1636 579 et
1650 559 1725 588 quo-

947 597 1039 624 modo
1053 597 1088 625 sit
1102 597 1155 625 iter
1171 597 1210 625 ad
1225 598 1344 632 aeterna,
1358 599 1391 625 ut
1405 598 1503 625 verius
1518 600 1723 633 cognoscatur.

982 643 1091 677 Tertio,
1107 644 1233 680 qualiter
1249 644 1420 672 charitativa
1434 644 1550 672 affectio
1565 652 1583 672 a
1597 645 1725 673 naturali

947 690 1111 726 affectione,
1125 691 1174 719 vel
1188 692 1332 728 acquisita
1347 691 1505 719 dilectione
1517 690 1722 727 distinguatur.

982 738 1110 773 Quarto,
1127 738 1236 774 quibus
1255 738 1346 773 signis
1365 740 1394 766 et
1408 738 1584 773 conjecturis
1600 738 1724 766 charita-

946 784 1006 812 tiva
1021 784 1137 813 affectio
1151 785 1409 821 qualitercumque
1423 785 1634 813 manifestetur.

982 831 1103 865 Quinto,
1120 832 1246 867 qualiter
1263 825 1436 860 charitativa
1451 831 1566 860 affectio
1582 840 1599 860 a
1618 832 1725 860 sanctis

947 878 1121 906 Doctoribus
1134 887 1187 914 per
1201 879 1311 914 gradus
1325 879 1485 907 dividatur.

984 928 1086 961 Sexto,
1103 926 1229 962 qualiter
1242 927 1360 963 spiritus
1374 929 1484 962 noster,
1499 935 1552 963 per
1566 927 1620 954 iter
1634 926 1726 955 chari-

947 974 1042 1002 tativae
1065 973 1229 1001 affectionis
1239 995 1248 1009 ,
1271 975 1412 1002 aeternum
1437 973 1606 1002 manerium
1629 974 1726 1009 ingre-

949 1021 1056 1049 diatur.

985 1068 1131 1104 Septimo,
1149 1068 1276 1104 qualiter
1297 1067 1415 1104 spiritus
1435 1069 1533 1104 noster
1548 1067 1586 1096 ad
1607 1068 1727 1096 venien-

949 1115 1021 1142 dum
1035 1123 1089 1150 per
1103 1115 1156 1142 iter
1175 1115 1353 1143 charitativae
1369 1115 1532 1143 affectionis
1554 1115 1593 1143 ad
1607 1117 1725 1151 aeterna,

949 1170 966 1190 a
982 1162 1107 1190 Domino
1122 1162 1260 1190 invitetur
1276 1162 1320 1198 (c).

1191 1255 1432 1289 DISTINCTIO
1460 1256 1486 1290 I.

950 1332 1038 1365 Quare
1057 1333 1109 1359 iter
1128 1331 1300 1358 charitativae
1319 1330 1469 1365 affectionis
1490 1332 1544 1358 iter
1561 1332 1725 1367 contempla-

1135 1376 1215 1403 tionis
1234 1375 1386 1402 immediate
1404 1377 1540 1410 sequatur.

986 1444 1082 1473 Primo
1096 1444 1184 1480 igitur
1197 1444 1364 1472 videndum
1379 1446 1431 1479 est,
1448 1444 1574 1481 qualiter
1588 1445 1643 1473 iter
1658 1445 1726 1473 cha-

951 1491 1072 1519 ritalivoe
1088 1492 1251 1519 affectionis
1272 1491 1326 1519 iter
1346 1492 1602 1528 contemplationis
1625 1492 1729 1520 imme-

953 1538 1030 1566 diate
1045 1541 1194 1574 sequatur.
1212 1540 1250 1565 De
1265 1538 1321 1566 hoc
1334 1540 1414 1572 nota,
1430 1538 1513 1574 quod
1530 1539 1601 1574 quia
1613 1538 1729 1567 affectio

953 1585 1124 1612 charitativa
1140 1587 1280 1620 tanquam
1296 1585 1442 1620 posterior
1462 1584 1576 1620 perficit
1600 1587 1730 1614 contem-

952 1632 1114 1667 plationem
1124 1632 1205 1668 (dicit
1215 1633 1294 1659 enim
1305 1632 1484 1667 Augustinus
1492 1633 1512 1666 ⁷,
1524 1632 1607 1668 quod
1618 1635 1730 1668 quanto

952 1678 1125 1714 flagrantius
1141 1680 1232 1706 Deum
1247 1679 1399 1714 diligimus
1409 1700 1417 1714 ‚
1438 1680 1519 1706 tauto
1535 1679 1640 1707 certius
1655 1688 1731 1708 sere-

952 1725 1078 1761 niusque
1091 1734 1159 1753 eum
1169 1725 1312 1759 videmus)
1326 1733 1332 1752 :
1344 1725 1412 1753 ideo
1430 1725 1602 1754 charitativa
1613 1726 1730 1756 affectio

953 1772 1043 1800 debet
1056 1772 1227 1800 immediate
1250 1773 1334 1808 sequi
1359 1773 1650 1809 contemplationem,
1667 1776 1730 1802 tan-

953 1828 1044 1855 quam
1068 1820 1267 1853 excellentior,
1288 1821 1315 1847 et
1334 1819 1501 1855 perfectior,
1524 1822 1552 1848 et
1574 1821 1731 1857 perficiens

952 1867 1133 1895 intellectum
1164 1867 1439 1903 contemplativum.
1463 1867 1604 1895 Voluntas
1628 1868 1728 1904 enim,

952 1917 1096 1951 tanquam
1110 1914 1256 1951 posterior
1274 1915 1305 1942 in
1321 1914 1440 1946 ordine,
1463 1915 1557 1950 aperit
1570 1915 1730 1943 intellectui

952 1970 1036 1989 suam
1050 1961 1270 1997 perfectionem.
1285 1961 1373 1996 Cujus
1387 1961 1504 1996 signum
1520 1962 1571 1995 est,
1594 1962 1665 1997 quia
1678 1970 1730 1990 vo-

952 2008 1049 2035 luntas
1070 2008 1196 2043 imperat
1215 2007 1375 2035 intellectui
1398 2015 1529 2043 quaerere
1550 2009 1578 2035 et
1597 2008 1728 2037 invenire

951 2054 1096 2089 notitiam,
1110 2063 1176 2090 quae
1192 2056 1234 2081 est
1248 2054 1388 2089 perfectio
1404 2053 1578 2088 intellectus,
1591 2056 1618 2081 et
1628 2056 1728 2090 partus

951 2102 1072 2135 mentis,
1098 2102 1172 2129 sicut
1195 2101 1322 2128 ostendit
1341 2101 1519 2135 Augustinus
1534 2100 1553 2128 Β.
1570 2102 1603 2128 Et
1627 2103 1727 2137 Engo,

951 2157 1038 2185 super
1063 2148 1220 2184 septimum
1240 2149 1376 2182 Anqelz'coe
1397 2148 1581 2182 Hierarchioe,
1606 2148 1676 2175 dicit
1693 2150 1725 2176 ⁹:

954 2206 967 2221 «
987 2195 1105 2223 Dilectio
1127 2195 1324 2230 supereminet
1348 2194 1491 2228 scientiae,
1515 2196 1543 2222 et
1565 2195 1663 2230 major
1686 2197 1728 2223 est

951 2251 1041 2279 quam
1064 2241 1266 2276 intelligentia.
1289 2241 1356 2268 Plus
1378 2241 1458 2268 enim
1482 2240 1613 2276 diligitur
1637 2243 1727 2277 Deus,

951 2298 1042 2326 quam
1063 2288 1258 2323 intelligatur3
1284 2290 1311 2315 et
1332 2287 1448 2315 dilectio
1465 2288 1551 2315 intrat
1571 2290 1598 2316 et
1621 2296 1728 2324 appro-

949 2337 1085 2372 pinquat,
1108 2336 1159 2363 ubi
1174 2335 1294 2363 scientia
1309 2334 1380 2362 foris
1395 2336 1459 2362 stat.
1484 2345 1497 2360 ι)
1515 2336 1546 2362 Et
1560 2335 1643 2362 istius
1659 2335 1728 2363 dicti

949 2383 1047 2411 reddit
1063 2382 1209 2410 rationem
1223 2382 1323 2409 dicens
1337 2391 1342 2409 :
1360 2392 1374 2407 «
1389 2384 1445 2409 Nec
1460 2382 1580 2416 mirum,
1597 2382 1667 2418 quia
1683 2381 1728 2409 di-

1743 1458 1809 1477 Amor
1819 1463 1852 1478 se-

1753 1489 1829 1514 quitur

1744 1520 1844 1540 contem-

1758 1550 1826 1576 platio
1831 1561 1839 1566 -

1745 1587 1805 1602 nem.

949 2430 1035 2458 lectio
1048 2438 1164 2465 semper
1175 2429 1304 2465 amplius
1312 2429 1463 2464 praesumit
1474 2431 1500 2456 et
1511 2429 1642 2463 confidit,
1654 2437 1728 2456 sem·
1780 2426 1783 2428 ’

950 2486 1002 2513 per
1008 2480 1127 2505 acutum
1133 2477 1223 2504 habet
1229 2478 1386 2512 penetrans
1393 2476 1503 2511 omnia,
1513 2478 1670 2511 etsequens
1676 2476 1729 2503 im-

951 2540 1080 2568 XL11,5.—
1090 2539 1099 2554 ὅ
1112 2537 1354 2566 Gen.‚xxx'11‚27.—
1366 2536 1375 2552 θ
1384 2536 1471 2566 Greg.,
1480 2536 1505 2558 in
1517 2535 1727 2566 Ezecl1.,hom.V1,

951 2578 1008 2598 unte
1021 2575 1141 2598 mett-7
1154 2576 1228 2604 Aug..
1239 2573 1268 2596 cle
1281 2573 1380 2601 Trinit„
1398 2572 1441 2596 lii).
1451 2573 1517 2602 Vlll,
1530 2579 1551 2595 c.
1567 2578 1601 2602 ix,
1613 2579 1639 2596 n.
1656 2574 1728 2595 13.—

953 2612 960 2623 “
978 2610 1052 2640 ibid,
1070 2610 1114 2633 lib.
1133 2610 1172 2637 tx,
1190 2617 1215 2633 c.
1230 2615 1276 2638 ΧΗ,
1296 2614 1320 2631 u.
1339 2609 1373 2631 18.
1387 2621 1415 2624 —
1429 2609 1437 2621 '³
1456 2608 1532 2638 11ug.,
1548 2607 1575 2631 iu
1590 2614 1647 2638 cap.
1663 2610 1727 2638 sept.

953 2646 1012 2671 Coel.
1028 2647 1108 2676 Hier„
1128 2646 1172 2669 lib.
1188 2645 1236 2674 Vl,
1250 2646 1308 2667 aute
1324 2644 1391 2668 med.
1408 2656 1438 2660 ——
1455 2644 1486 2673 (a)
1511 2644 1572 2667 cml,
1596 2643 1656 2666 edit.
1675 2650 1728 2668 non

951 2682 1048 2706 habeut
1072 2681 1139 2713 qaod
1156 2682 1192 2704 est
1215 2682 1363 2704 (eternorum
1393 2679 1542 2703 charitativa
1572 2679 1681 2710 affectio.
1698 2693 1729 2698 —-

954 2718 984 2747 fb)
1003 2718 1064 2742 Caet.
1083 2717 1146 2741 edit.
1162 2716 1220 2740 add.
1237 2717 1283 2740 est.
1301 2728 1330 2733 —
1347 2715 1378 2745 (e)
1395 2716 1457 2739 Caet.
1476 2714 1536 2739 edit.
1554 2714 1683 2740 invitatur.
