2004 3037
220 213 281 246 530

219 279 274 309 tibi
287 277 410 317 peccata
426 275 498 312 tua3
510 282 528 304 ιο
546 272 575 303 et
592 271 692 303 statim
711 267 897 307 integraliter
913 275 1002 298 sana—

219 326 263 355 vit
277 332 357 354 eum.

253 372 356 402 Mulier
369 370 487 399 fluxum
496 366 650 404 sanguinis
663 364 780 404 patiens
791 361 912 392 dicebat
923 361 1002 390 intra

218 429 249 449 se
274 429 282 449 z
304 429 320 447 (ι
340 418 369 447 Si
393 417 516 454 tetigero
537 417 654 444 tantum
678 412 890 441 vestimentum
915 409 999 445 ejus,

217 468 302 497 salva
315 474 378 495 ero.
392 475 407 494 1»
424 466 460 494 Et
472 463 606 501 sequitur
622 471 630 491 z
649 470 663 488 α
676 459 815 494 confide,
829 457 910 494 filia,
923 456 1001 486 fides

218 517 268 545 tua
282 516 310 543 te
325 514 441 543 salvam
454 511 532 540 fecit.
548 521 563 538 »
582 509 698 544 Matth„
712 516 761 542 xx,
771 506 867 535 21-22.

257 564 350 591 «Non
362 561 432 590 feeit
446 558 590 589 Dominus
610 558 693 586 lesus
706 555 831 584 virtutes
843 551 954 580 multas
968 551 1000 580 in

217 610 314 648 patria
336 617 391 637 sua
412 608 536 645 propter
560 603 799 634 incredulitatem
822 600 964 634 illorum,
982 608 997 626 n

217 658 332 693 Manli„
347 664 416 691 xm,
432 656 478 684 58.

253 704 379 740 Quando
394 705 495 732 Petrus
510 699 670 730 ambulans
685 704 776 735 super
795 703 891 733 aquas
913 693 1002 730 coepit

217 753 328 789 mergi,
346 750 444 787 arguit
459 758 529 779 eum
545 747 685 777 Dominus
710 746 748 775 de
768 744 886 774 defectu
907 743 1000 778 fidei,

218 800 320 829 dicens
346 808 353 829 :
381 807 395 826 α
408 797 531 827 Modieae
556 794 648 831 fidei,
675 801 770 832 quare
797 790 962 820 dubitasti?
983 798 998 818 »

217 847 331 882 Matth„
347 853 407 881 xiv,
420 846 466 873 3¹.

253 892 488 923 commendatur
501 899 519 920 a
537 889 665 919 Domino
686 887 796 916 mulier
811 885 981 914 Chananaea
992 903 1002 919 ,

218 950 285 970 cum
299 941 373 969 dixit
389 948 396 968 :
416 950 430 966 «
448 941 470 968 Ο
492 937 618 972 mulier,
633 943 745 972 magna
765 935 809 962 est
830 932 905 960 fides
924 933 976 960 tua
992 939 1000 958 :

216 988 269 1018 fiat
284 989 337 1017 tibi
353 988 428 1016 sicut
442 989 473 1015 tu
492 986 546 1014 vis.
562 995 576 1012 »
593 984 707 1018 Manli„
722 990 776 1017 xv,
791 981 838 1009 28.

255 1037 365 1071 Magnae
379 1034 451 1062 fidei
466 1033 594 1061 verbum
610 1030 686 1059 dixit
700 1030 800 1058 Petrus
815 1025 942 1056 Domino
960 1025 1003 1053 in-

218 1083 379 1119 terroganti
388 1103 397 1118 ,
415 1080 488 1118 quid
503 1080 641 1109 homines
660 1077 792 1106 dicerent
810 1075 847 1104 de
862 1082 898 1102 eo
913 1083 920 1102 :
934 1083 949 1099 α
961 1075 1004 1101 Tu

218 1139 271 1166 es,
285 1131 397 1168 iuquit,
419 1128 552 1158 Christus
576 1127 666 1156 Filius
690 1125 740 1153 Dei
764 1123 866 1152 vivi.»
889 1121 1004 1155 Manli„

219 1186 284 1214 xvr,
300 1180 346 1207 16.

255 1227 326 1256 Mira
347 1225 402 1254 suit
420 1224 496 1253 fides
519 1222 615 1253 Marioe
635 1219 832 1255 magdalenae,
850 1218 928 1251 Luc„
942 1223 1002 1252 vu3

220 1274 333 1303 idcirco
349 1274 424 1309 juste
440 1281 457 1301 a
470 1271 596 1300 Domino
617 1268 721 1297 audire
741 1266 848 1295 meruit
864 1274 870 1293 ε
889 1275 904 1292 κ
918 1263 1004 1294 Fides

219 1324 270 1351 tua
286 1324 312 1349 te
328 1321 442 1349 salvam
457 1319 538 1355 fecit,
554 1328 568 1345 »
588 1319 663 1351 Luc„
677 1324 736 1350 vu,
751 1316 798 1343 50.

260 1369 390 1398 Credens
410 1368 473 1403 jam
495 1368 578 1402 pater
599 1363 684 1402 pueri
704 1358 1006 1395 lunatici‚humiiiter

221 1417 278 1446 sibi
294 1416 386 1445 iidem
402 1414 504 1450 augeri
520 1413 657 1450 petebat,
671 1413 699 1439 et
713 1417 781 1438 cum
792 1407 934 1444 lacrymis
949 1406 1007 1434 aie-

222 1464 274 1494 bat
290 1474 297 1493 :
319 1474 333 1490 α
349 1462 460 1497 Credo,
481 1461 622 1496 Domine,
637 1459 749 1495 adjuva
767 1454 1006 1485 incredulitatem

224 1520 360 1540 meam.»
380 1512 542 1544 Marc.‚1x‚
559 1509 604 1536 23.

257 1560 377 1588 Thomoe
393 1557 535 1586 Dominus
553 1554 644 1583 dixit:
660 1563 673 1580 «
689 1552 765 1581 inser
780 1550 906 1586 digitum
923 1550 1007 1576 tuum

221 1607 280 1636 huc
294 1628 301 1640 ‚
316 1617 330 1633 »
346 1608 413 1639 etc.,
431 1615 446 1631 t(
461 1606 488 1632 et
502 1602 563 1631 noli
584 1609 646 1630 esse
662 1599 852 1632 incredulus,
867 1596 920 1625 sed
936 1595 1008 1623 fide-

222 1654 267 1683 lis.
285 1654 360 1688 Quia
381 1651 481 1680 vidisti
503 1658 571 1685 me,
595 1647 758 1677 credidisti.
786 1645 880 1681 Beati,
899 1654 914 1672 n
940 1646 1007 1678 etc.,

223 1703 317 1736 Joan„
333 1709 389 1735 xx,
404 1700 501 1728 27-29.

261 1749 310 1777 Die
330 1748 514 1776 l‘cnteeostes
534 1745 563 1773 in
577 1744 675 1780 prima
697 1740 909 1778 prcedieationc
931 1738 1009 1767 Petri

225 1798 294 1834 post
313 1795 515 1830 receptionem
539 1791 663 1828 Spiritus
687 1788 798 1822 sancti,
821 1787 934 1815 circiter
954 1785 1009 1813 tria

225 1843 320 1872 millia
333 1841 491 1869 hominum
506 1838 713 1870 crediderunt,
731 1837 806 1868 Act„
823 1843 857 1870 ιι,
872 1835 918 1861 41.

263 1892 337 1919 Cum
352 1890 472 1916 sanatus
492 1888 566 1915 esset
587 1884 730 1917 claudus,
745 1884 844 1910 Petrus
863 1880 1010 1908 allocutus

227 1940 270 1967 est
298 1937 455 1965 mirantem
478 1937 504 1962 et
528 1934 696 1969 stupentem
721 1928 881 1966 populum.
901 1926 1010 1955 «Multi

227 1988 327 2015 autem
352 1984 403 2021 qui
424 1982 584 2011 audierunt
606 1979 734 2008 verbum
756 1976 968 2010 erediderunt,
983 1976 1011 2002 et

227 2033 320 2063 sactus
334 2034 376 2060 est
391 2037 534 2060 numerus
558 2028 692 2056 virorum
712 2025 846 2062 quinque
861 2023 956 2052 millia
969 2042 979 2057 ‚
994 2031 1008 2048 »

229 2081 306 2115 Act„
319 2088 361 2113 iv,
377 2081 404 2107 4.

269 2138 283 2155 ιι
297 2126 455 2162 Elegerunt
477 2122 610 2160 Apostoli
630 2120 812 2157 Stephanum
825 2118 924 2146 virum
943 2117 1010 2154 ple-

231 2184 304 2204 num
328 2174 389 2202 fide
411 2175 439 2201 et
460 2171 568 2208 Spiritu
592 2170 692 2197 saneto
703 2191 711 2203 ‚
722 2178 736 2194 >v
750 2169 817 2200 ete„
833 2166 910 2199 Act„
923 2172 971 2199 w,
983 2165 1011 2192 5.

269 2225 343 2251 Cum
358 2218 533 2249 Samaritani
557 2217 641 2245 multi
666 2214 859 2244 credidissent
875 2212 1012 2248 Philippo

232 2268 446 2304 evangelizanti
470 2266 508 2293 de
536 2272 628 2298 regno
654 2262 724 2296 Dei,
745 2262 775 2289 iu
798 2259 920 2288 nominc
946 2260 1014 2286 lesu

232 2316 336 2345 Christi
351 2312 587 2350 baptizabantur.
603 2312 682 2339 Tunc
694 2309 782 2337 etiam
796 2307 898 2336 Simon
912 2307 1014 2342 Magus

234 2362 368 2392 credidit.
386 2362 462 2395 Act„
478 2368 539 2387 vni.

270 2408 429 2440 Eunuchus
453 2407 492 2435 ait
508 2404 642 2440 Philippo
660 2412 667 2431 :
687 2412 700 2429 a
724 2403 796 2430 Ecce
820 2408 899 2437 aqua
914 2421 922 2435 ,
949 2399 1015 2435 quis

235 2466 283 2488 me
296 2456 433 2494 prohibet
445 2452 610 2490 baptizari?
624 2451 699 2479 Dixit
718 2452 816 2477 autem
837 2447 990 2483 Philippus
1007 2455 1013 2473 :

235 2506 263 2535 Si
285 2504 380 2533 credis
402 2511 438 2531 ex
461 2504 522 2529 toto
547 2498 658 2533 cordo,
678 2497 755 2525 licet.
773 2498 803 2524 Et
829 2494 1015 2531 respondens

237 2552 411 2586 eunuchus,
433 2549 496 2578 ait:
513 2546 606 2575 Credo
633 2545 682 2572 Dei
705 2544 801 2571 filium
829 2550 891 2570 esse
915 2543 1015 2569 lesum

236 2600 391 2628 Christum.
407 2607 421 2624 »
443 2598 475 2624 Et
496 2597 564 2623 tunc
586 2592 739 2628 Philippus
758 2589 919 2626 baptizavit
934 2597 1014 2617 eum.

236 2647 311 2681 Act„
327 2654 393 2679 vui,
408 2643 505 2672 35-38.

272 2693 378 2722 Saulus
389 2695 417 2720 et
429 2688 582 2720 Cornelius
596 2686 689 2716 modo
702 2685 800 2719 vario,
815 2684 868 2713 sed
882 2685 1015 2720 utroque

832 197 970 247 emm
988 197 1223 232 muranum.

1059 265 1254 296 aedificatori«)
1276 268 1304 295 et
1323 265 1544 302 consolatorio,
1561 264 1603 294 ad
1617 263 1835 297 ndentchrisu

1057 313 1176 344 suerunt
1187 313 1325 350 adducti,
1339 313 1419 349 Aet„
1431 319 1464 342 rx
1477 313 1507 342 et
1519 319 1549 342 x.

1093 370 1110 389 α
1123 361 1253 396 Quidam
1266 360 1365 398 Cyprii
1380 361 1411 389 et
1421 358 1553 398 Cyrenaei
1559 379 1570 396 ‚
1584 365 1654 388 eum
1666 357 1837 387 introissent

1055 409 1242 438 Antiochiam
1255 430 1266 444 ,
1291 408 1494 446 loquebantur
1513 406 1554 436 ad
1575 407 1705 442 Graecos,
1722 411 1838 434 annun-

1054 456 1161 485 tiantes
1184 456 1344 485 Dominum
1366 457 1483 491 lesum,
1503 453 1676 491 multusque
1693 459 1838 482 numerus

1056 503 1242 534 credentium
1256 511 1419 532 conversus
1433 501 1530 532 estad
1540 501 1716 537 Dominum,
1730 509 1746 528 ι)
1759 500 1838 536 Act„

1055 559 1095 587 u,
1107 551 1205 580 20-21.
1450 538 1454 545 '
1723 583 1727 586 ,

1091 598 1255 628 Proconsul
1278 598 1387 628 Paulus
1412 597 1519 626 videns
1542 595 1626 633 quod
1650 594 1690 624 ad
1709 594 1839 623 verbum

1055 646 1139 675 Pauli
1162 643 1290 684 apostoli
1313 647 1476 674 excaecatus
1496 644 1551 672 tuit
1572 643 1692 680 Elymas
1714 649 1838 677 magus,

1057 693 1109 730 qui
1132 689 1288 722 resistebat
1310 692 1338 721 ei
1350 713 1360 728 ,
1386 701 1400 719 α
1423 690 1550 720 credidit
1572 690 1726 719 admirans
1749 696 1839 727 super

1057 740 1195 770 doctrina
1209 740 1338 774 Domini,
1352 749 1366 766 »
1384 739 1460 774 Act,
1475 746 1538 772 xm,
1556 738 1598 766 12.

1091 787 1185 817 Paulo
1201 789 1230 815 et
1243 785 1379 815 Barnaba
1394 784 1564 814 dicentibus
1577 784 1685 814 Judaeis
1702 793 1710 812 :
1723 783 1840 812 «Vobis

1057 834 1215 871 oportebat
1229 833 1360 871 primum
1376 832 1473 870 loqui,
1487 842 1502 859 n
1520 833 1588 867 ete.;
1606 841 1621 858 a
1634 839 1702 860 ecce
1717 838 1841 860 conver-

1056 881 1148 910 timur
1171 881 1211 910 ad
1235 883 1347 917 gentes,
1363 891 1376 907 ιι
1395 883 1462 914 etc.‚
1477 879 1631 908 audientes
1644 877 1737 915 gavisi
1751 879 1839 913 sunt,

1058 930 1087 956 et
1098 928 1308 964 glorificabant
1319 927 1447 956 verbum
1459 926 1594 961 Domini,
1607 928 1635 954 et
1649 925 1841 954 crediderunt

1057 979 1208 1014 quotquot
1215 978 1298 1005 erant
1307 974 1497 1013 praeordinati
1506 974 1546 1003 ad
1555 975 1646 1003 vitam
1657 975 1810 1003 aeternam.
1821 982 1836 1001 r

1057 1025 1134 1060 Act„
1150 1032 1218 1059 xm,
1234 1025 1328 1052 46-48.

1094 1071 1223 1106 Quidam
1246 1071 1292 1099 vir
1318 1070 1355 1099 de
1377 1070 1493 1098 civitate
1514 1069 1638 1106 Lysiris,
1653 1068 1704 1105 qui
1723 1078 1738 1094 α
1756 1076 1840 1097 num-

1060 1127 1153 1156 quam
1180 1118 1404 1153 ambulaverat,
1426 1117 1542 1146 audivit
1564 1116 1689 1145 Paulum
1712 1115 1840 1152 loquen-

1059 1168 1128 1194 tem.
1146 1166 1253 1194 Paulus
1279 1168 1381 1194 autem
1399 1164 1520 1198 videns,
1540 1163 1611 1200 quia
1632 1163 1724 1191 fidem
1745 1162 1840 1192 habe-

1059 1216 1104 1242 ret
1117 1216 1148 1242 ut
1159 1213 1260 1242 salvus
1273 1213 1374 1247 fieret,
1389 1211 1464 1240 dixit
1478 1211 1504 1239 ei
1517 1220 1524 1240 :
1539 1211 1630 1246 Surge
1645 1218 1734 1246 super
1748 1209 1840 1246 pedes

1060 1263 1126 1289 tuos
1141 1262 1247 1288 rectus.
1270 1262 1303 1289 Et
1324 1259 1453 1294 exilivit,
1472 1261 1501 1287 et
1522 1257 1708 1287 ambulabat.
1729 1267 1743 1285 ι)
1762 1257 1840 1292 Act„

1060 1318 1126 1345 xiv,
1141 1311 1200 1337 8-9.

1100 1368 1115 1384 «
1129 1358 1250 1385 Factum
1265 1357 1307 1384 est
1321 1357 1420 1383 autem
1434 1353 1544 1388 Iconii,
1558 1354 1592 1382 ut
1609 1352 1718 1381 Paulus
1732 1354 1759 1381 et
1773 1353 1843 1381 Bar-

1061 1404 1157 1433 nabas
1181 1403 1269 1431 simul
1293 1402 1447 1430 introirent
1467 1401 1496 1429 in
1517 1408 1702 1438 synagogam
1725 1400 1844 1429 ludeo-

1061 1460 1145 1486 rum,
1161 1454 1188 1479 et
1202 1451 1411 1487 loquerentur,
1425 1449 1465 1477 ita
1480 1451 1511 1476 ut
1527 1448 1659 1476 crederet
1673 1447 1845 1476 Judaeorum

1063 1502 1090 1528 et
1107 1500 1274 1527 Graecorum
1291 1497 1413 1534 copiosa
1429 1495 1605 1530 multitudo,
1621 1506 1633 1521 n
1650 1496 1726 1530 Act„
1743 1495 1843 1529 xiv,1.

1098 1545 1330 1575 Transeuntibus
1341 1544 1430 1573 Paulo
1442 1547 1470 1572 et
1481 1543 1631 1572 Barnabas
1645 1550 1697 1579 per
1713 1541 1846 1570 diversas

1063 1593 1195 1622 civitates
1208 1613 1217 1627 ,
1243 1603 1257 1618 (ι
1274 1591 1407 1620 Ecclesiae
1435 1590 1692 1619 confirmabantur
1723 1588 1800 1624 fide,
1817 1590 1846 1617 et

1063 1640 1261 1670 abundabant
1282 1647 1407 1667 numero
1424 1638 1568 1675 quotidie,
1583 1647 1598 1663 ι»
1617 1638 1692 1671 Act„
1709 1644 1769 1671 xvi,
1786 1636 1844 1664 4-5.

1099 1690 1203 1716 Custos
1225 1686 1351 1715 carceris
1374 1686 1404 1714 in
1429 1694 1490 1722 quo
1507 1684 1717 1713 detinebantur
1739 1682 1846 1711 Paulus

1065 1737 1092 1764 et
1107 1735 1195 1770 Silas,
1211 1734 1316 1762 videns
1331 1737 1413 1762 terrae
1427 1735 1541 1761 motum
1557 1732 1636 1766 lieri,
1654 1733 1682 1758 et
1696 1737 1845 1758 carcerem

1065 1783 1188 1818 aperiri,
1206 1793 1220 1807 «ι
1235 1781 1422 1809 tremefactus
1435 1779 1564 1816 procidit
1579 1778 1616 1806 ad
1633 1778 1726 1814 pedes
1741 1784 1846 1806 eorum

1065 1830 1166 1857 dicens
1183 1838 1189 1856 :
1213 1828 1351 1863 Domini,
1376 1827 1449 1864 quid
1473 1835 1522 1854 me
1545 1828 1662 1863 oportet
1682 1825 1799 1860 facere,
1814 1826 1846 1852 ut

1065 1877 1165 1904 salvus
1181 1877 1251 1903 siam
1262 1877 1276 1904 ἰ)
1290 1885 1305 1902 »
1322 1877 1357 1904 At
1373 1874 1417 1902 illi
1432 1874 1571 1902 dixerunt
1587 1883 1594 1902 :
1611 1884 1624 1900 n
1638 1872 1730 1901 Crede
1745 1872 1776 1900 in
1789 1872 1846 1900 Do-

1065 1924 1182 1952 minum
1193 1925 1309 1958 Jesum,
1321 1925 1348 1950 et
1361 1922 1463 1950 salvus
1477 1921 1568 1949 eris.»
1584 1921 1659 1955 Act„
1671 1928 1734 1954 xvi,
1753 1919 1847 1947 30-31.

1102 1971 1175 1999 Cum
1194 1969 1302 1998 Paulus
1322 1969 1500 2005 disputasset
1520 1967 1640 1997 Athenis
1663 1968 1766 1995 contra
1781 1966 1848 1994 ido-

1066 2018 1216 2047 lolatriam
1225 2037 1236 2052 ‚
1253 2027 1267 2043 «
1281 2016 1407 2052 quidam
1426 2016 1481 2044 viri
1503 2015 1687 2044 adhoerentes
1702 2014 1728 2043 ei
1751 2013 1848 2042 credi-

1068 2065 1189 2100 derunt,
1205 2064 1235 2092 in
1258 2064 1369 2101 quibus
1391 2065 1420 2092 et
1441 2062 1599 2099 Dionysius
1611 2061 1808 2099 Areopagita,
1821 2062 1850 2089 et

1067 2113 1153 2141 multi
1169 2112 1235 2148 alii,
1250 2122 1264 2140 ιι
1279 2113 1356 2148 Act„
1370 2119 1449 2147 xvn,
1465 2112 1510 2139 34.

1302 2205 1445 2241 CAPUT
1474 2203 1616 2240 XXXV.

1223 2280 1262 2307 De
1279 2278 1411 2313 fidelitate
1430 2278 1532 2305 homini
1549 2276 1692 2305 servanda.

1105 2350 1213 2378 Servus
1227 2347 1352 2376 Abrahae
1366 2347 1477 2375 Eliezer
1492 2346 1620 2374 fideliter
1639 2345 1697 2381 egit
1711 2344 1849 2373 nuntium

1071 2405 1088 2426 a
1112 2395 1237 2425 domino
1266 2403 1320 2422 suo
1349 2394 1406 2422 sibi
1435 2393 1643 2428 commissum,
1659 2391 1781 2429 quando
1796 2390 1850 2418 ivit

1070 2452 1126 2481 pro
1145 2442 1279 2471 Rebecca
1299 2441 1338 2469 ad
1354 2441 1478 2469 domum
1495 2440 1655 2474 Badruelis,
1673 2439 1749 2473 Gen„
1766 2445 1846 2466 xxiv.

1107 2489 1244 2520 Fideliter
1258 2488 1377 2516 servivit
1391 2489 1482 2517 Jacob
1498 2486 1647 2516 avunculo
1661 2494 1714 2514 suo
1730 2485 1829 2513 Laban
1839 2507 1847 2521 ,

1071 2537 1194 2575 quando
1211 2545 1332 2572 gregem
1351 2537 1444 2573 ipsius
1464 2534 1613 2573 pascendo
1634 2534 1682 2562 die
1698 2537 1848 2570 noctuque

1073 2587 1140 2622 igne
1154 2583 1296 2612 urebatur
1312 2585 1339 2611 et
1355 2584 1441 2620 gelu,
1458 2585 1524 2617 etc„
1541 2583 1618 2616 Gen„
1634 2590 1711 2610 xxxi.

1107 2631 1215 2667 loseph
1229 2639 1299 2666 erga
1322 2631 1480 2659 dominum
1499 2638 1587 2658 suum
1601 2629 1728 2658 fideliter
1743 2636 1774 2657 se
1793 2628 1849 2658 ha-

1072 2681 1154 2712 buit.
1181 2678 1233 2715 qui
1256 2686 1382 2707 uxorem
1405 2678 1468 2714 ejus
1490 2679 1612 2713 tangere
1638 2677 1744 2706 noluit.
1770 2677 1849 2711 Gen„
