2004 3037
210 207 251 240 90
542 200 804 235 COMPENDIUM
823 198 1087 234 THEOLOGIGAE
1106 199 1331 234 VERITATIS.
1355 201 1432 236 LIB.
1455 203 1495 236 11.

210 273 335 310 turnus,'
351 273 473 311 Jupiter,
493 273 583 308 Mars,
606 271 672 307 sol,
687 271 800 305 Venus,
819 269 990 304 Mercurius,

209 322 301 350 Luna.
313 320 437 350 Nomine
447 321 546 348 autem
555 318 622 348 coeli
632 317 805 355 crystallini,
816 316 879 346 sive
889 316 989 353 aquei,

209 367 382 404 intelligitur
399 367 454 395 illa
471 375 542 404 pars
562 365 693 394 materiae
713 364 835 402 primoe,
855 371 922 401 quas
942 370 989 391 se-

209 414 343 444 cundum
363 413 559 451 Philosophus
581 413 709 442 formata
731 412 764 440 in
789 411 866 440 duos
889 410 988 446 orbes,

209 469 339 499 quorum
353 461 489 498 superior
503 462 546 490 est
569 460 702 498 primum
721 458 846 487 mobile.
862 459 988 486 istorum

209 508 329 538 orbium
347 509 455 537 natura
467 509 520 544 est,
540 507 624 544 quod
639 514 743 535 omnes
757 506 926 539 moventur,
941 512 990 533 ex-

208 557 294 592 cepto
309 563 463 592 empyreo,
479 554 563 592 quod
578 553 712 591 quietum
726 554 777 581 est.
794 553 902 580 Natura
914 559 987 580 vero

207 601 394 631 elementaris
405 602 436 630 in
452 603 581 639 quatuor
593 600 724 638 sphaeras
737 598 916 636 principales
930 597 988 626 dis-

207 649 360 685 tinguitur,
380 649 492 677 scilicet
509 648 600 684 ignis,
625 647 716 681 aeris,
735 648 820 675 terroe
840 647 869 674 et
889 653 986 682 aquae.

207 695 327 733 Sphoera
344 695 421 731 ignis
438 695 495 724 tria
514 695 604 724 hahet
621 693 790 729 interstitia,
809 692 919 721 scilicet
935 700 986 721 su-

205 750 355 779 premum,
368 742 452 779 quod
465 743 590 770 vocatur
602 742 736 778 igneum,
752 743 780 769 et
794 739 938 775 medium,
951 747 987 768 ae

205 789 355 824 infimum,
365 789 450 826 quod
460 790 585 817 vocatur
595 788 774 825 olympium.
787 786 926 816 Similiter
936 793 987 814 aer

205 836 261 864 tria
274 835 365 865 habet
378 835 547 871 interstitia,
567 835 678 863 scilicet
697 842 887 871 supremum,
902 832 987 870 quod

205 884 329 912 vocatur
351 883 526 918 aethereum,
549 884 578 910 et
600 881 752 917 medium,
773 889 808 909 ac
829 880 985 914 infimum,

205 929 290 966 quod
304 931 428 959 vocatur
442 937 580 965 aereum,
595 930 624 957 et
638 929 669 957 in
684 935 826 965 supremo
847 929 891 955 est
903 926 987 955 calor

205 978 233 1005 et
254 975 306 1005 lux
327 978 450 1013 propter
473 976 544 1004 solis
562 975 826 1013 propinquitatem.
848 973 986 1002 Similiter

206 1025 248 1051 est
263 1025 291 1052 et
311 1023 342 1051 in
360 1023 480 1058 infimo,
496 1022 606 1051 scilicet
626 1023 748 1059 propter
767 1021 922 1050 radiorum
939 1027 987 1048 re-

203 1070 427 1107 percussionem
444 1079 462 1099 a
475 1071 562 1098 terra.
581 1072 612 1098 ln
626 1069 728 1097 medio
743 1070 842 1096 autem
858 1066 985 1095 intersti-

203 1117 260 1151 tio,
276 1117 315 1145 ad
330 1117 414 1154 quod
428 1125 491 1145 non
509 1108 606 1153 potest
618 1116 787 1153 pertingere
801 1114 986 1151 repercussio

203 1164 369 1198 radiorum,
384 1166 427 1192 est
445 1164 589 1200 frigiditas
602 1166 630 1191 et
644 1162 824 1195 obscuritas,
840 1163 867 1189 et
881 1161 924 1189 ibi
939 1161 985 1189 di-

204 1212 310 1239 cuntur
328 1211 463 1238 habitare
483 1211 649 1243 daemones,
670 1209 720 1246 qui
741 1209 852 1236 detrusi
874 1210 941 1236 sunt
956 1208 985 1236 in

204 1257 283 1285 hunc
298 1265 397 1285 aerem
412 1257 618 1293 caliginosum.
639 1257 681 1285 lbi
706 1256 794 1283 etiam
816 1256 890 1283 siunt
910 1257 985 1283 tem-

204 1306 340 1340 pestates,
357 1304 496 1338 tonitrua,
513 1303 639 1339 grando,
655 1303 749 1337 nives,
767 1305 793 1330 et
809 1302 926 1330 similia.
943 1303 985 1329 Ex

205 1350 250 1378 liis
265 1350 372 1386 collige
387 1352 500 1387 septem
516 1351 616 1385 orbeS,
632 1352 740 1378 terram
755 1352 782 1377 et
797 1357 907 1385 aquam
922 1357 985 1376 arn-

205 1397 335 1431 bientes,
355 1397 407 1433 qui
429 1405 532 1425 omnes
550 1399 674 1433 possunt
694 1396 795 1424 vocari
813 1396 894 1430 coeli3
915 1395 986 1423 istos

205 1446 305 1472 autem
319 1444 436 1472 excellit
451 1444 558 1472 coelum
571 1444 726 1478 Trinitatis,
743 1443 806 1480 ipse
827 1444 916 1477 Deus,
934 1443 985 1478 qui

205 1491 289 1519 estin
304 1491 455 1524 omnibus,
469 1494 496 1519 ct
511 1499 600 1527 super
615 1498 728 1518 omneS.
742 1489 883 1518 llistantia
895 1489 986 1517 dicto-

204 1545 272 1566 rum
287 1537 406 1566 orbium
421 1539 449 1565 et
463 1538 650 1574 planetarum
661 1537 724 1565 haec
739 1538 781 1564 est
792 1545 799 1564 ε
812 1538 925 1564 a'ferra
939 1544 986 1563 us-

205 1592 263 1621 que
282 1585 321 1613 ad
340 1586 452 1612 Lunam
471 1587 538 1612 sunt
558 1584 699 1612 milliaria
714 1584 816 1617 15623,
838 1583 899 1611 haec
919 1585 987 1611 sunt

205 1630 301 1659 stadia
315 1633 401 1666 1260;
420 1639 437 1659 a
452 1633 533 1659 Luna
552 1639 648 1667 usquc
670 1630 709 1659 ad
731 1630 904 1659 Mercurium
919 1632 986 1658 sunt

205 1677 343 1707 milliaria
362 1679 432 1706 '1612
447 1680 475 1706 et
489 1678 623 1711 semisse3
645 1685 662 1705 a
681 1677 820 1706 Mercurio
836 1685 930 1712 usque
946 1676 986 1704 ad

206 1726 362 1759 Venerem,
375 1725 570 1759 tantumdem3
581 1732 599 1752 a
612 1725 720 1752 Venere
731 1731 825 1760 usquc
836 1723 874 1751 ad
886 1724 985 1751 Solem

206 1773 273 1800 sunt
293 1772 399 1806 244333
416 1779 434 1799 a
452 1772 518 1799 Sole
534 1778 629 1807 usque
648 1771 685 1799 ad
704 1771 823 1798 Martem
837 1772 904 1797 sunt
919 1770 986 1798 mil-

206 1817 292 1847 liaria
306 1819 408 1853 156253
425 1826 443 1845 a
457 1819 543 1847 Marte
559 1825 653 1854 usque
672 1817 711 1845 ad
732 1819 851 1851 lovem,
867 1818 952 1851 6819.;
969 1825 986 1844 a

206 1865 277 1894 Jove
296 1872 391 1901 usque
415 1864 454 1892 ad
475 1866 646 1899 Saturnum,
667 1864 869 1899 tantumden13
895 1872 912 1891 a
935 1865 986 1891 Sa-

206 1913 295 1940 turno
319 1919 413 1947 usque
433 1911 472 1939 ad
493 1911 731 1944 firmamentum,
753 1912 851 1937 ‘zi-222.
877 1912 917 1938 Ex
941 1910 986 1937 liis

207 1957 355 1994 colligitur
369 1958 453 1994 quod
467 1965 485 1986 a
499 1960 585 1986 Terra
600 1965 695 1993 usque
709 1957 747 1985 ad
762 1956 871 1985 coelum
886 1957 985 1986 stella·

207 2011 274 2033 rum
289 2006 356 2033 sunt
370 2004 508 2033 milliaria
522 2006 635 2034 ¹09375.

467 2098 626 2132 CAPUT
657 2098 721 2132 IV.

230 2172 266 2199 Dc
285 2172 390 2199 Natura
412 2171 556 2203 Coelorum,
579 2173 603 2197 et
623 2171 789 2206 superiorum
810 2169 966 2205 Corporum.

245 2241 358 2269 Coelum
375 2243 418 2268 est
432 2248 541 2276 corpus
556 2248 680 2276 purum,
697 2242 724 2267 et
738 2240 869 2275 primum
883 2241 989 2268 natura

210 2288 476 2324 simplicissimum,
492 2287 616 2314 essentia
636 2286 875 2319 subtilissimum,
890 2286 988 2314 incor-

210 2335 402 2372 ruptibilitate
414 2333 636 2368 solidissimum,
644 2333 804 2369 quantitate
813 2333 987 2367 maximum,

212 2382 351 2419 qualitate
373 2381 521 2415 lucidum,
547 2380 763 2416 diaphaneitate
788 2380 989 2415 perspicuum,

211 2428 335 2457 materia
348 2428 552 2464 purissimum,
565 2427 661 2462 figura
676 2426 863 2463 sphaericum,
877 2427 934 2454 situ
947 2427 990 2454 lo-

212 2475 267 2503 cali
283 2483 466 2511 supremum,
482 2474 678 2509 amplitudInc
696 2476 901 2501 creaturarum
916 2473 989 2501 alia-

211 2530 278 2550 rum
295 2522 326 2549 in
349 2529 380 2549 se
402 2521 613 2549 contentivum.
632 2523 692 2549 lstae
712 2520 906 2556 proprietates
929 2522 990 2548 tam

213 2569 288 2597 coelo
304 2569 484 2597 conveniunt
497 2575 651 2604 empyreo,
665 2575 756 2603 quam
765 2567 862 2603 primo
873 2567 989 2595 mobili.

213 2615 270 2644 Sed
291 2617 395 2651 praeter
415 2615 473 2644 hoc
494 2617 537 2644 est
559 2615 667 2643 coelum
686 2622 861 2651 empyreum
876 2623 893 2642 a
908 2616 990 2643 motu

216 2663 405 2698 extraneum,
421 2663 578 2693 beatorum
598 2662 756 2700 spirituum
774 2661 988 2696 habitaculum,

1042 267 1210 306 specialiter
1222 268 1308 298 sedes
1325 269 1377 298 nai
1395 273 1612 308 nuncupatum.
1620 267 1706 302 'coelo
1723 275 1824 304 autem

1043 316 1216 352 crystallino
1233 316 1401 353 specialiter
1414 317 1572 354 convenit,
1587 319 1673 356 qnod
1684 319 1729 348 ea
1739 322 1825 351 motu

1042 362 1280 399 velocissimum,
1298 363 1340 392 ad
1352 363 1493 393 inferiora
1506 365 1622 394 vii-tutis
1634 365 1822 398 influxivum.

1044 410 1157 439 Eodem
1178 411 1272 440 modo
1295 411 1459 441 dicendum
1487 415 1532 442 est
1556 413 1594 442 de
1619 413 1824 450 firmamento,

1043 457 1128 494 quod
1143 457 1280 495 plurimas
1293 459 1476 488 conveniunt
1491 460 1519 488 ei
1541 460 1579 488 de
1594 460 1826 498 proprietatibus

1042 504 1233 541 supradictis,
1249 507 1278 534 et
1291 505 1412 543 insuper
1426 509 1470 536 est
1489 515 1638 544 aquarum
1652 507 1823 546 divisivum,

1042 559 1078 580 ac
1091 551 1184 580 stellis
1203 551 1389 580 decoratum.

1078 600 1209 636 Corpora
1230 599 1360 628 coelestia
1382 599 1557 630 dividuntur
1575 601 1608 630 in
1630 601 1778 638 lucentia,
1797 605 1826 633 et

1041 653 1104 675 non
1117 646 1264 682 lucentia,
1279 655 1315 675 ac
1329 647 1490 684 diaphana.
1505 650 1579 677 Nam
1600 656 1709 685 corpus
1722 650 1826 679 lucens

1042 695 1085 722 est
1109 693 1169 729 Sol,
1189 693 1242 730 qui
1261 693 1343 722 sotus
1365 694 1441 722 inter
1462 694 1562 724 sidera
1575 695 1663 724 lucet.
1686 696 1744 725 Sed
1763 705 1826 726 non

1040 739 1170 769 lucentia
1198 742 1266 769 sunt
1292 743 1402 769 caeterae
1427 741 1536 776 stellae,
1560 743 1589 770 et
1609 742 1736 779 planetas
1758 751 1825 781 quaa

1040 787 1143 815 lumen
1162 795 1250 816 suum
1275 795 1294 816 a
1307 787 1374 816 Sole
1393 790 1578 817 mutuantur.
1599 789 1732 826 Corpora
1751 798 1824 820 vero

1041 833 1194 870 diaphana
1215 836 1284 863 sunt
1307 841 1412 863 omnes
1437 834 1573 871 sphaeroe'
1587 835 1727 865 coelestes.
1753 839 1825 867 item

1040 881 1162 918 sphaerae
1183 881 1316 910 coelestes
1338 890 1408 910 cum
1430 885 1604 918 moventur,
1623 891 1687 912 non
1707 886 1825 914 mutant

1040 927 1157 963 locum,
1173 928 1226 956 sed
1245 931 1404 957 moventur
1425 929 1455 956 in
1476 929 1550 957 locis
1565 929 1647 958 suis:
1669 931 1825 967 superiora

1041 975 1169 1003 influunt
1183 975 1213 1003 in
1228 975 1368 1004 inferiora
1383 975 1522 1004 virtutem
1536 977 1690 1012 motivam,
1706 980 1824 1014 vegeta-

1040 1021 1150 1055 tivam,
1174 1022 1361 1058 sensitivam,
1387 1030 1421 1050 ac
1444 1023 1579 1051 omnium
1605 1024 1824 1059 generabilium

1039 1068 1258 1105 productivam.
1289 1071 1359 1098 Item
1387 1069 1455 1098 licet
1485 1073 1605 1098 careant
1630 1071 1823 1107 qualitatibus

1040 1115 1287 1151 elementaribus,
1309 1125 1372 1145 non
1394 1117 1473 1145 enim
1493 1119 1562 1145 sunt
1576 1117 1690 1153 calida,
1707 1118 1757 1147 vel
1770 1118 1822 1147 fri-

1041 1162 1126 1198 gida,
1142 1163 1237 1199 sicca,
1252 1163 1300 1192 vel
1314 1163 1455 1199 humida,
1471 1165 1570 1192 tamen
1586 1164 1641 1193 ista
1655 1168 1777 1194 causant
1791 1165 1823 1194 in

1041 1209 1247 1245 interioribus,
1272 1212 1478 1239 verumtamen
1501 1219 1562 1239 non
1586 1211 1714 1240 influunt
1732 1220 1822 1250 super

1041 1255 1169 1284 liberum
1185 1257 1350 1291 arbitrium,
1367 1265 1420 1285 nec
1435 1257 1548 1286 habent
1561 1258 1699 1287 virtutem
1713 1259 1822 1288 immu-

1044 1304 1125 1331 tandi
1148 1304 1278 1331 hominis
1298 1304 1500 1332 voluntatem:
1528 1304 1596 1333 licet
1614 1305 1691 1334 bene
1714 1306 1822 1335 immu-

1043 1352 1116 1385 tent,
1132 1351 1178 1379 vel
1195 1351 1355 1387 disponant
1369 1351 1608 1387 complexionem
1623 1352 1752 1380 hominis
1766 1352 1821 1381 ali-

1041 1397 1178 1433 quando,
1205 1405 1270 1433 qum
1286 1397 1468 1425 voluntatem
1487 1398 1681 1437 non-habent
1700 1399 1823 1435 quidem

1041 1452 1162 1479 cogere,
1179 1443 1232 1471 sed
1247 1444 1343 1479 magis
1358 1443 1405 1471 vel
1427 1444 1526 1472 minus
1541 1444 1572 1472 in
1588 1444 1712 1473 diversis
1726 1445 1823 1474 homi-

1041 1491 1130 1518 nibus
1146 1490 1300 1518 inclinare.
1315 1491 1480 1526 operantur
1497 1499 1619 1527 quoque
1635 1499 1763 1528 corpora
1776 1500 1824 1521 su-

1041 1537 1160 1574 periora
1174 1537 1373 1565 distinctivum
1388 1537 1635 1572 significationem
1650 1538 1766 1567 dierum
1781 1547 1823 1568 se-

1042 1585 1174 1612 cundum
1189 1584 1290 1612 lumen
1303 1583 1389 1618 Solis,
1401 1586 1428 1612 et
1440 1584 1659 1612 distinctionem
1674 1585 1822 1614 mensium

1041 1631 1206 1659 secundum
1220 1630 1321 1658 lumen
1335 1632 1431 1665 Lunae,
1445 1638 1479 1658 ac
1496 1630 1716 1660 distinctionem
1730 1639 1822 1661 anno·

1041 1685 1108 1705 rum
1129 1677 1292 1705 secundum
1311 1679 1427 1705 motum
1441 1677 1517 1706 Solis
1532 1678 1562 1705 in
1581 1678 1684 1714 aliquo
1699 1678 1822 1715 circulo,

1042 1726 1130 1760 atque
1155 1724 1372 1752 distinctionem
1394 1726 1563 1761 temporum
1585 1725 1749 1754 secundum
1769 1733 1822 1754 va-

1041 1771 1119 1798 rium
1141 1779 1260 1799 cursum
1283 1771 1488 1807 planetarum,
1511 1771 1694 1807 distantiam,
1715 1775 1743 1800 et
1757 1779 1822 1800 cur-

1041 1826 1122 1852 sum,
1138 1826 1309 1853 ascensum,
1331 1820 1358 1846 ct
1379 1818 1569 1853 descensum,
1592 1818 1822 1854 retrogradatio·

1042 1872 1111 1892 ncm
1121 1886 1129 1899 ,
1150 1867 1177 1892 et
1189 1867 1307 1892 statum.
1324 1865 1454 1892 Circulus
1469 1864 1594 1901 quidam
1609 1865 1693 1892 estin
1707 1865 1823 1901 sphaera

1043 1911 1221 1939 intersecans
1243 1911 1466 1947 aequinoctiale‚
1492 1912 1543 1947 qui
1566 1911 1758 1940 intersecatur
1782 1911 1821 1940 ab

1043 1958 1150 1986 codem
1166 1958 1195 1985 in
1211 1958 1286 1986 duas
1300 1960 1397 1994 partes
1409 1958 1548 1994 aequales‚
1565 1960 1593 1986 et
1606 1966 1666 1986 una
1679 1958 1823 1987 medietas

1044 2004 1171 2033 declinat
1204 2013 1306 2032 versus
1341 2005 1590 2041 Septentrionem,
1630 2005 1689 2033 alia
1720 2013 1823 2033 versus

1043 2054 1199 2080 Austrum:
1225 2055 1251 2080 et
1275 2052 1382 2080 dicitur
1406 2051 1454 2079 ille
1477 2051 1603 2080 circulus
1623 2052 1782 2087 zodiacus,
1805 2059 1823 2081 a

1044 2107 1096 2126 zoe
1112 2100 1136 2133 ¹,
1162 2098 1246 2135 quod
1269 2101 1310 2126 est
1332 2098 1410 2126 vita:
1431 2106 1502 2126 nam
1522 2098 1686 2126 secundum
1708 2100 1823 2126 motum

1044 2145 1231 2181 planetarum
1245 2145 1300 2173 sub
1317 2145 1368 2173 illa
1383 2145 1481 2172 omnis
1496 2145 1556 2172 vita
1570 2144 1660 2172 rebus
1678 2143 1823 2172 interiori-

1045 2192 1101 2220 bus
1118 2194 1178 2220 est:
1203 2191 1250 2219 vel
1273 2191 1381 2218 dicitur
1401 2199 1419 2218 a
1436 2191 1577 2224 zodion2,
1599 2189 1681 2226 quod
1701 2191 1744 2217 est
1761 2189 1824 2218 ani-

1046 2238 1118 2272 mal,
1134 2238 1204 2274 quia
1225 2246 1293 2265 cum
1317 2237 1468 2264 dividatur
1489 2237 1520 2264 in
1548 2236 1708 2264 duodecim
1726 2238 1824 2272 partes

1044 2284 1186 2321 aequales,
1203 2283 1342 2319 quaelibet
1357 2291 1427 2319 pars
1442 2282 1608 2318 appellatur
1624 2283 1634 2299 ³
1651 2283 1780 2318 signum,
1797 2284 1826 2310 et

1046 2331 1136 2359 habet
1150 2337 1259 2358 nomen
1272 2329 1399 2365 speciale
1410 2337 1428 2356 a
1437 2329 1558 2356 nomine
1573 2328 1720 2363 animalis,
1736 2336 1826 2364 prop-

1047 2381 1089 2406 ter
1111 2376 1321 2413 proprietatem
1344 2375 1478 2411 aliquam
1510 2375 1736 2403 convenientem
1764 2377 1824 2403 tam

1047 2424 1119 2460 ipsi,
1135 2430 1226 2459 quam
1240 2421 1380 2455 animali,
1396 2421 1443 2449 vel
1464 2423 1585 2458 propter
1600 2420 1825 2457 dispositionem

1047 2471 1198 2500 stellarum
1217 2470 1345 2498 fixarum
1367 2469 1396 2496 in
1413 2468 1471 2496 illis
1489 2469 1622 2505 partibus
1640 2468 1680 2496 ad
1699 2468 1825 2497 modum

1048 2517 1193 2547 animalis.
1209 2518 1261 2544 Iste
1278 2523 1348 2543 vero
1365 2515 1492 2543 circulus
1507 2515 1612 2542 dicitur
1626 2514 1715 2542 latine
1730 2516 1823 2550 Siqui-

1047 2567 1101 2600 t'cr,
1112 2564 1182 2601 quia
1195 2563 1250 2591 tert
1263 2562 1357 2598 signa,
1369 2562 1416 2590 vel
1431 2562 1502 2598 quia
1517 2561 1659 2590 dividitur
1673 2562 1704 2590 in
1718 2569 1767 2597 ea;
1783 2561 1822 2590 ab

1082 2666 1089 2684 ¹
1107 2666 1169 2695 Leg.
1183 2664 1247 2692 Ζωή.
1258 2674 1289 2682 —-
1304 2662 1314 2678 ²
1328 2663 1425 2688 Ζώδιον.
1438 2661 1486 2680 —³
1501 2660 1591 2692 Suppl.
1607 2667 1664 2691 per.
