2020 3037
1682 226 1715 249 m

102 285 327 327 Nequaquam,
342 284 452 325 utpote
465 291 483 315 e
497 281 635 322 vestigio
648 280 787 313 subdens
804 292 812 312 :
833 292 848 311 α
862 279 966 312 Editio
980 281 1227 321 Argentinensis
1241 282 1317 314 anni
1333 285 1412 316 1495
1427 284 1436 325 (
1453 284 1552 316 etiam
1567 284 1712 325 suadet),

102 344 238 385 aliaeque
258 342 508 383 subsequentes,
523 349 648 372 necnon
667 339 780 371 similis
803 348 861 380 per
882 339 992 370 omnia
1011 339 1091 371 alter
1104 340 1249 381 eiusdem
1271 341 1507 374 Bonaventurae
1528 342 1713 383 Traetatus,

102 412 200 444 quem
222 400 383 442 inscripsit
403 411 411 432 z
429 400 610 433 Declaracio
634 399 845 432 terminorum
873 398 1082 439 Tltcoloqioe¹.
1100 398 1276 430 Exordium
1301 400 1471 441 utriusque
1495 400 1606 442 Operis
1629 402 1715 433 idem

102 463 149 493 est
165 471 172 493 :
193 472 209 491 ει
227 460 434 500 Omnipotens
455 459 538 490 Deus
563 458 675 498 Pater,
701 460 733 489 et
756 457 855 489 Filius
868 482 876 497 ,
898 459 929 488 et
948 457 1088 498 Spiritus
1110 460 1253 496 sanetus,
1272 467 1357 489 uuus
1379 461 1427 490 est
1449 459 1549 498 Deus,
1565 470 1581 489 ι)
1600 461 1660 491 etc.
1677 459 1716 491 Et

100 519 135 550 in
145 521 284 559 utroque
299 527 356 559 per
371 518 490 549 multas
506 517 652 558 periodos
669 516 720 547 Dei
735 517 887 547 attributa
902 516 1108 557 prosequitur
1124 526 1132 548 :
1152 526 1193 548 ex
1207 517 1326 558 quihus
1340 517 1457 549 sciolus
1474 518 1589 559 aliquis
1602 518 1714 550 laxum

99 576 304 617 longumque
321 575 450 607 tilulum
466 575 624 616 apposuit.
639 574 749 606 Potius
770 575 813 604 ita
826 574 865 605 ad
882 574 1014 605 modum
1031 575 1163 606 alterius
1179 575 1351 616 supradicti
1365 575 1516 616 Opusculi
1535 576 1714 608 inscriben-

99 635 178 667 dum
192 637 274 666 esset
289 644 296 666 :
314 634 494 667 Declaratio
508 641 635 673 eorum,
653 641 725 674 quoe
740 634 802 666 Deo
822 635 859 666 in
872 634 976 666 sacris
993 634 1172 674 scripturis
1193 634 1428 667 attribuuntur.
1444 645 1459 663 n
1479 634 1590 675 ltaque
1604 635 1714 666 malim

99 703 174 726 cum
188 692 462 734 praestantissimis
475 693 662 725 Editoribus
678 692 833 734 Romanis
852 692 956 724 dicere
971 693 1145 732 incertum,
1161 702 1259 733 quam
1279 703 1355 724 cum
1376 693 1562 725 novissimis
1582 694 1715 726 omnino

97 753 357 794 supposititium.
384 752 420 783 In
441 751 580 792 allegata
605 751 754 783 Editione
778 751 1007 791 Argentinensi
1036 761 1102 783 non
1128 751 1246 783 dicitur
1276 753 1362 783 certo
1384 751 1636 790 Bonaventurae,
1660 752 1713 784 sed

97 811 283 843 inscribitur
298 821 305 842 :
325 811 456 843 Summa
471 810 504 842 S.
520 811 714 851 Hieronymi
727 810 766 842 de
781 801 932 847 essentia,
948 812 977 843 et
995 809 1228 843 invisibilitate
1244 810 1312 850 Dei,
1327 818 1399 850 quoe
1412 810 1588 843 ascribitur
1602 814 1714 844 sancto

95 870 352 908 'Bonavenluroe,
376 878 414 900 eo
436 869 522 909 quod
544 869 625 900 forte
647 869 736 900 illam
759 868 988 900 Bonaventura
1010 868 1124 908 junior
1148 868 1328 909 compilarit
1354 878 1395 900 ex
1415 868 1632 909 Hieronymo,
1657 878 1713 900 seu

97 929 204 969 polius
222 938 264 960 ex
280 928 411 960 laudato
432 927 606 967 Eucherio,
624 928 707 959 sicut
718 928 830 968 Junior
846 927 965 958 certius
986 927 1171 968 compilavit
1190 936 1229 958 ex
1244 926 1314 958 aliis
1328 926 1565 968 antiquioribus
1580 927 1713 960 Amato-

98 988 205 1026 rium,
222 986 458 1027 soliloquium,
475 985 673 1026 opusculum
689 985 728 1018 cle
742 989 883 1026 quatuor
901 985 1084 1019 Virtutibus
1102 984 1348 1024 cardinalibus,
1367 988 1426 1017 etc.

345 1117 362 1154 ἓ
380 1118 424 1147 111.
438 1133 473 1139 —
491 1118 662 1146 Communium
680 1126 849 1146 runorociCAE
866 1126 999 1146 vzmrnxs
1015 1118 1182 1154 (Prodrom.,
1203 1125 1230 1152 p.
1252 1119 1303 1146 689
1323 1121 1351 1145 et
1367 1117 1448 1154 seq).

137 1221 226 1253 Certe
245 1230 312 1253 non
336 1223 385 1253 est
406 1221 474 1254 divi
498 1221 751 1261 Bonaventurae;
778 1232 853 1253 cum
879 1223 966 1254 enim
988 1223 1019 1253 et
1041 1222 1112 1262 ejiis
1134 1221 1395 1262 Breviloquium,
1420 1223 1451 1253 et
1477 1221 1713 1263 Centiloquium

96 1282 254 1314 rationem
267 1282 405 1314 habeant
421 1282 599 1323 Theoloqici
617 1281 826 1323 Compendii,
843 1281 939 1313 nimis
967 1281 1034 1320 ipse
1059 1279 1302 1320 multiplicasset
1323 1280 1511 1320 hujusmodi
1526 1281 1713 1322 compendia

96 1339 123 1370 si
138 1348 280 1380 praesens
294 1349 423 1380 quoque
436 1340 583 1372 edidisset
597 1341 619 1371 ².
636 1340 790 1378 Quamvis
808 1342 917 1371 autem
931 1339 1168 1371 Bonaventurae
1191 1348 1257 1370 non
1279 1338 1334 1378 sit,
1356 1339 1458 1370 nihilo
1477 1341 1587 1372 tamen
1608 1341 1712 1372 secius

95 1398 140 1430 ita
160 1399 322 1430 conforme
342 1399 453 1431 visum
477 1401 526 1430 est
544 1399 779 1431 Bonaventurae
802 1398 975 1437 doctrinae,
992 1399 1028 1429 ut
1048 1398 1193 1438 eiusdem
1208 1397 1448 1430 Bonaventurae
1462 1399 1615 1439 nomine,
1635 1409 1711 1431 cum

96 1457 131 1488 in
156 1457 320 1488 nonnullis
347 1457 438 1489 editis
453 1482 462 1497 ,
493 1460 564 1490 tum
585 1458 812 1499 manuscriptis
839 1457 1012 1498 praenotari
1034 1457 1200 1489 meruerit.
1226 1456 1271 1489 Ea
1295 1457 1396 1498 enim,
1425 1467 1524 1499 quam
1545 1459 1711 1490 novissimi

96 1513 238 1546 Editores
260 1515 434 1555 objiciunt,
449 1515 646 1547 dissonantia
668 1525 742 1547 cum
764 1515 1046 1547 Bonaventuriana
1067 1516 1212 1547 doctrina
1239 1516 1324 1547 circa
1344 1517 1413 1548 vim
1437 1517 1708 1555 circumcisionis,

96 1573 384 1614 conferendamque
406 1573 562 1614 gratiam,
585 1583 706 1615 purum
732 1577 912 1616 putumque
932 1576 979 1606 est
1000 1574 1188 1606 eorumdem
1213 1576 1432 1605 commentum
1445 1599 1454 1613 ,
1481 1575 1652 1606 fundatum
1676 1575 1710 1606 in

95 1632 301 1673 corruptione
314 1634 424 1664 textus
437 1642 495 1674 per
511 1633 663 1665 omissam
679 1633 869 1674 particulam
883 1641 966 1671 non,
984 1642 1021 1664 ac
1044 1641 1102 1672 per
1123 1632 1268 1672 ejusdem
1292 1633 1400 1664 textus
1420 1633 1708 1665 detruncationem.

95 1690 159 1732 Ipsi
179 1700 320 1732 namque
333 1694 498 1724 auctorem
511 1693 654 1733 praedicti
670 1692 855 1733 Compendii
878 1692 924 1723 sic
946 1691 1132 1732 loquentem
1153 1690 1311 1723 inducunt
1328 1702 1335 1723 :
1357 1702 1373 1721 (ι
1387 1690 1594 1723 Sacramenta
1615 1700 1709 1724 novae

94 1749 179 1789 legis
203 1749 402 1781 sanctificant
426 1752 458 1781 et
482 1753 642 1790 quantum
667 1751 707 1782 ad
728 1760 810 1792 opus
836 1752 1005 1792 operatum
1022 1775 1032 1790 ‚
1056 1751 1088 1781 et
1112 1751 1272 1791 quantum
1293 1751 1332 1782 ad
1356 1760 1437 1791 opus
1460 1760 1598 1792 operans
1621 1761 1629 1783 τ
1655 1752 1710 1784 sed

97 1810 295 1840 sacramenta
310 1808 428 1841 veteris
442 1808 524 1849 legis
534 1809 714 1849 justificant
735 1809 840 1842 solum
855 1811 1016 1851 quantum
1031 1809 1071 1840 ad
1092 1818 1173 1850 opus
1192 1818 1345 1849 operanS,
1374 1809 1452 1850 quia
1472 1819 1538 1841 non
1559 1810 1711 1842 valebant

95 1865 300 1906 facientibus,
316 1867 378 1898 nisi
393 1870 554 1908 quantum
568 1867 698 1899 illorum
720 1869 860 1899 charitas
883 1870 916 1900 et
931 1868 1151 1900 devotio‘fidei
1172 1869 1415 1900 extendebatur.
1432 1868 1500 1900 Hoc
1513 1869 1710 1910 intelligitur

96 1925 135 1956 de
158 1925 400 1957 circumcisione
414 1927 437 1957 ⁸.
458 1936 474 1955 n
499 1926 618 1957 Auctor
642 1928 750 1958 tamen
774 1927 959 1967 Compendii
983 1928 1116 1959 minime
1141 1915 1308 1961 adseverat
1332 1939 1340 1960 :
1363 1928 1430 1961 Hoc
1452 1927 1649 1969 intelliqitur
1670 1927 1709 1961 de

96 1985 358 2024 circumcisione,
372 1985 426 2016 sed
442 1985 643 2025 apertissime
667 1986 952 2017 contradictorium
975 1986 1162 2026 pronuntiat
1182 1987 1215 2017 in
1236 1988 1326 2018 textu
1349 1987 1436 2027 apud
1457 1987 1543 2027 ipsos
1564 1986 1709 2019 Editores

96 2050 231 2081 excuso,
248 2042 421 2083 inquiens:
443 2055 458 2073 c(
470 2043 538 2075 Hoc
558 2053 625 2075 non
642 2044 836 2084 intelligitur
856 2045 895 2076 de
918 2045 1177 2084 circumcisione,
1194 2055 1268 2085 quae
1291 2054 1365 2076 cum
1390 2055 1455 2076 non
1469 2045 1567 2076 fuerit
1588 2045 1621 2076 in
1635 2045 1708 2085 lege

95 2099 183 2140 data,
198 2110 405 2141 nequaquam
417 2101 501 2132 inter
515 2102 635 2141 legalia
649 2105 853 2143 computatur
869 2113 876 2133 ε
894 2103 970 2142 quia
985 2103 1054 2142 ipsa
1068 2103 1102 2134 in
1117 2103 1261 2143 parvulis
1282 2103 1411 2135 tollebat
1425 2103 1582 2143 originale
1596 2113 1705 2145 pecca-

95 2160 181 2197 tum,
197 2161 228 2190 et
240 2159 380 2199 gratiam
396 2160 592 2199 conferebat,
608 2161 693 2201 quod
709 2170 774 2192 non
796 2161 951 2192 faciebant
964 2161 1083 2200 legalia
1094 2160 1116 2192 Β.
1132 2171 1147 2191 ι)
1167 2161 1245 2199 Quae
1261 2162 1394 2202 quidem
1412 2163 1558 2204 apprime
1572 2173 1706 2196 consen-

94 2218 188 2248 tanea
207 2218 283 2248 sunt
304 2217 358 2257 iis,
381 2227 455 2258 quae
478 2218 517 2249 de
539 2219 650 2250 eadem
668 2219 912 2251 circumcisione
926 2220 1029 2252 sciscit
1051 2222 1159 2252 noster
1174 2219 1421 2259 Bonaventura‚
1438 2221 1605 2261 videlicet,
1621 2223 1707 2264 quod

98 2283 114 2303 (ι
127 2273 328 2305 circumcisio
345 2276 525 2308 conferebat
541 2278 680 2316 gratiam
694 2278 917 2310 habilitantem
931 2278 971 2310 ad
982 2279 1106 2310 bonum
1120 2279 1142 2309 ⁵.
1161 2289 1175 2308 i>
1188 2278 1247 2310 Ubi
1263 2288 1342 2319 ergo
1355 2281 1402 2310 est
1415 2279 1470 2311 illa
1483 2279 1704 2319 dissonantia,

93 2340 166 2372 quae
180 2332 341 2365 evidenter
359 2333 609 2373 deprehenditur
628 2336 662 2367 in
676 2337 778 2368 citatis
792 2337 899 2369 verbis
910 2338 925 2369 ‘2
940 2337 1020 2376 Ubi,
1036 2347 1137 2378 rogo,
1155 2347 1175 2369 a
1190 2339 1347 2369 sententia
1360 2338 1501 2370 auctoris
1516 2338 1705 2379 Compendii

92 2390 189 2430 longe
202 2391 298 2423 distat
310 2392 558 2426 Bonaventura?
573 2395 732 2427 Caeterum
751 2396 1080 2437 repeto,',huJ'usmodi
1096 2396 1330 2437 Compendium
1354 2407 1420 2429 non
1443 2400 1491 2429 est
1514 2397 1580 2429 divi
1596 2396 1704 2429 Bona-

124 2513 131 2528 ¹
151 2513 354 2540 Declaratiouem
374 2515 441 2540 hanc
462 2516 599 2547 nequidem
622 2518 737 2542 Editores
759 2518 892 2543 novissimi
914 2519 968 2543 ausi
984 2520 1043 2543 sunt
1060 2519 1128 2544 inter
1147 2520 1322 2551 supposititia,
1341 2519 1386 2544 sed
1405 2521 1505 2545 tantum
1524 2521 1592 2545 inter
1611 2520 1705 2544 incerta

92 2548 198 2573 referre.
215 2563 242 2567 —
260 2552 269 2566 ²
282 2551 377 2575 Debilis
391 2551 495 2583 quidem
511 2553 585 2583 ratio,
602 2560 671 2583 cum,
695 2554 790 2578 fatente
805 2554 861 2585 ipso
876 2556 981 2578 auctore
996 2554 1140 2585 Prodromi,
1156 2555 1280 2579 familiare
1295 2555 1328 2579 sit
1341 2556 1446 2581 Doctori
1461 2556 1600 2589 Seraphico
1615 2555 1705 2580 eadem

92 2587 244 2616 argumenta
261 2586 368 2610 diversis
385 2587 431 2611 sub
449 2588 607 2618 respectibus
628 2591 775 2614 retractare.
798 2590 884 2619 Adde,
901 2590 970 2620 quod
985 2590 1095 2621 plurima
1112 2590 1164 2614 sint
1182 2590 1208 2614 in
1229 2590 1349 2621 praesenti
1367 2591 1529 2623 Compendio
1540 2611 1546 2623 ,
1565 2598 1623 2624 quae
1644 2591 1705 2616 alias

91 2620 185 2645 trustra
205 2621 345 2652 quaesieris.
361 2623 390 2646 Α.
409 2623 437 2646 C.
455 2623 483 2647 P.
502 2636 534 2641 —
554 2623 564 2639 ³
584 2624 710 2655 Diali-ib„
730 2632 789 2656 pag.
813 2626 854 2655 933
868 2624 923 2656 huj.
944 2626 1039 2649 nostrae
1060 2625 1122 2650 edit.
1143 2627 1207 2650 torn.
1224 2627 1248 2656 1,
1267 2633 1326 2657 pag.
1343 2631 1385 2651 Lv.
1401 2640 1432 2645 —
1448 2628 1456 2641 ⁴
1473 2628 1529 2653 Lib.
1543 2628 1588 2658 Vl,
1608 2634 1631 2652 c.
1646 2633 1705 2656 vm.

91 2659 156 2682 tom.
170 2655 227 2685 vn,
243 2663 301 2688 pag.
321 2658 374 2688 ⁵75,
389 2657 443 2689 huj.
460 2660 527 2683 nost.
543 2659 603 2683 edit.
619 2660 644 2683 et
658 2660 730 2691 tomi,
745 2667 804 2691 pag.
821 2661 875 2684 ⁴206.
891 2659 926 2683 lbi
942 2660 1019 2684 ctiam
1032 2667 1085 2684 non
1099 2660 1191 2692 legitur
1205 2661 1393 2690 extendebatur,
1407 2663 1450 2687 sed
1466 2671 1492 2687 se
1506 2663 1662 2688 extendebat.
1675 2676 1704 2681 —

91 2690 102 2707 ⁸
119 2691 174 2715 Lib.
191 2691 232 2718 lV,
247 2692 328 2723 Seni„
342 2693 399 2717 dist.
416 2700 434 2724 1,
450 2697 515 2724 part.
532 2695 562 2723 ll,
574 2696 622 2719 art.
636 2697 659 2726 2,
675 2703 700 2726 q.
716 2702 757 2727 111,
772 2697 798 2720 in
814 2695 907 2725 concl„
920 2695 973 2726 huj.
990 2698 1084 2720 nostras
1101 2697 1160 2720 edit.
1177 2698 1239 2721 tom.
1255 2698 1287 2727 V,
1303 2705 1363 2729 pag.
1380 2700 1436 2723 279.
