2004 3037
200 242 258 271 416

195 307 264 334 sunt
277 304 362 341 quasi
377 302 463 332 rami.
483 301 569 330 Solus
583 301 673 329 etiam
686 301 779 329 homo
793 301 837 329 est
848 299 932 335 longi
946 301 977 328 et

195 351 246 380 lati
267 349 410 386 eorporis.
437 348 523 378 Solus
548 355 674 384 quoque
701 347 793 375 homo
820 348 864 374 est
886 345 975 374 erecti

195 396 329 434 corporis
337 405 346 431 3
371 397 398 424 et
425 395 514 431 hujus
538 394 614 423 ratio
641 394 752 430 duplex
778 395 839 428 est,
864 393 975 421 scilicet

194 443 336 471 naturalis
347 463 355 477 ,
372 443 400 470 et
413 441 546 470 moralis.
568 441 711 470 Naturalis
728 440 804 469 ratio
827 441 884 474 est,
903 439 976 476 quia

194 489 225 518 in
248 489 314 517 aliis
332 488 511 517 animalibus
532 487 666 516 abundat
687 487 718 515 in
742 487 836 522 capite
851 485 975 514 materia

193 538 288 564 terrea
300 535 480 572 deprimens,
493 536 521 563 et
534 534 633 563 deficit
647 534 728 562 calor
741 534 856 568 erigens
868 542 874 561 z
891 532 975 568 quod

193 590 255 610 non
267 584 310 610 est
323 582 354 610 in
369 582 499 609 homine.
517 582 564 609 Est
577 583 605 608 et
619 580 694 608 ratio
708 580 841 613 moralis,
855 582 888 607 ut
901 578 976 606 scili-

194 631 239 657 cet
251 628 398 657 rectitudo
412 630 524 656 naturae
543 627 677 663 corporis
691 628 841 654 attestetur
857 625 974 653 rectitu-

195 675 296 703 dinem
319 674 426 703 mentis
449 682 567 702 sursum
591 674 631 701 ad
660 673 789 701 coeiestia
816 671 973 700 tendentis.

194 721 364 749 Accidentia
386 721 493 748 animae
522 721 720 748 transmutant
747 726 873 755 corpus,
904 718 975 754 quia

193 767 291 796 forma
320 767 502 795 delectabilis
529 767 692 802 imaginata
717 766 819 793 movet
846 772 954 800 corpus
965 785 973 799 ,

194 814 269 842 sicut
287 813 438 842 tristabilis
454 822 460 840 :
485 820 514 841 et
531 813 600 840 ideo
623 812 694 840 dicit
707 812 857 840 Avicenna
868 832 875 843 ,
891 810 975 846 quod

194 861 322 889 multum
338 860 435 895 tristis,
447 868 481 888 ac
491 860 606 895 lepram
619 859 735 893 timens,
746 859 800 886 erit
810 857 974 893 aliqnando

193 907 342 943 leprosus;
359 907 433 934 sicut
452 915 467 934 e
487 913 648 940 converso,
665 904 747 941 quod
763 903 896 940 corporis
909 911 976 939 pas—

194 953 293 981 siones
307 953 478 981 redundant
492 953 523 980 in
544 952 650 979 animae
665 951 882 984 turbationem,
901 950 976 977 sicut

195 1003 274 1036 patet
294 1000 324 1027 in
344 1007 460 1027 somno.
488 1000 558 1026 item
581 1000 678 1034 partes
701 997 834 1033 corporis
851 996 974 1024 humani

193 1047 305 1074 habent
319 1045 543 1074 similitudinem
557 1044 651 1072 totius
670 1043 791 1078 mundi,
811 1043 882 1079 quia
896 1045 976 1070 tanta

195 1096 238 1121 est
261 1092 400 1121 distantia
424 1092 499 1119 inter
527 1091 724 1119 extremitates
751 1090 881 1118 duorum
906 1089 974 1117 lon-

195 1147 302 1176 gorum
320 1139 482 1174 digitorum
497 1138 650 1173 utriusque
668 1144 788 1171 manuS,
805 1138 916 1172 quanta
933 1138 976 1164 est

195 1194 213 1214 a
227 1185 333 1214 vertice
347 1185 449 1221 capitis
465 1192 558 1220 usque
579 1183 620 1211 ad
638 1183 771 1219 plantam
786 1183 886 1218 pediS,
901 1182 975 1210 sicut

194 1235 274 1261 tanta
289 1235 332 1261 est
341 1232 479 1260 distantia
493 1240 511 1260 a
526 1233 627 1260 centro
637 1231 740 1267 capitis
751 1230 790 1258 ad
804 1229 974 1266 oppositum

194 1280 342 1316 tropicum
357 1280 393 1314 (a)
408 1279 439 1306 in
454 1278 544 1313 coelo,
561 1280 673 1314 quanta
692 1279 735 1305 est
755 1276 793 1304 ab
818 1276 929 1304 oriente
944 1275 974 1303 in

195 1326 390 1354 occidentem.
403 1326 515 1361 Corpus
529 1325 695 1352 humanum
707 1332 743 1351 ex
755 1325 884 1358 quatuor
894 1330 975 1350 com-

194 1372 315 1409 ponitur
328 1372 497 1400 elementis:
515 1371 567 1399 sed
582 1372 705 1407 apparet
719 1372 796 1398 terra
809 1370 839 1397 in
857 1369 974 1396 ossibus

196 1421 222 1447 et
250 1427 350 1454 carne;
381 1426 460 1454 aqua
485 1426 557 1445 vero
586 1417 617 1445 in
644 1417 837 1449 humoribus,
866 1415 975 1443 scilicet

195 1466 349 1501 sanguine,
363 1465 543 1501 phlegmate,
554 1464 685 1498 cholera,
700 1462 913 1494 melancholia:
924 1469 975 1489 aer

196 1513 361 1541 continetur
389 1512 419 1539 in
447 1511 608 1547 pulmone,
637 1513 663 1538 et
690 1510 746 1538 hoc
776 1511 873 1545 patet,
904 1509 974 1545 quia

195 1567 311 1595 semper
330 1559 360 1586 in
384 1560 466 1586 motu
482 1561 524 1585 est
540 1566 546 1585 ε
563 1565 633 1585 nam
654 1557 758 1592 pulmo
775 1556 973 1584 ventilabrum

195 1606 294 1635 cordis
314 1608 372 1640 est,
392 1613 429 1632 ne
450 1605 542 1632 nimio
565 1604 663 1632 calore
685 1603 872 1631 dissolvatur.
899 1602 975 1637 lgnis

195 1653 360 1680 continetur
376 1652 405 1679 in
420 1651 509 1679 corde
526 1661 531 1678 :
549 1654 577 1679 et
594 1651 662 1678 ideo
678 1650 798 1678 inferius
814 1653 855 1676 est
870 1649 975 1683 latum,

196 1701 223 1726 et
237 1698 371 1734 superius
391 1700 510 1725 acutum
522 1718 530 1731 ,
547 1705 637 1733 quam
652 1697 779 1724 sormam
795 1696 871 1731 ignis
887 1698 973 1723 tenet.

195 1745 327 1774 Membra
342 1744 475 1780 corporis
490 1744 617 1779 triplicia
627 1746 702 1771 sunt.
717 1745 787 1771 Sunt
803 1744 883 1771 enim
899 1752 975 1779 quoe-

196 1792 265 1820 dam
278 1791 430 1825 radicalia,
443 1791 546 1827 hepar,
563 1798 624 1825 cor,
639 1790 794 1818 cerebrum
803 1811 810 1823 ,
823 1790 975 1825 genitalia,

196 1838 270 1866 inter
288 1846 354 1874 quoe
369 1838 424 1865 tria
439 1837 535 1873 prima
554 1839 621 1864 sunt
637 1837 674 1864 de
690 1845 751 1864 esse
770 1836 929 1870 individui,
946 1837 975 1864 in

196 1884 320 1920 quibus,
336 1886 369 1912 ut
384 1892 473 1920 supra
490 1884 603 1911 dictum
620 1886 680 1915 est,
697 1883 799 1911 sedem
814 1883 902 1910 habet
916 1883 974 1919 spi—

194 1931 267 1958 ritus
277 1931 431 1964 naturalis,
445 1930 550 1964 vitaliS,
563 1932 590 1958 et
605 1930 757 1964 animalis;
773 1929 824 1957 sed
840 1930 976 1957 membra

196 1977 336 2012 genitalia
354 1979 421 2004 sunt
442 1977 479 2004 ad
501 1976 757 2004 conservationem
777 1976 894 2012 speciei.
911 1976 975 2004 Alia

195 2027 262 2052 sunt
277 2024 413 2052 membra
429 2023 639 2057 deservientia,
654 2026 686 2050 ut
700 2031 792 2057 venae,
808 2023 930 2057 arteriae,
947 2026 974 2051 et

195 2072 294 2106 nervi,
311 2079 364 2106 per
378 2079 444 2106 quae
459 2070 576 2098 vehitur
595 2070 644 2097 ille
667 2069 773 2105 triplex
794 2070 927 2105 spiritus,
944 2073 975 2098 ut

195 2117 321 2145 habetur
340 2126 439 2153 supra.
461 2117 524 2145 Alia
539 2119 605 2144 sunt
620 2116 755 2143 membra
772 2116 928 2149 officialia,
944 2118 975 2144 ut

195 2171 316 2197 manus,
331 2164 436 2199 pedes,
453 2166 480 2190 et
494 2163 677 2198 hujusmodi.
695 2164 766 2190 sunt
780 2163 869 2190 etiam
884 2171 975 2190 inem-

195 2210 250 2237 bra
274 2212 332 2237 tam
357 2209 545 2237 artificialiter
571 2209 723 2243 ordinata,
745 2212 775 2236 ut
793 2212 896 2236 mutuo
919 2210 974 2236 sibi

196 2256 363 2284 deserviant
380 2265 385 2283 :
408 2264 478 2283 nam
497 2255 650 2290 superiora
675 2255 863 2282 inferioribus
881 2256 974 2282 admi-

196 2304 319 2331 nistrant
348 2302 611 2337 gubernationem,
643 2305 672 2329 ut
698 2305 777 2337 patet
807 2303 835 2329 in
865 2303 973 2337 oculis;

195 2351 266 2378 item
292 2350 431 2377 inferiora
458 2349 590 2384 prffibent
618 2348 821 2384 superioribus
850 2357 975 2384 suppor-

196 2398 353 2431 tationem,
371 2399 401 2423 ut
416 2398 494 2431 patet
512 2396 541 2422 in
556 2395 684 2430 pedibus
699 2398 726 2422 et
741 2395 893 2427 cruribus,
910 2404 974 2430 quie

197 2446 290 2471 totum
313 2442 433 2479 pondus
451 2442 580 2469 aliorum
599 2442 804 2469 membrorum
822 2441 972 2470 sustinent.

195 2491 266 2517 Item
281 2489 381 2517 media
394 2488 602 2524 impartiuntur
617 2488 746 2523 utrisque
759 2488 972 2522 defensionem,

196 2538 224 2564 et
243 2535 477 2563 necessariorum
507 2534 770 2570 conquisitionem,
787 2537 818 2561 ut
838 2536 919 2569 patet
944 2535 974 2561 in

197 2583 335 2609 manibus
354 2584 381 2610 et
396 2581 532 2610 brachiis.
555 2582 625 2609 item
637 2581 677 2608 sic
693 2583 760 2609 sunt
774 2580 925 2615 ordinata,
943 2584 974 2609 ut

231 2645 261 2674 (a)
283 2645 376 2668 Forsan
397 2644 493 2674 lvyend.
515 2651 529 2667 a
547 2643 604 2674 polo
630 2643 811 2674 septentrionis
825 2643 855 2667 ad
873 2644 973 2674 opposi-

199 2682 251 2704 tum
264 2680 360 2710 polum.
377 2693 407 2697 -
424 2680 456 2709 (Ιι)
473 2680 532 2704 coet.
547 2679 609 2703 edit.
625 2680 768 2703 ostendant.

531 232 790 266 COMPENDIUM
809 230 1070 265 THEOLOGICAE
1089 230 1313 263 VERiTATtS.
1337 230 1412 262 LIB.
1437 229 1476 261 11.

1029 300 1134 327 mutuo
1160 298 1218 327 sibi
1239 298 1428 327 condoleant.
1453 299 1524 326 Nam
1547 296 1572 324 si
1596 304 1692 325 unum
1707 304 1804 326 mem-

1030 345 1121 373 brum
1147 345 1242 377 dolet,
1263 345 1424 373 condolent
1442 344 1469 372 ei
1488 343 1591 371 omnia
1607 343 1759 378 membra,
1779 345 1808 371 et

1030 391 1088 420 hoc
1101 394 1222 428 propter
1237 391 1455 420 connexionem
1470 392 1497 419 et
1510 390 1722 425 colligant-iam.
1738 391 1807 418 item

1031 439 1072 466 sic
1086 438 1223 466 ordinata
1237 441 1320 472 sunt,
1336 440 1367 465 ut
1381 437 1504 474 quando
1524 445 1617 465 unum
1637 436 1808 464 membrum

1032 485 1140 519 deficit,
1165 485 1224 513 alia
1251 485 1314 520 ejus
1342 483 1489 512 defectum
1514 483 1695 520 suppleant:
1727 482 1808 510 unde

1030 532 1167 560 videmus
1189 532 1306 567 aliquos
1332 533 1464 558 carentes
1486 530 1626 557 manibus
1651 529 1808 557 comedere

1031 586 1100 606 cum
1123 578 1268 614 pedibus,
1293 580 1321 606 et
1343 577 1417 605 alios
1436 579 1568 605 carentes
1589 576 1718 612 pedibus
1741 584 1826 603 cum.

1030 625 1171 653 manibus
1188 624 1353 653 ambulare.
1375 626 1444 652 item
1461 623 1502 651 sic
1522 623 1659 652 ordinata
1677 624 1761 657 sunt,
1777 624 1811 650 ut

1030 679 1125 699 unum
1139 671 1309 699 membrum
1325 670 1465 707 periculis
1479 678 1509 698 se
1523 671 1654 706 exponat
1666 677 1722 705 pro
1737 668 1808 704 alio,

1030 720 1063 746 ut
1086 720 1166 754 patet
1190 718 1219 746 in
1243 717 1357 754 capite,
1373 725 1428 754 pro
1452 717 1536 752 cujus
1554 716 1727 744 defensione
1751 714 1810 742 alia

1030 764 1167 792 membra
1189 764 1328 800 periculis
1347 772 1378 792 se
1405 765 1567 799 exponunt.
1591 764 1661 791 item
1682 769 1810 797 magnus

1031 810 1119 839 dolor
1137 811 1168 838 in
1191 818 1253 838 uno
1271 811 1427 844 membro,
1443 809 1513 838 facit
1533 809 1681 843 minorem
1699 809 1730 836 in
1749 808 1809 836 alio

1031 865 1092 886 non
1108 857 1217 885 sentiri.
1235 858 1306 884 item
1321 856 1467 890 membra,
1483 863 1613 892 quorum
1628 857 1727 882 motus
1741 855 1811 882 sub-

1032 906 1074 932 est
1089 904 1184 932 libero
1200 904 1333 938 arbitrio,
1348 906 1409 931 tam
1422 905 1593 939 promptam
1608 901 1810 930 obedientiam

1031 953 1163 985 servant,
1181 952 1213 978 ut
1226 951 1300 978 inter
1314 950 1473 986 imperium
1489 949 1648 977 voluntatis
1662 950 1690 976 et
1703 955 1809 976 execu-

1031 997 1142 1025 tionem
1162 997 1261 1033 operis
1285 997 1368 1033 quasi
1390 996 1474 1024 nulla
1497 1003 1582 1024 mora
1603 995 1761 1023 videatur:
1783 998 1811 1022 et

1031 1043 1108 1072 hanc
1129 1043 1331 1072 obedientiam
1349 1043 1487 1071 videmus
1507 1050 1624 1071 servare
1643 1042 1764 1071 oculum
1779 1041 1810 1070 in

1031 1089 1184 1125 videndo,
1206 1089 1340 1125 linguam
1361 1089 1390 1117 in
1411 1089 1584 1126 loquendo,
1605 1096 1639 1116 os
1661 1089 1692 1116 in
1707 1096 1809 1116 comc-

1031 1136 1142 1171 dendo,
1159 1144 1265 1164 manus
1278 1137 1309 1165 in
1323 1136 1488 1172 operando,
1501 1138 1530 1164 et
1542 1135 1723 1172 hujusmodi.

1277 1232 1420 1266 CAPUT
1442 1233 1559 1267 Ltht.

1212 1305 1249 1331 De
1268 1304 1456 1338 Physionomia
1472 1305 1605 1332 Hominis.

1066 1373 1190 1400 Diversae
1204 1373 1409 1401 membrorum
1423 1373 1632 1409 dispositiones
1644 1373 1810 1401 secundum

1030 1421 1123 1447 artem
1146 1419 1362 1456 pliysionomiae
1382 1420 1650 1447 diversos-euectus
1664 1427 1699 1447 ac
1713 1427 1811 1447 mores

1030 1466 1161 1493 indicant
1177 1466 1206 1493 in
1222 1466 1343 1494 homine
1363 1475 1369 1493 ε
1393 1474 1454 1493 non
1473 1466 1557 1502 quod
1578 1466 1632 1494 ista
1655 1466 1740 1501 signa
1761 1473 1813 1493 ne-

1030 1512 1195 1540 cessitatem
1225 1513 1381 1548 imponant
1404 1513 1538 1541 moribus
1561 1512 1733 1546 hominum;
1757 1512 1810 1540 sed

1031 1559 1189 1587 ostendunt
1204 1560 1236 1593 (b)
1255 1560 1476 1587 inclinationem
1491 1561 1614 1594 naturae,
1631 1568 1697 1595 quae
1711 1561 1809 1587 tamen

1030 1606 1147 1633 retineri
1165 1608 1261 1641 potest
1273 1606 1356 1634 freno
1371 1606 1502 1634 rationis.
1515 1606 1671 1642 Sequimur
1681 1606 1768 1641 igitur
1779 1606 1809 1633 in

1030 1652 1087 1680 hoc
1102 1655 1225 1680 tractatu
1240 1661 1365 1687 magnos
1379 1653 1467 1688 hujus
1482 1653 1550 1680 artis
1567 1654 1717 1687 auctores,
1732 1653 1810 1681 scili-

1030 1702 1075 1727 cet
1089 1700 1281 1734 Aristotelem,
1303 1701 1494 1734 Avicennam,
1513 1701 1730 1734 Constantium,
1746 1701 1810 1728 Phi-

1030 1746 1196 1780 lemonem,
1213 1748 1343 1781 Loxum,
1365 1747 1559 1774 l’alemotium
1570 1767 1578 1780 ,
1595 1746 1768 1782 incipientes
1793 1756 1810 1775 a

1031 1793 1299 1828 complexionibu<.
1317 1793 1543 1821 Melancholicos
1558 1793 1651 1821 tristes
1666 1796 1809 1828 etgraves

1030 1848 1092 1868 esse
1109 1840 1255 1875 dicimus3
1273 1841 1453 1875 sanguineos
1467 1848 1536 1868 vero
1552 1840 1660 1868 horum
1673 1840 1810 1876 opposita

1029 1887 1139 1915 habere
1154 1887 1308 1921 videmus;
1326 1887 1464 1915 cholerici
1477 1887 1578 1916 faciles
1592 1890 1659 1915 sunt
1671 1887 1710 1915 ad
1722 1887 1808 1922 iram,

1030 1936 1057 1962 et
1072 1933 1261 1969 phlegmatici
1286 1934 1362 1970 pigri
1384 1936 1451 1962 sunt
1475 1938 1503 1962 ct
1522 1934 1711 1962 somnolenti.
1734 1934 1808 1970 Phy-

1030 1980 1179 2008 sionomia
1201 1989 1289 2008 sexus
1316 1983 1357 2008 est
1369 2001 1376 2013 ,
1406 1981 1489 2016 quod
1518 1981 1667 2009 masculus
1693 1981 1809 2008 animus

1030 2027 1191 2055 vehemens
1206 2031 1247 2055 est
1268 2028 1305 2055 ad
1322 2028 1458 2063 impetus,
1475 2027 1638 2062 studiosus,
1652 2030 1680 2055 et
1693 2027 1808 2055 animo-

1031 2082 1081 2101 sus
1092 2084 1098 2107 ;
1111 2074 1226 2101 semime
1240 2076 1337 2102 autem
1349 2075 1554 2102 misericordes
1566 2076 1674 2102 suntet
1688 2074 1807 2102 timidoe.

1029 2121 1132 2156 Capilli
1153 2121 1259 2148 molles
1280 2124 1308 2149 et
1330 2121 1388 2148 rari
1414 2121 1505 2149 hebes
1529 2121 1681 2155 ingenium
1707 2121 1807 2156 prolo-

1030 2169 1170 2202 quuntur.
1195 2169 1264 2195 item
1279 2167 1377 2202 capilli
1393 2167 1480 2202 crispi
1499 2167 1691 2202 pronuntiant
1713 2167 1808 2194 homi-

1030 2220 1098 2240 nem
1113 2213 1249 2240 timidum
1264 2216 1293 2240 et
1307 2213 1379 2240 lucri
1395 2213 1548 2248 cupidum.
1564 2213 1667 2249 Capilli
1682 2213 1807 2241 nimium

1030 2259 1158 2294 depressi
1171 2280 1178 2290 .
1203 2262 1230 2287 et
1248 2259 1336 2286 fronti
1366 2259 1570 2292 imminenteS.
1591 2259 1686 2287 ferum
1709 2259 1805 2287 decla-

1029 2307 1094 2332 rant
1121 2305 1253 2332 animum
1290 2314 1295 2332 z
1326 2305 1370 2332 his
1399 2306 1560 2334 concordat
1589 2306 1691 2341 capitis
1715 2306 1807 2333 ursini

1029 2351 1212 2387 capillatura.
1241 2353 1310 2379 item
1325 2352 1422 2387 capilli
1443 2352 1529 2387 ssavi,
1545 2353 1652 2386 crassi,
1678 2354 1705 2380 et
1726 2352 1803 2383 albi.

1029 2397 1161 2424 indicant
1176 2397 1329 2425 indociles.
1347 2398 1450 2434 Capilli
1465 2407 1537 2427 vero
1552 2399 1696 2434 subnigri,
1712 2399 1735 2425 si
1751 2399 1806 2426 sint

1029 2443 1180 2471 moderate
1196 2446 1307 2476 tenueS,
1323 2452 1422 2471 mores
1438 2445 1568 2472 indicant
1583 2444 1696 2478 bonos,
1712 2446 1740 2472 et
1754 2445 1806 2472 bo-

1029 2498 1099 2517 nam
1114 2489 1241 2517 hominis
1257 2490 1505 2526 complexionem.
1528 2492 1620 2526 Caput
1640 2491 1727 2518 nimis
1744 2499 1806 2519 ma-

1029 2544 1132 2571 gnum,
1143 2536 1283 2563 stolidum
1296 2536 1414 2565 iudicat.
1427 2538 1519 2574 Caput
1533 2539 1631 2565 autem
1646 2537 1805 2573 globosum

1029 2585 1056 2610 et
1070 2583 1174 2616 breve,
1191 2585 1233 2610 est
1254 2582 1316 2611 sine
1338 2583 1481 2619 sapientia
1496 2586 1523 2611 et
1537 2583 1692 2612 memoria.
1714 2586 1806 2620 Caput

1028 2629 1141 2656 humile
1156 2629 1301 2664 superiuS,
1317 2632 1344 2657 et
1357 2630 1441 2665 quasi
1454 2629 1588 2666 planum,
1603 2631 1765 2659 insolentiae
1777 2633 1805 2660 et

1029 2675 1231 2703 dissolutionis
1257 2676 1307 2704 dat
1336 2676 1488 2705 indicium.
1520 2679 1611 2713 Caput
1640 2678 1803 2713 oblongum
