2004 3037
846 195 977 228 CAPUT
1000 195 1146 229 LXXXII.

195 284 201 290 s
221 265 253 293 ln
264 263 400 293 trecentis
413 264 504 300 viris,
519 264 572 300 qui
583 271 677 292 manu
690 264 731 293 ad
744 272 778 294 os
791 264 966 301 projiciente

184 319 279 348 aquas
300 311 459 348 biberunt,
484 310 625 340 liberavit
649 311 792 340 Dominus
817 311 907 341 lsrael
927 311 966 340 de

183 366 275 388 manu
290 357 408 387 Madian
422 360 450 386 et
461 358 618 394 Amalech,
633 358 684 395 qui
697 360 780 387 erant
791 359 822 387 in
833 358 966 388 maxima

183 405 391 440 multitudine,
407 407 541 442 tempore
560 405 716 435 Gedeonis.
731 406 836 441 sudio„
851 413 902 434 vu.

219 453 412 487 Abimelech,
437 453 517 482 filius
542 453 688 482 Gedeonis
715 461 753 482 ex
776 453 964 489 concubina,

182 499 329 530 interfecit
364 500 552 537 septuaginta
578 500 682 529 fratres
708 508 778 530 suos
792 521 803 536 ,
826 500 859 528 ut
884 500 965 529 solus

181 549 281 583 posset
302 547 461 576 dominari.
479 549 583 576 Postea
601 547 741 584 quaedam
762 547 871 576 mulier
885 555 965 576 cere-

180 593 270 623 brum
285 595 349 630 ejus
363 594 466 630 fregit,
478 594 614 630 fragmen
635 594 723 622 molae
738 594 852 630 jaciens
875 602 965 631 super

180 640 295 677 ipsum,
311 648 380 669 eum
403 640 555 669 obsideret
578 641 684 669 turrim
706 641 833 670 Siehem.
857 642 963 677 Μαῖα,

179 695 226 723 lx,
242 688 276 716 56
290 697 297 716 :
315 696 329 715 ι(
344 687 486 716 Reddidit
498 687 639 716 Dominus
654 688 784 724 malum,
800 699 814 715 »
828 690 882 717 etc.

214 734 357 763 Transivit
376 735 480 771 Jephtc
505 735 544 764 ad
567 735 645 763 filios
665 737 812 770 Ammon,
834 737 866 764 ut
886 744 962 773 pug-

178 783 263 810 naret
286 784 389 810 contra
413 790 485 818 eos3
511 790 587 818 quos
612 781 735 810 tradidit
758 783 900 811 Dominus
928 783 960 812 in

177 836 285 857 manus
299 829 362 864 ejus
373 850 381 865 ‚
395 829 601 866 percussitque
615 829 720 866 viginti
736 830 868 858 civitates
882 830 961 859 filio-

177 883 244 904 rum
256 878 384 904 Ammon
398 876 490 912 plaga
505 884 617 912 magna
631 877 730 905 nimis.
746 877 853 912 Judtc„
867 886 908 906 x1.

212 924 254 950 Ex
268 931 379 959 magna
402 923 575 952 fortitudine
600 932 692 960 quam
715 924 799 952 dedit
816 924 960 953 Dominus

176 970 312 999 Samsoni
326 991 337 1006 ,
360 970 462 1007 plures
486 971 640 999 mirabiles
661 971 802 1000 victorias
831 972 960 1001 obtinuit

176 1017 214 1045 de
228 1017 416 1053 Philisthaeis,
429 1018 481 1054 qui
496 1019 567 1046 tunc
589 1018 672 1054 gravi
697 1019 836 1047 servitute
859 1020 960 1056 oppri-

174 1064 299 1093 mebant
312 1064 391 1093 filios
409 1065 506 1093 Israel.
523 1066 627 1101 Judz'c„
644 1074 713 1100 xm,
729 1073 789 1102 xiv,
804 1075 845 1095 xv
855 1069 883 1095 et
894 1074 957 1096 xvr.

210 1111 342 1139 Sexcenti
356 1112 413 1140 viri
435 1112 472 1140 de
493 1112 573 1140 tribu
597 1114 658 1141 Dan
681 1115 828 1142 venerunt
848 1114 879 1142 in
893 1114 958 1143 Lais

174 1158 213 1186 ad
234 1159 384 1195 populum
407 1159 612 1196 quiescentem
636 1161 726 1196 atque
752 1168 908 1196 securum,
929 1162 958 1189 et

173 1208 383 1242 percusserunt
402 1214 454 1234 eos
470 1206 502 1234 in
523 1214 574 1235 ore
593 1206 703 1243 gladii,
722 1207 889 1243 urbemque
913 1208 958 1236 in-

173 1252 280 1280 cendio
295 1253 498 1289 tradiderunt,
512 1253 597 1282 nullo
617 1254 735 1291 penitus
753 1254 864 1283 ferente
880 1263 956 1291 prae-

172 1299 301 1335 sidium,
323 1308 359 1328 eo
384 1300 468 1337 quod
491 1301 598 1338 procul
623 1303 719 1330 essent
741 1310 759 1329 a
782 1302 912 1337 Sidone,
928 1304 957 1331 et

171 1355 240 1375 cum
263 1347 347 1376 nullo
368 1347 528 1376 hominnm
551 1348 698 1377 haberent
719 1349 888 1386 quidquam
909 1358 955 1378 so-

171 1394 282 1422 cietatis
297 1397 325 1422 et
339 1395 471 1430 negotii,
485 1396 560 1430 Jad„
575 1404 659 1424 xviii.

206 1441 282 1470 Licet
293 1442 346 1470 filii
360 1443 446 1470 lsrael
456 1443 534 1478 juste
546 1445 740 1472 moverentur
755 1446 859 1473 contra
875 1445 954 1473 filios

170 1489 338 1525 Benjamiu,
355 1492 382 1518 et
410 1492 508 1518 essent
531 1491 632 1526 plures
659 1492 831 1528 septuplum
861 1501 954 1528 quam

169 1535 228 1571 illi,
245 1538 344 1564 tamen
358 1537 388 1564 in
403 1537 575 1565 fortitudine
587 1546 604 1566 a
615 1546 740 1566 numero
757 1539 953 1575 confidentes,

168 1582 214 1612 bis
237 1583 356 1611 fuerunt
384 1585 423 1612 ab
453 1585 494 1612 eis
515 1584 666 1613 debellati.
690 1587 793 1614 Postea
813 1586 953 1615 flentibus

169 1637 270 1658 coram
292 1632 438 1666 Domino,
456 1634 483 1660 et
500 1632 726 1667 jejunantibus,
743 1633 818 1661 dixit
841 1633 883 1661 eis
898 1636 953 1662 Do-

167 1677 267 1705 minus
283 1687 290 1706 :
311 1688 324 1704 «
340 1679 409 1706 Cras
423 1679 540 1706 tradam
557 1687 608 1707 eos
623 1680 653 1707 in
669 1688 777 1707 manus
791 1683 920 1715 vestraS,
934 1691 948 1708 n

167 1726 195 1752 et
210 1726 278 1752 tunc
294 1725 417 1761 plenam
432 1726 589 1754 victoriam
609 1727 778 1755 habuerunt
798 1727 948 1765 deinceps.

166 1772 183 1799 J
186 1772 272 1806 udt'c„
288 1779 336 1800 xx.

201 1819 345 1854 Tempore
369 1819 431 1846 Heli
454 1819 617 1847 sacerdotis
637 1841 646 1855 ,
662 1820 716 1848 filii
736 1820 825 1849 lsrael
844 1821 949 1850 debel-

165 1864 216 1892 lati
232 1864 351 1893 suerunt
366 1873 384 1892 a
399 1865 586 1901 Philisthaeis3
604 1869 707 1902 postea
731 1868 817 1903 quasi
832 1870 948 1897 tentan-

165 1914 207 1940 tes
222 1914 315 1940 Deum
332 1913 461 1942 tulerunt
482 1922 583 1942 arcam
606 1916 722 1943 Domini
742 1924 862 1951 secum,·
880 1917 946 1945 Phi-

164 1959 268 1988 listhaei
297 1968 369 1988 vero
399 1961 600 1989 confortantes
634 1970 664 1990 se
692 1964 815 1997 mutuo,
840 1963 948 1992 iterum

164 2006 298 2035 vicerunt
325 2014 400 2041 θος,
426 2010 454 2036 et
481 2016 582 2037 arcam
611 2009 726 2037 Domini
756 2013 906 2046 ceperunt.
937 2013 946 2039 1

163 2055 240 2089 Rey„
258 2062 297 2082 iv.

199 2101 350 2130 clamante
366 2101 404 2128 ad
425 2101 584 2130 Dominum
607 2103 743 2131 Samuele
767 2111 822 2139 pro
838 2105 943 2139 lsrael,

163 2149 190 2176 et
215 2148 394 2176 sacrificium
418 2148 559 2177 offerente
583 2159 592 2185 3
621 2150 777 2178 «intonuit
804 2153 944 2180 Dominus

160 2194 277 2230 fragore
297 2203 408 2230 magno
425 2203 514 2231 super
536 2196 720 2232 Philisthiim,
738 2199 766 2225 et
786 2199 852 2226 caesi
876 2201 944 2228 sunt

160 2242 305 2270 Philisttei.
323 2244 330 2269 l
344 2243 422 2277 Rea„
438 2250 490 2276 vn,
506 2245 553 2271 lo.

196 2290 270 2316 Cum
292 2288 403 2316 obsessi
427 2291 523 2317 essent
546 2289 601 2317 viri
627 2290 664 2318 de
684 2291 772 2319 Jabes
796 2291 908 2320 Galaad
923 2302 942 2322 a

159 2337 233 2363 Naas
257 2343 327 2371 rege
342 2336 597 2371 Ammonitarum,
614 2339 758 2366 succurrit
784 2339 825 2366 eis
849 2340 918 2368 Saul
932 2351 939 2375 ;

157 2390 228 2410 nam
263 2391 331 2410 cum
357 2383 458 2410 multis
494 2383 691 2412 bellatoribus
719 2385 868 2421 ingressus
898 2390 940 2416 est

157 2432 250 2457 castra
265 2430 295 2456 in
309 2429 411 2465 vigilia
425 2430 586 2464 matutina,
604 2432 632 2459 ct
646 2431 687 2459 sic
704 2432 828 2469 dispersi
851 2436 918 2462 sunt
928 2456 936 2470 ,

157 2476 196 2504 ita
222 2478 254 2503 ut
274 2485 335 2504 non
358 2476 597 2512 relinquerentur
619 2478 650 2506 in
675 2479 717 2507 eis
740 2480 801 2508 duo
817 2481 935 2516 pariter.

157 2523 166 2550 l
178 2524 255 2557 Ray„
270 2531 310 2551 xr.

190 2570 297 2597 Videns
312 2570 451 2598 Jonathas
466 2570 545 2598 filius
560 2571 628 2600 Saul
650 2573 806 2602 stationem
831 2575 935 2604 Philis-

156 2617 317 2651 thinorum,
334 2617 407 2645 dixit
421 2618 460 2646 ad
475 2618 656 2654 armigerum
672 2628 759 2649 suum
776 2631 802 2649 :u
814 2623 878 2650 Non
893 2625 935 2651 est

155 2663 281 2692 Domino
296 2664 416 2692 difficile
431 2665 546 2693 salvare
561 2665 593 2693 in
609 2666 726 2702 multis,
749 2669 796 2696 vel
815 2669 845 2696 in
860 2677 933 2706 pau-

1741 198 1802 230 587

1020 264 1062 293 eis
1077 286 1085 293 .
1101 266 1135 294 Et
1152 264 1260 295 accidit
1281 265 1367 302 quasi
1391 265 1570 294 miraculum
1584 273 1603 294 a
1622 266 1692 294 Deo.
1707 275 1723 292 n
1739 264 1805 294 Fuit

1020 312 1101 341 enim
1114 320 1168 350 per
1183 320 1235 341 eos
1250 312 1411 341 multitudo
1423 314 1588 349 prostrata,
1601 314 1629 342 et
1641 312 1701 342 hue
1718 312 1804 341 illuc-

1020 368 1079 397 que
1095 360 1267 396 diffugiens.
1284 361 1295 389 1
1310 359 1387 396 Κεφ,
1398 368 1458 388 xiv.

1055 407 1100 436 Ad
1113 407 1291 436 mandatum
1305 407 1441 442 Samuel,
1465 407 1610 444 percussit
1632 406 1701 439 Saul
1715 408 1803 436 Ama-

1019 454 1086 483 lech
1112 455 1213 483 vivum
1230 476 1241 490 ‚
1269 462 1358 483 omne
1385 456 1486 483 autem
1512 454 1622 490 vulgus
1647 453 1800 483 interfecit.

1019 502 1029 529 l
1043 503 1122 537 Rea„
1138 510 1188 530 xv.

1054 549 1186 577 Audiens
1196 548 1289 578 David
1300 548 1384 585 quod
1390 548 1578 577 Amaleehitae
1587 548 1804 577 succenderant

1018 596 1148 631 Siceleg‚
1164 598 1192 624 et
1212 596 1345 633 captivas
1360 595 1508 624 duxerant
1527 595 1680 630 mulieres,
1697 603 1804 625 consu-

1017 642 1074 671 luit
1089 643 1267 678 Dominum,
1280 646 1379 671 utrum
1398 643 1521 671 deberet
1533 643 1674 680 persequi
1687 642 1802 671 latrun-

1019 690 1105 717 culos
1119 690 1199 718 iltos.
1217 690 1350 726 Dixitque
1369 690 1532 718 Dominus:
1551 699 1565 716 «
1578 691 1769 726 persequere.
1786 701 1800 718 n

1017 737 1049 765 Et
1073 745 1141 765 cum
1167 737 1393 773 quadringentis
1415 736 1486 764 viris
1501 736 1664 765 debellavit
1684 744 1755 772 e05,
1776 739 1803 766 et

1015 784 1150 820 praedam
1162 784 1345 820 integraliter
1359 783 1488 812 reduxit.
1505 785 1515 812 l
1530 784 1606 819 Rea,
1622 792 1691 812 xxx.

1052 832 1119 859 Post
1133 831 1242 859 multas
1257 831 1479 868 persecutiones
1494 831 1628 867 iniquas,
1643 839 1719 868 quas
1733 831 1802 860 Saul

1014 878 1046 906 in
1055 879 1147 907 David
1157 879 1330 910 commovit,
1342 878 1517 907 Philisthiim
1528 881 1738 914 pugnaverunt
1748 879 1802 907 ad·

1015 934 1116 954 versus
1133 934 1218 960 eum,
1238 927 1395 962 totumque
1419 926 1540 962 pondus
1563 926 1656 962 praelii
1682 934 1801 954 versum

1015 975 1057 1001 est
1071 973 1102 1001 in
1117 973 1188 1001 Saul
1205 982 1211 1001 t
1226 973 1349 1009 arripuit
1373 975 1472 1001 autem
1493 973 1628 1008 gladium
1650 981 1756 1008 suum,
1771 974 1800 1002 et

1013 1020 1097 1049 irruit
1111 1028 1200 1057 super
1215 1029 1295 1048 eum.
1312 1022 1441 1049 Mortuus
1457 1022 1500 1048 est
1515 1028 1584 1055 ergo
1601 1020 1687 1055 Saul,
1699 1023 1727 1049 et
1741 1023 1799 1049 tres

1013 1067 1086 1103 filii,
1102 1070 1130 1096 et
1143 1067 1275 1096 univer>i
1298 1068 1354 1095 viri
1376 1068 1439 1104 ejus
1455 1068 1574 1104 pariter.
1592 1069 1601 1096 l
1622 1068 1699 1103 Κεφ,
1714 1075 1795 1096 xxxx.

1049 1116 1174 1144 Crudele
1197 1115 1313 1144 bellum
1337 1115 1392 1143 fuit
1414 1116 1489 1144 inter
1511 1115 1673 1143 duodecim
1686 1123 1798 1151 pueros

1013 1170 1050 1191 ex
1073 1165 1156 1199 parte
1182 1162 1296 1197 David,
1313 1165 1340 1190 et
1365 1162 1527 1190 duodecim
1552 1171 1588 1190 ex
1607 1163 1691 1198 parte
1715 1161 1797 1191 Isbo-

1011 1210 1075 1238 seth
1099 1209 1152 1238 filii
1176 1210 1262 1245 Saul,
1280 1210 1403 1246 quando
1425 1211 1531 1238 mutuo
1556 1218 1587 1238 se
1609 1209 1794 1238 occiderunt.

1010 1257 1032 1286 Il
1050 1257 1124 1292 Ray„
1141 1265 1172 1285 ιι.

1045 1304 1210 1333 Audierunt
1225 1303 1484 1340 Philisthoei,quod
1499 1303 1592 1332 David
1600 1304 1674 1332 esset
1688 1305 1795 1332 unctus

1010 1351 1041 1379 in
1055 1359 1158 1387 regem
1173 1360 1262 1388 super
1276 1351 1366 1380 lsrael
1379 1361 1386 1386 ;
1401 1353 1428 1379 et
1442 1351 1639 1380 ascenderunt
1651 1350 1794 1386 universi,

1011 1400 1042 1427 ut
1068 1401 1233 1435 quaererent
1258 1407 1326 1426 eum
1343 1407 1349 1427 :
1368 1399 1420 1435 qui
1444 1399 1593 1427 consuluit
1613 1399 1770 1427 Dominum
1783 1419 1793 1434 ‚

1011 1449 1038 1474 et
1063 1447 1205 1482 percussit
1235 1454 1295 1474 eos.
1326 1446 1391 1474 Alia
1416 1446 1480 1474 vice
1506 1446 1614 1474 accidit
1636 1446 1662 1474 ei
1686 1446 1792 1481 simile,

1009 1494 1030 1521 ll
1045 1494 1120 1528 Roq„
1131 1502 1160 1520 v.
1173 1495 1275 1521 Postea
1284 1493 1429 1529 percussit
1440 1493 1545 1521 iterum
1560 1494 1750 1529 Philisthaeos‚
1766 1496 1794 1522 et

1009 1540 1075 1568 tulit
1088 1540 1206 1568 frenum
1225 1540 1327 1568 tributi
1349 1540 1386 1568 de
1402 1549 1494 1568 manu
1510 1549 1624 1568 eorum.
1642 1543 1712 1569 ltem
1727 1549 1794 1576 per-

1009 1588 1097 1615 cussit
1111 1588 1215 1621 Moab,
1238 1590 1265 1615 et
1291 1586 1385 1614 factus
1405 1590 1447 1615 est
1471 1588 1557 1616 Moab
1582 1587 1712 1615 serviens
1734 1587 1790 1616 sub

1006 1635 1128 1662 tributo.
1145 1636 1216 1662 ltem
1229 1635 1372 1670 percussit
1385 1643 1486 1670 regem
1501 1635 1596 1669 Solia,
1613 1636 1641 1662 ct
1655 1635 1692 1662 de
1706 1635 1791 1671 Syria

1007 1682 1169 1710 duodecim
1183 1682 1278 1709 millia
1292 1682 1425 1709 virorum
1439 1691 1445 1710 τ
1465 1682 1675 1718 «servavitque
1691 1682 1789 1710 Domi-

1006 1737 1062 1757 nus
1077 1729 1169 1757 David
1185 1729 1215 1756 in
1231 1729 1390 1763 omnibus,
1406 1729 1445 1757 ad
1461 1737 1658 1765 quaecumque
1673 1729 1790 1766 profec-

1005 1778 1051 1806 tus
1066 1780 1118 1805 est.
1134 1788 1147 1803 n
1165 1779 1184 1805 lt
1200 1779 1276 1812 Κεφ,
1292 1786 1354 1805 vui.

1041 1824 1148 1852 Videns
1163 1825 1237 1852 Joab
1259 1825 1343 1860 quod
1364 1826 1564 1860 praeparatum
1587 1826 1663 1852 esset
1679 1825 1788 1853 adver-

1004 1879 1071 1899 sum
1086 1880 1117 1899 se
1130 1872 1278 1907 praelium,
1292 1873 1320 1899 et
1334 1880 1369 1899 ex
1386 1872 1525 1906 adverso,
1538 1874 1565 1899 et
1579 1874 1646 1907 post
1661 1874 1787 1907 tergum,

1005 1918 1187 1947 dixitAbisai
1202 1918 1283 1946 fratri
1299 1927 1370 1946 suo:
1389 1928 1402 1944 (ι
1418 1919 1445 1946 Si
1460 1919 1669 1954 praevaluerint
1681 1920 1788 1948 adver-

1003 1974 1070 1993 sum
1090 1974 1138 1993 me
1162 1965 1244 2001 Syri,
1267 1966 1323 1992 eris
1347 1965 1421 1992 mihi
1446 1966 1477 1992 iu
1502 1966 1668 2001 adjutori0;
1695 1967 1719 1994 si
1734 1967 1786 1995 filii

1003 2015 1129 2041 Ammon
1149 2012 1360 2049 praevaluerint
1379 2012 1538 2040 adversum
1556 2015 1582 2041 te
1594 2034 1603 2047 ,
1619 2014 1787 2043 auxiliabor

1001 2059 1073 2087 tibi:
1090 2061 1151 2087 esto
1169 2059 1215 2087 vir
1234 2059 1334 2094 fortis,
1361 2061 1388 2086 et
1408 2067 1575 2095 pugnemus
1595 2069 1649 2096 pro
1671 2062 1785 2097 populo

1001 2109 1115 2141 nostro,
1133 2109 1161 2134 et
1185 2106 1299 2134 civitate
1323 2106 1371 2133 uei
1388 2106 1480 2134 nostri
1498 2115 1505 2134 :
1529 2107 1671 2135 Dominus
1686 2111 1785 2136 autem

1000 2154 1088 2181 saciet
1101 2153 1184 2189 quod
1199 2153 1315 2181 bonum
1328 2154 1371 2180 est
1387 2152 1417 2180 in
1433 2155 1592 2190 conspeetu
1605 2163 1669 2182 suo.
1683 2164 1695 2179 n
1707 2155 1782 2184 Inito

1000 2209 1071 2236 ergo
1086 2200 1210 2237 praelio,
1232 2200 1371 2235 fugerunt
1388 2208 1491 2228 omnes
1514 2200 1676 2229 adversarii
1695 2202 1779 2230 Joab.

999 2250 1019 2277 lt
1032 2249 1110 2282 Κεφ,
1125 2256 1154 2279 x,
1171 2248 1215 2281 11,
1235 2248 1276 2274 13.

1033 2294 1146 2323 Bellum
1170 2293 1362 2322 inhonestum
1385 2292 1490 2322 habuit
1514 2294 1655 2323 Absalom
1679 2299 1781 2324 contra

998 2342 1091 2370 David
1114 2342 1229 2377 patrem
1251 2349 1356 2375 suum,
1380 2342 1408 2368 et
1436 2342 1514 2369 male
1542 2343 1680 2370 successit
1702 2343 1728 2371 ei
1752 2345 1780 2371 et

996 2389 1122 2425 populo,
1139 2388 1190 2425 qui
1204 2388 1302 2416 eidem
1318 2388 1448 2416 adhaesit.
1467 2390 1487 2416 ll
1503 2390 1579 2424 ch„
1596 2398 1678 2418 xvm.

1031 2435 1170 2464 Benadad
1183 2443 1234 2463 rex
1247 2435 1337 2471 Syriae
1352 2444 1420 2463 cum
1436 2436 1553 2471 triginta
1568 2437 1687 2464 duobus
1700 2438 1776 2472 regi-
1801 2443 1805 2445 “

993 2482 1050 2510 bus
1066 2482 1225 2510 obsidebat
1239 2482 1414 2517 Samariam,
1427 2485 1454 2511 et
1468 2483 1560 2510 victus
1575 2484 1638 2518 fuit,
1653 2486 1681 2512 et
1694 2484 1777 2520 fuga-

993 2532 1039 2558 tus
1053 2530 1093 2558 ad
1108 2529 1284 2557 mandatum
1300 2529 1431 2563 Domini,
1455 2531 1657 2566 pugnantibus
1672 2535 1775 2560 eontra

993 2578 1155 2605 exercitum
1184 2578 1297 2604 tantum
1325 2576 1424 2612 pueris
1453 2577 1623 2613 principum
1651 2579 1773 2614 provin-

991 2624 1123 2659 ciarum,
1148 2623 1199 2660 qui
1227 2624 1310 2651 erant
1334 2623 1453 2651 ducenti
1480 2625 1598 2660 triginta
1622 2625 1693 2654 du0.
1720 2628 1771 2655 Se-

991 2671 1093 2708 quenti
1109 2672 1208 2700 autem
1224 2677 1303 2698 anno
1325 2670 1406 2698 veuit
1427 2670 1534 2700 iterum
1548 2672 1688 2702 Benadad
1704 2682 1773 2703 cum
