2004 3037
481 252 530 286 DE
550 253 684 286 1³OEle
706 251 884 292 lNFERNJ,
909 251 1040 291 ATQUE
1062 250 1209 284 GLORIA
1231 251 1428 284 PARADlSl.
1452 251 1534 283 CAP.
1554 250 1606 283 Vl.

240 323 269 351 et
283 320 471 356 doctoribus,
487 323 515 350 et
531 320 596 350 aliis
609 319 828 350 confessoribus
849 329 855 348 :
878 322 906 348 et
918 319 1017 356 primo

240 368 348 398 sanctis
355 367 546 404 pontificibus
557 368 735 397 cantilenam
747 375 814 404 quae
822 367 931 404 scripta
941 369 1017 396 est¹:

245 418 295 445 Vos
310 419 402 444 autem
415 423 497 451 qenus
512 416 633 449 electum,
645 416 735 451 reqale
749 415 938 448 sacerdotium,
955 423 1019 451 qens

241 466 343 498 sancta,
357 463 475 498 populus
485 463 687 498 acquisitionis.
703 463 798 491 Genus
814 462 950 497 electum,
965 470 1020 499 per

241 509 548 548 proedestinationem;
559 509 659 545 regale
667 509 877 544 sacerdotium,
887 518 942 546 per
952 510 1020 537 sub-

243 557 374 586 ditorum
396 557 609 593 protectionem
617 565 626 592 3
652 565 725 593 gens
739 558 850 592 sancta,
865 565 919 593 per
932 556 1021 584 virtu-

242 605 304 633 tum
325 603 556 640 periectionem3
582 603 713 640 populus
737 603 950 640 acquisitionis,
966 611 1021 640 per

242 651 448 688 exemplorum
458 651 696 686 aedificationem,
713 652 741 679 et
755 651 940 686 diligentiam
952 659 1020 688 pas-

242 698 379 727 toralem.
396 699 498 727 Postea
508 697 615 726 sanctis
627 697 800 726 doctoribus
811 698 938 726 Christus
954 706 1021 727 can·

241 745 316 774 tabit
332 745 410 773 illud
432 745 516 782 quod
533 745 674 782 scriptum
694 748 735 774 est
748 746 759 762 ²
780 755 786 773 :
813 746 865 774 Vos
889 748 954 774 estis
979 748 1020 774 sal

243 794 329 820 terroe.
342 793 416 820 Nam
427 792 502 820 sieut
512 792 554 820 sal
566 793 609 820 est
618 801 707 829 sapor
718 793 853 820 omnium
867 801 1021 829 saporum,

242 838 283 867 sic
299 838 445 875 expositio
460 838 607 867 catholica
621 839 779 867 doctorum
794 841 836 867 est
851 839 936 876 quasi
951 847 1021 867 con-

243 886 408 915 dimentum
422 894 575 914 sacrorum
597 887 796 922 eloquiorum.
813 887 846 914 Et
868 887 942 914 sicut
956 895 1020 914 om-

242 933 292 961 nia
307 933 419 961 cibaria
440 933 502 961 sine
525 933 587 961 sale
612 935 680 961 sunt
702 933 848 969 insipida,
872 934 914 961 sic
929 933 1022 961 verba

243 989 332 1009 sacrae
352 981 517 1017 Scripturae,
541 981 672 1009 maxime
693 981 803 1017 legalia
825 984 1019 1016 sacramenta,

243 1028 305 1056 sine
321 1028 468 1057 catholica
491 1028 676 1064 expositione
697 1028 865 1062 deciorum,
884 1028 1023 1056 videntur

242 1074 428 1111 simplicibus
440 1083 503 1103 non
513 1083 576 1103 esse
585 1075 713 1103 multum
727 1075 887 1103 fructuosa.
903 1076 936 1102 Et
948 1075 1024 1103 sicut

242 1122 286 1150 sal
300 1123 456 1150 conservat
474 1130 578 1151 carnes
593 1130 610 1150 a
628 1122 842 1159 putrefactione
863 1122 1022 1157 vermium,

242 1169 283 1197 sie
306 1169 441 1198 doctrina
461 1171 489 1198 et
512 1169 658 1206 expositio
689 1170 846 1198 doctorum
869 1172 1024 1198 conservat

243 1217 377 1245 carnales
400 1217 537 1244 homines
565 1225 584 1245 a
604 1217 794 1253 corruptione
821 1219 1021 1253 peccatorum.

243 1264 324 1292 Unde
337 1266 458 1300 propter
471 1264 527 1293 ista
542 1264 648 1292 dicitur
668 1265 677 1281 ³
695 1272 701 1291 :
715 1265 805 1292 Sermo
819 1267 906 1292 vester
920 1272 1023 1299 semper

243 1314 281 1339 sit
296 1313 354 1339 sale
369 1312 503 1339 conditus.

279 1359 426 1394 Septimo,
450 1358 579 1387 Christus
600 1359 730 1387 cantabit
753 1359 893 1387 omnibus
916 1359 1023 1387 sanctis

243 1405 398 1434 monachis
414 1407 442 1433 et
455 1405 652 1440 anachoretis,
667 1406 752 1433 idest
767 1406 915 1440 solitariis,
927 1409 953 1434 et
963 1415 1024 1434 om-

244 1453 333 1481 nibus
356 1451 420 1480 aliis
446 1452 664 1480 confessoribus
693 1456 811 1481 cantum
838 1453 923 1481 illnm
935 1474 944 1488 ‚
973 1454 1024 1490 qui

245 1500 369 1535 scriptus
390 1501 432 1526 est
445 1499 476 1526 in
495 1500 643 1527 Matthoeo‘·
660 1509 666 1527 :
689 1501 739 1527 Vos
758 1502 823 1527 estis
847 1501 895 1527 lun
916 1502 1022 1528 mnndi.

246 1546 295 1575 Sol
306 1545 411 1574 dicitur
420 1545 472 1573 lux
485 1546 591 1573 mundi
604 1546 643 1573 ad
658 1546 795 1581 litteram,
809 1549 836 1574 ct
850 1547 941 1574 sancti
958 1555 1025 1574 con-

246 1593 370 1621 fessores
385 1593 523 1620 dicuntur
538 1593 587 1620 lux
603 1593 709 1620 mundi
724 1601 777 1628 per
796 1593 935 1628 figuram,
951 1593 1026 1621 scili-

247 1642 306 1675 cet,
322 1641 413 1668 instar
434 1640 514 1674 solis,
535 1640 683 1668 mundum
706 1640 907 1668 illuminantes
927 1641 1026 1676 splen-

247 1688 319 1716 dore
340 1687 517 1721 honestatis,
540 1687 631 1715 instar
650 1687 720 1714 solis
739 1687 886 1714 mundum
908 1687 1025 1715 inflam-

246 1736 359 1763 mantes
374 1734 490 1762 fervore
508 1733 668 1767 charitatis,
683 1734 774 1761 instar
789 1734 858 1761 solis
878 1735 1026 1762 mundum

246 1785 418 1819 superantes
440 1782 601 1818 quantitate
620 1782 746 1809 virtutis.
766 1783 839 1810 Nam
861 1783 1026 1811 secundum

248 1830 425 1865 astrologos,
442 1829 491 1857 Sol
514 1830 556 1856 est
577 1828 666 1856 octies
686 1829 783 1864 major
807 1837 898 1865 quam
914 1831 1001 1858 Terra
1019 1840 1025 1858 z

248 1877 289 1905 sic
305 1877 397 1904 sancti
420 1876 476 1903 viri
497 1875 667 1903 mundanos
690 1876 835 1904 excedunt
857 1876 945 1904 octies
968 1877 1026 1904 vir-

249 1924 308 1950 tute
320 1925 347 1950 et
361 1922 464 1957 gratia,
480 1922 512 1949 id
527 1925 569 1949 est
584 1924 649 1950 octo
664 1922 898 1951 beatitudinibus
911 1923 959 1951 vel
973 1923 1027 1951 vir-

249 1969 371 2003 tutibus,
389 1977 463 2005 quas
478 1969 606 1996 Christus
622 1969 722 1996 docuit
736 1969 767 1996 in
783 1970 886 1997 schola
900 1978 954 1997 sua
968 1972 1029 1997 tan-

250 2024 342 2051 quam
363 2015 394 2043 in
417 2023 471 2042 sua
490 2015 588 2050 prima
606 2015 747 2048 lectione,
771 2015 872 2043 dicens
888 2018 897 2033 ⁵
919 2025 925 2043 ε
951 2018 1029 2044 Beati

249 2070 380 2098 pauperes
394 2063 505 2097 spiritu.
523 2063 583 2089 lstae
603 2070 734 2097 namque
749 2064 813 2089 octo
830 2063 1028 2090 beatitudines

250 2111 317 2137 sunt
338 2108 476 2145 quaedam
497 2107 596 2142 gratiae
612 2110 784 2144 praesentes,
800 2108 830 2135 in
849 2109 958 2144 quibus
974 2109 1029 2136 viri

250 2156 343 2184 sancti
358 2157 498 2191 superant
508 2154 645 2182 homines
658 2155 827 2182 mundanos
843 2158 869 2183 et
882 2156 1028 2183 carnales.

250 2203 293 2231 Ad
308 2203 395 2230 istam
405 2203 524 2230 beatam
539 2202 716 2229 cantilenam
732 2210 835 2229 omnes
851 2202 1030 2230 unanimiter

250 2250 404 2286 pontifices
419 2250 447 2276 et
461 2248 512 2276 alii
527 2249 663 2276 doctores
679 2249 790 2276 Christo
805 2249 1030 2284 respondebunt

251 2298 370 2324 cantum
392 2295 478 2322 illum
493 2295 717 2329 dulcissimum,
734 2295 785 2331 qui
801 2295 926 2331 scriptus
941 2298 984 2323 est
1000 2296 1030 2323 in

251 2341 387 2371 Psalmo⁵
404 2351 410 2369 :
428 2343 614 2369 Transivz'mns
629 2350 676 2376 per
691 2343 779 2375 z'ynem
798 2344 821 2369 ec
837 2351 938 2377 aquam
955 2352 961 2369 ι
978 2350 1031 2378 per

251 2390 361 2425 ignem,
377 2389 466 2416 fortes
481 2388 512 2415 in
527 2388 675 2424 adversis3
699 2396 752 2424 per
767 2397 889 2425 aquam,
905 2389 1031 2416 humiles

252 2436 282 2464 in
295 2435 444 2471 prosperis
463 2443 469 2462 :
484 2437 519 2462 Et
533 2435 655 2462 eduxisti
669 2444 716 2462 uos
730 2438 759 2462 in
773 2437 948 2469 rest-iperium
964 2435 1029 2463 feli-

253 2483 355 2516 citatis,
369 2482 478 2510 scilicet
492 2489 542 2517 per
556 2481 699 2509 miserias
712 2482 792 2510 Unde
806 2483 941 2510 Salvator
951 2482 1010 2509 ait⁷
1022 2491 1028 2509 :

257 2530 351 2557 Venite
365 2529 401 2556 ad
418 2537 457 2556 me
472 2537 558 2556 omnes
575 2530 624 2563 qui
639 2529 768 2556 laboratis
790 2532 814 2556 et
834 2531 940 2556 onerati
955 2530 1030 2563 estis,

288 2617 291 2628 ¹
310 2615 315 2638 i
336 2615 412 2643 Petit,
430 2620 464 2645 Π,
479 2616 501 2638 9.
518 2627 548 2633 -
565 2614 575 2630 ²
588 2614 691 2641 illutlla..
707 2621 731 2645 v,
750 2616 785 2640 13.
798 2629 829 2633 -
848 2615 858 2632 ³
873 2614 979 2645 coloss„
997 2620 1031 2644 iv,

254 2654 276 2676 σῖ,
292 2664 316 2668 -
334 2650 344 2665 ⁴
357 2649 457 2678 Mattlz.,
473 2651 551 2680 v,14.
569 2663 595 2667 -
612 2650 622 2667 ⁶
638 2651 712 2681 thiu„
726 2653 748 2675 3.
762 2664 792 2669 —
806 2652 815 2667 ὓ
832 2651 900 2675 Psal.
917 2657 975 2681 va,
995 2653 1030 2674 12.

255 2700 281 2705 Α
298 2687 307 2703 ⁷
322 2685 480 2715 Mattlz.,x1,
495 2686 534 2709 28.
546 2698 576 2704 —
592 2686 602 2702 ⁸
618 2686 688 2717 Sap„
705 2692 739 2716 iv,
758 2689 777 2711 1.
791 2700 820 2705 —
838 2687 847 2701 ⁹
865 2688 950 2712 Cant„
969 2693 992 2714 1,
1010 2688 1030 2709 t.

254 2736 282 2741 -
303 2723 319 2736 ¹⁰
333 2722 404 2752 Sap„
419 2726 479 2750 vni,
497 2722 534 2745 21.
551 2734 581 2738 —
600 2722 619 2738 ¹¹
639 2722 725 2753 Apoc„
740 2728 794 2752 xw,
813 2723 836 2746 3.
853 2735 881 2739 —
899 2722 914 2736 ¹²
929 2722 1030 2752 Mami„

1794 251 1853 282 345

1072 319 1146 355 Jugo
1161 321 1376 355 praeceptorum
1400 326 1536 347 meorum
1546 339 1554 353 ,
1570 321 1596 346 et
1611 327 1657 354 eqo
1674 319 1794 354 reficiam
1808 325 1853 346 vos

1074 367 1260 404 plenitudine
1276 366 1440 395 coelestium
1455 366 1644 402 gaudiorum.

1111 415 1220 443 Octavo
1243 413 1375 442 cantabit
1394 413 1523 442 Christus
1545 413 1711 449 virginibus
1734 413 1854 442 cantile-

1075 469 1147 490 nam
1161 461 1245 489 illam
1259 460 1269 478 ⁸
1285 470 1292 490 ι
1311 461 1332 490 Ο
1347 469 1428 497 quam
1442 461 1559 496 pulchra
1574 463 1613 488 est
1629 463 1705 489 casta
1719 462 1855 496 yeneratz'o

1075 517 1134 537 cum
1148 510 1290 536 claritate!
1305 509 1390 537 Casta
1411 507 1562 543 generatio
1583 507 1690 536 dicitur
1710 507 1855 544 pudicitia

1076 555 1241 591 virginalis,
1258 557 1286 584 et
1301 555 1482 584 continentia
1495 554 1635 590 vidualis,
1651 556 1678 582 et
1693 557 1856 590 temperan-

1077 603 1116 631 tia
1131 602 1305 638 conjugalis.
1330 602 1392 630 Istis
1406 602 1500 630 tribus
1524 601 1630 638 triplex
1652 601 1769 629 claritas
1791 609 1856 629 cor-

1076 649 1238 686 respondet
1262 658 1269 677 :
1294 657 1364 678 nam
1393 649 1522 685 virgines
1550 649 1663 678 habent
1693 648 1856 677 claritatem

1077 697 1307 733 incorruptionis
1335 698 1363 725 et
1389 697 1529 732 aureolae5
1552 696 1666 731 viduae,
1692 695 1856 724 claritatem

1077 744 1244 772 devotionis
1256 745 1390 779 internae3
1405 744 1558 780 conjugeS,
1570 743 1732 772 claritatem
1742 750 1854 770 succes-

1077 791 1168 819 sionis
1183 791 1321 827 benignae
1337 800 1344 819 :
1360 793 1388 819 et
1402 799 1506 819 omnes
1520 791 1629 827 pariter
1643 790 1755 818 habent
1770 789 1855 818 clari-

1077 840 1166 867 tatem
1191 838 1348 866 odoriferae
1367 838 1453 866 famae
1473 840 1500 866 et
1519 838 1669 874 opinionis
1690 837 1788 865 bonae.
1810 836 1854 865 Ad

1077 885 1154 913 hanc
1169 885 1347 913 cantilenam
1362 885 1490 920 virgines
1500 887 1528 913 et
1538 885 1720 913 continentes
1734 891 1855 920 respon-

1079 933 1192 960 debunt
1205 932 1280 960 illud
1302 932 1450 960 canticum
1466 932 1672 960 dulcissimum
1684 953 1692 966 ,
1716 931 1799 968 quod
1814 932 1857 959 est

1078 979 1110 1006 in
1126 978 1267 1007 Cantz‘ct's⁹
1286 988 1293 1007 ε
1312 980 1404 1008 Oleum
1426 979 1539 1013 effusum
1563 987 1657 1006 nomen
1681 981 1773 1011 tuum,-
1796 978 1855 1005 idco

1079 1027 1279 1054 adolescentulus
1301 1026 1456 1054 dilexerunt
1483 1029 1507 1053 te
1529 1027 1620 1053 nimis.
1645 1027 1734 1054 Nimis
1750 1024 1857 1052 dicitur

1078 1075 1200 1109 propter
1214 1073 1381 1101 ariditatem
1395 1072 1592 1107 continentiae,
1610 1073 1681 1108 quia
1696 1071 1802 1099 dicitur
1812 1071 1832 1089 ¹⁰
1848 1081 1854 1099 :

1079 1120 1137 1147 Scio
1155 1121 1280 1155 quoniam
1292 1121 1372 1147 aliter
1385 1115 1438 1147 ποή
1452 1127 1561 1155 possum
1576 1127 1630 1147 esse
1640 1120 1789 1153 continent,
1801 1119 1858 1145 nisi

1080 1169 1150 1195 Deus
1165 1167 1220 1194 det.
1236 1169 1267 1195 Et
1277 1167 1345 1194 ideo
1362 1167 1469 1194 dicitur
1480 1167 1511 1200 ¹¹,
1524 1166 1595 1202 quia
1609 1174 1684 1193 nemo
1698 1167 1806 1201 poterat
1816 1164 1858 1191 di-

1078 1222 1135 1242 cere
1149 1216 1284 1242 canticum
1308 1214 1394 1245 illud,
1417 1213 1527 1241 scilicet
1551 1213 1714 1248 virginale,
1738 1214 1794 1239 m‘sz'
1808 1213 1858 1240 illa

1079 1265 1181 1289 centum
1196 1262 1380 1296 quadr-aalma
1390 1264 1507 1296 quatuor
1518 1261 1620 1294 millia,
1633 1261 1682 1295 qui
1698 1261 1782 1294 empti
1795 1263 1859 1287 sunt

1080 1309 1112 1336 de
1128 1312 1210 1336 terra.
1233 1310 1376 1336 Numerus
1399 1307 1583 1335 centenarius
1605 1307 1745 1343 competit
1769 1306 1859 1341 virgi-

1079 1356 1179 1390 nibus,
1201 1356 1312 1392 quibus
1332 1356 1418 1383 datur
1433 1354 1543 1383 fructus
1561 1354 1752 1389 centesimus,
1768 1355 1800 1381 ut
1814 1354 1859 1381 di-

1081 1404 1155 1431 citur
1165 1404 1195 1431 in
1205 1403 1333 1430 Matthoeo
1345 1403 1375 1429 ¹².
1388 1401 1647 1437 Quadi-agenarius
1662 1401 1801 1437 competit
1814 1400 1859 1427 vi-

1082 1451 1158 1484 duis,
1175 1451 1246 1486 quia
1265 1449 1463 1485 quadraginta
1488 1449 1582 1483 signat
1605 1450 1742 1476 statutam
1765 1447 1860 1484 poeni-

1081 1497 1210 1525 tentiam.
1234 1497 1303 1524 Ideo
1325 1498 1385 1523 tam
1400 1498 1524 1531 Moyses,
1548 1503 1639 1531 quam
1655 1495 1742 1529 Elias,
1768 1502 1859 1529 quam

1081 1543 1208 1571 Chi-istus
1220 1543 1419 1579 quadraginta
1430 1543 1536 1570 diebus
1544 1544 1571 1569 et
1581 1541 1778 1577 quadraginta
1788 1549 1859 1568 noc-

1081 1591 1160 1618 tibus
1172 1591 1388 1625 jejunaverunt.
1407 1589 1616 1623 Quaternarius
1632 1588 1773 1624 competit
1787 1596 1859 1615 con-

1080 1637 1189 1673 jugatis
1209 1637 1368 1664 castitatem
1393 1636 1576 1671 amantibus3
1602 1636 1673 1671 qnia
1694 1634 1860 1662 secundum

1083 1685 1248 1712 doctrinam
1274 1685 1402 1719 quatuor
1424 1683 1674 1718 evangelistarum
1702 1682 1860 1709 observare

1083 1733 1227 1760 conantur
1242 1730 1431 1766 conjugalem
1451 1730 1581 1757 thorum.
1603 1729 1684 1756 Unde
1701 1728 1771 1756 dicit
1784 1730 1861 1764 Apo-

1083 1779 1174 1806 stolus
1189 1780 1210 1796 13
1233 1779 1416 1805 :Honorabile
1439 1777 1600 1804 connubium
1624 1778 1653 1803 ιή
1675 1776 1809 1807 omnibus,
1836 1777 1861 1801 et

1084 1829 1158 1853 torus
1185 1827 1382 1853 inmaculatus.
1415 1823 1593 1852 Miilenarius
1626 1830 1695 1850 vero
1723 1822 1863 1857 competit

1085 1873 1317 1906 continentibus,
1343 1872 1413 1907 quia
1436 1879 1489 1907 per
1512 1869 1733 1903 millenarium,
1754 1868 1805 1904 qui
1821 1870 1863 1895 est

1083 1920 1168 1947 limes
1189 1921 1216 1947 et
1231 1919 1371 1947 terminus
1387 1918 1522 1946 omnium
1537 1924 1749 1949 numerorum,
1765 1915 1863 1949 signa-

1084 1969 1132 1994 tur
1156 1966 1271 1994 coeleste
1293 1965 1453 2001 gaudium,
1478 1964 1562 2000 quod
1578 1965 1620 1990 est
1638 1963 1705 1990 finis
1727 1962 1862 1989 omnium

1086 2013 1312 2041 desideriorum.
1330 2012 1409 2039 Unde
1426 2011 1532 2038 dieitur
1546 2010 1576 2037 in
1588 2010 1702 2037 Psalmo
1717 2009 1751 2036 ιΜ
1770 2009 1862 2035 Satia-

1085 2061 1140 2090 bor,
1157 2068 1215 2086 cum
1230 2061 1391 2094 apparuerit
1407 2059 1494 2092 olevia
1511 2060 1567 2083 litu.

1122 2107 1226 2133 Ultimo
1249 2105 1377 2133 christus
1401 2103 1531 2131 cantabit
1553 2102 1750 2130 communiter
1766 2101 1863 2129 omni-

1085 2153 1142 2180 bus
1157 2152 1263 2180 sanctis
1274 2152 1355 2179 illam
1367 2151 1568 2178 dulcissimam
1584 2149 1772 2179 cantilenam,
1789 2147 1864 2175 scili-

1086 2202 1131 2227 cet
1147 2201 1166 2217 *ὅ
1184 2209 1189 2227 :
1213 2201 1319 2233 Venite,
1337 2199 1469 2226 benedicti
1484 2199 1577 2225 Patris
1592 2198 1653 2229 mei,
1667 2197 1801 2231 percipite
1819 2203 1862 2222 re-

1086 2256 1177 2282 gnum,
1194 2247 1265 2282 quod
1286 2248 1356 2273 robis
1369 2247 1497 2281 puratum
1517 2247 1556 2271 est
1580 2245 1611 2270 ab
1632 2245 1738 2277 aramue
1756 2242 1862 2269 mnndi.

1089 2295 1193 2327 lenite,
1213 2294 1344 2320 benedicti·
1357 2293 1447 2327 putris
1457 2293 1509 2318 mei
1523 2299 1575 2326 per
1590 2290 1716 2326 gratiam
1729 2289 1866 2325 adoptio-

1087 2341 1132 2368 nis
1146 2340 1194 2376 (α),
1209 2349 1261 2376 per
1276 2348 1367 2375 quam
1382 2339 1449 2367 estis
1463 2338 1515 2365 lilii
1531 2340 1558 2365 et
1572 2338 1675 2364 fratres
1691 2335 1766 2369 mei;
1783 2335 1864 2370 quia,

1087 2391 1118 2415 ut
1142 2388 1182 2415 ait
1196 2388 1352 2423 Apostolus
1366 2386 1401 2420 ¹⁶,
1421 2388 1446 2413 εἰ
1466 2386 1530 2419 filit,
1552 2387 1577 2410 et
1597 2383 1729 2412 liaeredes:
1747 2383 1863 2409 haeredes

1087 2436 1194 2470 quietem
1210 2436 1273 2468 Dei,
1289 2433 1431 2461 coltaeredcs
1447 2435 1536 2459 autem
1562 2431 1675 2457 Christi.
1695 2429 1772 2461 Quod
1791 2422 1864 2455 volsis

1084 2485 1211 2516 puratum
1228 2484 1265 2508 est
1279 2481 1310 2507 ab
1325 2481 1430 2514 origine
1444 2479 1549 2512 munds,
1570 2485 1625 2512 per
1640 2478 1779 2503 aeternam
1794 2482 1865 2509 prae-

1087 2528 1323 2561 destinationem,
1339 2534 1393 2562 per
1407 2534 1497 2562 quam
1512 2525 1579 2552 estis
1592 2526 1700 2550 aeterna
1711 2521 1864 2558 praescien-

1086 2576 1124 2603 tia
1140 2576 1232 2603 electi.
1255 2574 1298 2602 Ad
1319 2574 1404 2601 istam
1421 2572 1598 2600 cantilenam
1614 2569 1716 2597 Christi
1741 2575 1864 2600 respon-

1087 2648 1148 2669 xiu,
1168 2643 1206 2666 23.
1227 2654 1257 2658 —
1278 2640 1297 2656 ¹³
1313 2639 1396 2666 Helua,
1417 2643 1479 2665 xiii,
1500 2639 1522 2660 4.
1540 2650 1566 2653 -
1587 2637 1604 2651 ¹·
1624 2634 1691 2658 Psal.
1706 2639 1763 2661 xvi.
1782 2635 1818 2657 15.
1836 2647 1861 2650 -—

1090 2678 1110 2694 ¹5
1125 2677 1223 2706 Malta,
1240 2681 1299 2704 λῃ,
1319 2676 1356 2699 34.
1371 2687 1401 2691 -
1418 2675 1438 2690 ¹⁶
1456 2674 1532 2701 Rom„
1550 2677 1606 2701 vui,
1625 2672 1660 2694 17.

1120 2721 1150 2748 (nt
1168 2720 1218 2744 coet
1241 2718 1303 2742 edit.
1316 2717 1403 2748 gratiae
1414 2715 1588 2746 ad«)ptionem.
