2004 3037
663 184 712 217 DE
731 183 903 217 SEPTIMO
927 183 1100 217 lTINERE.
1124 185 1221 218 DlST.
1245 186 1311 218 Vll.

181 250 281 287 gratim
294 250 482 287 beneplacito
496 251 553 280 sibi
566 252 748 281 conveniunt
769 251 897 280 invicem
908 272 917 287 ,
933 253 961 280 et

182 297 357 333 convivunt,
373 299 406 326 ut
419 306 487 327 vere
502 299 538 327 sit
552 307 604 328 cor
621 307 716 327 unum
728 299 757 327 et
773 298 874 326 anima
887 306 958 327 una.

181 345 326 373 Nimirum
336 353 495 382 corporum
509 354 630 374 suorum
645 346 772 382 gloriam
783 345 794 382 j
799 353 846 373 am
856 345 904 373 hic
914 345 959 373 in-

182 392 291 420 choant
305 392 351 421 vel
366 392 522 429 incipiunt,
537 394 566 421 et
577 393 705 430 puritate
722 391 917 428 conscientiae‚
932 395 961 421 et

183 439 292 468 intimae
312 439 543 468 conversationis
562 440 673 476 gratia,
688 439 815 477 perfecte
830 439 960 468 habituri

183 487 291 515 eumin
305 486 403 514 futura
417 488 444 514 ct
457 486 582 523 perenni
597 486 667 522 vita,
677 486 870 523 pronuntiant
882 486 931 523 (a).
943 497 957 513 η

183 533 246 562 Haec
262 532 436 561 Bernardus.
461 534 492 560 Et
513 533 652 568 Origenes
664 554 672 568 ‚
688 541 777 569 super
801 533 960 569 septimum

182 581 369 614 Geminorum,
385 578 455 608 dicit
471 589 478 607 :
497 589 510 606 «
526 579 693 608 Concordia
713 580 762 608 hic
783 580 959 615 inchoatur,

182 635 249 663 quae
257 626 289 654 in
297 625 396 654 futura
406 625 501 662 gloria
511 625 586 654 inter
599 626 708 654 electos
723 626 847 654 coelestis
857 626 960 663 patriae

181 681 298 710 semper
316 673 411 701 datur.
440 674 504 701 flaec
528 673 608 701 enim
631 673 728 702 bonos
750 673 915 708 confortat,
931 673 961 701 in

180 728 283 757 pugna
297 721 426 756 superat,
443 720 647 748 consolatione
661 721 797 755 inebriat,
812 723 869 749 Deo
883 729 962 749 asso-

181 767 247 801 ciat,
265 775 399 796 amorem
414 761 594 802 augmentat.
612 769 676 796 Hoec
689 768 823 803 inchoat,
835 768 918 805 quod
930 768 961 795 in

182 813 257 842 coelo
290 816 522 842 consummatur.
550 825 562 840 »
589 816 655 843 Haec
683 815 742 843 ille.
772 817 874 843 Potest·
890 822 962 850 ergo

181 861 330 888 humanus
344 861 463 897 spiritus
479 861 576 890 dicere
593 872 599 888 :
620 872 632 888 «
648 862 800 898 Ingrediar
816 862 845 890 in
862 862 963 890 locum

182 907 367 936 tabernaculi
382 908 433 936 tui.
446 919 459 935 n

400 1004 642 1039 DISTlNCTIO
667 1006 740 1039 VII.

185 1075 307 1109 Qualiter
318 1076 355 1103 ad
362 1076 519 1104 veniendum
526 1084 577 1112 per
586 1078 637 1104 iter
644 1078 789 1104 meritoriae
799 1078 962 1112 operationis

258 1129 275 1148 a
290 1121 403 1148 Domino
417 1123 532 1156 spiritus
547 1122 678 1149 humanus
691 1123 825 1149 invitetur
839 1121 885 1157 (b).

217 1191 347 1227 Septimo
362 1191 527 1219 videndum
543 1193 599 1226 est,
615 1191 743 1228 qualiter
766 1191 885 1228 spiritus
908 1192 962 1220 hu-

183 1246 289 1266 manus
304 1237 343 1266 ad
358 1238 539 1266 veniendum
554 1246 607 1274 per
628 1239 681 1266 iter
697 1237 852 1267 deiformis
872 1239 962 1267 actio-

182 1284 242 1320 nis,
256 1284 317 1312 sive
333 1285 490 1312 meritoriae
503 1285 699 1321 operationis,
715 1285 754 1313 ad
770 1286 962 1314 intrinsecum

182 1333 211 1359 et
229 1333 369 1359 {eternum
387 1332 555 1360 manerium
576 1332 691 1360 Domini
714 1334 781 1360 Jesu
798 1355 806 1367 ,
833 1333 871 1360 ab
896 1333 961 1369 ipso

182 1385 318 1406 amorosc
331 1378 470 1406 invitetur
486 1379 519 1415 (b)
536 1379 651 1407 dicente
667 1381 673 1396 ¹
693 1388 699 1407 :
715 1380 810 1414 Surge,
826 1388 940 1415 propera
951 1402 961 1415 ,

181 1428 268 1453 antica
283 1434 357 1457 mea,
373 1426 491 1459 formosa
507 1434 583 1461 mea,
604 1427 722 1454 columba
744 1435 821 1462 mea,
845 1430 870 1454 et
888 1429 959 1455 veni.

218 1471 290 1500 Dicit
301 1471 388 1507 igitur
400 1481 406 1499 :
419 1473 440 1500 Ο
456 1474 542 1500 amica
555 1481 613 1500 mea
623 1495 632 1508 ‚
644 1475 766 1509 propter
781 1473 962 1510 operationis

181 1527 255 1547 meae
270 1519 484 1547 hierarchicam
505 1519 709 1548 imitationem.
728 1521 827 1548 Amica
844 1521 960 1557 (inquit)

180 1575 251 1600 mea,
268 1566 339 1602 quia
359 1574 465 1594 manus
479 1568 536 1594 tuce
554 1567 665 1595 stillant
687 1568 852 1604 myrrham.
875 1568 961 1601 Quod

182 1621 335 1649 exponens
349 1613 540 1641 Vercellensis
557 1614 628 1642 dicit
651 1615 708 1648 sic,
725 1615 807 1651 quod
821 1623 875 1650 per
898 1623 961 1642 ma-

180 1668 236 1687 nus
257 1660 398 1688 stillantes
414 1661 568 1696 myrrham
596 1661 748 1696 signantur
775 1663 961 1699 operationes

179 1707 368 1736 hierarchicae
394 1709 548 1736 ordinatae.
576 1711 649 1737 Nam
675 1710 750 1738 sicut
776 1712 850 1738 Deus
873 1710 962 1738 stillat

181 1755 261 1783 dona
284 1755 444 1790 gratiarum
470 1758 497 1783 et
519 1755 731 1791 perfectionem
753 1757 960 1793 operationum

180 1802 282 1838 primae
296 1802 436 1838 angelicae
451 1802 635 1838 hierarchiae,
653 1805 681 1831 et
695 1803 746 1831 illa
764 1804 886 1832 instillat
899 1813 961 1833 me-

182 1849 253 1883 diae,
269 1851 296 1876 et
311 1849 410 1877 media
424 1849 550 1884 ultimae,
563 1851 595 1877 ut
608 1852 688 1886 patet
701 1859 752 1886 per
767 1853 860 1879 totam
874 1860 962 1888 ange-

182 1896 270 1923 licam
287 1895 503 1931 hierarohiam3
520 1895 560 1923 ita
582 1896 680 1925 anima
695 1897 726 1924 in
744 1906 798 1925 suo
820 1906 960 1934 supremo

182 1950 200 1970 a
216 1944 273 1970 Deo
288 1942 432 1978 recipiens
449 1941 661 1978 perfectionem
676 1952 798 1971 suarum
814 1946 960 1980 operatio-

182 1998 254 2018 num
269 1990 346 2018 circa
360 1990 524 2026 superiora.
535 1992 567 2018 Et
579 1993 610 2018 ut
620 1991 672 2019 illa
684 1991 773 2019 stillat
786 1992 816 2019 in
828 1993 961 2021 mediam

181 2037 392 2073 perfectionem
407 2045 528 2065 suarum
544 2038 752 2074 operationum
772 2039 850 2067 circa
870 2048 961 2076 supe—

182 2085 271 2119 riora,
280 2086 414 2121 respectu
428 2084 622 2119 interiorum‚·
636 2085 676 2113 sic
685 2085 772 2113 etilla
780 2086 868 2115 stillat
877 2087 907 2114 in
918 2088 962 2115 ul-

182 2131 286 2159 timam
311 2132 417 2159 mentis
438 2131 635 2160 hierarchiam
660 2132 871 2168 perfectionem
895 2143 960 2163 sua-

182 2186 250 2206 rum
269 2178 477 2214 operationum
496 2181 631 2214 respectu
647 2179 836 2207 exteriorum.
855 2182 887 2208 Et
899 2181 960 2209 haec

183 2227 225 2252 est
240 2225 357 2253 stillatio
377 2225 510 2260 gratuitae
528 2226 672 2262 myrrhae,
688 2235 754 2262 quae
774 2228 961 2263 operationes

182 2274 372 2308 praeservata
393 2272 549 2307 putredine
571 2281 655 2301 vanae
675 2273 792 2309 laudis,
815 2277 843 2302 et
858 2275 960 2304 foetore

182 2319 304 2346 humaui
320 2319 440 2346 favoris.
459 2319 544 2354 Surae
564 2323 686 2357 propter
702 2322 881 2357 operationis
907 2325 960 2351 tuce

183 2365 382 2393 ostensionem
406 2367 529 2400 rectam,
552 2369 583 2394 ut
610 2369 691 2395 Pater
713 2368 838 2395 coelcstis
866 2369 961 2397 hono-

182 2412 326 2446 rificetur,
352 2413 381 2439 et
404 2413 558 2447 proximus
579 2414 740 2443 {edificetur
754 2437 764 2450 ,
787 2416 858 2451 quia
880 2425 961 2452 opera

185 2462 232 2488 tua
242 2463 305 2488 sunt
317 2461 398 2496 plenu
412 2468 499 2488 coram
512 2462 564 2489 Deo
576 2470 631 2490 meo
639 2484 648 2495 ,
659 2465 691 2490 ut
706 2462 812 2491 dicitur
822 2464 832 2480 '²
843 2464 874 2491 in
884 2466 960 2500 Apo-

184 2508 308 2544 calypsi.
335 2518 350 2534 «
374 2509 470 2544 Opera
492 2511 559 2537 sunt
585 2510 674 2546 plena
700 2519 801 2540 coram
829 2513 902 2547 Deo,
929 2515 961 2541 ut

218 2584 221 2596 ¹
240 2582 322 2612 Cant„
341 2589 371 2614 11,
387 2583 424 2608 10.
438 2597 468 2602 —
483 2585 491 2599 ²
504 2585 589 2616 Apoc.‚
606 2591 646 2616 111,
660 2587 682 2610 2.
694 2599 723 2604 -
734 2587 744 2603 ³
756 2587 834 2618 Rom„
847 2593 903 2618 xiii,
921 2590 958 2613 10.

184 2632 215 2637 -
226 2619 233 2633 ⁴
250 2619 336 2650 Greg„
349 2619 453 2649 Mami„
467 2620 512 2645 lib.
525 2621 591 2651 XXI,
606 2627 628 2645 c.
645 2627 702 2653 viii,
714 2623 790 2653 paulo
807 2625 865 2653 post
878 2624 959 2655 princ.

184 2667 214 2673 —
229 2655 238 2671 ὅ
254 2654 339 2685 Αρο«.·.,
356 2660 422 2686 xxn,
438 2657 474 2680 12.

1739 196 1799 226 475)

1018 252 1132 289 Haymo
1151 253 1210 289 ait,
1236 253 1359 290 quando
1384 255 1505 285 virtutes
1533 257 1609 286 datoe
1636 259 1714 288 vitiis
1736 269 1799 290 non

1017 300 1291 336 commaculantur,
1304 303 1332 330 et
1344 302 1471 330 exterius
1481 303 1613 334 humana
1628 306 1724 342 gloria
1738 316 1800 337 non

1017 346 1168 382 quaeritur.
1193 357 1206 372 »
1225 348 1371 376 Plenitudo
1390 350 1470 378 enim
1492 349 1502 366 ³
1520 353 1586 386 quis
1610 357 1649 381 est
1673 355 1800 390 dilectio,

1017 394 1058 421 ait
1080 394 1248 430 Apostolus.
1264 395 1285 422 O
1302 396 1422 424 columba
1445 406 1504 426 mea
1525 401 1648 436 propter
1673 409 1800 438 operum

1017 442 1137 469 tuorum
1163 441 1324 470 fecundam
1348 444 1583 478 parturitionem.
1609 448 1696 481 Quasi
1720 449 1799 478 enim

1018 487 1177 523 columba,
1194 497 1261 525 quae
1277 490 1319 517 cst
1339 489 1402 518 avis
1420 490 1563 527 fecunda,
1580 501 1673 530 aquas
1688 496 1800 524 steriles

1017 535 1123 563 mundi
1147 535 1286 571 fugiens,
1307 538 1335 564 ct
1362 537 1401 565 ad
1425 545 1526 566 meum
1554 539 1748 570 intrinsecum
1774 546 1801 572 ct

1018 584 1160 610 aeternum
1188 583 1359 612 manerium
1389 585 1475 621 quasi
1505 586 1544 615 ad
1570 595 1668 617 arcem
1698 591 1800 620 salutis

1018 629 1212 665 confugiens,
1235 633 1357 667 portans
1382 639 1500 660 ramum
1527 633 1613 662 olivae
1637 636 1800 666 virentibus

1017 675 1096 704 foliis
1109 698 1117 712 ‚
1143 676 1173 704 id
1199 680 1261 712 cst,
1282 685 1452 707 amorosam
1474 680 1658 710 voluntatem
1678 683 1800 719 plenam

1019 723 1161 759 operibus
1175 724 1277 758 bonis,
1293 725 1335 752 ibi
1350 727 1382 753 ut
1396 726 1538 756 columba
1556 728 1685 758 fecunda
1705 731 1736 758 in
1755 732 1800 760 so-

1019 770 1185 798 raininibus
1198 773 1288 808 petrae
1303 772 1480 810 nidificans,
1492 776 1601 804 aeterna
1616 785 1720 805 secura
1730 787 1800 814 par-

1018 817 1091 844 turis
1102 825 1193 853 opera
1205 818 1288 846 lucis.
1301 820 1382 847 Unde
1397 822 1572 856 Bernardus‚
1585 831 1665 859 super
1677 825 1801 861 Cantica,

1019 872 1171 899 exponens
1184 865 1259 893 illud
1271 866 1406 902 verbum,
1420 867 1491 896 dicit
1500 868 1558 897 sic:
1573 880 1585 895 «
1597 871 1619 898 Ο
1631 873 1718 899 amica
1731 881 1800 908 meo,

1019 911 1041 938 si
1065 911 1194 947 quietem
1219 912 1372 942 desideras
1386 936 1394 949 ‚
1409 915 1433 942 si
1456 916 1642 944 securitatem
1661 918 1780 947 affectas
1792 941 1800 954 ,

1019 957 1042 985 si
1057 957 1267 987 fecunditatem
1282 968 1381 996 amas,
1400 969 1516 990 assume
1533 971 1647 999 pennas
1661 965 1736 993 sicut
1751 974 1801 994 co-

1019 1003 1143 1040 lumba,
1166 1008 1194 1034 ct
1215 1006 1319 1034 volans
1342 1007 1464 1036 nidifica
1484 1009 1515 1036 in
1538 1011 1714 1040 vulneribus
1733 1014 1800 1041 Jesu

1020 1052 1134 1080 Christi.
1148 1055 1300 1089 Nusquam
1314 1055 1400 1091 quies
1415 1057 1535 1092 gratior,
1551 1066 1701 1095 nusquam
1716 1069 1798 1089 secu-

1019 1099 1088 1127 ritas
1109 1100 1218 1136 tutior,
1235 1109 1386 1137 nusquam
1405 1102 1572 1132 fecunditas
1592 1106 1732 1144 uberior;
1748 1108 1801 1137 uhi
1820 1143 1822 1145 v

1018 1145 1146 1181 haurieS,
1156 1147 1240 1183 quod
1252 1148 1343 1184 pullis
1353 1149 1509 1178 ministres.
1524 1162 1537 1178 >³
1554 1153 1672 1188 Propera
1680 1157 1801 1191 propter

1019 1193 1200 1228 operationis
1222 1196 1278 1222 tuae
1298 1195 1481 1230 spiritualem
1506 1198 1706 1230 refectionem.
1729 1202 1801 1230 Dicit

1019 1239 1099 1267 enim
1114 1240 1267 1276 Origenes,
1282 1250 1362 1277 super
1376 1244 1489 1272 Cantica
1502 1254 1511 1273 :
1525 1255 1537 1271 «
1553 1247 1590 1273 De
1608 1250 1713 1276 natura
1727 1249 1800 1278 boni

1019 1287 1117 1323 operis
1138 1290 1196 1322 est,
1213 1289 1297 1324 quod
1317 1290 1411 1326 ipsius
1435 1293 1681 1329 multiplicatione
1700 1298 1800 1326 multi-

1018 1334 1144 1369 plicetur
1166 1335 1254 1363 etiam
1279 1336 1398 1365 dilectio
1425 1341 1452 1366 et
1471 1339 1647 1376 delectatio,
1669 1346 1697 1372 et
1716 1346 1800 1380 quasi

1018 1382 1173 1417 quoddam
1187 1384 1411 1413 condimentum
1425 1387 1483 1414 cibi
1498 1388 1658 1424 spiritualis
1671 1394 1713 1419 est
1725 1392 1800 1420 hila-

1017 1429 1087 1457 ritas
1111 1430 1188 1458 benc
1215 1432 1377 1467 operativa.
1403 1435 1475 1461 Nam
1499 1433 1615 1464 bonum
1642 1442 1798 1473 operatum

1017 1475 1085 1504 facit
1101 1477 1291 1506 dulcedinem
1308 1480 1337 1506 in
1357 1482 1444 1515 gustu
1457 1502 1464 1514 ,
1479 1484 1506 1509 et
1524 1483 1669 1517 gaudium
1686 1485 1717 1512 in
1733 1494 1798 1514 cor-

1018 1522 1065 1550 de.
1082 1534 1094 1548 >³
1117 1525 1150 1551 Et
1168 1525 1340 1560 Gregorius,
1360 1527 1504 1562 vigesimo
1524 1529 1622 1565 primo
1639 1532 1797 1568 Moralium,

1018 1570 1087 1598 dicit
1099 1571 1109 1587 ”
1126 1580 1132 1598 ;
1153 1582 1166 1597 (ι
1181 1572 1343 1601 Comedere
1359 1574 1465 1602 animae
1487 1578 1529 1603 est
1553 1576 1641 1605 bonis
1657 1580 1799 1615 operibus

1017 1618 1125 1645 satiari.
1144 1628 1156 1644 »
1175 1620 1250 1654 Ergo
1266 1629 1382 1656 propera
1394 1642 1402 1656 ,
1419 1630 1436 1649 o
1451 1624 1570 1656 formosa
1585 1633 1644 1652 mea
1652 1646 1661 1660 ,
1677 1630 1800 1662 propter

1017 1672 1142 1700 operum
1160 1668 1278 1694 tuorum
1297 1667 1473 1696 deiformem
1488 1670 1717 1700 ordinationem.
1734 1674 1798 1701 Dei-

1016 1712 1119 1740 formis
1140 1715 1240 1741 autem
1259 1714 1428 1750 ordinatio,
1454 1718 1486 1744 ut
1513 1717 1583 1745 dicit
1599 1719 1798 1749 Liuconiensis

1017 1767 1105 1794 super
1120 1760 1238 1788 tertium
1248 1761 1382 1796 Anqelicoe
1393 1764 1573 1797 Hierarclu'oe,
1590 1768 1632 1793 est
1641 1768 1797 1797 renovatio

1016 1805 1135 1842 spiritus
1149 1807 1317 1842 rationaliS,
1338 1810 1365 1836 ct
1384 1809 1559 1839 confortatio
1579 1812 1688 1849 ipsius,
1709 1818 1798 1850 prout

1016 1853 1158 1888 possibile
1176 1856 1231 1888 est,
1248 1856 1411 1884 secundum
1429 1857 1497 1892 tria,
1516 1858 1626 1887 scilicet
1648 1868 1796 1898 amorem,

1016 1900 1179 1935 scientiam,
1191 1903 1219 1929 et
1241 1902 1446 1938 operationem
1469 1905 1507 1932 ad
1524 1907 1615 1934 Deum
1632 1916 1638 1934 :
1656 1908 1694 1935 ad
1715 1910 1797 1944 quod

1017 1946 1162 1975 deiforme
1189 1948 1304 1984 attingit
1326 1953 1427 1978 nostra
1448 1952 1608 1986 possibilis=
1625 1955 1797 1984 assimilatio

1016 1994 1054 2021 ad
1069 1994 1177 2029 ipsum7
1191 1997 1222 2022 ut
1237 2004 1322 2024 amor
1334 1998 1478 2025 referatur
1489 1999 1528 2026 ad
1543 2000 1691 2036 Spiritum,
1703 2003 1797 2030 scien*

1016 2040 1055 2067 tia
1070 2040 1108 2067 ad
1120 2041 1224 2069 Filium
1234 2063 1243 2076 ,
1258 2044 1390 2078 operatio
1406 2044 1445 2071 ad
1460 2046 1584 2073 Patrem.
1604 2057 1617 2073 »
1635 2048 1772 2084 Sequitur
1787 2059 1794 2078 :

1019 2096 1032 2112 «
1049 2089 1095 2115 Est
1110 2088 1229 2116 enimin
1243 2089 1331 2117 nohis
1343 2090 1440 2125 primo
1456 2100 1541 2120 amor
1552 2093 1625 2121 honi
1636 2094 1666 2121 in
1677 2103 1795 2131 genere,

1017 2134 1124 2162 deinde
1145 2135 1266 2164 scientia
1288 2137 1437 2166 bonorum
1454 2139 1484 2167 iu
1504 2141 1617 2176 specie,
1633 2143 1669 2170 de
1685 2144 1795 2179 quihus

1016 2182 1151 2217 procedit
1165 2183 1195 2210 iu
1213 2185 1416 2220 operationem
1432 2187 1629 2223 singularium
1644 2190 1796 2220 bonorum

1016 2229 1157 2258 scitorum
1171 2251 1180 2265 ,
1207 2232 1234 2258 et
1258 2234 1436 2261 amatorum.
1454 2244 1468 2260 i)
1486 2236 1518 2262 Et
1538 2237 1622 2271 quasi
1645 2239 1796 2267 concludit

1017 2276 1135 2311 dicens,
1157 2278 1239 2313 quod
1264 2279 1443 2307 «rationalis
1468 2284 1603 2311 creatura
1631 2284 1734 2320 debet,
1766 2290 1796 2314 ut

1015 2323 1157 2359 possibile
1171 2326 1226 2360 est,
1243 2326 1409 2354 secuudum
1431 2336 1579 2363 amorem,
1602 2331 1751 2360 scientiam
1769 2336 1795 2360 et

1016 2371 1220 2406 operationem
1243 2373 1301 2400 Deo
1327 2374 1499 2410 assimilari,
1516 2379 1541 2403 et
1558 2377 1596 2404 ad
1616 2379 1679 2413 ejus
1699 2380 1795 2407 imita—

1015 2417 1126 2445 tionem
1155 2418 1257 2446 reduci
1282 2419 1478 2453 {deiformiter¹
1503 2432 1516 2448 »
1540 2425 1572 2451 Et
1593 2428 1654 2452 veni
1675 2429 1795 2462 propter

1016 2464 1196 2500 operationis
1206 2467 1263 2494 tuoe
1276 2466 1397 2502 plenam
1408 2470 1677 2499 remunerationem
1688 2473 1697 2488 5
1707 2482 1713 2500 :
1723 2474 1795 2501 Mer-

1015 2521 1054 2540 ces
1069 2515 1140 2540 enim
1157 2521 1216 2541 mea
1230 2522 1331 2542 mecum
1354 2518 1392 2542 est
1412 2516 1476 2544 dare
1492 2520 1637 2554 unicuique
1651 2522 1795 2550 secundum

1016 2568 1098 2595 opera
1111 2568 1171 2588 sua.

1049 2659 1079 2689 (a)
1098 2659 1159 2683 Coel.
1175 2658 1234 2683 edit.
1251 2660 1407 2690 pronuntiat.
1423 2674 1454 2680 —
1472 2662 1502 2693 (h)
1518 2663 1579 2688 Item
1595 2665 1724 2693 invitatur.
