2020 3037
1691 191 1736 213 vn

129 256 207 286 1290
219 253 241 284 ¹.
255 251 344 284 Adde
358 250 398 282 ab
412 249 512 290 hujus
528 247 777 288 confessionalis
791 247 944 288 scriptore
958 247 1093 288 allegari
1108 257 1238 290 quoque
1254 249 1350 282 verba
1362 250 1516 291 magistri
1530 249 1716 283 Alexandri
1724 275 1732 290 ‚

126 313 220 353 cujus
244 318 311 342 non
334 306 466 341 memini
488 306 558 338 fieri
580 306 777 338 mentionem
796 314 816 338 a
836 305 1077 347 Bonaventura,
1100 308 1162 340 nisi
1180 307 1262 340 libro
1286 309 1378 341 tertio
1401 309 1661 349 Sententiarum,
1681 310 1737 342 ubi

126 369 305 412 appellatur
328 366 416 400 bonoe
435 365 613 404 memoriae,
628 364 710 396 libro
734 363 892 403 secund0,
911 373 976 397 non
998 366 1164 399 referendo
1184 368 1256 408 ejus
1275 367 1392 407 verba,
1408 367 1464 400 sed
1478 376 1552 409 quae
1570 369 1641 409 ejus
1655 368 1738 401 tem·

126 436 203 469 pore
219 425 399 465 contigere,
415 423 512 464 idque
535 431 600 454 non
623 421 685 454 sub
707 421 800 456 titulo
825 425 977 465 maqisiri
991 425 1187 461 Alemandri,
1203 425 1258 458 sed
1279 425 1396 465 fratris
1415 425 1597 460 Aleoeandri
1612 427 1651 460 de
1665 426 1738 460 Ales

126 486 231 528 patris
255 487 283 517 et
308 483 461 524 magistri
488 482 602 515 nostri.
628 482 808 522 Caeterum,
833 483 866 514 ni
889 484 1032 524 praefatae
1056 484 1266 525 allegationes
1288 484 1435 516 obessent
1457 509 1466 524 ,
1491 485 1574 517 nihil
1596 485 1738 518 obstaret

127 542 298 585 quominus
325 541 515 582 hujusmodi
542 540 780 581 confessionale
801 541 1029 574 Bonaventura
1053 542 1194 583 dignum
1218 542 1462 575 arbitraremur.
1485 543 1576 576 Certe
1599 544 1738 577 ‚Ioannes

128 602 302 635 Casimirus
318 600 350 633 S.
366 601 404 633 R.
420 600 456 633 E.
474 600 522 632 tit.
548 600 582 632 S.
606 599 737 632 Joannis
760 602 834 632 ante
855 600 987 633 Portam
1010 601 1158 633 Latinam
1182 600 1287 642 presb.
1315 600 1485 632 cardinalis
1506 601 1629 641 Denoff,
1649 602 1737 643 epis-

126 669 226 702 copus
240 660 394 699 Caesenae,
410 659 445 690 in
460 668 518 691 sua
541 659 743 691 Institutione
765 659 921 691 Pastorali
940 659 1013 691 data
1031 668 1118 691 anno
1140 661 1236 699 1696,
1253 659 1401 700 editaque
1413 659 1524 692 Venet.
1540 669 1625 692 anno
1640 663 1736 698 1747,

125 727 204 760 pag.
228 719 307 757 128,
326 717 436 749 laudat
457 716 692 756 confessionale
713 718 750 750 S.
774 718 1029 757 Bonaveniarae,
1046 727 1114 759 cap.
1133 727 1185 757 iv,
1201 717 1240 750 de
1261 726 1324 750 usu
1346 717 1490 751 clavium
1503 742 1512 757 ,
1527 719 1639 760 partic.
1658 722 1692 758 1,
1707 721 1739 751 et

128 777 172 809 sic
185 776 283 808 etiam
296 785 373 817 pag.
389 777 460 807 148.

169 835 329 875 Prologus
351 834 497 875 ejusdem
522 833 775 873 confessionalis
797 842 953 874 magnam
977 834 1165 866 affinitatem
1189 834 1285 866 habet
1299 844 1373 866 cum
1389 835 1528 874 Prologo
1544 835 1740 876 Gentiloquz'i

129 893 420 932 Bonaventuriani‚
437 892 597 934 siquidem
621 892 655 923 111
680 891 870 932 Centiloquii
885 891 1024 933 Prologo
1045 893 1161 924 dicitur
1178 903 1185 925 ε
1206 905 1221 923 ((
1236 893 1271 925 111
1287 893 1520 925 adminiculum
1540 894 1649 934 itaque
1663 902 1740 934 par—

129 952 299 990 vulorum,
320 951 409 983 rudis
431 952 599 990 rogatusa
612 950 760 990 rudibus,
776 950 891 982 rudem
906 953 1077 983 tractatum
1102 951 1237 983 rudibus
1260 951 1448 993 compilavi,
1465 952 1499 983 in
1523 961 1589 993 quo
1608 952 1740 984 rudium

129 1009 268 1048 ruditas,
292 1008 377 1040 circa
395 1008 565 1049 generalia
588 1008 774 1049 theologiae‚
798 1009 910 1041 saltem
934 1010 1058 1042 ruditer
1082 1011 1198 1050 poterit
1219 1010 1379 1042 erudiri...
1406 1010 1528 1051 Collegi
1552 1013 1661 1043 autem
1681 1011 1742 1043 hoc

128 1078 169 1100 ex
184 1067 275 1100 dictis
288 1068 480 1109 proborum,
496 1076 570 1108 quae
583 1067 660 1099 hinc
674 1069 705 1099 et
719 1067 793 1099 inde
808 1067 998 1109 decerpenS,
1016 1068 1050 1099 in
1066 1069 1162 1100 unius
1179 1068 1323 1109 opusculi
1340 1069 1525 1109 angustiam
1540 1069 1739 1102 coarctavi...

129 1126 228 1168 Cujus
242 1126 437 1158 continentia
449 1128 486 1158 ut
499 1126 622 1158 facilius
636 1128 748 1167 pateat
757 1126 944 1166 requirenti,
957 1126 1188 1166 promittuntur
1204 1128 1333 1158 centum
1348 1127 1433 1158 tituli
1446 1127 1635 1166 sectionum,
1645 1138 1660 1156 1>
1679 1129 1738 1159 etc.

129 1184 165 1217 In
175 1185 420 1217 Confessionalis
435 1187 545 1217 autem
561 1184 698 1225 Prologo
713 1184 851 1216 hahetur
868 1195 874 1215 :
897 1196 911 1214 α
927 1184 1072 1216 Praesens
1090 1186 1283 1226 opusculum
1305 1185 1344 1217 de
1367 1186 1595 1218 informatione
1616 1186 1739 1227 simpli-

128 1243 216 1275 cium
231 1243 432 1276 sacerdotum
453 1243 488 1274 in
502 1243 754 1275 confessionibus
767 1243 951 1282 audiendis,
976 1244 1159 1284 compulsus
1184 1253 1241 1284 per
1262 1244 1479 1276 obedientiam
1503 1244 1673 1285 compilavi
1678 1268 1739 1276 .....

128 1301 164 1333 111
186 1301 292 1342 primo
317 1303 426 1334 autem
447 1301 546 1342 hujus
567 1301 719 1342 Opusculi
737 1300 822 1332 tituli
839 1300 1051 1341 capitulorum
1064 1325 1073 1340 ‚
1090 1303 1121 1333 et
1144 1302 1349 1343 singularum
1364 1303 1596 1344 particularum
1610 1312 1742 1335 eorum-

127 1361 200 1393 dem
214 1361 421 1394 continentiae
436 1361 717 1402 praemittuntur...
734 1360 893 1392 caeterum
909 1361 1048 1401 simplex
1069 1361 1269 1402 simplicibus
1284 1362 1441 1403 simplicia
1456 1363 1599 1394 scribens
1617 1362 1742 1404 simpli-

127 1421 205 1453 citer
217 1424 243 1461 ²,
260 1431 275 1450 1)
293 1422 352 1452 etc.

170 1479 218 1510 Ex
242 1479 303 1510 hac
329 1479 436 1519 itaque
452 1478 668 1518 Prologorum
693 1478 846 1510 affinitate
870 1479 1048 1519 conjectare
1073 1488 1138 1511 non
1163 1480 1231 1511 sine
1254 1481 1322 1511 veri
1351 1480 1454 1521 specie
1473 1480 1546 1511 licet
1560 1480 1646 1520 quod
1663 1480 1744 1511 sicut

130 1537 260 1577 Prologi
281 1536 355 1568 dicti
377 1536 565 1577 Centiloquii
587 1537 696 1568 auctor
718 1538 784 1574 est,
808 1539 844 1567 ut
869 1537 1027 1576 diximus,
1053 1537 1108 1569 Fr.
1134 1538 1353 1569 Marchesinus
1375 1538 1413 1570 de
1431 1538 1533 1578 Regio
1557 1538 1684 1579 Lepidi,
1701 1538 1745 1569 ita

129 1605 257 1637 quoque
272 1595 313 1627 sit
328 1595 457 1635 Prologi
473 1595 572 1635 hujus
588 1594 841 1626 confessionalis.
865 1595 948 1634 Quia
970 1606 1047 1628 vero
1069 1598 1117 1628 sat
1139 1597 1250 1628 firmas
1265 1597 1404 1629 rationes
1418 1597 1575 1629 habemus
1586 1621 1596 1635 ‚
1613 1598 1650 1629 ut
1664 1596 1743 1628 Cen-

130 1653 300 1694 tiloquium
316 1653 438 1693 absque
460 1652 609 1692 Prologo,
626 1654 721 1693 prout
744 1653 856 1693 incipit
880 1654 965 1694 apud
986 1653 1221 1694 Trithemium,
1239 1657 1347 1687 nostro
1369 1655 1606 1688 Bonaventuree
1630 1655 1744 1686 adscri-

130 1713 244 1744 bamus
253 1735 263 1751 ,
279 1711 405 1743 nonita
426 1720 504 1743 vero
527 1713 563 1742 ut
578 1720 720 1752 praesens
735 1711 985 1751 Confessionale,
1003 1713 1081 1753 quin
1106 1713 1172 1744 imo
1185 1713 1345 1744 contraria
1366 1714 1553 1753 suppetant,
1577 1715 1744 1754 propterea

130 1771 219 1803 facile
239 1770 429 1802 adducimur
445 1772 481 1801 ut
504 1769 595 1801 nobis
615 1770 866 1811 persuadeamus
882 1770 1033 1802 eumdem
1048 1770 1286 1803 Marchesinum
1310 1781 1378 1803 0550
1393 1771 1513 1803 nedum
1531 1772 1672 1813 Prologi,
1690 1772 1745 1804 sed

131 1832 161 1861 et
174 1830 273 1861 totius
294 1829 537 1861 Confessionalis
552 1831 728 1861 auctorem.
746 1829 858 1861 Exstat
874 1829 959 1861 idem
978 1829 1210 1861 Confessionale
1234 1831 1293 1862 sub
1308 1830 1544 1864 Bonaventurae
1565 1831 1695 1863 nomine
1711 1832 1744 1863 in

131 1888 269 1920 editione
291 1887 520 1927 Argentinensi
542 1887 618 1918 anni
642 1889 738 1925 1495,
762 1889 792 1918 et
813 1887 896 1918 inter
919 1888 1154 1929 manuscriptos
1171 1888 1297 1921 Codices
1311 1888 1523 1929 viennenses,
1544 1889 1694 1922 Biblioth.
1710 1889 1742 1921 S.

131 1947 239 1979 Crucis
252 1945 365 1979 Minor.
382 1945 663 1979 Conventualium.

429 2078 444 2111 ξ
464 2079 506 2106 Vl.
523 2092 558 2099 -—
577 2081 615 2106 DE
634 2086 728 2107 SEPTEM
748 2088 889 2109 uincamus
908 2089 1080 2110 AErenmrms
1100 2082 1268 2116 (Prodrom.,
1290 2083 1340 2111 col.
1362 2083 1447 2117 706.).

173 2179 357 2212 EstFratris
368 2180 527 2222 Rodulphi
541 2182 579 2213 de
594 2181 727 2214 Bibraco
740 2183 848 2221 Suevi,
863 2184 988 2216 Ordinis
999 2183 1174 2223 Minorum‚
1186 2194 1252 2216 non
1262 2187 1328 2216 tam
1343 2187 1473 2226 propter
1487 2186 1569 2218 duos
1585 2186 1674 2218 MSS.
1692 2188 1745 2218 Co-

133 2239 217 2271 dices
236 2238 372 2271 Venetos
396 2240 466 2280 ejus
488 2249 609 2272 nomen
632 2242 779 2280 serentes,
803 2243 1139 2274 unumebibliotheca
1164 2243 1195 2275 S.
1211 2244 1285 2283 Job,
1307 2244 1468 2276 Minorum
1484 2245 1742 2284 Observantium,

134 2297 270 2328 alterum
282 2307 299 2328 e
314 2297 504 2329 bibliotheca
518 2298 594 2330 olim
610 2299 752 2340 Apostoli
766 2299 839 2331 Zeni
849 2324 858 2338 ‚
877 2309 950 2330 cum
971 2300 1024 2331 alii
1045 2301 1109 2333 duo
1133 2311 1198 2333 non
1220 2303 1339 2341 desint,
1356 2313 1441 2335 uuus
1456 2303 1649 2335 Mantuanus
1664 2313 1681 2336 0
1696 2304 1743 2335 bi—

133 2355 292 2387 bliotheca
319 2356 572 2396 Padoliranensi‚
598 2357 725 2389 Ordinis
753 2358 785 2390 S.
817 2358 996 2398 Benedicti,
1026 2360 1106 2392 alter
1131 2360 1295 2393 Romanus
1317 2371 1334 2393 e
1358 2362 1549 2394 bibliotheca
1574 2363 1742 2401 Vaticana,

137 2413 371 2446 Bonaventurae
391 2416 520 2447 nomine
545 2417 729 2456 praenotati,
750 2417 835 2448 unde
856 2418 942 2457 patet
959 2418 1093 2450 minime
1117 2428 1173 2459 per
1192 2419 1342 2458 fraudem
1365 2420 1451 2452 inter
1466 2420 1747 2453 Bonaventuriana
1776 2434 1778 2436 v

166 2549 174 2565 ¹
191 2549 312 2581 Diome„
331 2557 390 2582 pag.
412 2552 470 2581 103,
490 2551 550 2575 edit.
570 2551 635 2576 Ven.
656 2552 780 2582 scriptam
802 2553 879 2576 fuisse
899 2554 957 2577 ante
977 2560 1074 2577 annum
1098 2554 1156 2577 1312
1176 2553 1323 2584 hujusmodi
1341 2557 1488 2584 Summam,
1507 2555 1618 2586 produnt
1633 2562 1676 2586 ea,
1692 2562 1748 2587 quae

134 2585 211 2609 habel.
227 2585 329 2609 rubrica
341 2585 370 2609 de
387 2586 537 2618 privilegiis
553 2588 577 2610 et
591 2586 707 2611 arcessite.
725 2587 805 2611 Privz'l
818 2607 823 2617 ,
839 2587 882 2611 ubi
896 2588 1032 2619 Templarii
1046 2595 1092 2613 ceu
1107 2588 1222 2613 nondum
1241 2590 1345 2614 extincti
1360 2592 1607 2614 commemorantur.
1622 2591 1747 2615 Caelcrum

136 2620 260 2644 Gofredus
274 2621 299 2644 in
315 2621 405 2646 eadem
421 2623 527 2647 Summa
541 2622 637 2653 pluries
651 2622 744 2653 allegat
760 2623 867 2653 fratrem
885 2625 909 2646 et
921 2624 1073 2653 munisti-um
1091 2624 1261 2655 Raymundum
1277 2626 1303 2649 in
1317 2627 1419 2649 Summa
1431 2633 1476 2649 suo
1491 2627 1515 2649 et
1530 2626 1646 2649 Ioannem
1664 2627 1747 2650 Teuto-

136 2656 227 2683 nicum,
244 2656 376 2681 Dominum
394 2657 543 2688 Albericum,
564 2658 682 2682 Donn'nos
696 2665 752 2682 snos
767 2658 872 2684 Azonem
887 2660 910 2683 et
925 2659 1111 2691 Aaqustfflum,
1127 2662 1177 2684 etc.
1190 2672 1221 2678 --
1234 2661 1245 2676 ἱ
1258 2661 1315 2687 Vicl.
1334 2661 1388 2693 huj.
1404 2663 1466 2686 tom.
1483 2667 1543 2692 pag.
1563 2662 1617 2686 359.
