2004 3037
684 296 735 334 DE
756 299 920 332 NATURA
943 301 1017 333 DEl.
1047 301 1135 333 GAP.
1159 301 1210 333 IX.
1717 299 1755 332 67·

141 370 213 400 ritus
234 373 352 400 sanctus
374 378 437 399 non
456 369 562 398 dicitur
576 368 714 397 charitas.
730 370 788 397 Nec
802 370 920 396 contra-

141 418 234 446 riatur
255 417 368 446 dictum
393 416 549 452 Augustini
568 416 577 433 ¹
595 437 604 451 ,
632 415 716 452 quod
743 415 850 443 eadem
880 417 922 443 est

143 464 270 493 charitas
292 471 352 500 qua
373 471 429 491 nos
448 463 545 502 diligit
568 463 658 497 DeuS,
674 464 702 490 et
721 469 777 490 nos
797 462 896 498 ipsum
913 471 919 489 :

145 513 231 549 quia,
245 511 314 540 licet
333 520 439 540 verum
465 511 515 546 sit,
538 512 638 538 tamen
663 510 767 544 aliter,
789 512 817 538 et
840 509 923 537 aliter

145 561 188 587 est
203 568 210 587 ι
225 566 297 587 nam
320 559 396 586 Deus
418 557 514 593 diligit
532 565 587 585 nos
611 565 646 584 ea
663 556 847 590 formaliter,
868 564 923 584 nos

144 613 216 634 vero
231 605 330 642 ipsum
344 604 496 640 diligimus
517 603 678 632 efficienter
701 605 729 631 et
744 602 923 639 exemplari-

145 653 198 688 ter,
213 660 276 680 non
293 651 457 680 formaliter
475 660 481 678 :
498 659 569 679 nam
591 658 680 679 omne
701 658 763 678 esse
787 652 815 678 et
835 657 925 685 agens

146 701 188 727 est
202 707 220 727 a
233 698 332 727 forma
345 698 505 727 inhaerente
521 697 639 733 agenti,
657 705 723 734 quae
738 697 772 733 (a)
789 699 832 724 est
843 696 925 733 prin-

147 746 258 782 cipium
277 745 404 781 agendi,
421 747 449 773 et
469 744 582 779 forma,
601 744 676 772 sicut
697 744 830 772 caliditas
852 743 924 779 igni.

146 792 306 821 Sciendum
335 794 378 820 est
408 794 509 820 tamen
542 791 626 828 quod
654 791 777 827 Spiritus
810 792 928 818 sanctus

148 839 251 874 datur,
267 847 336 867 cum
359 839 447 867 datur
472 839 536 874 ejus
560 838 691 871 donum,
711 837 782 874 quia
805 837 928 873 Spiritus

149 889 266 914 sanctus
280 887 323 914 est
338 894 439 920 amor,
455 887 483 913 et
496 885 628 921 primum
641 885 770 919 donum;
782 883 929 920 posterius

151 934 248 960 autem
270 940 332 960 non
351 932 438 960 datur
459 932 522 959 sine
544 931 647 968 priori.
665 932 806 959 Praeterea
822 938 930 966 corpus

95 1002 102 1006 .
151 979 309 1016 mysticum
331 981 372 1007 est
395 987 491 1006 unum
514 987 568 1015 per
589 986 734 1006 amorem.
762 979 836 1005 Cum
858 985 929 1013 ergo

151 1026 225 1054 nihil
239 1028 372 1054 creatum
387 1025 423 1053 sit
438 1033 531 1052 unum
552 1025 584 1052 in
604 1025 729 1052 diversis
743 1024 930 1061 particulari-

151 1073 223 1108 bus,
246 1073 362 1108 oportet
387 1072 471 1108 quod
493 1072 631 1099 membra
655 1071 788 1108 corporis
813 1071 930 1107 mystici

151 1119 293 1148 uniantur
311 1127 372 1147 uno
393 1127 495 1147 amore
509 1119 652 1154 increato,
669 1119 721 1155 qui
744 1121 786 1147 est
809 1119 932 1155 Spiritus

153 1168 278 1195 sanctus.
302 1168 443 1194 Praeterea
458 1186 468 1200 ,
492 1166 584 1202 quia,
608 1166 774 1194 secundum
797 1165 932 1201 Augusti-

153 1221 241 1248 num,
256 1215 351 1241 totum
365 1213 479 1241 malum
499 1213 630 1241 hominis
653 1215 695 1240 est
715 1213 758 1240 uti
778 1212 911 1240 fruendis
923 1234 931 1247 ,

154 1263 182 1288 et
194 1260 252 1288 frui
266 1260 384 1288 utendis
395 1269 403 1295 3
420 1261 534 1287 constat
549 1268 618 1295 ergo
635 1260 718 1296 quod
732 1262 828 1287 totum
840 1267 934 1295 oppo-

155 1307 243 1335 situm
257 1309 298 1334 est
313 1306 427 1334 donum
447 1307 526 1342 ejus,
541 1307 651 1334 scilicet
667 1306 724 1334 frui
739 1306 872 1334 fruendis
884 1328 891 1341 ,
908 1309 936 1333 et

154 1354 197 1382 uti
217 1354 343 1382 utendis.
367 1353 424 1382 Sed
448 1354 487 1381 ad
508 1353 669 1381 fruendum
685 1362 736 1388 eo,
753 1361 813 1390 quo
837 1353 936 1381 fruen-

156 1401 230 1429 dum
245 1402 303 1435 est,
312 1400 472 1436 requiritur
486 1401 641 1437 praesentia
655 1400 792 1436 fruibilis,
806 1403 833 1428 et
847 1400 936 1428 etiam

157 1447 310 1484 dispositio
326 1447 428 1475 debita
442 1448 581 1475 fruentis:
595 1448 675 1476 unde
690 1448 850 1484 requiritur
861 1456 936 1484 prae-

157 1494 251 1522 sentia
265 1494 387 1530 Spiritus
410 1494 518 1528 sancti,
536 1496 563 1521 et
587 1495 650 1529 ejus
672 1494 806 1528 donum,
826 1494 936 1522 scilieet

157 1549 263 1575 amor,
287 1548 348 1576 quo
372 1540 548 1568 inhaereatur
568 1540 594 1568 ei
615 1550 621 1568 ι
639 1543 844 1568 verumtamen
868 1549 936 1568 cum

158 1587 245 1615 datur
266 1587 354 1615 nobis
374 1587 496 1623 Spiritus
517 1590 650 1622 sanetus,
669 1595 731 1615 non
753 1587 857 1623 incipit
875 1595 937 1615 esse

158 1634 189 1662 in
203 1634 271 1662 loco
286 1642 381 1669 novo,
397 1634 450 1662 sed
473 1642 554 1662 novo
574 1634 667 1662 modo
691 1643 745 1670 per
764 1634 939 1670 productio-

158 1689 229 1709 nem
252 1681 324 1709 novi
348 1680 467 1709 effectus
491 1683 519 1708 et
542 1681 612 1709 novi
636 1683 803 1717 respectus,
826 1690 862 1708 ex
878 1689 938 1717 quo

160 1730 294 1756 creatura
315 1735 345 1755 se
364 1727 449 1755 aliter
462 1728 553 1755 habet
576 1728 615 1755 ad
629 1728 768 1764 Spiritum
784 1731 918 1755 sanctum
930 1749 938 1762 ,

161 1783 253 1810 quam
269 1774 361 1810 prius.
376 1776 497 1810 Propter
518 1774 602 1810 quod
619 1777 646 1802 et
660 1774 722 1810 ipse
738 1774 845 1802 dicitur
858 1775 940 1802 aliter

161 1830 223 1850 esse
237 1821 269 1848 in
292 1823 441 1854 creatura,
457 1829 549 1857 quam
566 1821 664 1857 prius,
682 1821 754 1857 quia
777 1824 803 1849 et
825 1821 856 1849 in
877 1822 942 1858 ipsa

160 1869 235 1896 utin
251 1870 447 1903 cognoscente
467 1871 493 1896 et
515 1870 634 1896 amante
651 1868 765 1904 ipsum,
781 1869 865 1905 quod
879 1877 941 1896 non

161 1915 215 1942 fuit
227 1915 319 1951 prius.

198 1963 238 1989 Ex
263 1962 325 1997 jam
354 1961 438 1989 dictis
464 1963 544 1998 patet
572 1962 655 1998 quod
681 1963 711 1990 in
732 1962 941 1998 justificatione

164 2008 274 2043 duplex
288 2008 413 2036 charitas
429 2009 516 2036 nobis
540 2008 639 2042 datur,
657 2009 768 2037 scilicet
783 2012 880 2037 creata
890 2031 900 2043 ,
916 2012 943 2037 et

164 2054 314 2081 increata:
333 2054 384 2081 illa
409 2063 468 2089 qua
488 2055 660 2090 diligimus,
677 2058 705 2083 et
726 2057 778 2084 illa
795 2065 855 2092 qua
876 2056 943 2083 dili-

166 2100 274 2136 gimur.
296 2100 347 2128 Vel
371 2100 458 2128 datur
481 2101 569 2128 nobis
591 2102 717 2129 charitas
744 2106 858 2137 creata,
884 2111 944 2138 qua

167 2147 319 2182 diligimus
342 2147 524 2179 formaliter;
542 2150 569 2174 et
590 2148 739 2184 increata,
766 2158 826 2185 qua
846 2150 944 2184 diligi-

166 2202 233 2222 mus
248 2193 398 2229 effective,
416 2193 486 2229 quia
502 2196 636 2222 nostrum
652 2195 774 2230 diligere
792 2196 854 2231 ipse
876 2204 945 2224 cau-

167 2243 220 2268 sat.
243 2242 284 2268 Ex
306 2240 352 2267 his
379 2240 527 2275 colligitur
554 2241 652 2276 quod,
673 2242 741 2269 licet
764 2244 839 2269 Deus
858 2243 894 2270 sit
915 2243 946 2270 in

169 2287 309 2314 omnibus
328 2295 381 2322 per
400 2287 573 2322 essentiam,
589 2289 774 2324 praesentiam
794 2291 821 2316 et
840 2292 945 2325 poten-

168 2333 239 2361 tiam
249 2354 258 2367 ,
274 2341 335 2361 non
350 2336 449 2362 tamen
462 2335 589 2363 habetur
604 2336 642 2364 ab
657 2337 796 2365 omnibus
817 2337 944 2365 homini-

169 2379 225 2407 bus
239 2388 291 2416 per
307 2380 443 2415 gratiam.

205 2426 300 2454 Missio
315 2429 414 2454 autem
430 2428 550 2463 Spiritus
565 2430 656 2457 sancti
672 2430 784 2466 duplex
800 2433 850 2466 est,
872 2431 947 2459 sicut

172 2475 199 2500 et
222 2473 284 2501 Filii
312 2484 317 2500 :
344 2482 404 2502 una
426 2474 550 2502 visibilis
565 2497 573 2510 ,
595 2476 669 2504 sicut
697 2479 835 2514 apparuit
859 2486 949 2514 super

171 2520 316 2548 Christum
341 2521 371 2547 in
395 2521 554 2556 columba,
581 2525 608 2550 et
631 2532 719 2559 super
741 2525 894 2560 apostolos
918 2525 949 2552 in

172 2566 281 2601 linguis
299 2567 412 2603 igneis3
433 2568 491 2595 alia
512 2568 683 2605 invisibilis,
702 2579 761 2606 qua
781 2571 904 2599 mittittn‘
919 2572 949 2598 in

174 2615 302 2641 mentem
317 2614 356 2642 ad
378 2615 622 2644 sanctificandam
641 2621 804 2647 creaturam
822 2629 828 2647 :
849 2622 877 2647 et
896 2619 950 2647 ista

174 2659 274 2687 missio
293 2660 326 2687 fit
340 2661 379 2688 ad
393 2661 638 2691 inhabitationem
660 2667 800 2693 creaturae
821 2666 951 2694 rationa-

209 2723 213 2735 ¹
228 2723 303 2753 Aug„
316 2722 344 2745 cle
357 2723 457 2751 Trinit..
474 2724 516 2748 111).
528 2726 581 2755 XV,
599 2734 620 2749 c.
641 2732 704 2758 xm,
719 2734 746 2750 n.
763 2730 802 2752 31.
816 2741 845 2747 -
859 2729 949 2760 ²Aug.,

193 2766 205 2782 e
216 2758 315 2789 Trina„
328 2758 370 2781 lib.
387 2759 418 2788 ll,
431 2766 452 2782 c.
471 2766 495 2790 v,
511 2768 536 2784 n.
553 2763 574 2785 9,
587 2775 616 2779 --
629 2763 638 2778 ³
650 2764 757 2793 lsa.‚1v‚
773 2765 796 2787 5.

977 368 1031 404 1is3
1047 368 1100 397 sed
1120 368 1203 405 prior
1226 367 1259 395 fit
1283 367 1324 395 ad
1351 367 1597 395 inhabitationem
1621 367 1758 396 demons-

979 415 1116 444 trandam
1128 415 1203 443 aliis.
1219 413 1332 442 Eodem
1345 413 1438 441 modo
1452 413 1553 442 missio
1567 414 1631 442 Filii
1645 414 1759 451 duplex

980 465 1022 492 est
1038 473 1044 492 :
1062 471 1122 491 una
1136 463 1246 491 scilicet
1258 461 1400 497 visibilis,
1415 464 1446 490 ut
1457 461 1641 498 incarnati03
1657 464 1686 490 et
1700 462 1759 490 alia

980 509 1156 544 invisibilis,
1177 512 1208 537 ut
1232 510 1275 537 est
1297 509 1414 536 interna
1437 508 1544 536 mentis
1568 509 1757 538 illuminatio.

981 557 1150 586 Notandum
1165 556 1250 593 quod
1263 556 1365 584 missio
1381 555 1462 590 Filii,
1479 558 1507 583 et
1520 556 1643 592 Spiritus
1656 557 1759 592 sancti,

981 604 1194 641 inseparabilia
1216 605 1306 631 sunt:
1331 602 1384 630 sed
1407 602 1516 630 dicitur
1539 602 1617 638 Filii,
1637 604 1760 639 quando

982 660 1066 680 mens
1080 660 1134 688 per
1149 651 1276 688 gratiam
1291 651 1477 679 illuminatur
1492 650 1531 678 ad
1547 652 1638 678 Deum
1654 660 1762 687 cogno-

983 699 1147 734 scendum3
1165 699 1271 727 dicitur
1294 698 1418 734 Spiritus
1441 697 1554 732 sancti,
1579 699 1701 734 quando
1722 700 1763 727 af-

983 746 1076 774 fectus
1098 746 1270 774 accenditur
1289 745 1329 774 ad
1353 745 1528 773 amandum.
1545 745 1703 773 Sciendum
1723 748 1765 774 est

985 793 1070 829 quod
1091 793 1182 821 sollus
1204 793 1294 821 Patris
1320 794 1363 820 est
1383 792 1516 827 mittere,
1533 794 1561 819 et
1580 800 1642 820 non
1665 793 1740 820 mitti
1757 803 1763 821 :

986 848 1055 868 cum
1079 840 1159 868 enim
1180 841 1262 868 Pater
1279 848 1297 867 a
1320 839 1405 867 nullo
1430 839 1593 874 procedat,
1617 847 1766 875 nusquam

986 887 1061 915 mitti
1086 886 1202 914 dicitur.
1219 886 1292 920 Quia
1314 894 1383 913 vero
1399 885 1489 913 Filius
1514 887 1543 913 et
1564 886 1723 922 producit,
1740 889 1768 914 ct

986 933 1162 969 producitur
1176 954 1185 968 ,
1210 933 1279 961 ideo
1304 932 1413 967 mittit,
1438 934 1465 960 et
1487 932 1622 960 mittItur.
1645 932 1768 969 Spiritus

987 988 1058 1008 vero
1074 982 1207 1014 sanctus,
1224 979 1295 1015 quia
1309 979 1486 1016 producitur
1507 979 1699 1014 aeternaliter,
1716 980 1768 1007 sed

988 1034 1050 1054 non
1063 1026 1218 1062 producit,
1235 1026 1292 1054 nisi
1307 1034 1343 1053 ex
1358 1027 1511 1062 tempore,
1528 1025 1597 1053 ideo
1617 1025 1708 1061 ipsius
1728 1028 1770 1053 est

988 1074 1145 1111 proprium
1166 1074 1258 1109 mitti,
1277 1077 1304 1102 et
1324 1083 1386 1102 non
1409 1075 1542 1108 mittere,
1563 1074 1619 1101 nisi
1634 1076 1770 1109 respectu

990 1124 1144 1156 creaturan,
1160 1124 1192 1149 ut
1206 1121 1245 1149 ad
1260 1121 1489 1149 conversionem
1502 1121 1607 1157 populi
1630 1121 1768 1150 dicuntur

989 1168 1117 1204 apostoli
1130 1168 1212 1195 missi
1233 1176 1250 1196 a
1265 1168 1372 1204 Spiritu
1391 1170 1503 1195 sancto.
1519 1167 1577 1195 Nisi
1595 1168 1669 1195 forte
1691 1168 1771 1196 dica-

990 1219 1037 1244 tur
1051 1215 1165 1243 mittere
1184 1216 1338 1243 hominem
1359 1217 1564 1251 assumptum3
1581 1215 1633 1242 sed
1648 1215 1770 1251 Spiritus

991 1265 1108 1290 sanctus
1123 1263 1238 1290 mittere
1254 1263 1373 1296 dicitur,
1388 1262 1419 1289 in
1439 1264 1586 1298 quantum
1605 1270 1674 1289 cum
1689 1264 1771 1290 Patre

992 1313 1020 1337 et
1035 1309 1107 1337 Filio
1130 1309 1213 1337 idem
1232 1311 1274 1337 est
1294 1309 1325 1336 in
1343 1309 1468 1337 essentia
1487 1308 1630 1336 Trinitatis
1642 1330 1650 1343 ‚
1665 1310 1772 1337 nonin

993 1359 1138 1392 quantum
1160 1364 1298 1393 persona.
1325 1356 1370 1384 Sic
1394 1356 1482 1384 etiam
1504 1356 1594 1383 Filius
1615 1356 1703 1384 mittit
1727 1365 1772 1384 se-

993 1403 1106 1439 ipsum,
1120 1403 1200 1431 unde
1215 1403 1406 1438 AugustinuS,
1420 1403 1450 1430 in
1460 1402 1544 1430 libris
1555 1403 1592 1430 de
1601 1403 1738 1431 Trinitate
1748 1403 1770 1431 ²:

997 1461 1010 1476 a
1026 1450 1227 1486 intelligamus
1242 1450 1326 1478 illam
1341 1450 1592 1485 incarnationem,
1612 1452 1640 1478 et
1659 1459 1695 1478 cx
1712 1451 1773 1479 tir—

994 1498 1061 1532 gine
1076 1497 1260 1524 nativitatem
1270 1517 1279 1531 ,
1296 1497 1327 1524 111
1342 1505 1403 1533 qua
1415 1497 1587 1532 intelligitur
1602 1498 1689 1525 Filius
1704 1498 1774 1525 mis-

994 1553 1059 1578 sus,
1079 1552 1140 1571 una
1162 1544 1329 1579 eademque
1351 1544 1522 1579 operatione
1550 1544 1639 1572 Patris
1663 1546 1691 1572 et
1712 1545 1775 1573 Filii

994 1590 1232 1627 inseparabiliter
1247 1599 1310 1618 esse
1328 1590 1447 1624 factam,
1462 1598 1524 1618 non
1534 1593 1671 1627 separato
1686 1591 1774 1619 etiam

996 1637 1103 1674 Spiritu
1128 1639 1239 1665 sancto.
1263 1647 1275 1663 »
1303 1639 1343 1664 Ex
1368 1637 1414 1664 his
1433 1639 1513 1673 patet
1534 1637 1618 1673 quod
1639 1638 1685 1665 hae
1708 1640 1776 1666 sunt

996 1684 1186 1720 impropriffi,
1208 1686 1236 1711 et
1255 1683 1440 1719 exponendae
1457 1693 1463 1711 :
1487 1695 1500 1710 α
1517 1684 1639 1720 Spiritus
1659 1687 1776 1713 sanctus

996 1731 1083 1758 mittit
1097 1739 1127 1758 se
1139 1751 1149 1765 ,
1164 1732 1192 1758 et
1206 1730 1293 1758 mittit
1307 1730 1413 1758 Filium
1423 1752 1433 1765 ,
1449 1733 1475 1758 et
1490 1731 1579 1758 Filius
1597 1732 1684 1759 mittit
1699 1732 1776 1768 seip-

996 1786 1063 1805 sum
1088 1787 1096 1805 :
1118 1788 1131 1804 n
1157 1778 1211 1805 nisi
1238 1777 1420 1813 intelligatur
1447 1779 1477 1806 in
1502 1781 1648 1814 quantum
1672 1781 1715 1806 est
1740 1779 1777 1807 de

996 1824 1115 1860 Virgine
1130 1826 1233 1859 natus,
1247 1825 1317 1860 quia
1331 1825 1421 1853 Filius
1436 1826 1511 1852 Deus
1527 1825 1614 1853 mittit
1633 1834 1662 1853 se
1681 1826 1777 1853 homi-

997 1879 1066 1899 nem
1076 1893 1084 1906 ,
1100 1874 1127 1899 ct
1141 1871 1307 1899 secundum
1321 1872 1379 1900 hoc
1393 1880 1464 1900 vera
1479 1874 1531 1900 est.
1546 1874 1610 1900 Haec
1625 1875 1722 1900 autem
1737 1875 1779 1900 est

997 1918 1094 1952 ratio,
1119 1918 1191 1954 quia
1214 1920 1321 1946 mittere
1345 1919 1415 1946 dicit
1437 1919 1641 1947 auctoritatem
1664 1920 1777 1948 ratione

998 1965 1203 2001 productionis
1218 1967 1346 1993 aeternoe.

1034 2012 1147 2045 Quibus
1170 2012 1269 2040 modis
1291 2012 1376 2040 datus
1404 2012 1440 2040 sit
1461 2013 1584 2048 Spiritus
1609 2015 1726 2040 sanctus
1748 2013 1779 2040 in

999 2059 1084 2093 signo
1100 2059 1221 2086 visibili.
1238 2059 1397 2087 Sciendum
1413 2059 1497 2095 quod
1514 2059 1545 2086 in
1559 2060 1626 2094 igne
1642 2060 1780 2095 apparuit

1000 2105 1122 2140 Spiritus
1146 2108 1279 2139 sanctus,
1300 2108 1331 2133 ut
1351 2105 1523 2133 calefaceret
1547 2105 1690 2141 frigidos;
1707 2106 1780 2134 etin

1000 2150 1130 2185 linguis,
1154 2154 1186 2178 ut
1211 2151 1333 2179 doceret
1356 2152 1498 2187 ignaros;
1526 2154 1554 2180 et
1578 2152 1609 2179 in
1632 2160 1727 2188 sono,
1750 2155 1782 2180 ut

1001 2201 1121 2227 terreret
1136 2199 1273 2227 rebelles
1290 2199 1433 2235 Apparuit
1447 2199 1535 2227 etiam
1554 2200 1586 2227 in
1601 2200 1665 2228 aliis
1688 2201 1781 2228 tribus

1001 2246 1109 2281 signiS,
1127 2245 1239 2273 scilicet
1259 2246 1289 2273 in
1313 2247 1393 2274 nube
1416 2247 1472 2282 ipsi
1495 2247 1603 2282 Moysi,
1624 2250 1654 2274 ut
1677 2247 1782 2276 ductor

1002 2293 1065 2327 ejus
1084 2292 1116 2320 in
1140 2293 1281 2320 columna
1302 2292 1390 2321 nubis
1410 2296 1483 2321 esset
1502 2315 1510 2328 ,
1535 2294 1608 2321 sicut
1628 2294 1734 2329 legitur
1752 2295 1782 2322 in

1002 2340 1079 2367 isaia
1094 2340 1126 2374 ³3
1156 2339 1227 2367 item
1254 2340 1284 2366 in
1311 2339 1452 2367 columba
1470 2340 1503 2376 (b)
1532 2348 1620 2376 super
1637 2341 1783 2368 Christum

1003 2386 1201 2422 baptizatum,
1217 2386 1256 2414 ad
1272 2386 1489 2414 ostendendam
1504 2387 1604 2422 gratiae
1624 2388 1783 2423 plenitudi-

1004 2441 1089 2468 nem,
1107 2442 1173 2469 quae
1189 2434 1219 2460 in
1244 2434 1309 2469 ipso
1334 2436 1404 2460 erat.
1432 2435 1502 2460 Item
1523 2434 1553 2460 in
1572 2433 1644 2461 flatu
1660 2436 1727 2470 post
1740 2442 1793 2469 req

1004 2480 1233 2514 surrectionem,
1249 2480 1288 2507 ad
1310 2479 1539 2514 significandam
1553 2480 1783 2508 vivificationem

1006 2527 1145 2561 affectuS,
1171 2527 1241 2562 quia
1264 2526 1351 2554 ssatus
1367 2527 1398 2562 (c)
1419 2527 1458 2554 ab
1483 2527 1615 2554 interiori
1638 2528 1780 2563 procedit.

1006 2575 1093 2601 Datus
1108 2576 1150 2601 est
1164 2573 1252 2608 igitur
1267 2573 1389 2609 Spiritus
1405 2575 1522 2600 sanctus
1547 2574 1593 2601 bis
1612 2577 1678 2609 post
1692 2582 1786 2602 resur-

1006 2620 1184 2654 rectionem,
1209 2620 1317 2647 scilicet
1336 2620 1367 2647 in
1391 2622 1486 2654 terra,
1512 2622 1632 2656 propter
1656 2621 1786 2649 dilectio-

1006 2675 1077 2695 nem
1102 2666 1251 2703 proximi,
1273 2668 1301 2694 et
1329 2666 1366 2694 de
1392 2667 1478 2699 coelo,
1501 2669 1623 2703 propter
1651 2667 1786 2696 dilectio-

1040 2730 1074 2760 (α)
1090 2730 1161 2754 Edit.
1187 2730 1243 2753 Ven.
1265 2736 1322 2760 qua.
1341 2743 1371 2747 —
1392 2729 1425 2759 (b)
1449 2730 1509 2754 Caet.
1530 2730 1591 2753 edit.
1614 2730 1744 2755 columna.
1758 2743 1788 2748 —

1010 2766 1040 2796 (c)
1053 2766 1122 2790 Edit.
1144 2766 1201 2789 Veli.
1217 2766 1286 2790 flatu.
