2004 3037
195 221 254 251 150
522 212 779 247 COMPENDIUM
798 211 1059 245 THEOLOGIGAE
1077 212 1300 246 VERITATIS.
1325 213 1401 246 LlB.
1424 212 1476 246 IV.

193 285 256 313 haec
274 284 401 321 puritas,
427 290 494 319 quoe
511 281 610 318 potius
627 281 724 317 potest
744 287 832 309 suum
855 281 971 309 contra-

194 331 273 359 rium
287 338 387 358 secum
401 329 478 366 pati,
494 327 698 365 quampossit
711 326 819 355 violari
835 335 842 355 :
858 328 888 355 et
904 325 971 355 talis

194 377 248 405 suit
261 376 414 412 virginitas
429 376 560 404 Dominae
573 375 680 403 nostrae
691 395 701 410 ,
716 381 784 410 quoe

211 443 338 468 Gaudium
349 442 381 474 (a)
391 442 480 468 matris
492 442 570 467 hahet
583 447 642 466 cum
656 439 809 472 virginitatis
819 440 918 465 honore
931 450 936 464 ι

196 514 224 541 et
236 512 306 541 ideo
316 533 326 547 ,

195 580 248 606 Nec
262 580 372 612 primam
386 578 495 604 similem
510 578 566 602 visa
582 579 629 607 est,
640 584 688 602 nec
699 577 796 602 habere
810 578 970 608 sequentem.

231 649 341 683 Quarta
359 650 402 676 est
419 647 531 684 puritas
552 646 789 675 sanctificationis
810 653 847 674 ex
870 653 973 682 super-

196 696 335 724 ventione
354 695 477 732 Spiritus
491 693 600 728 sancti,
621 695 649 721 et
668 693 829 730 praesentiae
853 692 923 726 Dei,
942 692 973 720 in

197 750 257 779 qua
271 741 387 770 excellit
402 748 523 769 omnem
537 742 712 768 ereaturam.
728 740 801 768 Cum
815 739 896 767 enim
911 746 973 766 esse

197 790 322 817 matrem
345 787 414 822 Dei,
440 787 476 815 sit
499 787 627 822 dignitas
649 786 785 823 superior
803 794 870 822 quoe
891 793 974 822 purae

197 837 337 864 creaturae
352 834 567 862 communicari
579 833 691 870 possit,
714 841 834 861 necesse
850 835 892 860 est
907 839 974 868 gra-

197 882 268 910 tiam
283 881 323 910 ad
337 882 394 910 hoc
413 881 620 917 disponentem
641 887 704 908 esse
723 879 870 914 maj0rem
891 878 973 906 omni

198 929 292 964 gratia
305 936 386 964 purae
401 930 551 956 creaturae.
568 928 687 963 Oportet
698 934 769 962 ergo
783 924 975 962 privilegium

198 974 435 1003 sanctificationis
450 982 509 1002 suoe
524 974 555 1001 in
575 974 631 1001 bac
650 975 734 1009 parte
755 979 877 1000 omnem
899 971 974 999 alio-

197 1028 265 1050 rum
279 1021 541 1063 sanctificationem
557 1020 709 1048 excedere.

479 1114 622 1148 CAPUT
646 1113 689 1147 V.

403 1187 441 1214 De
461 1186 636 1221 Conceptione
654 1186 765 1212 Divina.
824 1197 837 1202 ν

235 1260 301 1286 Mox
322 1259 353 1285 ut
381 1255 469 1291 Virgo
492 1255 663 1283 beatissima
687 1261 839 1282 assensum
863 1253 976 1288 Angelo

199 1303 325 1341 proebuit
352 1303 453 1331 dicens
478 1311 485 1329 ι
508 1303 571 1329 Fiat
597 1302 666 1328 mihi
691 1301 837 1329 secundum
869 1301 978 1327 verbum

201 1354 291 1383 tuum3
306 1349 429 1386 Spiritus
444 1350 562 1376 sanctus
577 1355 665 1384 super
680 1355 747 1375 eam
762 1346 842 1374 venit
852 1368 860 1381 ,
881 1354 915 1374 ac
931 1347 976 1374 Fi-

200 1397 274 1425 lium
298 1397 346 1424 Dei
363 1396 507 1431 concepit.
533 1396 596 1422 Haee
611 1396 711 1422 aulem
726 1394 779 1421 triu
804 1393 891 1420 simul
914 1393 978 1420 fue-

201 1446 269 1471 runt
283 1445 416 1479 tempore
428 1464 436 1477 ,
459 1449 520 1469 nou
535 1443 649 1469 natura.
673 1442 753 1467 Tunc
768 1439 891 1475 impleta
911 1441 979 1466 sunt

201 1489 386 1526 praeambula
407 1489 571 1524 figurarum
583 1509 590 1522 ,
607 1490 634 1515 et
651 1487 831 1514 documenta
853 1486 978 1522 scriptu-

202 1544 303 1565 rarum
318 1557 326 1570 ,
355 1537 383 1563 ct
409 1534 557 1563 desideria
584 1534 796 1569 prophetarum
824 1541 829 1559 :
857 1534 979 1568 propter

202 1582 286 1618 quod
301 1582 389 1610 etiam
404 1581 549 1610 adventus
569 1580 671 1608 Christi
692 1579 798 1607 dicitur
815 1582 821 1596 ¹
837 1579 979 1613 plenitudo

203 1631 338 1664 temporis.

239 1677 334 1709 Quare
348 1677 446 1703 autem
462 1674 589 1701 Christus
600 1695 608 1707 ,
627 1681 680 1700 nec
695 1673 794 1708 prius,
811 1680 864 1700 nec
883 1674 980 1708 poste-

204 1722 266 1750 rius
291 1722 427 1755 venerit,
452 1719 603 1748 nonnullae
631 1721 697 1746 sunt
722 1719 861 1746 rationes
885 1719 981 1746 Prima

206 1770 262 1802 est,
277 1770 309 1796 ut
321 1767 457 1795 ordinem
474 1766 603 1794 universi
618 1773 679 1793 non
695 1765 835 1793 turbaret.
857 1764 980 1800 Singula

206 1822 336 1850 namque
357 1813 417 1840 suis
438 1813 512 1840 liunt
532 1811 730 1848 temporibus3
756 1813 868 1847 quanto
887 1811 982 1846 magis

207 1861 238 1889 in
251 1860 384 1888 maximo
398 1860 446 1887 Dei
462 1868 566 1895 opere,
583 1859 691 1886 seilicet
706 1858 768 1886 Filii
786 1858 833 1886 Dei
849 1858 983 1885 incarna-

209 1907 306 1935 tione?
321 1906 456 1935 Secunda
469 1928 477 1940 ,
494 1914 531 1933 ne
546 1906 620 1932 fides
635 1908 661 1933 et
676 1913 757 1941 spes,
773 1905 919 1941 promissa
943 1904 984 1931 in-

209 1953 378 1982 carnatione
394 1956 421 1980 et
434 1952 522 1980 nimis
537 1952 668 1986 tardata,
685 1952 813 1987 perirent
829 1961 837 1978 :
860 1951 884 1978 si
906 1951 983 1978 enim

210 2001 352 2029 tardasset
363 1999 473 2033 venire,
489 1999 622 2035 quotidie
638 1998 834 2026 decrevissent
849 1997 985 2025 homines

210 2047 240 2075 in
256 2047 330 2081 fide,
347 2048 374 2074 et
389 2046 557 2082 tepuissent.
574 2045 630 2073 Sed
646 2044 728 2081 prius
743 2045 843 2072 venire
856 2052 918 2072 non
933 2044 987 2072 fuit

211 2101 345 2127 necesse,
362 2093 433 2129 quia
448 2100 507 2120 non
522 2092 643 2127 prodest
661 2091 809 2119 medicina
828 2091 987 2126 spiritualis

212 2140 274 2167 sine
290 2140 396 2167 affectu
415 2138 591 2174 recipientis.
615 2138 709 2165 Tertia
723 2139 782 2171 est,
798 2140 830 2165 ut
844 2145 988 2173 supremae

213 2186 374 2213 infirmitati
390 2185 483 2220 culpa}
504 2184 675 2213 immediate
697 2184 865 2212 succederet
888 2183 989 2211 melio-

215 2232 304 2265 ratio,
327 2231 399 2258 sicut
421 2239 571 2258 summum
595 2233 702 2258 statum
721 2232 813 2258 acutae
835 2230 925 2258 febris
948 2238 990 2258 sc-

216 2278 315 2314 quitur
328 2277 408 2304 crisis
421 2279 447 2304 et
457 2277 580 2304 sanatio.
593 2278 715 2310 Quarta,
727 2279 758 2303 ut
770 2277 861 2303 homo
875 2277 911 2303 dc
925 2277 989 2311 lcgc

216 2323 342 2352 naturali
372 2326 398 2350 et
423 2323 528 2358 scripta
555 2322 635 2358 prius
659 2323 892 2356 convinceretur,
919 2324 991 2350 sieut

218 2371 257 2399 ait
269 2370 458 2405 Augustinus,
473 2369 543 2405 quia
560 2370 582 2395 si
597 2369 725 2396 Christus
739 2369 835 2396 statim
852 2369 991 2403 venisset,

219 2419 329 2447 diceret
343 2419 434 2447 homo
454 2418 535 2454 quod
558 2426 610 2453 per
632 2418 729 2452 legem
754 2420 864 2445 naturae
885 2418 992 2446 salvari

219 2468 345 2502 poterat,
356 2469 384 2493 et
402 2466 585 2501 superfluum
597 2465 729 2492 crederet
740 2464 901 2492 adventum
914 2465 993 2493 Chri—

255 2543 259 2555 ¹
274 2541 343 2570 Gal„
359 2545 393 2569 iv,
410 2541 431 2563 i.
445 2552 476 2557 —
488 2539 495 2552 ²
514 2539 585 2569 Gen„
599 2544 644 2568 xii,
664 2540 699 2562 10.
720 2552 745 2556 —
758 2539 768 2554 ³
783 2539 855 2569 Dan,
870 2546 897 2569 11,
918 2542 951 2563 25⁴».
965 2554 993 2557 —

222 2578 229 2591 ⁴
243 2578 361 2606 G1=2z.‚1r‚
382 2578 417 2598 10.
431 2588 461 2592 ——
472 2575 482 2591 5
494 2575 704 2603 1³r01÷.,1x,1.-
723 2575 731 2588 ⁵
745 2575 776 2597 ΙΙΙ
794 2575 860 2604 ΙίσῃἾ
874 2581 900 2604 x,
918 2577 953 2599 18.
965 2589 994 2593 —

223 2613 230 2626 ⁷
242 2613 341 2642 Jc1·e1n.,
357 2612 478 2641 xxx=‚22.
492 2610 543 2628 -⁸
556 2610 670 2639 Jm1n.,1,
690 2611 723 2633 15.
740 2622 770 2626 -—
783 2610 792 2626 ⁹
806 2610 880 2638 joel..
898 2617 936 2637 ιιι,
958 2613 993 2635 18.

254 2659 287 2686 (a)
304 2658 398 2681 Forsan
416 2656 551 2687 legendum
566 2655 666 2686 yonam.

1027 279 1062 308 sti
1073 290 1080 308 :
1091 280 1226 309 similiter
1237 281 1336 309 dicere
1347 281 1465 317 poterat
1478 279 1516 308 de
1529 280 1596 316 lege
1609 281 1728 318 scripta.
1744 281 1802 311 Sed

1027 328 1179 363 comperto
1191 328 1276 364 quod
1289 335 1346 356 nec
1359 327 1415 362 sic,
1429 334 1485 355 nec
1495 326 1538 354 sic
1551 326 1662 356 salvari
1675 328 1802 364 poterat,

1027 381 1096 402 cum
1109 382 1214 402 omnes
1227 374 1267 402 ad
1285 373 1396 402 inferos
1410 373 1643 408 descenderent,
1665 374 1737 402 tunc
1749 381 1802 403 ve·

1026 420 1070 448 nit
1081 420 1160 456 ipse,
1175 420 1247 457 quia
1259 422 1329 449 tunc
1343 421 1405 448 erat
1419 421 1535 456 tempus
1551 419 1712 448 miserendi
1727 420 1800 456 ejus.

1028 466 1156 502 Quinta,
1179 469 1213 496 ut
1234 467 1308 495 sicut
1327 467 1442 503 primus
1471 466 1564 495 homo
1589 466 1726 495 conditus
1749 466 1805 496 fuit

1028 515 1110 542 sexta
1125 513 1173 541 die
1186 513 1227 542 ad
1241 513 1330 542 totius
1343 513 1450 541 mundi
1473 513 1726 549 complementum
1735 534 1745 549 ‚
1760 513 1803 542 sic

1028 561 1102 588 Deus
1115 560 1207 589 homo
1218 560 1302 589 fieret
1312 560 1345 588 in
1358 561 1441 588 sexta
1454 561 1548 595 aetate,
1564 559 1604 588 ad
1619 559 1708 588 totius
1721 567 1803 588 crea-

1027 608 1098 635 turae
1111 607 1332 643 perfectionem.
1347 607 1435 635 Sexta
1448 606 1528 634 enim
1542 607 1612 634 aetas
1626 607 1695 642 apta
1707 607 1750 635 est
1763 606 1803 635 ad

1028 653 1196 682 exercitium
1216 653 1380 690 sapientiae,
1404 652 1444 681 ad
1461 653 1669 681 remissionem
1688 653 1802 690 culpae,

1028 699 1067 728 ad
1080 700 1219 728 meritum
1230 700 1297 728 vitae
1310 701 1439 733 aeternae,
1455 699 1495 727 ad
1507 699 1662 728 transitum
1677 699 1714 727 de
1729 701 1805 728 statu

1028 746 1153 774 miseriae
1169 746 1209 774 ad
1231 747 1339 774 statum
1359 746 1461 782 gloriae
1477 755 1484 774 :
1501 748 1529 774 et
1542 746 1598 774 ista
1610 748 1751 774 notantur
1773 746 1805 774 in

1028 795 1111 821 sexta
1123 795 1205 821 aetate
1221 793 1336 820 ratione
1348 792 1544 828 {perfectionis
1563 793 1681 821 senarii.
1697 794 1783 821 Sexta
1793 814 1803 828 ‚

1029 839 1101 874 quia
1123 839 1251 868 Christus
1274 846 1336 866 non
1356 837 1459 866 debuit
1481 838 1584 867 venire
1605 839 1637 867 in
1658 839 1805 876 principio

1029 885 1186 921 temporis,
1201 884 1273 921 quia
1286 884 1431 912 adventus
1447 885 1510 920 ejus
1529 885 1617 912 nimis
1631 885 1734 913 fuisset
1747 884 1804 913 fes-

1030 932 1108 960 tinus
1124 941 1130 959 :
1147 939 1202 959 nec
1216 931 1246 959 in
1260 931 1319 959 fine
1333 931 1449 966 ultimo,
1466 931 1537 968 quia
1551 933 1621 960 tunc
1635 932 1723 960 nimis
1737 931 1806 960 fuis-

1030 981 1072 1006 set
1093 978 1193 1006 tardus
1210 987 1217 1005 :
1233 978 1286 1006 sed
1305 977 1429 1006 decebat
1443 978 1626 1006 Salvatorem
1644 978 1721 1006 inter
1735 980 1806 1007 tem-

1030 1033 1086 1061 pus
1100 1025 1213 1060 morbi,
1225 1027 1253 1053 et
1265 1027 1381 1061 tempus
1393 1024 1498 1060 Judicii
1510 1046 1519 1059 ,
1532 1023 1720 1053 introducere
1735 1027 1808 1053 tem·

1031 1079 1087 1107 pus
1100 1071 1234 1099 remedii.
1252 1071 1394 1107 Septima,
1419 1071 1490 1107 quia
1505 1071 1629 1099 decebat
1651 1073 1808 1100 Ductorem

1031 1117 1192 1153 perlectum
1208 1120 1276 1145 tunc
1288 1125 1319 1146 se
1334 1117 1508 1151 ostendere,
1524 1125 1592 1146 oum
1606 1119 1682 1146 esset
1697 1125 1808 1154 oppor-

1032 1165 1140 1193 tunitas
1159 1164 1297 1192 currendi
1317 1163 1357 1191 ad
1379 1163 1536 1198 bravium,
1555 1164 1613 1192 hoc
1636 1166 1679 1192 est
1697 1164 1729 1192 in
1748 1163 1808 1192 fine

1032 1213 1201 1247 temporum
1214 1232 1220 1244 ‚
1235 1212 1262 1238 et
1277 1213 1376 1239 tamen
1391 1212 1458 1238 ante
1472 1211 1649 1246 terminum,
1665 1212 1697 1238 ut
1705 1218 1759 1247 per
1773 1211 1808 1239 ti-

1031 1266 1146 1286 morem
1158 1257 1263 1292 judicii
1279 1256 1435 1291 stimulati,
1457 1264 1511 1293 per
1531 1265 1616 1293 spem
1630 1257 1744 1292 praemii
1765 1259 1808 1285 at-

1032 1304 1134 1339 tracti,
1161 1307 1189 1332 et
1209 1311 1262 1340 per
1283 1303 1412 1339 exempli
1438 1303 1648 1339 perfectionem
1667 1303 1809 1338 animati,

1033 1351 1117 1387 sequi
1130 1358 1286 1387 possemus
1300 1349 1456 1378 efficaciter
1469 1349 1577 1378 ducem
1590 1351 1734 1378 nostrum.
1756 1351 1810 1378 Oc-

1034 1400 1118 1432 tava,
1133 1398 1204 1434 quia
1218 1397 1344 1425 decebat
1357 1397 1547 1433 mediatorem
1562 1396 1702 1432 quaedam
1716 1404 1811 1424 mem·

1035 1445 1158 1472 brorum
1172 1452 1294 1472 suorum
1307 1443 1475 1479 praeeedere
1485 1464 1494 1478 ,
1511 1442 1650 1479 quaedam
1661 1442 1754 1479 sequi.
1769 1445 1811 1472 ln-

1036 1490 1239 1518 carnationem
1249 1490 1352 1519 Christi
1364 1489 1463 1517 multae
1473 1489 1576 1525 figurae
1590 1491 1810 1525 praecesserunt,

1037 1541 1064 1565 et
1086 1537 1237 1573 prophetie
1262 1546 1268 1563 :
1290 1536 1327 1564 de
1348 1536 1458 1572 quibus
1480 1535 1596 1571 aliquas
1615 1535 1809 1570 assignemus.

1037 1584 1186 1612 Abraham
1205 1583 1341 1611 descendit
1355 1584 1366 1599 ²
1381 1585 1410 1610 in
1425 1584 1587 1617 AEyyptum,
1606 1584 1635 1608 ut
1654 1583 1812 1617 peregrina-

1037 1635 1112 1658 retur
1123 1631 1170 1657 ibi.
1188 1631 1270 1665 Lapis
1285 1631 1296 1646 ³
1309 1631 1438 1664 proecisas
1453 1631 1491 1656 esc
1504 1628 1536 1655 de
1550 1631 1638 1655 monte
1651 1629 1710 1655 sine
1725 1629 1813 1655 mani-

1038 1678 1094 1704 bus.
1121 1678 1230 1703 Flavius
1246 1678 1256 1693 ⁸
1276 1675 1464 1710 egrediebatur
1486 1675 1589 1702 deloco
1610 1676 1762 1710 voluptatis
1776 1675 1814 1702 ad

1038 1723 1209 1758 irriqandam
1228 1722 1400 1757 paradisum.
1421 1721 1584 1756 Sapientia‘*
1596 1721 1742 1755 aedificavit
1760 1721 1815 1748 sibi

1040 1770 1163 1803 domum,
1178 1769 1279 1796 excidit
1293 1769 1430 1795 columnas
1444 1771 1553 1803 septem.
1572 1768 1706 1795 Thronum
1720 1767 1730 1783 ⁶
1746 1768 1813 1800 secie

1039 1816 1092 1843 sibi
1107 1817 1230 1843 Salomon
1244 1815 1276 1842 de
1291 1815 1365 1842 ebore
1377 1814 1515 1849 mandem.
1532 1815 1636 1841 Novum
1651 1814 1753 1847 faciet⁷
1764 1814 1815 1840 Do-

1042 1865 1130 1890 minus
1149 1869 1230 1896 saper
1254 1865 1374 1889 terram:
1397 1862 1500 1894 femina
1518 1861 1696 1888 circumdabit
1714 1862 1814 1887 virum.

1041 1913 1123 1938 Jonas
1137 1911 1147 1927 ¹³
1163 1912 1190 1937 in
1205 1918 1278 1937 mare
1291 1909 1456 1944 projicitur,
1479 1911 1504 1936 et
1519 1916 1592 1935 mare
1612 1908 1733 1935 sedatur.
1750 1908 1816 1935 Scil-

1043 1959 1133 1985 labunt
1145 1958 1155 1974 ⁹
1171 1959 1268 1984 montes
1283 1956 1460 1983 dulcedinem.
1477 1955 1607 1983 Descende*
1627 1954 1647 1971 ¹⁰
1666 1957 1696 1981 in
1713 1955 1818 1981 hortum

1042 2012 1128 2031 meum
1139 2025 1147 2037 ,
1164 2006 1193 2030 uc
1208 2003 1323 2030 viderem
1336 2009 1416 2037 poma
1430 2002 1602 2029 convallium.
1617 2000 1716 2028 Vellus
1729 2001 1749 2018 ¹¹
1765 2001 1818 2028 Ge-

1044 2050 1147 2078 deonis
1168 2049 1343 2077 rorifieatur.
1371 2050 1475 2077 manna
1497 2047 1517 2068 ¹²
1532 2050 1665 2075 servatur
1687 2047 1717 2074 in
1745 2054 1820 2075 urna

1045 2104 1145 2125 aurea.
1158 2096 1244 2131 Virga
1257 2098 1355 2123 Aaron
1368 2095 1389 2112 ¹³
1401 2095 1495 2122 floret.
1507 2095 1566 2121 Flos
1579 2095 1599 2111 ¹⁸
1610 2094 1643 2120 de
1658 2094 1749 2120 radice
1763 2093 1820 2127 ejus

1046 2143 1178 2171 ascendet.
1196 2142 1338 2169 Emittitur
1354 2141 1372 2158 ¹⁵
1386 2140 1527 2169 columba
1542 2140 1578 2167 de
1591 2147 1659 2167 arca
1672 2141 1742 2167 Noe.
1759 2139 1820 2166 Mit-

1046 2190 1114 2217 titur
1125 2189 1143 2206 ’ὅ
1152 2189 1267 2224 lignum
1275 2188 1305 2215 in
1316 2195 1408 2222 aquas
1418 2186 1538 2214 Marath.
1546 2185 1702 2213 paradisus
1713 2186 1730 2202 ¹⁷
1739 2185 1821 2221 plan-

1047 2238 1132 2263 tatur.
1155 2236 1268 2270 Moyses
1288 2233 1407 2269 ponitur
1423 2232 1445 2250 ¹⁸
1461 2233 1491 2259 in
1505 2232 1648 2259 fiscellam
1663 2231 1820 2267 scirpeam.

1048 2282 1135 2310 lsrael
1149 2281 1244 2308 induit
1259 2281 1278 2296 ¹⁹
1290 2279 1398 2314 Joseph
1413 2278 1512 2306 tunica
1527 2278 1682 2314 polymita.
1694 2279 1727 2305 In
1735 2279 1789 2305 sole
1800 2278 1822 2295 ²⁰

1047 2330 1138 2364 posuit
1164 2327 1363 2353 tabernaculum
1384 2333 1470 2352 saum.
1493 2326 1554 2352 Duo
1577 2324 1630 2352 viri
1646 2325 1742 2351 serunt
1756 2325 1776 2340 ²¹
1791 2324 1822 2351 in

1049 2376 1130 2403 vecte
1148 2374 1268 2401 botrum
1292 2372 1329 2398 de
1351 2374 1427 2399 terra
1442 2371 1656 2407 promissionis,
1673 2370 1789 2398 Mittitur
1801 2369 1822 2385 ¹³

1050 2421 1157 2457 Joscph
1177 2420 1207 2447 in
1225 2420 1391 2447 cisternam.
1420 2419 1484 2445 srbs
1498 2417 1672 2450 fortitudinis
1693 2419 1789 2443 nostroe
1802 2415 1823 2433 ³³

1051 2493 1080 2498 —
1095 2480 1114 2495 ¹⁶
1130 2479 1213 2506 CanL,
1233 2484 1273 2507 w,
1296 2479 1331 2501 io.
1347 2491 1376 2494 —
1397 2478 1412 2490 '¹
1431 2476 1523 2503 Judic..
1539 2481 1563 2499 vl
1575 2494 1582 2504 ‚
1597 2475 1633 2499 38.
1651 2488 1681 2492 —
1698 2475 1714 2488 '²
1732 2475 1821 2504 Eaeod„

1052 2521 1106 2544 xvl,
1118 2515 1156 2538 32.
1167 2526 1197 2531 ·-—
1211 2513 1230 2529 ¹³
1243 2513 1329 2541 Numi,
1340 2518 1404 2542 xvii,
1415 2513 1438 2535 8.
1450 2525 1479 2529 —
1496 2512 1582 2539 ¹¹Is11.,
1594 2516 1630 2540 xl,
1648 2512 1667 2533 1.
1679 2510 1822 2539 ——15Gen.,

1052 2557 1114 2579 viu,
1135 2551 1157 2574 S.
1173 2562 1204 2567 --
1227 2550 1243 2562 ¹¹³
1262 2548 1354 2577 Exod,
1373 2554 1422 2576 xv,
1441 2550 1479 2572 23,
1500 2559 1530 2564 -
1550 2546 1570 2563 ¹⁷
1596 2546 1667 2575 Gen„
1691 2552 1723 2572 ιι,
1745 2546 1769 2569 8.
1794 2557 1824 2563 -

1055 2587 1071 2601 ¹¹
1084 2585 1175 2613 Eroti,
1190 2590 1220 2613 ιι,
1235 2587 1256 2607 ῑέ.
1270 2597 1300 2602 —-
1320 2586 1336 2599 ¹¹¹
1351 2584 1420 2613 Gen„
1436 2588 1536 2609 xxxxn,
1552 2583 1575 2605 3.
1586 2595 1616 2599 —
1628 2582 1648 2595 ²⁰
1665 2581 1731 2604 Psal.
1748 2586 1823 2609 an,

1054 2624 1076 2644 ιῖ.
1093 2634 1123 2638 -
1145 2620 1162 2634 ²¹
1185 2620 1270 2645 mim..
1291 2625 1352 2648 1111,
1372 2620 1410 2642 25.
1428 2631 1458 2636 ——
1473 2618 1493 2634 ²²
1515 2617 1584 2642 Gen.
1609 2622 1713 2644 xxxvii,
1736 2617 1774 2639 22.
1794 2627 1825 2634 —

1054 2657 1075 2673 ¹³
1089 2657 1145 2685 lm„
1162 2661 1233 2684 xxvi,
1251 2657 1270 2678 1.

1992 1100 2004 1115 J
