2004 3037
100 532 131 552 Ad
150 533 178 552 11.

97 1789 165 1808 Avllll

100 2116 131 2135 Ad
140 2116 178 2135 lv.

100 2625 131 2645 Ad
145 2628 173 2648 V-

211 221 250 250 52

209 285 288 314 tibus
316 283 454 320 cogitatio
481 281 624 319 praedieto
655 279 748 308 modo
781 279 966 316 praemittitur
977 299 987 314 ‚

209 331 317 360 deinde
332 329 465 366 sequitur
475 327 592 357 affectio
604 327 725 362 amoris,
737 334 797 363 qua
807 325 987 363 perfectione

209 379 329 407 obtenta
355 377 444 405 totius
475 374 662 411 cogitationis
672 395 682 409 ,
710 373 759 401 vel
787 371 988 401 meditationis

207 424 338 462 praeviae,
362 423 411 450 vel
433 422 599 450 comitantis
623 419 823 457 obsequium,
844 421 877 447 ut
896 427 988 455 supra

208 471 320 499 dictum
334 472 392 505 est,
409 471 573 498 amovetur.

242 518 286 547 Ad
304 516 470 545 secundum
490 515 668 549 dicendum,
696 513 780 550 quod
806 512 882 541 illud
909 512 987 540 bene

207 564 418 593 concedimus:
445 573 458 589 «
482 562 579 591 invisa
599 569 759 598 possumus
785 560 918 595 diligere,
943 559 988 586 in-

207 611 326 647 cognita
344 617 536 646 nequaquam
552 618 559 637 ;
581 618 594 635 n
613 616 684 636 nam
703 606 847 643 sapientia
862 605 988 642 mystica

207 656 566 694 supponitcogitationem
580 654 615 691 (a)
628 654 687 682 Dei.
701 653 782 681 Unde
794 653 824 681 in
838 652 986 689 principio

207 706 330 740 Mysticoe
357 705 504 738 Theoloflioe
530 703 654 730 vocatur
685 700 829 737 sapientia
853 699 987 728 Christia-

208 759 326 779 norum.
339 750 388 778 Vel
401 750 494 784 aliter,
509 749 580 785 quia
591 747 703 784 duplex
716 749 759 774 est
773 745 913 781 cognitio,
927 753 988 772 una

206 798 346 835 praecedit
356 796 464 825 amoris
474 795 621 824 allectum.
636 797 668 823 ln
677 793 774 830 primo
790 792 870 821 enim
880 791 986 819 affectu

206 845 255 872 vel
290 852 431 880 processu
464 842 627 871 secundum
666 841 746 868 viam
779 838 986 867 scholasticam

207 899 415 925 communem,
437 893 479 918 est
498 889 540 917 ibi
563 889 660 925 primo
681 886 811 922 cognitio
833 893 885 922 per
908 892 986 912 crea-

206 940 285 966 turas
300 937 337 965 de
355 939 427 971 Deo,
443 936 490 964 vel
505 944 558 973 per
573 935 763 968 intellectum,
780 935 941 968 antequam
955 930 985 958 in

204 985 268 1020 ipso
291 983 401 1012 amoris
420 982 536 1011 affectio
556 981 749 1014 accendatur,
773 982 800 1008 et
821 977 985 1006 secundum

205 1031 262 1059 hoc
277 1030 352 1058 illud
368 1029 521 1065 Augustini
536 1028 717 1062 intelligitur.
734 1026 791 1055 Sed
805 1026 835 1053 in
847 1032 985 1061 processu

205 1077 340 1113 mystico,
357 1076 522 1103 secundum
539 1074 722 1110 Dionysium,
739 1072 849 1100 amoris
864 1071 985 1099 affectus

205 1123 369 1151 intellectus
379 1122 590 1158 cogitationem
601 1120 754 1158 pmccedit,
765 1121 796 1147 ut
809 1118 920 1146 dictum
931 1119 984 1151 est,

206 1170 283 1198 etde
305 1172 429 1205 utraque
451 1169 584 1205 loquitur
607 1167 753 1204 propheta
771 1164 874 1193 David.
892 1164 983 1199 Unde,

206 1219 350 1253 quantum
372 1217 410 1244 ad
429 1216 560 1252 primum
582 1215 614 1250 (b)
642 1214 734 1242 dicit:
757 1215 789 1241 ln
809 1212 985 1239 meditatione

205 1271 263 1290 mea
277 1263 427 1290 erardescit
448 1264 540 1296 ignis:
556 1262 592 1289 de
614 1261 672 1288 alia
686 1270 692 1287 :
714 1259 840 1287 Accedite
854 1258 890 1285 ad
907 1266 984 1291 eum,

206 1313 230 1337 ct
252 1311 461 1342 illuminamini,
486 1308 594 1336 scilieet
612 1316 665 1343 per
689 1305 888 1341 cognitionem
911 1304 984 1331 veri-

205 1357 289 1384 tatis:
304 1359 332 1384 et
345 1357 399 1384 ista
409 1355 538 1391 cognitio
554 1357 595 1382 est
610 1353 716 1382 certior
729 1361 819 1389 quani
835 1353 942 1388 prima,
958 1354 985 1379 et

205 1403 403 1432 infallibilior:
422 1403 496 1431 sicut
511 1401 659 1429 multoties
674 1400 799 1436 aliquid,
817 1407 870 1435 per
883 1399 984 1434 aliqua

204 1451 287 1486 sigua
303 1459 370 1486 quae
384 1450 520 1477 videntur
536 1449 566 1476 in
582 1448 657 1484 ipso,
675 1455 736 1475 esse
756 1445 931 1473 delectabile
946 1446 985 1473 ad

205 1497 385 1525 vescendum
406 1495 604 1531 cognoscitur,
620 1503 655 1522 ex
671 1501 730 1530 qua
746 1493 928 1528 cognitione,
945 1492 984 1520 ad

204 1544 260 1572 hoe
276 1547 307 1572 ut
321 1543 505 1577 comedatur,
520 1541 666 1578 appetitus
686 1540 813 1568 videntis
828 1539 985 1575 quamplu-

204 1591 260 1618 ries
279 1590 453 1621 inardescit3
474 1591 592 1625 postea,
607 1587 729 1624 quando
749 1586 823 1613 illud
840 1588 982 1621 gustatur,

204 1637 332 1672 amplior
352 1639 379 1664 et
398 1636 504 1664 certior
521 1635 651 1670 cognitio
666 1642 701 1661 ex
718 1634 781 1669 ipso
798 1636 883 1667 gustu
898 1632 985 1660 relin-

204 1685 313 1720 quitur,
330 1692 420 1719 quam
432 1682 483 1709 illa
498 1684 571 1709 esset
585 1690 650 1716 quae
666 1681 762 1716 ipsum
778 1682 896 1713 gustum
912 1688 983 1715 proe-

205 1732 329 1757 cesserat
346 1739 351 1756 :
369 1730 409 1756 sic
425 1731 452 1756 et
466 1729 496 1755 in
511 1728 557 1755 liis
571 1727 677 1754 codem
691 1726 783 1753 modo
802 1726 982 1760 intelligitur.

240 1776 284 1803 Ad
304 1776 439 1810 tertium,
459 1785 471 1800 «
494 1776 524 1802 ln
549 1773 675 1807 divinis,
692 1783 705 1797 n
731 1775 784 1800 etc.
797 1794 805 1807 ,
823 1772 984 1799 dicendum

205 1822 289 1858 quod
314 1830 419 1849 verum
444 1823 486 1848 est
514 1827 677 1847 secundum
702 1818 826 1846 modum
855 1826 984 1845 commu-

206 1878 293 1903 nem,
321 1870 349 1896 et
369 1868 433 1903 ipsa
458 1867 556 1895 anima
578 1866 729 1893 actualiter
750 1865 983 1900 conscendente5

206 1915 370 1944 secundum
385 1916 484 1942 autem
502 1921 675 1949 processum
695 1912 851 1948 mysticum
871 1915 984 1939 contra-

206 1963 283 1990 rium
303 1964 344 1989 est
364 1971 370 1988 z
394 1964 422 1988 et
440 1961 480 1987 sie
496 1959 631 1996 procedit
652 1959 705 1986 ista
720 1958 848 1993 obJectio
865 1958 984 1985 alterius

206 2009 312 2044 partis,
328 2008 410 2044 quod
435 2008 513 2043 patet
533 2006 562 2033 in
583 2013 724 2041 processu
746 2005 878 2040 ipsorum
899 2013 984 2039 argu-

207 2058 385 2083 mentorum.

244 2103 294 2129 l‘cr
315 2101 371 2128 hoe
394 2102 474 2136 patet
496 2099 577 2127 aliud
605 2098 641 2125 de
668 2097 827 2125 Cherubim
851 2100 878 2124 et
903 2098 984 2124 Sera-

207 2148 289 2183 phim
304 2157 310 2174 :
327 2156 431 2174 verum
449 2149 491 2174 est
509 2147 654 2181 quantum
671 2145 709 2171 ab
727 2144 835 2171 infimis
850 2143 984 2179 superius

208 2194 413 2226 ascendendo,
429 2195 456 2220 ot
470 2193 509 2219 sie
527 2192 665 2226 cogitatio
681 2191 818 2226 praecedit
834 2198 982 2225 amorem,

206 2242 279 2268 sicut
295 2239 453 2267 Cherubim
468 2237 787 2274 praeceditSci-apliin1;
804 2237 984 2263 contrarium

206 2289 303 2315 autem
323 2289 365 2313 est
384 2284 611 2318 descendendo,
632 2292 701 2310 nam
721 2283 818 2318 primo
835 2285 861 2309 ct
876 2283 983 2318 princi-

206 2334 310 2369 paliter
342 2333 445 2368 recipit
470 2331 652 2358 influentiam
677 2338 693 2356 a
722 2331 778 2356 Deo
811 2329 963 2364 Seraphim
975 2351 983 2362 ,

207 2388 297 2415 quam
316 2379 489 2409 Cherubim,
506 2381 534 2404 et
555 2377 595 2403 sic
610 2376 743 2403 similiter
758 2375 982 2410 descendendo,

206 2426 302 2462 primo
319 2427 453 2452 movetur
469 2424 589 2451 affectus
609 2431 661 2458 per
681 2429 814 2449 amorem
829 2422 859 2448 in
876 2423 983 2455 Deum,

207 2481 298 2508 quam
322 2471 396 2499 illud
407 2493 414 2506 ,
444 2470 527 2506 quod
556 2469 659 2497 sentiat
686 2470 817 2502 allectus,
843 2469 984 2504 percipiat

207 2519 369 2546 intellectus
385 2527 390 2545 z
406 2520 433 2545 et
446 2518 487 2545 sic
502 2517 591 2544 currit
607 2515 738 2543 secunda
752 2523 820 2550 pars
832 2515 983 2542 contrariae

206 2565 305 2600 partis.

243 2611 286 2637 Ad
304 2611 440 2646 quintum
455 2609 633 2642 dicendum,
650 2607 733 2643 quod
751 2616 811 2635 non
833 2609 874 2635 est
888 2608 981 2635 simile

208 2657 244 2684 dc
260 2657 362 2689 beatis,
376 2659 402 2683 ct
417 2656 578 2684 viatoribus
591 2665 596 2682 :
612 2663 682 2682 nam
697 2654 774 2682 beati
789 2654 883 2689 ipsam
899 2655 983 2682 clari-

804 202 975 244 MYSTICA
996 210 1234 244 maereant.

1043 280 1134 307 tatem
1160 278 1235 307 lucis
1262 280 1376 308 aeternae
1398 277 1502 307 vident
1525 277 1600 306 facie
1628 276 1669 307 ad
1695 277 1803 308 taciem
1811 299 1822 315 ,

1044 325 1158 362 absque
1177 325 1242 354 ulla
1261 324 1444 354 admixtione
1465 323 1669 361 phantastica,
1684 324 1734 354 vel
1754 333 1822 354 cor-

1043 372 1125 408 poris
1143 372 1350 409 corruptione,
1374 371 1588 401 obtenebrante
1613 371 1754 408 caligine,
1773 373 1824 400 vel

1043 419 1156 454 medio,
1177 418 1411 456 contemplantes
1431 428 1438 447 :
1455 420 1483 447 et
1496 418 1565 447 ideo
1583 420 1625 447 est
1644 418 1688 446 ibi
1705 426 1824 447 summa

1045 465 1205 500 ordinatio,
1222 465 1293 502 quia
1306 465 1425 494 nullum
1440 467 1483 494 est
1496 465 1538 494 ibi
1553 465 1802 502 impedimentum
1814 475 1822 494 ε

1043 511 1113 540 ideo
1128 512 1226 549 primo
1241 512 1414 540 naturaliter
1427 512 1590 540 intellectus
1605 511 1740 540 divinam
1753 511 1824 548 pul-

1044 558 1242 587 chritudinem
1256 559 1463 596 apprehendit,
1476 567 1569 596 quam
1580 559 1611 587 in
1625 559 1691 596 ipsa
1702 558 1825 587 affectus

1044 605 1154 634 unione
1172 606 1372 634 indissolubili
1391 606 1562 634 delectetur.
1585 608 1616 634 ln
1638 605 1824 641 viatoribus,

1043 652 1111 680 licet
1125 655 1226 681 ament
1239 653 1395 681 existentes
1413 653 1444 680 in
1460 660 1604 688 corpore,
1620 654 1734 686 tamen,
1749 652 1824 680 sieut

1045 699 1116 727 dicit
1125 699 1332 736 Philosophus,
1340 699 1504 727 intellectus
1516 699 1666 727 humanus
1676 700 1719 727 est
1728 699 1823 735 phan-

1044 746 1124 773 tasiae
1155 746 1305 774 admixtus
1315 767 1324 781 ‚
1347 746 1416 774 ideo
1440 753 1530 774 omne
1560 745 1747 781 intelligibile
1757 767 1767 780 ‚
1795 748 1824 774 et

1043 792 1173 820 maxime
1188 801 1340 820 summum
1353 792 1557 828 intelligibile,
1574 792 1657 829 quod
1672 794 1714 820 est
1729 794 1802 820 Deus
1812 813 1822 826 ‚

1043 838 1106 875 ipse
1128 839 1309 875 phantastice
1333 838 1551 875 apprehendit:
1576 839 1660 875 quod
1686 839 1711 867 si
1734 837 1823 867 etiam

1042 893 1097 921 per
1117 893 1251 913 amorem
1262 906 1271 920 ,
1286 887 1314 914 et
1335 885 1583 913 illuminationem
1607 885 1748 914 divinitus
1766 885 1823 913 im-

1042 931 1164 959 missam
1175 953 1184 966 ,
1213 932 1252 960 ab
1281 932 1430 960 intellectu
1466 931 1610 960 admixtio
1640 931 1824 968 phantastica

1043 981 1205 1015 separetur,
1221 987 1338 1015 semper
1353 982 1452 1007 tamen
1467 979 1644 1013 intellectus,
1660 981 1822 1015 quantum-

1043 1035 1170 1063 cumque
1186 1026 1298 1055 ecelitus
1312 1026 1509 1062 illuminetur,
1525 1028 1618 1054 Deum
1631 1026 1724 1054 modo
1738 1026 1822 1055 finito

1042 1075 1070 1101 et
1093 1073 1216 1101 limitato
1238 1073 1451 1110 apprehendit,
1472 1073 1524 1110 qui
1547 1075 1646 1101 tamen
1661 1073 1822 1101 immensus

1043 1123 1071 1147 et
1098 1119 1229 1148 infinitus
1255 1123 1315 1156 est;
1341 1123 1369 1148 et
1391 1120 1460 1149 ideo
1490 1120 1587 1148 omnis
1616 1119 1822 1148 intellectualis

1043 1167 1181 1202 cogitatio
1208 1175 1325 1204 semper
1346 1169 1389 1195 est
1411 1167 1530 1203 impura
1553 1169 1581 1195 et
1603 1166 1768 1194 immunda.
1789 1167 1822 1194 Et

1041 1212 1110 1241 ideo
1124 1213 1155 1240 in
1169 1214 1320 1250 praesenti,
1337 1215 1362 1242 si
1376 1221 1447 1241 vera
1470 1214 1506 1241 sit
1526 1213 1726 1242 consurrectio
1740 1221 1821 1250 mys-

1041 1259 1112 1294 tica,
1125 1260 1211 1295 jubet
1232 1261 1328 1296 ipsam
1350 1260 1506 1296 Dionysius
1529 1260 1568 1288 ab
1590 1260 1700 1288 amoris
1715 1260 1821 1288 affeetu

1042 1306 1167 1334 totaliter
1182 1307 1369 1343 sequestrari,
1386 1309 1413 1334 et
1428 1315 1481 1343 per
1495 1307 1593 1334 solum
1606 1306 1722 1335 ardoris
1737 1315 1820 1334 anio-

1041 1361 1104 1380 rem
1130 1361 1325 1389 consurgere,
1347 1353 1418 1390 quia
1442 1353 1495 1381 etsi
1516 1355 1594 1381 totus
1615 1353 1651 1381 sit
1670 1353 1819 1382 desidera-

1041 1399 1118 1434 bilis,
1134 1401 1207 1427 sieut
1222 1401 1252 1427 in
1267 1401 1386 1428 Cauneis
1399 1400 1406 1415 ¹
1422 1399 1543 1434 dicitur,
1558 1408 1618 1428 non
1634 1403 1732 1428 tamen
1744 1402 1820 1427 totus

1041 1446 1333 1482 comprehensibilis,
1348 1454 1401 1474 nec
1416 1447 1447 1474 in
1462 1440 1608 1482 prfese‘nti,
1624 1454 1678 1474 nee
1692 1446 1723 1474 in
1742 1445 1820 1474 futu-

1040 1500 1085 1520 ro.
1102 1494 1135 1520 Et
1149 1493 1179 1520 in
1194 1495 1339 1529 quantum
1358 1492 1506 1520 efficacius
1523 1493 1552 1520 in
1567 1493 1631 1529 ipsa
1647 1501 1818 1521 consurrec-

1041 1539 1119 1567 tione
1135 1540 1231 1567 omnis
1247 1539 1422 1567 intellectiva
1437 1540 1567 1575 cognitio
1582 1540 1771 1574 rescinditur,
1788 1540 1819 1567 in

1041 1587 1154 1613 tantum
1169 1586 1283 1614 ardoris
1297 1587 1414 1620 atl'ectu,
1425 1586 1515 1614 veluti
1527 1587 1602 1614 liber
1615 1589 1818 1622 supernatans,

1041 1632 1137 1666 citius,
1167 1633 1251 1668 quod
1280 1633 1448 1667 desiderat,
1473 1633 1679 1668 apprehendit.
1705 1634 1736 1660 Et
1761 1633 1819 1660 hoc

1040 1687 1154 1706 summe
1175 1679 1342 1706 cavendum
1363 1681 1423 1713 est,
1438 1681 1469 1706 ut
1493 1679 1575 1706 nulla
1591 1679 1719 1714 cognitio
1734 1679 1818 1707 intel-

1040 1726 1174 1753 lectualis
1184 1735 1214 1754 se
1229 1726 1340 1754 amoris
1351 1725 1454 1753 unitivi
1466 1726 1703 1754 consurrectione
1719 1727 1747 1762 (c)
1765 1726 1817 1754 ad—

1041 1773 1169 1800 misceat.

1076 1819 1119 1847 Ad
1134 1820 1250 1847 sextum
1269 1819 1431 1847 dicendum
1450 1821 1505 1852 est,
1525 1819 1608 1855 quod
1627 1819 1758 1847 solutum
1777 1823 1817 1848 est

1041 1866 1205 1894 secundum
1226 1866 1376 1902 duplicem
1398 1866 1524 1894 modum
1544 1866 1744 1901 consurgendi
1763 1875 1817 1903 per

1040 1923 1185 1949 amorem,
1197 1917 1228 1942 ut
1243 1915 1355 1942 dictum
1364 1917 1405 1943 est
1418 1915 1452 1950 (d)
1465 1924 1471 1942 ε
1485 1917 1607 1951 «Neque
1617 1915 1654 1943 de
1668 1915 1815 1950 Trinitate,

1040 1969 1136 1997 neque
1153 1961 1189 1989 de
1205 1961 1329 1997 angelis,
1340 1972 1353 1987 υ
1365 1964 1418 1989 etc.
1435 1962 1476 1997 (e).
1496 1963 1548 1989 Per
1562 1962 1636 1989 illud
1656 1962 1737 1990 idem
1756 1962 1815 1990 sol-

1040 2008 1118 2035 vitur
1137 2008 1306 2044 septimum.

1076 2054 1119 2081 Ad
1132 2058 1271 2082 octavum
1284 2054 1445 2082 dicendum
1461 2057 1512 2088 est,
1529 2055 1612 2090 quod
1626 2055 1694 2083 licet
1707 2055 1816 2083 modus

1041 2101 1240 2136 consurgendi
1270 2102 1391 2137 mystice
1419 2102 1522 2130 stultus
1551 2105 1579 2130 et
1606 2102 1816 2130 irrationabilis

1040 2148 1247 2183 ignorantibus
1262 2149 1339 2176 hanc
1355 2149 1530 2185 sapientiam
1544 2149 1695 2183 videatur,
1717 2152 1816 2177 tamen

1040 2195 1252 2230 sapientissime
1281 2198 1308 2222 et
1335 2195 1411 2222 mira
1437 2195 1572 2230 procedit
1601 2195 1787 2223 ordinatione
1807 2205 1814 2223 ε

1040 2249 1110 2268 nam
1126 2241 1189 2268 solo
1205 2241 1338 2276 pondere
1352 2243 1379 2268 et
1396 2241 1572 2269 discretione
1586 2242 1714 2276 amoris,
1730 2242 1816 2269 affec-

1040 2289 1085 2314 tus
1099 2287 1196 2314 verius
1211 2289 1238 2314 ct
1258 2287 1363 2315 certius
1373 2308 1382 2321 ,
1398 2289 1425 2315 et
1440 2287 1624 2315 infallibilius
1646 2288 1675 2315 in
1696 2289 1793 2324 ipsum
1805 2309 1813 2322 ,

1040 2341 1129 2368 quem
1151 2333 1260 2368 diligit,
1278 2333 1384 2368 fertur,
1412 2342 1503 2370 quam
1527 2334 1630 2362 oculus
1651 2334 1814 2370 corporalis

1041 2381 1164 2416 aliquod
1186 2380 1323 2408 sensibile
1348 2381 1461 2415 videat,
1478 2381 1525 2408 vel
1546 2381 1708 2409 intellectus
1722 2382 1815 2417 possit

1041 2427 1077 2454 tle
1092 2429 1148 2454 Deo
1160 2435 1212 2462 per
1223 2427 1432 2461 cogitationem
1447 2427 1579 2463 aliquam
1591 2428 1813 2463 apprehendere

1039 2474 1200 2501 veritatem.

1075 2521 1102 2548 Si
1128 2520 1367 2556 quaeritu1·.Quid
1392 2512 1483 2556 igitur
1502 2521 1661 2556 cogitabo,
1684 2530 1752 2550 cum
1776 2523 1813 2550 de

1073 2590 1175 2617 ¹Caut.,
1193 2595 1215 2619 ν,
1235 2590 1270 2612 16.
1289 2602 1319 2606 -
1335 2589 1368 2620 (a)
1385 2590 1443 2620 Ley.
1461 2590 1644 2621 cognitionem.
1660 2605 1689 2608 —
1706 2591 1735 2618 (ὸ)
1753 2592 1812 2615 Item

1040 2625 1158 2655 primam.
1174 2637 1204 2641 -
1227 2627 1257 2654 (c)
1285 2625 1344 2648 Item
1360 2625 1570 2650 cousurrectioni.
1584 2639 1613 2643 —
1638 2626 1674 2657 (d)
1702 2626 1814 2651 Subamli*

1039 2660 1069 2683 ad
1087 2666 1136 2683 1.-
1155 2659 1184 2690 (ο)
1204 2660 1264 2683 Coei.
1280 2660 1339 2683 riht.
1356 2660 1421 2684 dees!
1439 2663 1487 2684 etc.

1846 1823 1877 1844 Ad
1887 1825 1924 1843 Vl.

1833 1855 1864 1875 Ad
1888 1856 1935 1877 vn,

1831 2057 1863 2078 Ad
1876 2058 1935 2077 vnl.
