2004 3037
184 249 245 280 494

184 312 345 343 elementiae
361 311 565 348 provenerunt
581 318 590 338 z
609 316 681 337 nam
694 308 757 344 ipse
771 306 826 335 fuit
838 306 871 335 iu
885 305 961 334 coelo

183 359 341 396 gloriosius
360 359 534 391 coronatus,
548 356 581 385 in
598 356 676 384 terra
694 353 895 383 abundantius
909 352 963 380 ho—

183 409 305 435 noratus
312 415 322 441 3
339 405 433 434 oratio
445 405 533 433 etiam
544 411 609 438 sua,
624 410 715 440 quam
729 401 771 429 ibi
785 400 864 436 fecit,
874 399 963 428 nobis

184 452 340 490 acquisivit
350 451 474 481 Paulum
483 472 492 487 ,
509 453 536 479 et
551 449 691 479 omnibus
705 447 831 485 posteris
843 445 964 483 reliquit

183 501 266 529 mirae
277 499 423 536 patientiae
436 501 464 527 et
473 497 621 526 charitatis
632 495 814 532 exemplum.
823 493 902 528 Act„
910 501 962 522 vn.

219 547 362 584 Lapidato
385 545 550 582 Stephano,
566 544 644 572 facta
667 544 710 571 est
732 549 843 578 magna.
862 547 963 577 perse-

185 595 264 624 cutio
287 594 318 622 in
347 593 471 622 ecclesia
498 599 565 628 quae
588 592 650 618 erat
676 587 908 625 Hierosolymis,
937 588 966 615 et

185 650 290 671 omnes
319 639 444 677 dispersi
472 639 539 667 sunt
562 645 615 674 per
642 636 780 672 regiones
808 634 914 663 Judaeae
938 636 967 662 et

185 688 324 717 Samariae
336 709 345 723 ‚
359 689 464 724 praeter
479 684 641 722 apostolos,
655 683 696 712 ita
711 681 795 719 quod
808 681 967 710 videbatur

186 731 226 764 a'd
246 735 374 763 multum
400 733 563 762 Christiana.
590 730 704 766 Religio
726 736 848 764 vergere
874 727 967 756 detri-

186 784 329 811 mentum.
350 781 408 809 Sed
427 779 553 816 dispersi
567 777 706 813 discipuli
722 774 968 810 evangelizabant

187 830 314 858 verbum
339 828 404 863 Dei,
427 827 468 856 ita
491 825 575 863 quod
597 825 656 852 hoc
673 824 740 860 ipso
761 821 890 852 Ecclesia
914 819 969 849 fuit

187 877 315 914 amplius
328 876 459 904 dilatata.
476 875 552 908 Act„
567 880 628 901 vni.

224 922 453 953 Praedtcantibus
474 920 564 949 Paulo
588 921 616 947 et
636 917 771 946 Barnaba
792 914 918 950 ludaeis,
941 915 970 942 et

189 971 246 1000 illis
266 969 477 1007 repellentibus
502 966 629 995 verbum
653 964 720 998 Dei,
747 962 971 997 assumpserunt

189 1018 244 1055 ipsi
259 1017 444 1046 occasionem
461 1014 598 1050 gentibus
615 1010 808 1048 praedicandi.
831 1007 912 1036 Unde
927 1006 971 1035 di-

190 1066 315 1098 xerunt,
340 1064 416 1097 Act„
435 1069 487 1089 xiii
505 1070 512 1089 :
538 1071 550 1085 α
565 1059 655 1087 Nobis
671 1057 828 1094 oportebat
840 1054 971 1092 primum

191 1112 275 1149 loqui
284 1111 411 1139 verbum
427 1108 486 1142 Dei,
497 1110 551 1136 etc.
562 1109 633 1135 Ecce
646 1104 846 1133 convertimur
857 1101 895 1130 ad
903 1108 972 1136 gen-

193 1163 244 1188 tes.
261 1171 274 1186 »
292 1158 451 1188 Audientes
465 1158 563 1184 autem
580 1155 680 1189 gentes
691 1151 800 1187 gavisae
810 1150 888 1178 sunt.

228 1208 314 1236 Facta
336 1212 378 1233 est
401 1202 544 1232 dissensio
572 1201 647 1229 inter
669 1198 791 1228 Paulum
813 1199 842 1224 et
866 1197 973 1224 Barna-

194 1255 280 1288 bam‚
300 1254 421 1290 propter
436 1253 580 1278 loannem
595 1248 741 1280 Marcum,
756 1252 846 1281 quem
865 1242 973 1270 Paulus

194 1301 317 1332 nolebat
331 1299 477 1335 recipcre,
499 1305 535 1325 eo
557 1294 640 1332 quod
660 1292 840 1321 discessisset
860 1290 898 1318 ab
915 1289 972 1324 eis;

195 1347 343 1378 Barnabas
360 1347 459 1374 autem
473 1343 595 1371 volebat
613 1348 682 1369 eum
697 1346 797 1368 secum
812 1342 974 1369 assumere,

196 1396 237 1424 ita
251 1394 333 1432 quod
348 1393 386 1421 ab
401 1391 529 1420 invicem
542 1389 753 1417 discesserunt:
769 1393 804 1413 ex
820 1391 880 1420 quo
892 1381 975 1410 vide-

195 1443 284 1471 batur
297 1439 472 1469 scandalum
486 1437 595 1466 debere
616 1434 710 1471 sequi.
726 1432 783 1461 Sed
799 1431 975 1467 disponente

197 1492 255 1520 Deo
271 1496 397 1524 magnus
411 1487 526 1514 secutus
545 1486 586 1512 est
602 1483 728 1516 fructus,
747 1479 818 1516 quia
838 1477 976 1515 pluribus

196 1536 388 1574 praedicatum
404 1536 446 1562 est
458 1532 584 1561 verbum
599 1529 657 1558 Dei.
675 1531 749 1561 Act„
763 1535 811 1554 xv.

233 1583 361 1612 Grandia
374 1581 506 1609 facinora
521 1576 745 1607 committebant
759 1573 812 1609 illi,
825 1572 875 1609 qui
891 1578 976 1606 egre-

198 1632 279 1667 gium
304 1631 457 1658 doctorem
483 1625 607 1655 Paulum
632 1621 875 1653 incarcerabant,
905 1621 933 1646 ct
959 1625 977 1646 a

198 1678 407 1716 praedicationc
429 1676 528 1711 ipsum
547 1679 660 1701 cessare
683 1669 839 1704 cogebant.
862 1667 978 1695 Poterat

200 1726 288 1754 etiam
302 1723 401 1752 inultis
413 1721 508 1749 videri
520 1741 528 1755 ,
545 1718 627 1755 quod
644 1717 701 1745 hoc
716 1722 860 1751 magnum
874 1713 976 1741 incon-

200 1773 321 1801 venieus
336 1773 397 1799 erat
407 1790 416 1804 ‚
431 1771 460 1797 et
477 1767 560 1804 quod
580 1764 720 1794 Dominus
737 1763 794 1790 hoc
809 1760 977 1797 permittere

200 1828 261 1848 non
285 1817 424 1846 debebat.
450 1817 483 1842 Et
506 1816 605 1841 tamen
633 1809 798 1838 notandum
823 1809 866 1835 est
890 1804 977 1833 valde

201 1865 284 1903 quod
306 1872 343 1892 ex
357 1862 442 1891 tantis
461 1857 680 1896 impedimentis
697 1858 725 1883 et
744 1854 861 1882 damnis
877 1851 979 1879 divina

200 1912 390 1952 providentia
407 1909 516 1939 multas
538 1907 660 1935 virtutes
683 1902 793 1937 effecit;
816 1908 888 1929 nam
909 1898 979 1928 inde

202 1961 339 1991 meritum
360 1956 445 1987 Pauli
471 1953 579 1988 crevit;
602 1952 643 1979 sic
669 1950 758 1979 etiam
782 1947 898 1983 majora
921 1945 979 1974 vir-

202 2011 298 2037 tutum
319 2004 458 2040 exempla
478 2000 615 2037 reliquit,
630 2000 658 2027 et
677 1997 784 2026 melius
807 1994 908 2024 docuit
928 1999 981 2028 per

203 2063 305 2093 opera,
320 2060 413 2090 quam
426 2051 509 2087 prius
523 2047 637 2076 iecisset
651 2053 705 2083 per
719 2043 822 2072 verba.
841 2042 982 2070 Praeterea

204 2104 236 2132 in
246 2108 361 2130 carcere
376 2098 489 2135 positus
504 2090 799 2130 scripsitabsentibus
810 2091 837 2116 ct
851 2086 980 2116 remotis.

204 2152 261 2179 Nec
276 2151 388 2177 tantum
402 2144 513 2182 profuit
524 2141 657 2171 Ecclesiae
669 2136 872 2176 praedicando‚
889 2140 983 2170 quan-

206 2200 268 2226 tum
282 2195 394 2232 proluit
408 2191 547 2229 epistolas
564 2184 799 2218 transmittendo.
816 2182 897 2211 Unde
912 2181 935 2208 si
953 2180 983 2208 in

206 2252 267 2272 una.
281 2242 395 2270 civitate
408 2240 455 2267 vel
469 2236 623 2274 provincia
642 2234 742 2265 suisset
759 2231 798 2260 ab
812 2228 984 2258 bominibus

207 2291 370 2319 honoratus
393 2288 421 2314 et
446 2286 572 2313 libenter
593 2281 727 2315 auditus,
751 2286 812 2306 non
835 2275 986 2304 habuisset

209 2336 380 2367 occasiones
395 2334 434 2362 ad
449 2333 582 2360 diversos
596 2328 725 2365 populos
739 2323 912 2358 remeandi,
931 2329 985 2350 nec

209 2387 251 2414 tot
278 2382 414 2419 gentibus
438 2377 630 2413 Evangelium
657 2371 834 2402 seminandi.
860 2369 985 2404 Quando

209 2431 298 2467 igitur
312 2426 567 2466 persequebantur
582 2430 650 2451 eum
665 2419 772 2454 Judaei,
788 2417 834 2446 vel
849 2416 985 2453 quicum-

211 2486 270 2516 que
285 2477 349 2512 alii‚
371 2476 408 2503 de
424 2473 540 2501 civitate
559 2471 589 2499 in
610 2469 774 2502 civitatem,
790 2464 915 2493 verbnm
938 2462 986 2490 Dei

211 2525 348 2563 pluribus
369 2519 550 2559 praedicabat
566 2526 572 2545 :
593 2515 715 2552 quando
735 2514 764 2541 in
779 2519 895 2541 carcere
910 2512 988 2537 tene-

213 2573 318 2606 batur,
344 2567 483 2605 epistolas
501 2563 637 2593 faciebat.
665 2564 734 2590 ltem
759 2558 879 2596 quando
902 2556 989 2585 resis-

214 2619 314 2648 tebant
340 2617 367 2644 ei
387 2613 479 2644 Judaei
491 2633 501 2648 ,
529 2611 569 2640 ad
595 2611 697 2646 gentes
720 2616 751 2636 se
781 2603 988 2639 convertebat,

215 2667 277 2694 Act.
288 2685 297 2698 ‚
320 2671 387 2693 xm:
407 2672 422 2688 a
436 2659 583 2694 Quoniam
599 2657 740 2693 repellitis
755 2655 882 2683 verbum
897 2651 958 2684 Dei,
973 2661 986 2678 ι)

216 2712 333 2741 dicebat
346 2708 463 2742 iudaeis,
482 2716 496 2733 u
506 2715 571 2735 ecce
588 2704 786 2734 convertimur
801 2701 840 2731 ad
854 2701 963 2736 gentes.
976 2709 989 2724 n

794 238 929 271 BiBLlA
957 235 1189 270 PAUPERUM.

1018 306 1106 339 item,
1119 305 1195 338 Act„
1210 312 1295 337 xviii,
1313 303 1389 332 dixit
1400 303 1526 333 Judoeis:
1541 313 1556 331 «ι
1568 305 1693 341 Sanguis
1705 307 1801 336 vester

1019 359 1108 388 super
1118 353 1207 388 caput
1218 353 1359 386 vestrum,
1368 350 1500 379 mundus
1509 359 1566 387 ego
1575 359 1611 379 ex
1616 351 1674 380 hoc
1683 353 1723 381 ad
1732 360 1802 388 gen-

1019 400 1062 426 tes
1075 398 1216 426 vadam.»
1234 400 1343 427 Rursus
1351 397 1530 434 etiam‚quia
1544 398 1580 435 (a)
1595 398 1715 428 miseria
1727 399 1801 428 Feli·-

1020 452 1084 473 cem
1097 447 1125 474 et
1135 446 1251 473 Festum
1260 444 1324 480 judi
1329 452 1376 472 ces
1384 443 1490 473 habuit
1497 445 1624 481 cupidos
1633 448 1660 474 et
1671 446 1800 483 iniquos,

1020 492 1193 528 compulsus
1216 494 1259 521 est
1276 493 1420 520 Caesarem
1441 491 1591 528 appellare
1599 514 1608 528 ‚
1623 493 1726 530 sicque
1748 495 1803 523 Ro-

1021 547 1102 567 mam
1113 538 1202 574 veuit,
1211 546 1304 576 quam
1318 546 1373 566 sua
1387 537 1522 568 doctrina
1532 539 1579 568 vel
1592 540 1802 577 praedicatione

1021 585 1178 660 {alubriter
1201 584 1369 621 illustravit,
1393 587 1422 614 et
1441 593 1496 614 sua
1517 586 1657 622 passione
1679 587 1804 617 feliciter

1045 632 1185 662 ecoravit.

1299 707 1442 741 CAPUT
1465 708 1523 742 111.
1547 725 1550 728 ⁴

1142 790 1179 817 De
1198 789 1366 823 beniqm‘eate
1386 790 1434 817 Dei
1454 789 1491 816 ad
1507 796 1595 817 servos
1613 797 1683 818 suos.

1061 866 1210 895 Abraham
1225 867 1351 903 loquens
1366 875 1436 896 cum
1457 867 1599 903 Domino,
1615 870 1643 896 et
1657 869 1760 905 petens
1772 871 1806 898 ut

1025 916 1159 950 parceret
1182 914 1357 949 Sodomitis,
1380 915 1456 943 mira
1479 915 1590 943 fiducia
1611 915 1758 951 utebatur,
1777 919 1807 944 et

1026 960 1106 988 visus
1130 960 1231 988 fuisset
1255 961 1337 997 apud
1362 961 1500 989 homines
1526 962 1723 998 importunus.
1748 963 1805 990 Sed

1028 1008 1169 1035 Dominus
1186 1007 1211 1035 ei
1226 1016 1343 1044 semper
1358 1007 1487 1043 benigne
1502 1008 1665 1044 respondit,
1680 1011 1708 1037 et
1722 1009 1805 1046 quod

1028 1054 1147 1090 petebat
1162 1055 1314 1082 concessit.
1333 1055 1407 1087 Gen„
1425 1063 1505 1083 xvin.

1064 1102 1197 1137 Fugienti
1217 1101 1308 1130 Jacob
1332 1102 1405 1129 iram
1424 1101 1519 1130 fratris
1534 1102 1578 1130 sui
1593 1102 1735 1130 Dominus
1749 1102 1806 1130 cle-

1029 1150 1143 1176 menter
1163 1148 1314 1184 apparuit:
1340 1148 1408 1176 item
1433 1148 1608 1176 redeuntem
1630 1148 1670 1176 ad
1691 1150 1806 1184 patrem

1029 1203 1115 1222 suum
1132 1195 1170 1223 ab
1186 1195 1368 1224 insecutione
1383 1195 1477 1223 soceri
1492 1195 1639 1231 liberavit,
1656 1195 1732 1228 Gen„
1748 1203 1807 1224 xxx

1030 1244 1055 1270 et
1071 1250 1153 1270 xxxr.

1066 1291 1169 1324 Magna
1183 1288 1294 1317 fiducia
1308 1297 1379 1316 usus
1397 1291 1440 1317 est
1456 1288 1548 1317 Jacob
1567 1288 1682 1317 orando
1704 1289 1807 1323 Deum,

1031 1335 1154 1364 dicens:
1177 1346 1191 1361 «
1215 1337 1278 1364 Non
1301 1335 1448 1364 dimittam
1473 1338 1517 1372 te,
1542 1335 1598 1364 nisi
1622 1335 1810 1364 benedixeris

1030 1382 1115 1417 mihi,
1131 1394 1143 1408 υ
1160 1385 1227 1417 etc.,
1243 1383 1318 1415 Gen..
1334 1390 1426 1411 xxxii.

1067 1429 1112 1457 Ait
1135 1429 1275 1457 Dominus
1292 1429 1331 1457 ad
1351 1432 1491 1465 Moysen:
1511 1430 1633 1458 «Cerno
1652 1428 1736 1466 quod
1755 1437 1811 1466 po-

1031 1477 1120 1513 pulus
1136 1477 1188 1504 iste
1205 1476 1286 1504 duroe
1301 1476 1422 1504 cervicis
1435 1476 1484 1511 sit3
1497 1476 1610 1504 dimitte
1624 1484 1684 1510 me,
1696 1478 1728 1504 ut
1741 1476 1812 1504 iras-

1032 1526 1114 1552 catur
1137 1523 1219 1551 furor
1241 1531 1323 1551 meus
1345 1526 1447 1552 contra
1467 1531 1532 1559 eos,
1553 1533 1568 1551 ιι
1584 1524 1692 1557 Emori„
1715 1531 1810 1559 xxxin

1033 1571 1115 1608 quasi
1139 1571 1268 1599 diceret:
1291 1572 1332 1599 Tu
1348 1579 1397 1598 me
1420 1572 1517 1605 tenes,
1538 1578 1594 1598 nec
1614 1578 1737 1606 possum
1757 1570 1812 1600 hos

1032 1621 1202 1655 peccatores
1215 1620 1376 1652 conterere,
1392 1617 1447 1645 nisi
1463 1617 1592 1646 dimittas
1608 1625 1666 1645 me.

1069 1665 1257 1701 Loqucbatur
1272 1665 1412 1692 Dominus
1427 1673 1479 1700 per
1496 1666 1617 1700 Moysen
1630 1663 1704 1692 facie
1719 1663 1758 1692 ad
1769 1663 1812 1692 fa-

1033 1713 1119 1747 ciem,
1132 1713 1206 1740 sicut
1220 1712 1295 1740 solet
1310 1713 1400 1740 homo
1415 1711 1500 1747 loqui
1515 1712 1553 1739 ad
1568 1711 1697 1739 amicum
1711 1718 1808 1739 suum.

1033 1761 1173 1787 Praeterea
1193 1758 1290 1794 ipsum
1314 1758 1353 1786 ab
1377 1758 1556 1792 aemulis‚.et
1580 1756 1811 1785 detractionibus

1034 1805 1221 1833 defendebat.
1239 1806 1333 1840 Num.‚
1346 1813 1397 1839 xn,
1413 1812 1494 1839 xxiii,
1512 1812 1577 1838 xv13
1592 1804 1692 1838 Eaeod„
1710 1811 1808 1832 xxxin.

1070 1851 1208 1880 Obedivit
1222 1852 1297 1879 Deus
1311 1852 1378 1879 voci
1392 1852 1478 1879 Josue
1494 1851 1617 1878 dicentis
1627 1859 1634 1878 :
1645 1860 1659 1876 «
1673 1849 1734 1885 Sol,
1744 1857 1812 1878 con-

1034 1902 1078 1928 tra
1092 1899 1215 1927 Gabaon
1228 1906 1290 1926 non
1304 1897 1468 1933 movearis,
1483 1907 1498 1924 n
1516 1900 1569 1925 etc.
1585 1899 1683 1931 Josue,
1697 1905 1724 1926 x.

1070 1945 1177 1974 Balach
1192 1945 1311 1974 vocavit
1331 1945 1468 1979 Balaam,
1488 1946 1520 1972 ut
1537 1944 1722 1972 malediceret
1736 1943 1813 1972 filios

1035 1993 1139 2028 lsrae13
1156 1993 1209 2021 sed
1224 1992 1367 2020 Dominus
1385 2000 1400 2020 e
1419 1991 1567 2020 contrario
1588 1999 1642 2027 per
1657 1991 1744 2019 illum
1761 1990 1814 2019 be-

1036 2040 1150 2068 nedixit
1169 2039 1226 2074 eis,
1245 2039 1319 2067 sicut
1333 2038 1420 2067 refert
1434 2040 1540 2072 Josue,
1561 2046 1638 2067 xxiv.
1655 2039 1688 2066 Et
1707 2037 1744 2066 de
1756 2037 1815 2066 hoe

1037 2086 1224 2124 quaerebatur
1243 2085 1359 2120 Balach,
1373 2086 1468 2118 Num„
1483 2092 1563 2113 xxm.

1073 2133 1193 2162 Gedeon
1215 2132 1261 2161 bis
1281 2140 1299 2160 a
1321 2131 1446 2160 Domino
1465 2131 1549 2167 petiit
1567 2131 1685 2167 signum
1706 2131 1738 2159 in
1756 2130 1817 2159 vel-

1038 2180 1114 2216 lere,
1129 2182 1228 2209 utrum
1251 2179 1373 2207 deberet
1385 2178 1540 2207 victoriam
1561 2178 1598 2206 de
1614 2177 1748 2206 hostibus
1762 2178 1817 2206 ob-

1039 2227 1146 2261 tinere,
1160 2226 1237 2261 Jnd„
1252 2233 1292 2254 vi.
1309 2225 1413 2253 Mirum
1435 2224 1523 2253 fuisse
1546 2224 1662 2252 videtur
1685 2224 1723 2253 de
1743 2224 1816 2259 hoc,

1041 2273 1125 2310 quod
1141 2274 1215 2300 Deus
1230 2272 1265 2308 (b)
1278 2280 1340 2300 non
1354 2271 1408 2300 fuit
1421 2271 1602 2307 indignatus

1077 2322 1109 2349 ln
1135 2320 1299 2356 abjectione
1320 2327 1372 2346 seu
1391 2320 1563 2354 contemptu
1585 2325 1738 2346 servorum
1758 2316 1817 2350 Dei,

1041 2368 1103 2404 ipsc
1120 2367 1260 2395 Dominus
1274 2367 1390 2402 reputat
1409 2373 1439 2393 se
1461 2367 1679 2400 contemptum,
1694 2366 1727 2391 ut
1739 2364 1819 2399 patet

1042 2415 1072 2442 in
1085 2413 1229 2443 Samuele.
1249 2415 1256 2441 l
1272 2414 1350 2447 Περι,
1367 2421 1424 2447 vni,
1438 2414 1472 2440 7:
1493 2422 1505 2437 «
1517 2414 1578 2439 Non
1595 2413 1621 2438 te
1636 2410 1817 2445 abjecerunt,

1043 2461 1094 2489 sed
1109 2469 1174 2495 me,
1186 2470 1199 2486 »
1217 2459 1292 2487 dixit
1305 2460 1446 2487 Dominus
1462 2457 1602 2487 samueli.

1079 2510 1151 2536 Nota
1174 2515 1266 2543 quam
1282 2506 1330 2542 pie
1351 2506 1466 2534 locutus
1487 2507 1529 2533 est
1550 2503 1689 2532 Dominus
1709 2502 1749 2531 ad
1762 2504 1819 2531 Na-

1044 2555 1115 2584 than
1129 2554 1166 2583 dc
1182 2552 1276 2582 David
1289 2555 1317 2581 et
1331 2552 1423 2581 domo
1434 2552 1498 2587 ejus
1512 2551 1543 2580 in
1553 2549 1694 2584 futurum,
1704 2550 1726 2579 ll
1739 2551 1818 2584 Reg„

1044 2610 1093 2631 vn.

1081 2700 1111 2731 (a)
1134 2700 1227 2724 Forsan
1243 2700 1406 2731 supplendam
1422 2699 1446 2723 iu
1458 2705 1511 2723 suu.
1523 2711 1553 2717 —
1563 2698 1596 2729 (b)
1613 2698 1672 2723 δατ.
1688 2698 1747 2722 edit.
1763 2696 1821 2722 diis.
