2004 3037
726 143 777 176 DE
797 140 1002 176 PECCATIS.
1021 139 1110 173 GAP.
1133 139 1186 173 Vl.

148 213 244 242 dictur
263 213 338 248 ignis
356 212 389 240 de
406 212 532 248 rhamno,
547 214 573 240 et
588 212 694 240 devoret
709 211 800 239 cedros
817 211 924 244 Libani,

147 259 180 288 id
198 261 250 295 est,
266 259 411 296 superbos
432 261 460 288 et
477 260 612 296 potentes
629 257 717 294 hujus
730 256 839 293 saeculi,
855 256 926 294 quia

147 306 314 344 specialiter
327 307 544 335 consueverunt
558 312 620 334 esse
636 304 782 334 iracundi.

183 354 329 392 Septimo,
352 353 514 382 iracundus
537 351 641 381 similis
664 353 707 380 est
726 352 791 380 vasi
813 359 925 387 vacuo,

147 402 244 439 posito
257 401 342 437 juxta
355 401 466 437 ignem.
486 399 625 428 Videmus
639 399 719 428 enim
733 399 818 436 quod
835 399 860 427 si
873 406 927 427 vas

147 457 276 477 vacuum
292 449 321 477 et
338 449 466 476 terreum
482 449 611 484 ponatur
629 446 668 475 ad
682 446 794 482 ignem,
812 445 926 482 frangi-

147 497 212 532 tur,
232 495 255 523 si
274 497 373 524 autem
390 494 426 523 sit
444 493 569 530 plenum
583 502 677 530 aquae,
696 493 728 521 in
743 493 826 521 nullo
841 492 926 521 laedi-

147 544 194 571 tur
210 552 216 571 :
237 542 278 570 sic
297 542 401 577 homo,
419 540 471 577 qui
490 547 533 570 est
549 541 586 569 de
605 549 659 569 sua
677 540 848 569 conditione
868 541 927 568 ter-

146 597 232 625 reus,
257 589 282 617 si
306 590 435 625 ponatur
461 587 500 616 ad
526 587 627 623 ignem
651 587 852 623 adversitatis,
877 586 926 615 vel

147 635 355 670 tribulationis,
368 635 466 663 statim
477 634 622 670 frangitur
633 642 687 671 per
698 633 926 671 impatientiam,

147 683 172 711 si
186 683 222 711 sit
239 681 333 718 gratia
348 690 459 710 vacuus
471 692 478 718 3
498 682 522 709 si
537 683 635 710 autem
649 681 685 710 sit
700 681 794 717 gratia
807 681 926 718 plenuS,

147 737 209 758 non
219 729 346 758 laeditur.
359 730 392 757 Et
405 729 474 757 ideo
489 729 614 757 dicitur¹
628 739 634 757 :
651 730 724 758 Vasa
737 730 817 764 figuli
829 729 926 764 probat

1704 141 1764 171 255

981 217 1054 244 nem,
1066 208 1100 236 id
1114 210 1168 244 est,
1182 207 1401 243 adversitatem,
1415 215 1482 244 quae
1493 207 1529 244 (α)
1542 207 1665 243 generat
1677 206 1766 244 iram,

982 256 1030 285 vel
1044 255 1261 292 turbationem
1277 257 1303 284 et
1321 255 1529 291 uniuscnjusque
1544 254 1580 291 (b)
1597 262 1646 282 vas
1665 255 1765 282 interi-

983 306 1027 332 tus
1041 305 1072 331 in
1085 311 1169 331 manu
1183 303 1249 339 effus,
1266 303 1337 340 quia
1351 302 1396 330 isti
1410 302 1466 330 filii
1482 303 1508 330 et
1521 301 1589 330 filiae
1604 300 1765 330 iracundioe

982 352 1050 379 sunt
1060 350 1145 387 quasi
1159 359 1211 379 sex
1222 358 1295 379 vasa
1309 349 1452 385 interitus,
1463 349 1513 377 vel
1522 349 1624 378 mortis
1638 350 1762 377 aeternae.

1240 445 1402 480 CAPUT
1439 445 1500 480 VI.

1270 519 1309 546 De
1327 518 1468 546 Avaritia.

1017 587 1148 617 Avaritia
1162 588 1206 616 est
1222 586 1438 616 immoderatus
1457 593 1543 615 amor
1561 585 1695 622 pecuniae
1713 592 1764 614 ac·

982 634 1134 671 quirendae
1153 633 1202 662 vel
1219 634 1392 662 retinendae.
1409 635 1448 662 De
1468 641 1529 670 qua
1543 634 1615 661 nota
1629 632 1765 669 speciali-

981 683 1024 710 ter
1038 681 1104 717 tria,
1116 681 1226 710 scilicet
1240 683 1345 718 typum
1357 680 1566 714 ridiculosum,
1577 681 1605 708 et
1619 680 1764 708 damnum

979 728 1193 765 periculosum,
1210 731 1238 757 et
1251 730 1371 765 partum
1385 727 1596 765 perniciosum.

1015 775 1145 804 Avaritia
1159 776 1267 804 multas
1285 775 1375 804 habet
1394 775 1642 811 comparationes.
1664 773 1762 802 Primo
1797 785 1883 806 Novem

981 822 1061 850 enim
1081 825 1271 859 comparatur
1290 822 1414 851 avaritia
1432 822 1523 857 mari,
1545 822 1650 857 morti,
1668 823 1697 849 et
1715 821 1762 849 in-
1775 815 1879 869 ffltxs·

980 869 1074 898 seruo.
1095 871 1168 898 Nam
1183 870 1258 898 sicut
1273 878 1347 898 mare
1360 877 1499 905 nunquam
1516 868 1547 905 tc)
1564 869 1715 904 redundat,
1731 871 1764 898 ut
1785 881 1878 902 avaritia

982 916 1087 945 dicitur
1103 917 1133 944 in
1143 918 1306 945 Ecclesiaste
1317 917 1348 952 ¹⁰3
1360 917 1401 944 sic
1416 924 1525 945 avarus
1542 924 1699 952 nunquam
1716 924 1763 943 re·
1784 912 1881 934 θωπί·

146 778 258 812 sornaae,
273 779 298 804 et
312 777 430 805 homines
441 777 529 812 justos
545 777 659 804 tentatio
674 777 870 804 tribulationis.

47 837 134 857 namna
183 825 296 852 Damna
316 824 366 852 irae
389 826 456 852 sunt
478 823 643 860 specialiter
663 823 806 860 quinque.
828 822 925 851 Primo

27 868 64 888 im
72 868 135 895 quin·
149 871 227 900 enim
245 873 371 900 excaecat
390 871 512 900 rationis
532 870 664 905 oculum,
685 878 756 898 nam
775 870 900 898 dicitur²
917 879 924 898 :

28 905 80 926 ‘³⁰⁹'
151 919 283 947 Turbatus
296 922 334 947 est
349 927 366 946 a
378 920 470 953 furore
484 920 574 946 oculas
586 926 671 950 meus,
686 917 716 945 id
731 919 772 946 est
785 917 923 946 rationis:
1778 944 1813 965 tur

54 2297 114 2317 Filiae

31 2328 67 2348 irae
77 2335 124 2349 sex.

148 967 177 994 et
189 973 243 1003 per
254 973 439 1002 consequens
451 973 512 994 non
525 967 622 1002 potest
633 965 735 993 videre
749 965 839 993 iratus
851 964 926 1001 quid

143 1012 266 1048 justum,
289 1012 338 1041 vel
351 1013 502 1047 injustum.
519 1013 601 1041 Unde
616 1011 723 1040 dicitur
737 1013 748 1029 ³
764 1021 770 1040 :
788 1013 836 1040 Ira
855 1013 925 1039 enim

145 1061 201 1087 viri
211 1060 352 1094 justitiam
366 1061 417 1087 Dei
437 1067 489 1087 non
508 1062 647 1096 operatur.
668 1061 700 1088 Et
715 1060 824 1087 Seneca
843 1058 923 1094 dicit,

145 1106 228 1142 quod
251 1106 312 1135 duo
333 1106 501 1143 impediunt
522 1106 695 1141 consilium,
715 1106 824 1134 scilicet
844 1105 925 1134 festi-

144 1155 256 1190 nantia,
272 1157 300 1183 et
312 1155 366 1183 ira.
383 1155 530 1190 Secundo,
545 1155 590 1183 ira
604 1154 673 1182 facit
686 1154 840 1182 hominem
853 1161 924 1190 pro-

145 1209 218 1230 num
230 1202 270 1230 ad
281 1202 495 1238 quodcumque
507 1203 672 1238 peccatum.
685 1201 779 1236 Vulgo
793 1209 924 1237 namque

146 1247 253 1276 dicitur
263 1249 300 1276 de
311 1249 434 1277 homine
443 1249 532 1277 valde
542 1249 618 1277 irato
632 1248 681 1276 vel
691 1256 825 1283 accenso,
841 1248 926 1284 quod

145 1295 248 1323 omnia
267 1295 384 1324 faceret.
408 1298 440 1324 Et
461 1296 530 1324 ideo
551 1296 696 1324 diciturt:
720 1296 774 1329 Qui
792 1296 828 1323 ad
847 1295 924 1323 indi-

145 1343 284 1376 qnandum
296 1344 390 1377 facilis
405 1345 452 1376 est,
469 1345 522 1371 erit
537 1343 573 1370 ad
586 1343 753 1378 peccandum
764 1343 923 1378 proclivior.

145 1389 238 1417 Tertio
255 1389 353 1417 reddit
370 1390 524 1418 hominem
545 1389 666 1417 stultum
688 1391 716 1417 et
736 1389 822 1426 quasi
842 1389 924 1417 rabi-

146 1435 229 1463 dum.
250 1436 331 1464 Unde
350 1444 386 1464 eo
405 1439 550 1473 tempore,
569 1445 630 1472 quo
649 1437 741 1465 homo
762 1439 804 1464 est
822 1437 923 1471 iratus,

145 1483 221 1519 perit
236 1483 312 1511 ratio
332 1485 360 1511 et
377 1483 545 1511 humanitas
565 1483 596 1510 in
612 1483 745 1518 homine,
766 1485 794 1511 et
813 1483 854 1511 sic
873 1492 926 1520 per

145 1537 331 1566 consequens
349 1532 479 1559 mutatur
498 1531 602 1565 homo,
624 1533 652 1559 ct
675 1531 799 1559 efficitur
819 1531 923 1559 bestia.

145 1577 218 1604 Nam
235 1577 327 1605 homo
348 1579 391 1605 est
413 1578 524 1606 animal
547 1580 735 1606 mansuetum
756 1580 873 1613 natura,
894 1581 926 1606 ut

147 1623 217 1651 dicit
231 1623 437 1660 Philosophus.
457 1626 495 1652 De
509 1625 629 1653 stultitia
644 1625 774 1653 hominis
789 1625 925 1653 iracundi

147 1670 253 1698 dicitur
268 1672 278 1688 ⁶
299 1680 306 1698 ε
339 1672 435 1699 Virum
462 1673 576 1699 stallum
604 1674 736 1707 interficit
768 1673 924 1700 iracundia.

146 1718 265 1753 Quarto,
281 1717 376 1746 aufert
390 1718 504 1746 homini
523 1718 664 1755 seipsum,
683 1719 758 1747 sicut
771 1719 862 1755 vulgo
878 1719 924 1747 di-

147 1764 231 1799 citur,
245 1765 329 1801 quod
342 1765 434 1794 homo
449 1765 583 1793 turbatus
596 1765 644 1793 vel
658 1765 748 1793 iratus
762 1774 822 1794 nou
839 1767 882 1794 est
895 1766 926 1794 in

146 1811 253 1847 scipso.
280 1812 353 1840 Satis
376 1814 475 1840 autem
503 1812 727 1847 damnificatur,
752 1813 803 1849 qui
827 1813 927 1849 perdit

147 1858 286 1894 seipsum.
304 1860 342 1886 De
355 1859 407 1887 tali
423 1859 534 1887 damno
550 1859 695 1887 dicitur⁶:
712 1860 766 1892 Qui
780 1861 927 1895 impatiens

148 1907 196 1937 est,
211 1906 356 1933 sustinebit
371 1907 510 1941 (laninam,
530 1906 640 1934 scilicet
658 1906 704 1934 sui
723 1906 822 1942 ipsius.
845 1907 890 1935 Sic
911 1915 926 1935 e

149 1952 295 1980 contrario
319 1953 460 1988 patientia
484 1955 580 1981 servat
603 1953 756 1981 hominem
779 1953 835 1982 sibi
858 1954 924 1989 ipsi.

148 2001 221 2029 Nam
245 1999 350 2026 dicitur
365 2000 376 2016 ⁷
397 2009 403 2027 z
430 2001 464 2027 In
486 2002 623 2034 patientia
643 2003 733 2028 vestra
754 2001 927 2036 possidebitis

149 2047 254 2073 animas
278 2049 390 2073 vestras.
416 2046 523 2080 Quinto
548 2046 641 2073 aufert
664 2047 778 2074 homiui
807 2055 927 2075 omnem

149 2092 384 2120 misericordiam
399 2094 426 2120 et
441 2092 691 2129 compassionem.
703 2093 772 2121 Ideo
788 2093 925 2122 dieiturss:

149 2141 196 2167 Ira
214 2148 267 2167 non
281 2140 360 2167 habet
375 2140 600 2172 misericordiam,
616 2148 662 2167 nec
681 2148 818 2176 erumpens
838 2142 926 2174 furor.

149 2186 230 2214 Unde
244 2187 336 2214 homo
352 2186 442 2214 iratus
457 2186 617 2222 fugiendus
632 2189 684 2221 est,
697 2187 771 2215 sicut
786 2187 865 2215 canis
880 2196 928 2216 ra·

149 2232 249 2268 bidus,
263 2235 291 2260 et
304 2233 352 2261 leo
368 2233 538 2261 concitatus.

185 2279 263 2307 Filiae
277 2282 344 2308 sunt
358 2289 419 2315 sex,
435 2281 544 2308 scilicet
560 2281 673 2316 odium,
689 2281 735 2316 lis,
751 2290 866 2317 guerra,
883 2281 927 2309 in·

150 2326 299 2361 cendium,
314 2327 521 2362 homicidium,
539 2330 566 2355 et
580 2328 696 2364 rapina.
713 2330 767 2356 Ista
782 2337 833 2356 sex
850 2328 927 2364 figu-

148 2374 250 2401 rantur
265 2373 296 2401 in
310 2375 457 2409 Ezechiele,
473 2383 540 2402 cum
555 2375 625 2403 dicit
635 2376 644 2392 ⁹
661 2384 667 2402 :
682 2377 746 2403 Ecce
761 2384 807 2403 seco
816 2377 871 2403 viri
885 2383 928 2402 ve-

149 2420 258 2448 niebant
268 2421 300 2448 de
309 2423 355 2448 via
363 2425 449 2457 portoe
459 2424 620 2458 superioris,
631 2422 662 2450 id
675 2424 717 2450 est
728 2422 764 2450 de
777 2422 926 2458 superbia,

149 2473 215 2501 quae
231 2469 273 2496 est
287 2470 373 2504 porta
392 2469 431 2497 ad
450 2469 541 2505 iram3
561 2478 621 2505 quae
639 2471 751 2505 respicit
768 2470 804 2497 ad
823 2471 928 2505 aquilo-

181 2540 189 2557 ¹
203 2540 292 2571 Eccli..
304 2548 386 2573 xxvu,
402 2545 424 2567 6.
437 2557 466 2562 —-
478 2544 487 2558 ²
498 2543 567 2568 Pcal.
583 2549 619 2574 vi,
635 2544 658 2567 8.
674 2544 725 2562 —³
737 2544 798 2573 Jac„
815 2550 833 2575 1,
849 2545 886 2569 20.
897 2557 927 2564 -

148 2576 156 2589 ⁴
170 2576 253 2606 Prov„
269 2583 341 2609 xxm,
357 2581 395 2604 22.
410 2592 440 2598 —
457 2581 466 2597 ⁵
480 2580 546 2610 Job.;
566 2586 589 2610 v,
606 2581 628 2603 2.
644 2593 674 2598 -
691 2580 701 2593 Ε
714 2580 799 2609 Ρνου..
815 2586 870 2611 mx,
887 2582 924 2605 19.

150 2624 176 2628 -
194 2611 201 2625 ⁷
213 2611 283 2643 Luc„
293 2618 350 2645 xm,
364 2616 402 2639 19.
418 2628 449 2635 —
459 2616 467 2631 ·
478 2617 563 2645 Prov..
578 2621 662 2646 xxvii,
676 2617 701 2640 4.
711 2629 742 2635 -
755 2617 763 2630 ⁰
773 2616 874 2647 Ezeclz„
887 2622 924 2647 ix,

982 964 1097 992 duudat
1111 964 1212 992 dando
1228 964 1467 1000 eleemosynam,
1481 964 1531 991 vel
1546 963 1683 991 faciendo
1702 971 1764 991 res-

981 1012 1161 1047 titutionem,
1181 1011 1249 1039 licet
1268 1011 1308 1039 ad
1326 1011 1453 1039 modum
1473 1010 1563 1038 maris
1583 1018 1686 1038 omnes
1706 1010 1763 1038 ssu-

980 1059 1046 1087 vios
1070 1058 1177 1086 mundi
1205 1058 1303 1094 bibat,
1332 1058 1364 1086 id
1392 1059 1449 1093 est,
1479 1057 1638 1086 absorbeat
1659 1065 1762 1086 omnes

982 1106 1098 1134 divitias
1113 1114 1167 1142 per
1180 1106 1384 1142 cupiditatem.
1396 1105 1477 1133 Unde
1489 1105 1604 1133 ratione
1618 1105 1707 1141 hujus
1721 1105 1763 1133 in-

981 1153 1176 1181 satiabilitatis
1193 1155 1384 1189 comparatur
1398 1153 1486 1188 mari,
1503 1153 1531 1180 et
1547 1153 1654 1181 eodem
1668 1153 1762 1181 modo

981 1199 1081 1234 morti,
1095 1200 1144 1227 vel
1162 1200 1290 1235 inferno,
1307 1200 1378 1236 quia
1394 1207 1550 1236 nunquam
1571 1200 1693 1227 satiatur
1711 1199 1763 1228 illa

981 1247 1159 1281 occidendo,
1181 1249 1209 1275 et
1226 1247 1277 1274 ille
1298 1247 1501 1282 deglutiendo.
1519 1246 1599 1274 Unde
1616 1246 1653 1274 de
1670 1255 1761 1275 avaro

982 1294 1087 1322 dicitur
1098 1295 1117 1311 ¹¹
1134 1304 1140 1322 :
1158 1296 1296 1322 Dilatavit
1310 1296 1390 1330 quasi
1403 1296 1529 1328 infernus
1544 1296 1662 1322 animam
1675 1303 1759 1327 suam,

981 1344 1006 1369 et
1020 1343 1078 1377 ipse
1092 1343 1172 1377 quasi
1183 1350 1264 1376 mors,
1279 1344 1304 1369 et
1319 1350 1371 1369 non
1386 1342 1588 1376 adimplebitur.

1017 1389 1164 1424 Secundo,
1181 1397 1289 1417 avarus
1304 1388 1408 1416 similis
1419 1397 1449 1417 es
1460 1388 1558 1425 ttalpae
1572 1389 1603 1416 in
1615 1391 1760 1425 quatuor:

982 1444 1089 1464 avarus
1102 1435 1182 1463 enim
1195 1436 1235 1463 ad
1250 1436 1376 1464 modum
1390 1436 1476 1472 talpae
1490 1437 1533 1463 est
1546 1435 1631 1471 niger
1644 1444 1699 1472 per
1712 1444 1763 1463 ne-

982 1482 1123 1518 quitiam,
1146 1491 1239 1510 caecus
1261 1491 1314 1518 per
1337 1483 1554 1518 ignorantiam3
1580 1485 1653 1519 quot
1673 1483 1764 1510 habet

981 1529 1193 1565 possessioneS,
1207 1531 1249 1557 tot
1262 1529 1353 1557 hahet
1365 1530 1497 1557 tumulos
1510 1531 1543 1557 in
1558 1530 1668 1565 quibus
1682 1538 1763 1566 sepe-

981 1576 1016 1603 lit
1027 1576 1159 1612 seipsum
1170 1584 1223 1612 per
1234 1576 1408 1604 continuam
1419 1576 1665 1611 sollicitudinem,
1679 1576 1765 1612 quid-

982 1623 1056 1659 quid
1076 1623 1166 1658 sodit,
1188 1623 1273 1659 ponit
1293 1632 1384 1659 supra
1404 1632 1450 1659 se,
1473 1624 1544 1660 quia
1567 1623 1604 1651 de
1625 1623 1765 1651 omnibus

981 1670 1050 1698 facit
1065 1671 1167 1698 Deum.

1017 1718 1128 1753 Tertio,
1154 1719 1342 1754 comparatur
1365 1718 1570 1754 sterquilinio,
1586 1719 1667 1755 quia,
1692 1719 1767 1747 sicut

982 1765 1202 1802 sterquilinium
1220 1768 1432 1802 congregatum
1453 1766 1652 1802 corrumpitur
1667 1767 1696 1794 et
1710 1766 1764 1794 foe-

982 1814 1031 1847 tet,
1048 1813 1216 1848 dispersum
1235 1821 1307 1841 vero
1324 1813 1394 1841 facit
1409 1821 1497 1849 agros
1511 1813 1705 1848 fructificare;
1724 1814 1765 1841 sic

983 1859 1092 1887 divitiae
1107 1859 1205 1893 avari,
1229 1860 1364 1895 quandiu
1381 1862 1448 1888 sunt
1472 1862 1673 1896 congregatae,
1702 1860 1766 1887 ani-

982 1915 1063 1935 mam
1088 1908 1299 1943 corrumpunt,
1325 1907 1378 1935 sed
1402 1907 1542 1943 dispersae
1566 1907 1764 1943 pauperibus,

982 1954 1063 1990 ipsos
1085 1954 1231 1989 nutriunt,
1257 1956 1285 1981 et
1309 1953 1435 1981 divitum
1459 1956 1580 1990 peccata
1600 1954 1764 1989 redimunt,

981 2001 1066 2036 juxta
1080 2001 1156 2028 illud
1172 2000 1210 2028 ¹²:
1231 2002 1323 2028 Facite
1347 2002 1419 2028 vobis
1441 2003 1539 2028 amicos
1564 2001 1596 2028 cle
1614 2009 1766 2028 mammona

983 2049 1152 2082 iniquitatis.
1166 2048 1203 2074 De
1214 2047 1273 2074 hoc
1285 2047 1470 2083 sterquilinio
1486 2047 1593 2075 dicitur
1604 2048 1623 2063 ¹³
1635 2056 1642 2074 :
1659 2048 1766 2074 Auram

984 2102 1073 2121 eorum
1090 2095 1120 2120 in
1134 2095 1339 2128 sterquilinium
1353 2096 1414 2121 erit.

1020 2141 1143 2174 Quarto,
1168 2148 1276 2168 avarus
1297 2140 1401 2167 similis
1421 2142 1463 2167 est
1485 2142 1556 2168 rotae
1577 2140 1762 2175 molendini3

984 2189 1258 2223 quantumcumque
1277 2187 1367 2222 enim,
1389 2189 1416 2215 et
1435 2187 1680 2223 quotiescumque
1699 2195 1765 2214 ver—

983 2236 1071 2268 tatur,
1088 2242 1205 2270 semper
1221 2236 1320 2262 tameu
1339 2234 1369 2261 in
1389 2234 1495 2262 eodem
1512 2234 1580 2261 loco
1597 2234 1762 2269 invenitur;

984 2281 1024 2309 sic
1040 2289 1157 2315 avarus,
1174 2281 1225 2317 qui
1241 2281 1339 2308 nudus
1355 2281 1386 2308 in
1401 2281 1548 2309 mundum
1563 2281 1653 2315 venit,
1668 2289 1763 2316 quau-

983 2329 1176 2363 tumcumque
1198 2327 1325 2362 laboret,
1346 2329 1445 2356 nudus
1467 2330 1567 2356 tamen
1588 2328 1625 2355 de
1649 2327 1762 2355 mundo

983 2374 1095 2403 recedit
1117 2374 1224 2403 solum.
1247 2374 1329 2402 Unde
1351 2375 1458 2403 dicitur
1473 2375 1493 2392 Η
1510 2384 1517 2402 z
1533 2376 1559 2404 N
1563 2375 1630 2402 udus
1645 2382 1763 2409 egressus

984 2429 1042 2449 sum
1057 2422 1089 2448 de
1103 2424 1177 2449 utero
1192 2423 1290 2448 matris
1308 2430 1381 2455 meoe,
1400 2425 1424 2449 et
1444 2422 1533 2449 nudus
1547 2425 1666 2449 revertar
1686 2422 1760 2449 illuc,

984 2498 1008 2521 2.
1023 2510 1052 2515 -
1064 2497 1081 2510 ¹⁰
1095 2496 1186 2523 Eccle„
1200 2502 1219 2527 1,
1234 2497 1257 2519 7.
1273 2510 1299 2513 -—
1317 2497 1335 2513 ¹¹
1348 2496 1449 2525 Habea,
1466 2503 1494 2527 11,
1509 2499 1531 2520 5.
1544 2509 1572 2514 -
1592 2496 1609 2513 ¹²
1624 2496 1692 2526 Lac„
1707 2501 1760 2526 xvi,

983 2534 1006 2557 9.
1022 2546 1053 2550 —
1067 2533 1083 2546 ¹³
1094 2532 1194 2562 Ezeclz„
1210 2538 1255 2561 vu,
1277 2534 1313 2556 19.
1328 2545 1357 2551 -—
1371 2533 1387 2549 ¹*
1400 2532 1455 2563 Job,
1471 2538 1489 2562 ι,
1505 2534 1545 2556 21.

1015 2581 1047 2611 (a)
1074 2580 1126 2604 Coet
1153 2578 1213 2602 edat,
1243 2579 1295 2610 qui.
1323 2593 1353 2598 -
1382 2579 1413 2610 (b)
1440 2580 1499 2603 Item
1527 2578 1708 2610 unusquisque.
1729 2591 1760 2596 --

985 2615 1014 2647 (c)
1026 2616 1101 2648 Vulg.
1116 2621 1172 2640 uon.
