2004 3037
217 250 276 280 180

217 323 284 343 mus
302 312 481 348 auctor-itam
503 312 588 349 quod
600 312 768 349 opinamur,
785 311 931 340 debemus
945 321 992 341 er-

215 361 286 390 rori.
299 370 313 388 »

252 409 325 436 Nota
343 407 427 443 quod
445 406 558 442 duplex
576 408 619 434 est
638 405 767 441 cognitio
787 405 826 433 de
846 407 922 440 Deo,
936 405 992 433 sci-

216 454 283 482 licet
295 453 453 488 naturalis,
474 456 502 481 et
515 452 715 481 accidentalis.
731 451 875 480 Naturalis
889 451 992 487 cogni-

216 501 257 529 tio
268 500 380 536 duplex
391 501 443 535 est,
454 499 564 528 scilicet
573 502 639 527 ante
651 501 814 535 peccatum,
826 506 887 534 qua
899 498 991 526 homo

217 547 416 583 cognoscebat
430 548 530 583 aperte
552 547 644 574 Deum
657 545 688 573 in
709 545 848 573 creaturis
855 554 864 580 3
884 547 994 581 etpost

216 597 385 630 peccatum,
401 596 429 622 et
441 594 499 621 hoc
513 594 556 621 est
575 601 628 629 per
642 593 796 629 speculum
809 594 838 621 et
855 593 886 620 in
903 593 993 628 aenig-

216 644 304 670 mate.
325 639 519 669 Accidentalis
536 639 666 675 cognitio
687 639 795 675 triplex
815 642 857 667 est
872 648 879 666 :
896 639 993 675 prima

216 691 259 716 est
274 687 418 724 acquisita
431 695 484 723 per
501 687 630 715 rationes
648 686 814 720 naturales,
835 694 927 722 quam
940 686 992 714 ha-

215 736 345 763 buerunt
358 733 543 771 philosophi,
560 735 588 761 et
602 733 664 760 haec
679 733 784 760 dicitur
797 733 932 768 scientia3
948 741 992 760 se-

216 783 314 810 cunda
329 783 387 816 est,
409 789 476 817 quae
496 780 621 808 habetur
639 779 812 807 testimoniis
831 779 992 815 Scriptura-

215 837 281 858 rum
302 831 330 857 et
352 828 580 857 miraculorum:
604 830 632 856 et
651 828 713 855 haec
736 827 866 862 cognitio
886 826 992 854 dicitur

215 877 290 904 fides
308 875 451 904 informis.
465 875 558 903 Tertia
575 877 632 908 est,
655 883 721 910 quae
740 874 866 902 habetur
879 881 932 909 per
947 873 991 901 in-

215 923 362 951 fusionem
387 922 487 958 gratioe
506 924 623 957 gratum
646 920 796 948 facientis:
817 922 846 948 et
864 920 926 947 haec
945 920 992 947 di-

215 970 290 998 citur
311 969 386 997 fides
407 968 549 1002 formata,
564 969 593 995 et
616 969 670 1003 per
686 967 777 994 talem
791 966 992 1001 cognitionem

215 1017 335 1045 assentit
348 1016 448 1044 anima
462 1015 565 1051 primae
579 1014 694 1042 veritati
708 1016 829 1050 propter
843 1021 886 1048 se,
901 1016 928 1042 et
943 1021 991 1041 su-

214 1071 269 1099 pra
281 1063 392 1090 omnia.
405 1061 486 1089 Unde
501 1069 536 1088 ea
556 1060 732 1088 adveniente
749 1063 875 1096 pereunt
888 1068 992 1088 omnes

214 1109 279 1137 aliae
294 1109 485 1144 cogitationes
500 1106 706 1141 accidentales,
722 1106 762 1134 ad
777 1106 875 1134 minus
889 1107 992 1142 quoad

215 1159 322 1183 actum.
340 1158 412 1184 Cum
431 1155 511 1182 enim
531 1154 596 1181 aliae
616 1153 799 1189 cognitiones
820 1153 942 1181 veniunt
961 1153 991 1180 in

215 1203 357 1236 animam,
374 1204 442 1229 tunc
456 1201 530 1228 fides
544 1203 687 1236 tanquam
702 1199 832 1227 velocior
846 1208 992 1235 praeoccu—

214 1251 265 1285 pat
279 1251 376 1276 motus
391 1248 536 1282 omnium,
551 1255 620 1275 cum
635 1246 710 1274 fides
723 1247 759 1274 sit
773 1246 810 1274 de
825 1254 886 1274 non
901 1254 991 1282 appa-

214 1296 361 1330 rentibus,
377 1297 404 1323 et
419 1294 538 1322 difficile
554 1294 590 1321 sit
604 1294 720 1322 occulta
734 1293 863 1320 credere.

250 1345 312 1370 Duo
326 1344 424 1370 autem
437 1343 504 1369 sunt
516 1340 681 1368 necessaria
693 1339 731 1367 ad
745 1339 812 1374 hoc,
824 1341 855 1366 ut
869 1339 991 1367 firmiter

215 1390 351 1418 credatur
367 1397 373 1415 :
393 1388 524 1424 primum
545 1389 588 1414 est
605 1387 760 1414 illustratio
778 1386 907 1414 veritatis
928 1386 991 1413 ani-

214 1444 295 1464 mam
311 1436 443 1470 elevans;
459 1434 624 1462 secundum
643 1435 685 1461 est
705 1432 874 1460 rectificatio
890 1434 991 1460 aucto-

213 1483 305 1511 ritatis
329 1482 459 1509 animam
479 1482 620 1508 firmans:
645 1487 774 1516 quorum
795 1479 926 1515 primum
949 1481 992 1506 est

214 1537 266 1565 per
280 1529 386 1563 fidem,
401 1527 566 1556 secundum
583 1534 636 1562 per
650 1526 829 1562 Scripturam
844 1525 990 1553 authenti--

213 1585 279 1604 cam
294 1579 322 1604 et
336 1583 388 1611 per
403 1575 540 1611 Spiritum
552 1576 686 1601 sanctum
697 1573 815 1600 editam.
830 1573 991 1600 Auctoritas

214 1631 285 1658 ergo
300 1623 411 1659 proebet
425 1621 628 1649 fulcimentum
644 1619 729 1653 fidei,
745 1622 771 1646 et
786 1619 860 1646 tides
872 1619 992 1646 assentit

215 1669 388 1698 auctoritati.
412 1670 569 1703 Utrumque
596 1675 665 1694 vcro
687 1674 740 1701 per
761 1666 906 1693 Christum
931 1668 990 1699 est,

213 1719 333 1752 propter
348 1715 431 1751 quod
447 1716 474 1741 et
489 1715 620 1749 Splendor
636 1713 642 1728 ¹
666 1715 694 1740 et
715 1714 827 1739 Ver-bum
843 1714 852 1728 2‘
873 1712 989 1745 dicitur,

214 1763 284 1798 quia
299 1764 428 1789 mentem
448 1769 500 1796 per
519 1760 610 1787 fidem
624 1759 786 1792 illuminat,
801 1761 827 1786 et
839 1759 990 1786 veritatem

213 1817 266 1844 per
281 1809 446 1836 doctrinam
461 1807 598 1835 ostendit.

251 1859 309 1885 Hoc
325 1864 445 1893 quoque
461 1854 613 1883 sciendum
628 1854 684 1887 est,
701 1852 785 1888 quod
803 1854 915 1879 tantum
930 1859 990 1878 una

216 1906 258 1932 est
270 1904 354 1937 fides,
370 1905 430 1930 tam
449 1902 480 1929 in
496 1900 661 1937 praeteritis,
679 1907 771 1935 quam
789 1899 819 1926 in
840 1897 990 1934 praesenti-

215 1951 284 1984 bus,
309 1957 400 1985 quam
422 1948 510 1976 etiam
530 1947 561 1974 in
580 1946 693 1980 suturis,
716 1945 783 1972 licet
799 1945 895 1979 magis
911 1944 990 1972 clara

215 1997 251 2024 sit
265 1997 295 2024 in
311 1996 352 2023 eis
366 1998 394 2023 et
408 1994 559 2030 explicita,
584 1993 635 2029 qui
655 1995 819 2028 sequuntur
833 1992 988 2025 Christum,

216 2052 306 2079 quam
326 2043 357 2070 in
376 2042 417 2070 eis
436 2042 486 2077 qui
507 2041 718 2077 praecesserunt
737 2039 799 2073 ejus
817 2038 988 2072 adventum,

215 2091 289 2117 sicut
316 2091 428 2117 Novum
454 2088 668 2115 Testamentum
696 2085 802 2112 clarius
829 2087 871 2111 est
898 2092 989 2119 quam

216 2137 312 2164 Vetus.
333 2135 418 2169 Quod
434 2134 511 2162 euin]
533 2142 587 2160 uos
611 2132 759 2160 credimus
781 2139 842 2159 esse
862 2131 989 2164 factum,

216 2182 328 2217 antiqui
341 2184 438 2218 patres
450 2180 610 2208 credebant
622 2187 683 2206 esse
699 2178 844 2205 futurum:
861 2178 989 2213 exceptis

215 2228 344 2257 articulis
360 2227 411 2263 qui
425 2227 522 2254 adhuc
538 2228 645 2253 restant
661 2224 841 2259 complendi,
859 2224 933 2251 sicut
948 2226 990 2251 est

214 2274 386 2304 resurreetio
402 2276 598 2306 mortuorum,
613 2273 639 2298 et
651 2271 797 2306 judicium
813 2272 988 2304 extremum,

215 2325 243 2350 et
269 2320 466 2349 remuneratio
494 2319 661 2352 honorum,
688 2319 716 2345 et
744 2317 858 2352 punitio
891 2325 990 2352 repro-

215 2368 334 2396 borum.

449 2419 473 2452 C
483 2420 512 2452 A
524 2419 549 2451 P
560 2418 588 2451 U
600 2418 625 2450 T
667 2417 697 2450 X
707 2417 750 2450 X.

478 2489 515 2515 De
530 2487 623 2521 effecta
636 2486 723 2514 Fidei.

250 2554 334 2583 Fides
355 2554 449 2582 multa
467 2553 548 2581 bona
566 2551 644 2579 facit.
666 2552 691 2578 1.
708 2550 861 2577 Hominem
877 2549 970 2578 salvat
977 2560 986 2585 ς

213 2601 294 2630 unde
314 2601 424 2629 dictum
439 2601 482 2628 est
502 2598 682 2634 Magdalenae
693 2597 703 2614 ³
717 2605 723 2623 :
738 2597 816 2624 Fides
832 2599 880 2623 tua
894 2599 918 2624 te
934 2598 988 2624 sal-

247 2666 252 2677 ¹
269 2663 354 2693 Helua,
370 2669 393 2693 1,
408 2665 431 2687 3.
443 2676 474 2682 -—
488 2663 496 2677 ²
510 2663 592 2692 Joan.,
608 2661 670 2691 1,1.
682 2672 713 2677 -
731 2659 740 2674 ³
754 2659 822 2687 Luc„
837 2665 889 2689 ³:11,
906 2661 943 2683 50.
958 2673 984 2678 —-

215 2701 224 2717 ⁴
238 2702 302 2727 Acl.,
315 2705 357 2728 xv,
373 2701 395 2723 9.
410 2713 433 2716 -
449 2699 459 2714 ⁵
471 2698 555 2727 Helua,
569 2703 605 2726 M,
620 2697 660 2719 33.
671 2695 840 2723 -““1’1111.’ίῐ,.,
854 2700 897 2725 iv,
914 2698 982 2720 ,5,-

543 243 801 277 COMPENDIUM
821 243 1082 278 THEOLOGIGAE
1102 245 1327 278 VERt'rA'rtS.
1349 246 1425 279 LlB.
1449 246 1488 280 V.

1045 321 1107 341 vam
1119 314 1194 346 fecit.
1210 316 1237 342 2.
1259 315 1383 342 Mentem
1401 316 1510 351 purgat
1521 313 1533 330 ⁴
1557 323 1565 342 :
1588 314 1656 343 Fide
1672 316 1822 351 purificans

1046 360 1126 387 corda
1137 367 1238 388 eorum.
1249 362 1276 389 3.
1287 361 1395 388 Contra
1406 360 1555 389 mundum
1567 363 1681 397 pugnat
1689 361 1701 380 ⁸
1712 362 1823 390 xsmzcti

1043 414 1094 441 per
1110 406 1190 441 fidem
1207 408 1330 434 vicerunt
1345 415 1439 442 regna.
1455 409 1482 435 4.
1500 407 1650 436 Postulata
1667 407 1820 444 impetrat3

1046 452 1126 480 unde
1140 453 1171 480 in
1185 452 1316 481 Matthaeo
1324 453 1335 470 ⁶
1349 463 1356 481 :
1370 453 1392 481 0
1405 455 1513 486 mulier,
1523 462 1623 489 ηιαςπα
1636 457 1676 482 est
1685 455 1751 490 tides
1763 457 1823 489 tua,

1045 501 1095 534 fiat
1109 500 1162 528 tibi
1170 501 1242 528 sicut
1251 502 1356 535 petisti.
1368 502 1396 528 5.
1407 501 1654 529 Perseverantiam
1665 500 1735 536 dat5
1745 502 1824 537 Apo-

1049 546 1141 574 stolus
1152 547 1163 564 ⁷
1179 555 1186 573 :
1205 547 1244 574 Τιι
1258 550 1348 574 autem
1361 549 1393 574 in
1400 547 1454 582 fide
1465 547 1501 583 (a)
1516 550 1583 574 stas.
1601 548 1627 574 6.
1638 546 1824 584 Temporalia

1046 592 1239 620 contemnit⁸:
1255 593 1322 620 Fide
1336 593 1440 628 Moyses
1454 593 1566 628 mandis
1581 593 1701 628 effectuS,
1715 595 1824 628 negavit

1044 646 1072 666 se
1083 640 1171 673 filium
1185 647 1240 667 esse
1252 640 1318 674 filioe
1334 640 1492 667 Pharaonis.
1517 643 1543 667 7.
1562 639 1703 667 Justificat
1716 640 1728 656 ⁹
1740 649 1747 668 :
1764 639 1825 668 Gre-

1046 685 1120 713 didit
1133 686 1268 713 Abraham
1290 688 1360 721 Deo,
1378 689 1405 714 et
1425 689 1582 722 reputatum
1596 690 1635 714 esc
1650 688 1675 714 ei
1690 686 1726 714 αά
1741 686 1826 721 justi-

1047 734 1125 759 tiam.
1148 733 1175 760 8.
1197 731 1346 760 Beatificat
1362 733 1401 760 ¹⁰:
1419 733 1492 766 Quia
1510 733 1610 760 vidisti
1628 741 1683 767 me,
1708 734 1823 766 Thema,

1045 778 1207 806 credidisti:
1225 778 1299 806 beati
1312 780 1362 813 qui
1375 786 1429 806 non
1443 779 1580 811 vider-une,
1595 781 1649 807 etc.

1081 825 1174 860 Super
1187 823 1414 852 tundamentum
1422 824 1494 853 fidei
1508 824 1633 861 quida'm
1647 825 1796 853 aedificant
1806 825 1824 842 ¹¹

1046 879 1143 898 aunum
1161 870 1434 906 contemplationis,
1454 871 1525 908 quia
1543 872 1595 908 qui
1609 872 1827 908 contemplatur

1046 917 1108 945 sine
1128 917 1204 952 fide,
1227 917 1312 953 quasi
1333 917 1385 953 qui
1409 917 1509 946 nititur
1526 918 1628 947 videre
1645 919 1740 947 solem
1763 919 1825 947 sine

1047 964 1155 998 oculis;
1183 963 1308 999 quidam
1330 967 1473 999 arqentum
1495 965 1731 1001 praedicationis,
1755 965 1826 1002 quia

1046 1011 1097 1046 qui
1112 1010 1252 1046 praedicat
1265 1010 1328 1038 sine
1343 1010 1420 1044 fide,
1435 1019 1497 1039 non
1513 1011 1646 1047 loquitur
1662 1013 1680 1029 ¹²
1695 1020 1762 1046 eum,
1777 1013 1827 1047 qui

1045 1057 1189 1084 secundum
1213 1058 1297 1084 Deum
1318 1059 1371 1092 cst,
1393 1057 1497 1091 fidelem
1518 1065 1678 1091 sermonem‚-
1699 1058 1824 1094 quidam

1047 1104 1152 1138 Iapides
1177 1105 1308 1138 preciosos
1330 1103 1481 1132 bonorum
1506 1112 1648 1140 operum,
1675 1105 1746 1141 quia
1773 1105 1825 1140 qui

1046 1149 1122 1177 bene
1135 1152 1274 1186 operatur
1288 1149 1351 1177 sine
1365 1149 1436 1184 fide,
1447 1152 1489 1178 est
1501 1150 1575 1178 sicut
1589 1151 1640 1187 qui
1654 1150 1722 1179 facit
1735 1153 1825 1179 struc-

1046 1199 1143 1224 turam
1161 1204 1250 1232 super
1265 1204 1402 1230 arenam;
1418 1196 1487 1224 item
1504 1197 1554 1224 alii
1568 1197 1715 1225 aedificant
1729 1198 1823 1232 liqna,

1045 1243 1077 1271 id
1104 1245 1161 1277 est,
1189 1250 1323 1271 amorem
1346 1242 1500 1271 ardentem
1523 1243 1732 1280 temporalium
1738 1253 1748 1279 ς
1775 1243 1825 1272 alii

1045 1293 1156 1325 foenum,
1168 1290 1199 1318 id
1211 1293 1262 1325 est,
1274 1290 1390 1318 fumum
1402 1290 1632 1318 delectationum
1643 1291 1823 1326 carnalium;

1046 1338 1096 1365 alii
1116 1338 1266 1372 stipulam,
1286 1336 1395 1364 scilicet
1417 1337 1580 1365 otiosorum
1599 1338 1774 1372 verborum,
1797 1339 1825 1365 et

1046 1392 1172 1420 operum
1199 1383 1387 1411 infirmorum
1408 1392 1414 1410 :
1444 1383 1490 1411 isti
1524 1383 1647 1419 quidem
1674 1383 1824 1412 salvantur

1046 1430 1150 1458 merito
1162 1430 1346 1457 fundamenti
1362 1431 1391 1464 ¹³,
1403 1432 1431 1457 et
1444 1432 1483 1457 sic
1498 1433 1583 1457 [anien
1593 1432 1673 1464 quasi
1679 1438 1726 1466 per
1736 1432 1824 1464 ignem

1045 1476 1223 1513 purgatorii,
1245 1484 1305 1512 quo
1331 1478 1468 1504 exuretur
1491 1476 1652 1504 aedificium
1677 1484 1738 1504 non
1757 1475 1823 1504 ido-

1046 1531 1136 1550 neum
1152 1525 1233 1550 tanto
1248 1523 1453 1550 fundamento.

1082 1569 1165 1597 Fides
1187 1569 1277 1596 hahet
1297 1569 1445 1604 quosdam
1470 1569 1589 1597 effectus
1609 1569 1777 1596 essentiales
1796 1571 1824 1596 et

1046 1615 1233 1651 principale&
1249 1617 1280 1642 ut
1295 1618 1337 1642 est
1351 1616 1446 1643 facere
1462 1615 1539 1643 filios
1555 1615 1614 1650 Dei,
1628 1618 1655 1643 et
1670 1615 1764 1643 facere
1780 1615 1823 1642 di-

1046 1670 1119 1696 gnos
1135 1662 1193 1689 vita
1207 1664 1328 1695 zeterna,
1346 1664 1374 1688 et
1388 1662 1482 1689 facere
1498 1661 1607 1689 similes
1623 1663 1696 1694 Deo,
1710 1663 1738 1688 et
1752 1669 1821 1697 pur-

1046 1716 1115 1743 gare
1130 1708 1261 1735 animam
1279 1716 1296 1734 a
1314 1707 1442 1735 tenebris
1462 1709 1571 1743 peccati
1591 1708 1652 1735 sive
1666 1707 1823 1735 infidelita-

1046 1754 1096 1781 tis:
1115 1756 1142 1781 et
1158 1753 1203 1781 isti
1219 1753 1339 1781 effectus
1354 1756 1448 1780 sunta
1463 1755 1530 1780 Deo.
1548 1754 1627 1781 Alios
1638 1753 1727 1780 hahet
1738 1752 1823 1781 effec-

1046 1803 1090 1828 tus
1105 1799 1287 1827 voluntarios
1306 1801 1333 1826 ct
1354 1799 1561 1834 secundarios,
1583 1802 1615 1826 ut
1631 1802 1673 1827 est
1691 1799 1822 1833 credere,

1046 1850 1073 1875 et
1087 1847 1213 1881 dirigere
1228 1854 1320 1882 opera
1333 1846 1460 1874 aliarum
1474 1847 1626 1880 virtutum,
1639 1849 1666 1873 et
1677 1846 1822 1882 imperare

1046 1894 1187 1921 omnibus
1201 1901 1255 1920 suo
1270 1892 1363 1920 modo
1377 1901 1383 1920 :
1400 1895 1428 1920 et
1442 1893 1488 1921 isti
1504 1892 1623 1921 effectus
1638 1901 1656 1921 a
1668 1892 1763 1921 libero
1779 1900 1823 1921 ar·

1046 1940 1134 1968 bitrio
1149 1942 1225 1967 sunt.

1269 2019 1446 2052 CAPUT
1486 2018 1596 2052 XXI.

1297 2099 1334 2124 De
1347 2097 1472 2124 articulis
1488 2097 1575 2124 Fidei.

1082 2175 1108 2202 Si
1124 2175 1272 2210 respectus
1286 2172 1431 2200 habeatur
1449 2172 1487 2199 ad
1503 2179 1552 2198 eos
1574 2171 1625 2206 qui
1645 2171 1821 2206 Symbolum

1046 2221 1216 2254 ediderunt,
1232 2222 1301 2246 tunc
1317 2218 1430 2246 articuli
1445 2219 1512 2244 sunt
1530 2217 1703 2251 duodecim,
1719 2225 1820 2245 secun-

1046 2268 1118 2295 dum
1140 2273 1298 2294 numerum
1322 2264 1482 2291 duodecim
1497 2264 1711 2299 apostolorum.
1729 2264 1756 2291 Si
1771 2272 1820 2291 au-

1045 2316 1104 2341 tem
1130 2312 1352 2340 consideremus
1377 2318 1443 2346 quae
1470 2310 1638 2338 radicaliter
1663 2313 1730 2338 sunt
1757 2318 1819 2338 cre-

1045 2361 1158 2394 denda,
1181 2362 1248 2386 tunc
1267 2357 1380 2386 articuli
1397 2359 1464 2384 sunt
1478 2357 1719 2393 quatuordecim,
1739 2365 1815 2392 quo-

1044 2416 1110 2436 rum
1125 2408 1235 2442 septem
1250 2407 1381 2441 spectant
1394 2405 1433 2432 ad
1448 2405 1645 2438 divinitatem,
1663 2406 1691 2432 et
1705 2405 1816 2439 septem

1044 2455 1083 2482 ad
1097 2453 1199 2482 Christi
1214 2452 1440 2479 humanitatem:
1457 2454 1485 2478 et
1498 2451 1560 2478 haec
1578 2451 1692 2486 signata
1705 2452 1772 2477 sunt
1787 2450 1817 2477 in

1044 2502 1155 2536 septem
1163 2498 1262 2532 stellis,
1271 2500 1299 2525 et
1308 2500 1420 2533 septem
1430 2496 1617 2525 candelabris
1631 2496 1728 2524 aureis
1740 2496 1768 2530 ¹⁸,
1784 2496 1814 2524 in

1044 2554 1172 2584 quorum
1181 2545 1282 2574 medio
1294 2545 1382 2573 Filius
1395 2544 1524 2574 hominis
1539 2543 1722 2573 ambulabat.

1044 2624 1051 2638 ⁷
1066 2623 1144 2652 Rom„
1159 2627 1196 2651 xi,
1211 2622 1250 2645 20.
1268 2633 1296 2638 ν-
1309 2620 1319 2636 8
1334 2619 1418 2649 Helm„
1433 2625 1471 2649 11,
1485 2620 1522 2643 24.
1534 2631 1566 2636 —
1581 2617 1679 2646 “Rom..
1695 2623 1730 2647 ιν,
1745 2617 1769 2641 3.
1781 2630 1811 2636 -

1045 2659 1063 2676 ¹0
1074 2659 1156 2688 domn,
1168 2663 1211 2686 xx,
1227 2658 1266 2680 29.
1279 2669 1308 2674 -
1325 2657 1339 2669 ¹¹
1353 2656 1361 2678 l
1374 2656 1444 2684 Cor„
1459 2660 1500 2685 lu,
1515 2654 1554 2678 ¹2.
1567 2667 1593 2671 —-
1606 2654 1625 2669 ’ὓ
1637 2654 1694 2683 Tit„
1713 2658 1730 2681 1,
1746 2654 1770 2676 9.
1780 2665 1811 2670 -

1047 2694 1079 2717 ¹³1
1094 2694 1207 2722 Cw·.,111,
1221 2694 1291 2716 w.—
1303 2691 1321 2706 '⁵
1335 2691 1422 2720 Apoc„
1433 2695 1461 2719 11,
1472 2689 1524 2713 i.—
1539 2689 1741 2720 (‹1)Vulg.aulem
1752 2687 1809 2717 fide.
