2004 3037
215 189 274 222 588

214 256 347 286 maximo
367 255 498 285 exercitu
506 276 516 292 ‚
535 257 566 285 et
578 256 750 287 ceciderunt
762 259 885 288 centum
897 259 994 289 millia

213 303 349 340 peditum
363 302 401 331 de
420 303 518 340 Syris,
531 303 584 340 qui
603 303 744 334 dixerunt
761 313 770 334 z
787 315 802 332 α
817 307 892 334 Deus
905 313 993 335 mon-

214 350 290 378 tium
309 351 352 378 est
370 350 528 387 Dominus,
543 353 573 381 et
591 359 654 381 non
675 353 751 382 Deus
770 353 908 383 vallium.
922 363 937 382 n
958 353 993 383 111

214 399 293 434 Rea„
308 405 360 427 xx.

249 446 324 474 Cum
344 447 420 474 esset
440 447 639 482 congregatus
657 453 711 476 rex
725 446 820 483 suda,
835 449 864 476 et
878 455 931 476 rex
952 449 993 477 ls-

212 492 277 521 rael
286 512 297 527 ‚
311 494 340 521 et
352 500 406 521 rex
420 493 515 522 Edom
523 514 532 529 ,
548 495 580 522 ut
593 497 762 531 pugnarent
776 496 881 524 contra
894 494 992 531 Moab,

213 541 242 568 et
261 547 406 576 magnum
428 541 600 577 paterentur
621 549 709 579 aquae
731 542 898 578 detectum3
921 542 995 571 dixit

213 586 324 616 Eliseus
334 587 480 624 propheta
491 596 498 616 :
513 597 528 614 α
537 587 644 616 Alveus
657 589 710 617 iste
721 589 885 626 replebitur
894 589 993 626 aquis,

213 636 242 663 et
268 634 390 671 insuper
416 634 514 663 tradet
545 635 687 664 Dominus
714 636 800 665 Moab
827 637 859 665 in
886 644 994 666 manus

213 683 335 710 vestras.
350 691 365 709 i»
388 683 421 710 Et
433 681 474 710 ita
486 681 597 711 factum
611 685 663 711 est.
682 684 715 711 lV
730 684 809 719 Rea„
825 691 867 713 ιιι.

249 728 383 757 Samaria
402 729 519 758 tamdiu
542 729 665 759 obsessa
685 730 740 759 fuit
759 738 777 759 a
796 738 866 767 rege
885 731 993 768 Syrioe,

214 775 299 812 quod
311 775 499 804 vendebatur
514 778 603 813 caput
618 777 693 805 asini
713 777 864 813 octoginta
886 786 994 814 argen-

215 823 269 852 teis
274 831 283 858 3
295 822 349 851 sed
358 823 399 851 ad
408 823 535 851 verbum
545 822 631 852 Elisei
644 823 737 859 fugati
751 827 819 853 sunt
827 825 903 862 Syri,
915 827 944 854 et
957 833 995 854 ex

214 869 272 898 hoc
285 869 457 899 habuerunt
469 870 634 900 maximam
647 878 748 900 rerum
765 871 992 901 abundantiam.

215 917 249 945 lV
263 918 343 953 Πομ,
357 925 388 945 vr
402 919 431 946 et
443 925 496 946 vn.

251 966 313 992 Rex
333 963 420 992 lsrael
438 964 588 993 multoties
602 964 806 994 debellaverat
822 973 925 1002 regem
940 967 994 1004 Sy-

213 1011 281 1046 riae3
298 1010 351 1039 sed
366 1012 489 1047 propter
503 1013 626 1048 peccata
639 1012 799 1041 hominum
815 1013 924 1050 ‹tcoepit
939 1016 994 1042 Do-

214 1057 313 1086 minus
338 1057 445 1086 taedere
471 1066 561 1095 super
585 1059 694 1094 lsrael,
721 1062 749 1088 et
775 1060 919 1096 percussit
943 1069 995 1090 eos

215 1104 319 1133 Hazael
339 1112 393 1133 rex
415 1105 506 1141 syriae
525 1106 556 1134 in
571 1107 717 1135 universis
736 1107 847 1136 finibus
866 1107 964 1137 lsrael.
978 1120 991 1134 »

215 1155 248 1182 lv
263 1155 342 1189 Ray„
357 1160 391 1190 x,
407 1154 451 1182 32.

250 1201 383 1230 Amasias
397 1210 450 1230 rex
463 1201 549 1236 suda,
566 1201 688 1231 obtenta
697 1202 821 1232 victoria
835 1202 873 1231 de
888 1203 995 1238 Edom,

215 1248 294 1276 misit
313 1248 352 1276 ad
367 1257 468 1284 regem
485 1249 572 1277 lsrael
591 1257 760 1285 provocans
774 1257 843 1278 eum
864 1250 903 1278 ad
918 1258 996 1286 prae-

215 1294 305 1329 lium3
322 1295 375 1323 sed
394 1296 448 1324 suit
467 1295 505 1324 ab
528 1296 579 1324 illo
596 1295 732 1332 fugatus,
754 1299 782 1325 et
802 1305 912 1332 magna
927 1306 996 1334 pars

216 1350 373 1370 murorum
403 1343 527 1371 civitatis
557 1343 738 1372 Hierusalem
768 1344 916 1373 destructa
942 1344 996 1374 fuit

216 1390 372 1418 occasione
387 1390 522 1419 elationis
538 1391 629 1428 ipsius
642 1392 775 1420 Amasioe.
794 1394 826 1421 lv
841 1394 919 1428 Req„
933 1401 994 1421 xiv.

251 1437 329 1465 Licet
342 1438 502 1466 Jeroboam
524 1438 603 1466 filius
618 1440 685 1467 toas
697 1460 705 1473 ,
725 1447 777 1468 rex
800 1440 905 1474 lsrael,
922 1443 998 1469 esset

216 1484 328 1519 malus,
343 1486 441 1513 tamen
464 1485 606 1513 Dominus
627 1494 680 1522 per
701 1494 825 1514 manum
841 1487 919 1515 illius
939 1488 996 1515 sal-

216 1531 296 1559 vavit
311 1540 373 1566 eos,
388 1534 418 1560 et
432 1532 526 1561 multa
541 1533 622 1561 bona
642 1533 709 1561 fecit
724 1534 774 1562 eis.
793 1536 824 1562 tv
841 1537 918 1569 Πομ,
933 1543 994 1563 xiv.

254 1580 328 1607 Bene
354 1580 499 1615 pugnavit
528 1580 668 1608 Dominus
693 1589 747 1616 pro
777 1581 898 1610 Ezechia
925 1591 996 1618 rege

216 1625 308 1659 Juda,
325 1626 447 1662 quando
463 1627 591 1663 Angelus
613 1628 727 1655 Domini
748 1636 809 1656 una
828 1631 914 1657 noete
929 1637 996 1665 per-

218 1673 307 1700 cussit
330 1673 367 1701 de
391 1674 519 1702 exercitu
542 1674 741 1703 Sennacherib
764 1676 841 1709 regis
863 1676 998 1712 Assyrio-

217 1727 283 1746 rum
299 1722 416 1748 centum
431 1721 581 1755 octoginta
601 1722 733 1757 quinque
755 1722 868 1757 millia,
888 1726 915 1751 et
935 1724 996 1759 ipse

217 1767 416 1795 Sennacherib
433 1771 499 1803 post
513 1768 666 1796 modicum
682 1772 797 1805 tempus
818 1778 836 1797 a
853 1770 921 1797 filiis
936 1771 998 1798 suis

219 1813 386 1841 interfectus
401 1818 454 1841 est.
471 1815 502 1841 tv
518 1817 581 1849 neq.
592 1836 599 1849 ‚
613 1823 672 1843 xrx.

253 1860 329 1889 Abia
344 1869 396 1889 rex
406 1862 481 1890 Juda
494 1870 562 1890 cum
575 1863 704 1891 exercitu
715 1871 770 1891 suo
785 1863 901 1898 videns,
915 1863 997 1899 quod

218 1907 338 1936 instaret
360 1908 474 1937 bellum
498 1917 533 1937 ex
559 1909 685 1938 adverso
712 1913 740 1938 et
768 1912 835 1946 post
859 1913 996 1946 tergum,

218 1955 357 1983 clamavit
384 1956 422 1984 ad
452 1957 611 1985 Dominum
623 1979 630 1991 ,
663 1966 696 1985 ac
725 1958 893 1986 sacerdotes
921 1959 998 1986 tubis

218 2005 372 2038 ccrperunt
391 2011 513 2038 canere3
538 2006 566 2031 et
586 2005 740 2040 perterruit
760 2005 900 2033 Dominus
918 2007 998 2034 Jero-

218 2049 309 2077 boam
325 2052 354 2078 et
368 2058 488 2078 omnem
506 2050 612 2085 lsrael,
628 2054 655 2079 et
671 2052 839 2080 ecciderunt
854 2052 998 2081 vulnerati

218 2104 254 2124 ex
271 2097 358 2124 lsrael
374 2098 536 2133 quingenta
556 2098 590 2133 (a)
607 2098 702 2126 millia
718 2099 850 2127 virorum
866 2099 998 2134 sortium,

219 2143 426 2179 humiliatique
442 2147 510 2172 sunt
521 2145 574 2172 lilii
590 2145 686 2179 lsrael,
701 2148 728 2173 et
743 2146 999 2174 vehementissime

219 2190 375 2218 confortati
402 2191 455 2218 filii
484 2191 577 2224 Juda,
603 2200 638 2220 co
665 2192 748 2228 quod
775 2196 941 2228 sperassent
969 2194 999 2221 in

220 2236 355 2264 Domino.
372 2237 393 2265 ll
408 2239 514 2271 Paral„
530 2246 592 2266 xm.

256 2284 395 2318 Egressus
419 2287 461 2312 est
485 2287 588 2313 contra
617 2289 674 2314 Asa
699 2294 800 2321 regem
827 2287 903 2315 Juda
930 2289 1001 2316 Zara

221 2329 352 2367 AEthiops
366 2338 434 2358 cum
450 2333 579 2360 exercitu
592 2341 646 2360 suo
663 2333 760 2361 decies
774 2335 903 2362 centenis
914 2334 1001 2362 milli-

222 2376 279 2404 bus
292 2386 299 2411 ;
314 2379 342 2405 et
356 2377 507 2406 invocavit
520 2381 575 2407 Asa
591 2379 759 2415 Dominum,
775 2380 895 2408 dicens:
917 2391 929 2406 «
946 2383 1000 2409 Do-

221 2424 312 2458 mine,
328 2432 389 2452 non
405 2427 448 2452 est
463 2426 545 2461 apud
562 2427 588 2453 te
604 2426 665 2454 ulla
681 2427 819 2455 distantia
830 2448 838 2462 ,
857 2430 956 2456 utrum
971 2428 1001 2456 in

222 2471 325 2506 paucis
340 2471 509 2507 auxilieris,
524 2480 562 2500 an
578 2473 607 2500 in
622 2473 737 2508 multis,
754 2484 767 2500 ι)
785 2477 839 2502 etc.
856 2475 1002 2503 Exterruit

222 2516 321 2552 itaque
337 2519 478 2546 Dominus
493 2519 657 2556 AEthiopes,
674 2523 702 2549 et
716 2523 838 2548 ruerunt
852 2530 947 2557 usque
962 2522 1001 2549 ad

223 2563 471 2600 internecionem,
493 2566 565 2601 quia
589 2567 713 2595 Domino
737 2567 866 2597 caedente
885 2569 1004 2597 contriti

224 2612 301 2644 sunt,
314 2613 369 2639 etc.
387 2613 408 2640 ll
425 2613 530 2648 Percu„
546 2621 607 2641 xiv.

259 2656 432 2693 congregati
448 2661 517 2687 sunt
530 2659 582 2687 filii
605 2660 689 2688 Moab
705 2663 733 2689 et
747 2661 798 2689 filii
815 2663 952 2696 Ammon,
971 2664 1003 2690 ut

828 190 963 225 BIBLIA
982 189 1214 225 PAUPERUM.

1046 262 1218 296 pugnarent
1240 263 1345 292 contra
1366 262 1526 300 iosaphau
1549 265 1581 294 at
1601 263 1653 295 ille
1676 273 1708 296 se
1729 268 1826 300 totum

1048 307 1172 337 contulit
1186 309 1227 338 ad
1237 310 1408 347 rogandum
1422 311 1598 349 Dominum,
1612 315 1680 351 etc„
1696 322 1827 354 eumque

1048 354 1205 392 coepissent
1218 359 1355 386 cantores
1366 358 1460 387 Deum
1472 357 1615 396 laudare,
1628 361 1715 390 vertit
1727 363 1828 393 Domi-

1047 408 1104 430 nus
1125 401 1249 432 insidias
1271 404 1512 434 adversariorum
1529 405 1562 435 in
1585 408 1778 446 semetipsos,
1798 412 1828 441 et

1047 449 1158 479 mutuis
1170 450 1346 480 vulneribus
1359 452 1563 482 conciderunt.
1579 455 1602 483 11
1615 455 1722 492 Par-at„
1737 464 1788 486 xx.

1083 496 1194 526 Phacee
1211 497 1290 527 filius
1305 499 1457 534 Romeliae,
1470 507 1524 528 rex
1541 499 1632 530 lsrael
1641 523 1651 538 ‚
1666 502 1775 533 occidit
1788 504 1827 534 de

1046 542 1124 572 suda
1137 546 1257 574 centum
1276 545 1381 582 viginti
1399 546 1495 575 millia
1514 547 1546 575 in
1566 556 1627 577 una
1640 548 1708 583 die,
1723 558 1828 581 omnes

1047 589 1128 619 viros
1150 591 1325 628 bellatores,
1348 600 1385 622 eo
1408 593 1493 630 quod
1515 594 1705 632 reliquissent
1729 598 1828 628 Domi·

1048 643 1131 666 num.
1148 638 1170 666 ll
1184 640 1296 675 paral„
1315 647 1425 675 xxvxu,
1441 642 1467 669 6.

1083 685 1211 715 Victoria
1230 694 1323 723 quam
1342 687 1426 716 dedit
1446 689 1589 719 Dominus
1603 691 1719 728 populo
1739 692 1829 723 Israel

1047 740 1102 769 per
1114 741 1239 763 manum
1251 734 1352 764 Judith
1364 735 1480 765 ramosa
1491 739 1535 765 est
1541 738 1659 774 (Iudith,
1674 739 1761 776 quasi
1775 748 1829 777 per

1048 780 1170 814 totum).
1186 780 1268 810 Unde
1287 781 1352 818 ipsa
1379 781 1468 818 dixit,
1490 783 1588 813 occiso
1611 785 1800 823 uolopherne
1819 797 1827 817 :

1052 835 1066 852 α
1079 827 1221 856 Dominus
1235 828 1426 865 omnipotens
1439 830 1543 860 nocuit
1556 839 1625 860 eum
1634 852 1643 867 ‚
1659 833 1689 861 et
1707 833 1831 864 tradidit

1049 881 1119 902 eum
1133 875 1164 902 in
1178 882 1287 904 manus
1300 875 1445 912 foeminae‚
1461 879 1491 906 et
1510 877 1645 908 confodit
1658 879 1695 916 (b)
1711 887 1792 910 eum.
1809 891 1825 908 ιο

1048 921 1156 956 Judz'th,
1172 929 1232 957 xvi,
1248 924 1275 951 7.
1718 937 1723 942 ·

1085 969 1194 997 Videns
1219 969 1311 998 sudas
1339 970 1524 1000 Maehabaeus
1550 973 1714 1003 exercitum
1739 975 1831 1005 Seron

1049 1023 1211 1051 magnum,
1226 1017 1313 1045 sociis
1328 1018 1514 1054 timentibus,
1530 1019 1606 1048 dixit
1623 1030 1631 1050 ε
1650 1031 1664 1048 ιι
1679 1022 1775 1051 Facile
1790 1025 1833 1052 est

1050 1061 1189 1090 concludi
1201 1062 1311 1091 multos
1322 1063 1354 1092 in
1363 1071 1470 1092 manus
1481 1072 1658 1101 paucorum,
1674 1069 1703 1095 et
1712 1075 1774 1096 non
1789 1071 1833 1098 est

1051 1108 1217 1137 differentia
1240 1109 1271 1138 in
1295 1113 1455 1147 conspectu
1479 1111 1530 1140 Dei
1554 1112 1622 1141 coeli
1650 1113 1778 1143 liberare
1799 1115 1832 1144 in

1050 1156 1165 1191 multis,
1188 1158 1240 1185 aut
1259 1157 1289 1185 in
1306 1157 1424 1194 paucis,
1446 1168 1461 1185 ι»
1489 1160 1543 1187 etc.
1568 1161 1602 1188 Et
1626 1161 1768 1190 contritus
1789 1164 1833 1192 est

1050 1203 1142 1231 Seron
1157 1206 1185 1232 et
1199 1205 1343 1232 exercitus
1358 1205 1433 1240 ejus.
1449 1206 1459 1234 l
1474 1205 1577 1241 Maeli„
1594 1214 1637 1241 ιιι,
1654 1208 1697 1242 18,
1712 1208 1757 1236 23.

1087 1251 1157 1279 ltem
1179 1251 1362 1280 Machabaeus
1384 1260 1454 1280 cum
1476 1253 1570 1281 tribus
1593 1254 1728 1283 millibus
1750 1255 1832 1284 viro-

1051 1305 1118 1325 rum
1129 1319 1138 1332 ,
1167 1299 1219 1334 qui
1248 1301 1418 1334 tegumenta
1444 1301 1472 1327 et
1500 1299 1618 1335 gladios
1645 1309 1707 1329 non
1736 1302 1831 1331 habe-

1051 1344 1138 1379 bant,
1155 1344 1466 1382 debellavitGorgiam
1481 1354 1550 1375 cum
1565 1355 1677 1384 magno
1693 1349 1830 1378 exercitu.

1052 1392 1154 1427 Maeli„
1167 1400 1207 1420 lv.

1089 1440 1169 1474 Item,
1183 1439 1317 1476 sequenti
1333 1440 1504 1474 anno,vicit
1517 1441 1633 1478 Lysiam
1642 1443 1694 1479 qui
1702 1442 1834 1473 habebat

1052 1486 1082 1514 ιιι
1097 1486 1227 1514 exercitu
1241 1495 1296 1515 suo
1311 1487 1463 1522 sexaginta
1474 1488 1571 1516 millia
1580 1489 1742 1519 electorum
1754 1491 1833 1518 viro-

1052 1541 1119 1562 rum
1136 1536 1164 1562 et
1178 1533 1311 1570 equitum
1327 1534 1460 1570 quinque
1482 1535 1591 1570 millia,
1607 1536 1684 1565 sacta
1699 1537 1832 1566 oratione

1053 1581 1091 1608 ad
1108 1580 1275 1609 Dominum.
1288 1582 1360 1609 Eum
1370 1583 1468 1609 tamen
1479 1582 1597 1610 nonnisi
1611 1583 1642 1619 (c)
1653 1583 1758 1612 decem
1768 1584 1834 1613 mil-

1053 1628 1093 1656 lia
1111 1628 1268 1656 hominum
1288 1630 1356 1656 tunc
1372 1628 1512 1657 habuisse
1526 1629 1643 1665 legitur.
1657 1631 1666 1658 1
1678 1631 1779 1666 Maeli„
1794 1639 1831 1660 iv.

1090 1675 1172 1702 Venit
1187 1675 1345 1702 Bacchides
1359 1675 1389 1703 in
1404 1675 1509 1703 virtute
1524 1676 1628 1710 multa,
1641 1679 1672 1704 ut
1687 1679 1834 1713 pugnaret

1054 1724 1156 1749 contra
1176 1722 1350 1756 Jonatham;
1374 1725 1401 1749 et
1420 1722 1493 1750 dixit
1514 1723 1654 1751 Jonathas
1677 1724 1716 1751 ad
1743 1732 1831 1752 suos:

1057 1779 1070 1795 (ι
1085 1771 1268 1803 Ιίιςιιυιιιιιε,
1291 1771 1319 1796 et
1340 1768 1504 1796 clamemus
1519 1769 1549 1796 in
1570 1769 1678 1798 coelum
1688 1791 1697 1805 ,
1712 1772 1744 1798 ut
1758 1770 1833 1799 libe-

1053 1824 1152 1844 remur
1170 1816 1207 1844 de
1236 1816 1374 1844 manibus
1399 1817 1588 1845 inimicorum
1620 1820 1800 1847 nostrorum.
1818 1829 1831 1845 ι

1056 1864 1142 1897 Quod
1157 1866 1185 1891 et
1199 1864 1308 1892 sactum
1324 1867 1376 1891 est.
1391 1866 1399 1892 Ι
1416 1865 1521 1899 Maeli„
1537 1873 1578 1897 rx,
1596 1866 1640 1899 46,
1656 1865 1699 1893 49.

1090 1912 1128 1938 De
1147 1911 1224 1938 Juda
1246 1910 1412 1938 Machabaeo
1428 1911 1497 1938 satis
1520 1911 1651 1939 notabile
1675 1914 1733 1946 est,
1751 1912 1834 1948 quod

1055 1965 1123 1985 cum
1143 1957 1247 1985 totiens
1261 1958 1454 1993 pugnaverit,
1471 1961 1498 1986 et
1513 1961 1555 1986 tot
1577 1958 1738 1994 probitates
1758 1959 1834 1988 sece-

1055 2005 1106 2039 rit,
1121 2004 1374 2040 quandocumque
1389 2007 1574 2040 pugnaturus
1589 2006 1704 2040 oravit,
1718 2008 1744 2033 et
1758 2006 1835 2034 divi-

1055 2059 1128 2079 num
1143 2051 1291 2079 invocavit
1306 2051 1449 2079 auxilium
1460 2072 1468 2085 ,
1484 2060 1602 2087 semper
1617 2052 1694 2080 vicit.
1712 2054 1743 2081 ln
1759 2052 1834 2081 duo-

1056 2098 1112 2126 bus
1127 2101 1225 2126 autem
1240 2099 1396 2134 praeeipuis
1408 2098 1495 2126 bellis
1512 2107 1612 2127 orasse
1631 2107 1693 2127 non
1708 2099 1833 2135 legitur:

1056 2153 1150 2172 unum
1178 2145 1231 2173 fuit
1261 2148 1363 2173 contra
1391 2145 1568 2173 Antiochum
1598 2147 1776 2182 Eupatorem
1788 2167 1796 2181 ,
1826 2147 1836 2176 Ι

1056 2193 1159 2226 Maeli„
1170 2199 1220 2227 vn,
1232 2192 1396 2219 secundum
1411 2195 1513 2219 contra
1527 2192 1702 2221 Bacchidem
1717 2195 1744 2221 et
1758 2193 1835 2221 Alci·-

1057 2247 1159 2274 mum;
1182 2242 1209 2267 et
1223 2241 1292 2267 tunc
1307 2239 1369 2275 ipse
1390 2239 1421 2266 in
1443 2239 1546 2275 praelio
1568 2240 1690 2276 cecidit,
1705 2243 1734 2269 et
1748 2240 1835 2269 ceteri

1056 2285 1205 2322 fugerunt,
1219 2287 1227 2314 l
1243 2286 1428 2320 Machab.,1x.

1232 2379 1400 2414 CAPUT
1433 2379 1658 2415 LXXXIII.

1304 2450 1342 2477 De
1353 2450 1592 2485 pusillanimitate.

1095 2521 1167 2547 Cum
1183 2517 1324 2546 dixissent
1346 2518 1448 2553 Angeli
1472 2518 1511 2546 ad
1532 2518 1623 2547 Loth:
1648 2526 1663 2544 (ι
1686 2519 1716 2546 ιιι
1736 2521 1837 2547 monte

1059 2566 1176 2595 salvum
1191 2568 1217 2592 te
1231 2565 1277 2593 sac
1286 2584 1295 2599 ,
1315 2575 1328 2590 »
1345 2565 1499 2601 respondit
1517 2565 1587 2593 ille:
1607 2574 1621 2591 α
1637 2566 1700 2594 Νοιι
1713 2573 1838 2601 possum

1091 2630 1124 2659 (a)
1141 2629 1204 2652 Coet.
1219 2628 1281 2652 edit.
1300 2628 1495 2659 quinquaginta.
1507 2641 1538 2646 —
1555 2627 1586 2658 (b)
1605 2627 1676 2652 Edit.
1698 2628 1775 2653 Vatt'c.
1789 2630 1838 2653 tra-

1061 2665 1122 2689 didit
1137 2666 1162 2689 iu
1175 2670 1253 2688 manu
1270 2663 1297 2693 s.‚
1311 2666 1336 2688 et
1350 2664 1473 2688 confudit.
1491 2676 1519 2681 —
1535 2664 1566 2694 (c)
1585 2665 1646 2688 Coee.
1668 2665 1727 2689 mitt.
1745 2665 1802 2689 nisi.
