2004 3037
555 429 835 484 BIBLIA
894 425 1383 490 PAUPERUM¹

791 742 1140 782 ARGUMENTUM

844 833 897 869 (Em
911 834 976 862 edit.
992 834 1096 870 Vatic.)

212 913 384 948 Tractatns
407 915 466 948 iste
491 919 583 950 extra
608 920 714 950 tomos
734 916 979 962 Opusculorum
996 918 1030 953 S.
1053 919 1296 956 Bonavonturae
1321 923 1429 957 editus
1454 926 1660 969 vagabatur:
1684 928 1777 973 cnjus

171 983 278 1005 unum
301 975 429 1006 tantum
456 974 624 1018 exemplar
652 975 788 1020 reperiri
810 977 938 1021 potuit3
966 982 1060 1011 vetus
1080 978 1165 1012 illud
1194 980 1347 1024 quidem,
1365 986 1402 1015 ut
1428 994 1467 1016 ex
1493 988 1646 1029 typorum
1667 986 1773 1021 forma

165 1030 341 1074 apparuit,
358 1031 444 1076 quod
462 1031 497 1064 in
512 1031 675 1077 principio
692 1033 737 1066 sic
755 1038 802 1067 est
823 1034 1018 1080 inscriptum
1039 1048 1046 1069 :
1064 1049 1080 1068 «
1098 1037 1216 1082 Incipit
1230 1039 1425 1083 praeclarum
1440 1053 1542 1086 opus,
1559 1044 1648 1088 quod
1664 1044 1774 1079 Biblia
1822 1065 1831 1070 -

170 1098 354 1132 pauperum
371 1089 570 1133 appellatur,
589 1091 729 1135 perutile
744 1093 900 1126 omnibus
915 1094 1196 1139 praedicatoribus.
1217 1109 1233 1128 »
1245 1097 1283 1130 In
1299 1097 1365 1131 fine
1381 1110 1458 1133 vero
1473 1100 1540 1134 haec
1557 1106 1635 1135 suut
1650 1103 1749 1137 verba
1763 1117 1770 1137 ε

175 1157 190 1175 ‹<
215 1144 407 1190 Expliciunt
431 1148 583 1192 exempla
606 1160 706 1183 sacra}
731 1149 909 1196 Scripturae
932 1152 1082 1186 ordinata
1105 1154 1286 1188 secundum
1311 1156 1544 1201 alphabetum,
1569 1165 1605 1193 ut
1627 1162 1771 1205 possint,

167 1214 240 1248 quae
256 1208 333 1236 suxit
348 1205 527 1238 necessaria
545 1206 579 1239 in
597 1208 743 1241 materiis
764 1220 954 1243 sermonum
971 1215 1002 1244 et
1019 1212 1290 1256 praedicationum
1315 1215 1444 1249 facilius
1464 1228 1482 1250 a
1506 1218 1774 1262 praedicatoribus

171 1260 315 1294 inveniri
329 1288 337 1304 ‚
354 1262 480 1296 editum
497 1274 516 1297 a
531 1269 642 1299 sancto
658 1266 730 1300 viro
745 1266 981 1303 Bonaventura
995 1268 1128 1303 Ordinis
1142 1271 1324 1306 Minorum.
1341 1286 1358 1305 i)
1373 1274 1506 1308 Constat
1519 1275 1622 1319 igitur
1636 1289 1677 1310 ex
1692 1290 1774 1323 pra:-

169 1318 226 1352 fati
241 1320 438 1365 exemplaris
454 1321 548 1355 initio
566 1327 596 1356 et
614 1323 680 1357 fine
696 1324 867 1371 inscriptio
883 1328 1006 1372 operis,
1023 1332 1055 1360 et
1076 1328 1146 1373 ejus
1170 1330 1306 1364 Auctor.
1323 1331 1364 1364 Et
1378 1332 1405 1365 si
1429 1334 1623 1378 conjecturae
1645 1337 1773 1382 aliquid

169 1376 381 1411 tribuendum
414 1383 461 1412 est
481 1406 488 1422 ,
511 1380 645 1414 videtur
666 1383 869 1417 Trithemius
893 1384 926 1418 in
955 1386 1111 1430 Catalogo
1135 1387 1340 1433 Scriptorum
1365 1391 1665 1427 Ecclesiasticorum
1687 1396 1774 1429 inter

168 1445 266 1478 opera
283 1435 317 1470 S.
334 1436 574 1473 Bonaventurae
591 1440 689 1473 etiam
707 1441 767 1475 hoc
782 1454 1019 1477 connumerare
1034 1470 1043 1487 ,
1059 1445 1141 1478 dum
1163 1445 1213 1479 illi
1238 1447 1392 1482 adscribit
1416 1452 1649 1496 compendium
1668 1454 1772 1498 quod-

167 1492 241 1525 dam
259 1492 504 1539 Scripturarum
525 1511 532 1531 :
549 1509 625 1531 nam
643 1499 678 1532 in
699 1499 759 1532 hoc
779 1504 915 1534 tractatu
940 1502 1065 1536 Auctor
1084 1503 1169 1536 nihil
1193 1505 1283 1538 aliud
1302 1518 1398 1549 agere
1422 1508 1564 1551 videtur,
1585 1523 1686 1555 quam
1701 1512 1773 1546 loca

168 1552 320 1596 quaedam
337 1555 528 1588 communia
551 1557 768 1600 constituere,
785 1559 907 1604 quibus
931 1561 1073 1605 applicat
1094 1564 1285 1596 summatim
1310 1564 1487 1610 Scripturae
1511 1579 1608 1602 sacrae
1632 1572 1774 1604 auctori-

167 1613 246 1642 tates
261 1610 302 1643 ad
316 1612 579 1647 commoditatem
600 1615 870 1661 praedicatorum,
889 1622 926 1651 ut
940 1630 980 1651 ex
1001 1620 1191 1664 praefatione
1206 1622 1360 1656 Auctoris
1380 1624 1474 1658 facile
1494 1631 1640 1670 constat,
1658 1628 1692 1661 in
1706 1641 1773 1674 qua

166 1668 348 1712 perspicere
374 1669 449 1703 licet
476 1670 576 1716 hujus
599 1671 755 1718 Opusculi
785 1681 1032 1719 argumentum.
1062 1679 1104 1712 Et
1137 1679 1220 1713 sicut
1244 1682 1369 1715 Auctor
1394 1683 1429 1716 iu
1460 1684 1546 1718 libro
1570 1686 1765 1730 Plcaretroe,

164 1726 372 1760 auctoritates
400 1733 587 1763 sanctorum
603 1731 740 1765 Patrum
764 1733 804 1766 ad
832 1734 903 1768 loca
931 1737 1123 1771 communia
1137 1738 1284 1782 redegit;
1301 1740 1347 1774 ita
1364 1741 1398 1775 in
1415 1742 1475 1776 hoc
1491 1742 1658 1788 Opusculo
1673 1758 1770 1781 sacrae

164 1782 342 1829 Scripturae
364 1788 526 1833 exempla.
545 1788 655 1829 Quare
680 1792 845 1836 postulare
869 1793 1046 1828 videbatur
1068 1796 1165 1838 ordo,
1183 1802 1220 1830 ut
1241 1803 1395 1832 tractatus
1420 1800 1479 1834 iste
1505 1813 1581 1835 cum
1607 1803 1772 1840 Pharetra

164 1842 377 1877 collocaretur
393 1857 400 1887 3
418 1845 473 1878 sed
488 1847 568 1891 quia
582 1847 617 1881 in
633 1849 773 1892 gratiam
788 1850 1034 1895 Religiosorum
1056 1853 1107 1887 sui
1130 1854 1262 1889 Ordinis
1282 1857 1366 1890 illud
1392 1858 1520 1892 videtur
1538 1860 1664 1895 Auctor
1682 1875 1771 1897 com-

165 1900 309 1944 posuisse
323 1927 331 1943 ,
348 1906 386 1935 ut
401 1903 517 1936 titulus
531 1904 600 1949 ipse
615 1917 680 1950 prae
701 1919 733 1940 se
752 1908 833 1952 fert,
851 1909 924 1944 ideo
948 1911 982 1944 in
1004 1912 1063 1945 hac
1079 1917 1169 1957 parte
1182 1913 1191 1929 ²
1211 1914 1337 1949 editum
1355 1916 1438 1959 fuit,
1455 1918 1536 1963 quia
1550 1931 1587 1953 ea
1603 1919 1771 1966 Opuscula

168 1957 314 1992 continet
325 1985 334 2002 ,
351 1971 425 2005 quae
440 1961 480 1994 ad
494 1961 679 2006 Religiosos
694 1966 857 2011 praecipue
871 1968 923 2001 sui
939 1968 1074 2003 Ordinis
1088 1975 1244 2015 spectant.

902 2087 1029 2094 .—

812 2214 1120 2262 PRAEFATIO

196 2319 286 2346 Tanta
313 2319 407 2356 pollet
433 2321 604 2351 excellentia
632 2323 851 2359 praedicationis
873 2325 937 2353 offi-

162 2365 240 2392 cium
251 2387 261 2400 ,
290 2367 373 2402 quod
400 2367 532 2396 Salvator
561 2371 661 2398 noster
690 2371 830 2400 Dominus
857 2374 938 2400 Jesus

162 2411 289 2440 Christus
301 2421 362 2440 non
373 2414 564 2443 confunditur
578 2424 707 2445 asserere
723 2426 753 2445 se
768 2418 855 2447 fuisse
868 2419 938 2446 mis-

162 2465 226 2485 sum
237 2459 276 2486 ad
284 2459 314 2487 id
323 2460 471 2489 salubrius
479 2463 687 2492 exercendum.
701 2465 876 2493 Praedicator
886 2465 939 2501 igi-

163 2505 209 2531 tur
216 2509 367 2542 assumpto
382 2510 467 2536 tantae
482 2508 632 2543 dignitatis
643 2519 742 2547 opere,
755 2512 821 2540 totis
836 2512 939 2541 studiis

162 2549 299 2579 laborare
312 2556 444 2589 conetur,
460 2556 492 2582 ut
506 2555 583 2583 illud
598 2556 672 2585 sicut
685 2560 802 2593 oportet
812 2561 839 2586 et
854 2567 940 2594 expe·

163 2595 216 2632 dit,
228 2601 398 2635 exequatur.
412 2601 498 2634 Quod
509 2602 542 2638 (u)
558 2603 689 2639 profecto
703 2604 767 2633 fieri
783 2605 901 2642 poterit,
915 2605 939 2633 si

196 2711 203 2727 ¹
224 2709 265 2740 Cf.
286 2709 353 2735 Edit.
374 2710 465 2742 vatic„
486 2718 527 2736 an.
550 2714 618 2743 1596,
641 2715 702 2740 tom.
721 2716 777 2747 th,
798 2723 857 2748 pag.
877 2717 940 2748 4685

164 2745 225 2771 edit.
240 2746 317 2776 Ven.,
332 2752 374 2770 an.
393 2747 461 2778 1745,
476 2749 539 2772 tom.
555 2749 597 2780 tx,
613 2756 671 2782 pag.
688 2752 742 2776 244.
764 2765 793 2770 —
805 2752 813 2767 ²
828 2753 864 2776 lta
881 2752 941 2777 Edi-

992 2326 1138 2356 honorem
1159 2329 1207 2357 Dei
1228 2332 1255 2358 et
1280 2331 1435 2362 utilitatem
1455 2335 1583 2370 proximi
1605 2337 1713 2366 directe
1733 2339 1775 2366 in-

994 2373 1097 2402 tendat
1110 2374 1153 2403 ibi
1172 2383 1321 2413 quaerere,
1340 2387 1402 2408 non
1420 2382 1574 2411 modicum
1596 2385 1787 2426 temporale„

994 2420 1041 2449 vel
1054 2429 1108 2458 per
1127 2422 1248 2452 inanem
1262 2425 1389 2461 gloriam
1409 2429 1529 2459 subtilia
1550 2433 1662 2468 magiS,
1683 2441 1775 2469 quam

995 2468 1097 2503 utilia,
1123 2470 1268 2500 curiosius
1296 2475 1500 2512 exquirendo,
1528 2486 1561 2505 ac
1587 2480 1775 2507 sermonibus

994 2513 1138 2550 imperitis
1161 2519 1319 2547 sententias
1344 2520 1539 2557 involvendo,
1559 2524 1667 2552 sciolus
1685 2533 1776 2561 appa-

995 2600 1064 2623 tores
1080 2601 1205 2633 Romaui;
1222 2610 1269 2627 nos
1285 2611 1346 2629 vero
1360 2608 1521 2639 opusculum,
1537 2609 1567 2633 de
1580 2617 1629 2640 quo
1645 2611 1737 2641 agitur,
1749 2611 1775 2636 in

996 2635 1153 2665 postliminio
1169 2638 1383 2672 theologicorum,
1399 2646 1424 2666 et
1438 2644 1463 2667 in
1480 2644 1565 2669 limine
1581 2646 1775 2678 hagiographo-

995 2674 1206 2711 rum‚-tanquam
1229 2676 1343 2701 medium
1365 2678 1431 2703 inter
1454 2682 1574 2712 unaque,
1595 2682 1774 2708 collocandum

997 2713 1151 2733 censuimus.

1030 2754 1064 2786 (a)
1078 2755 1139 2780 Coet.
1152 2757 1210 2782 edit.
1225 2759 1297 2788 Quia.
