2004 3037
803 174 931 209 CAPUT
954 176 1114 209 LXXXVl.

186 243 327 278 Quamvis
340 243 416 272 Joab
430 242 518 273 fuerit
531 243 616 273 miles
628 243 755 282 probus,
769 245 797 272 et
807 243 932 273 domino

149 298 204 319 suo
218 290 308 319 valde
321 290 430 327 fidelis,
441 291 514 328 quia
525 285 626 320 tamen
637 291 748 320 occidit
761 290 839 319 duos
851 291 933 320 viros

148 337 328 374 proditiose,
348 345 454 366 omnes
471 338 536 374 eJus
554 338 655 374 gratiae
673 339 742 366 sunt
758 345 815 375 pro
837 337 932 367 nihilo

149 386 346 421 computatae5
366 384 447 413 unde
470 385 539 414 fecit
561 393 632 414 eum
654 384 751 414 occidi
772 385 930 421 Salomon,

148 430 216 460 licet
229 432 341 460 teneret
354 439 450 460 cornu
462 432 575 468 altaris,
589 433 621 461 111
638 434 715 468 Req„
732 439 764 461 11.

184 480 362 508 procurante
378 479 471 516 impia
484 479 612 515 ⁸lezabel,
627 479 745 508 Naboth
758 479 813 508 fuit
828 480 932 508 crude-

148 527 214 556 liter
227 527 388 564 lapidatus.
403 529 437 556 111
452 530 530 564 Req„
546 536 607 557 xxx.

183 576 251 604 Joas
269 583 321 604 rex
335 575 411 603 Juda
421 575 694 611 jussitsszachariam
709 574 805 603 filium
819 575 931 604 Joiadae

147 622 309 651 sacerdotis
324 630 341 650 a
356 622 470 658 populo
485 622 631 658 lapidari,
647 630 716 650 cum
730 623 831 650 tamen
846 625 930 659 pater

146 668 227 697 illius
240 668 415 698 restituisset
433 669 460 697 ei
477 677 622 705 regnum,
642 671 670 698 et
688 669 833 698 Athaliam
855 669 931 698 occi-

147 715 247 744 disset.
263 717 283 744 11
300 717 410 752 Ρα1α1.,
425 723 495 745 xxv.

183 764 245 791 Duo
261 771 347 791 senes
362 763 545 800 presbyteri,
565 763 617 800 qni
640 765 768 792 mortem
789 765 930 792 Susannee

144 809 326 846 nequissime
342 810 524 846 cogitabant,
538 811 666 839 convicii
678 819 733 848 per
746 811 898 839 Danielem
911 820 929 840 a

146 857 260 894 populo
274 859 343 884 sunt
357 857 457 885 occisi.
473 860 543 885 Dan.
549 879 558 893 ,
575 866 638 887 xui.

181 904 294 933 Occidit
321 905 463 941 Tryphon
487 906 661 941 Jonatham,
691 907 720 933 et
748 905 825 934 duos
850 905 928 934 filios

144 950 224 987 ejus,
240 959 308 979 cum
332 953 429 979 tamen
450 952 610 988 recepisset
629 960 647 980 a
669 953 788 980 Simone
809 955 928 981 centum

142 998 254 1026 talenta
268 999 382 1034 argenti
396 1007 452 1035 pro
465 999 642 1027 liberatione
655 999 797 1035 Jonathae,
811 1001 840 1028 et
851 999 927 1027 duos

143 1045 207 1081 ejus
222 1045 301 1074 filios
313 1054 370 1082 pro
385 1045 555 1082 obsidibus,
570 1047 580 1074 1
594 1047 731 1082 Machab„
748 1055 811 1075 xiii.

177 1092 354 1121 Ptolemaeus
375 1092 455 1120 filius
477 1093 576 1121 Abobi
599 1093 668 1121 fecit
692 1094 865 1122 convivium
886 1094 928 1122 Si-

142 1139 226 1168 moni
248 1148 366 1168 summo
388 1140 550 1176 sacerdoti,
572 1142 600 1168 et
618 1141 739 1169 duobus
758 1141 827 1168 filiis
847 1141 925 1177 ejus,-

142 1187 171 1215 et
186 1195 255 1215 cum
269 1187 407 1216 inebriati
423 1188 534 1223 essent,
548 1187 713 1224 proditorie
734 1188 842 1216 occidit
863 1196 924 1224 eos,

142 1235 152 1262 1
165 1234 300 1269 Machab„
315 1241 374 1262 xvi.

356 1320 501 1354 CAPUT
525 1320 710 1356 LXXXVI.

283 1400 322 1427 De
340 1399 479 1435 strayz‘bus
499 1399 637 1427 hominum
657 1400 779 1428 diversis.

177 1473 327 1501 Terribilis
353 1473 513 1502 hominum
541 1475 570 1501 et
596 1474 725 1502 aliorum
748 1474 926 1503 animalium

140 1521 252 1556 strages
265 1519 330 1556 fuit,
346 1520 470 1557 quando
485 1523 620 1557 tempore
636 1523 696 1550 Noe
713 1530 818 1550 omnes
829 1521 926 1550 homi-

140 1574 204 1601 neS‚
219 1570 325 1603 praeter
339 1569 418 1602 octo,
433 1568 585 1604 perierunt
600 1568 727 1603 diluvio,
744 1569 821 1603 Gen„
837 1577 886 1598 vn.

177 1614 219 1642 llli
242 1617 371 1651 quatuor
387 1623 492 1651 reges,
509 1616 561 1652 qui
586 1616 815 1644 debellaverunt
837 1616 924 1652 quin-

141 1668 200 1698 que
225 1669 327 1697 reges,
352 1670 494 1698 magnam
521 1663 634 1690 caedem
659 1663 818 1690 hominum
845 1663 924 1691 fece-

139 1711 217 1744 runt,
231 1709 380 1737 veniendo
395 1718 490 1746 usque
504 1710 586 1745 illuc,
599 1711 627 1738 et
641 1710 807 1746 pugnando
821 1712 924 1738 contra

139 1755 224 1792 illos,
247 1756 315 1785 licet
340 1765 447 1785 eorum
468 1765 611 1785 numerus
635 1765 698 1785 non
724 1757 761 1785 sit
787 1757 922 1793 scriptus.

141 1803 220 1838 Gen„
235 1812 297 1831 xiv.

175 1852 252 1884 Quot
265 1850 402 1878 homines
422 1850 574 1886 perierunt
599 1851 630 1878 in
645 1852 772 1887 AEgypto
797 1851 924 1880 diversis

139 1897 253 1933 plagis,
279 1899 307 1924 et
329 1897 477 1925 submersi
502 1897 621 1925 fuerunt
646 1898 676 1925 in
700 1899 776 1926 mari
801 1899 924 1927 Rubro?

140 1944 286 1972 Numerus
307 1952 361 1979 per
375 1944 556 1980 scripturam
577 1952 639 1972 non
659 1945 757 1980 potest
771 1945 854 1980 sciri,
870 1946 923 1973 sed

140 1990 290 2020 maximus
306 1990 394 2019 debet
409 1991 570 2018 existimari
587 1991 617 2018 in
633 1991 670 2027 (u)
684 1992 788 2019 Emodo.

177 2040 216 2066 De
231 2037 376 2066 sexcentis
391 2037 526 2066 millibus
546 2038 705 2066 hominum
721 2038 902 2066 bellatorum
913 2060 923 2074 ,

141 2093 160 2114 a
173 2084 279 2120 viginti
299 2084 385 2113 annis
409 2086 437 2112 et
452 2093 561 2121 supra,
585 2084 638 2121 qui
662 2086 810 2113 numerati
834 2087 921 2121 sunt,

141 2133 237 2167 Num„
248 2141 275 2166 1,
289 2132 389 2160 nullus
403 2132 523 2160 intravit
537 2132 567 2160 in
582 2134 691 2160 terram
705 2132 922 2169 promissionis,

142 2179 271 2216 exceptis
285 2179 374 2207 Caleb
395 2180 423 2207 et
436 2180 524 2207 Josue
533 2189 541 2215 ς
559 2179 612 2207 58(1
632 2187 736 2207 01111185
751 2179 924 2208 interierunt

141 2226 231 2255 variis
246 2226 464 2254 calamitatibus
479 2226 510 2254 in
525 2226 651 2254 deserto.

177 2273 336 2302 Maximam
355 2273 467 2301 caedem
490 2272 623 2301 fecerunt
646 2273 699 2301 filii
724 2273 826 2308 lsrael,
845 2281 922 2309 prce-

141 2323 227 2357 cepto
242 2320 353 2356 Moysi,
371 2320 408 2348 de
423 2320 588 2348 Madianitis
602 2329 609 2348 :
626 2320 710 2356 quod
725 2328 777 2356 per
787 2320 923 2356 proedam

141 2375 234 2404 quam
256 2369 420 2404 rapuerunt
443 2369 540 2403 potest
563 2367 766 2403 deprehendi,
791 2367 862 2403 quia
876 2367 922 2395 vi-

141 2415 214 2450 ginti
230 2414 291 2443 duo
306 2414 403 2442 miHIa
416 2413 567 2449 virginum
584 2417 651 2443 sunt
664 2415 800 2449 inventa,
819 2423 923 2442 omnes

141 2462 240 2490 autem
266 2461 407 2490 mulieres
431 2463 587 2497 corruptae,
604 2463 632 2489 et
656 2461 781 2490 masculi
805 2461 923 2491 fuerunt

138 2508 277 2543 jugulati.
293 2509 389 2543 Num,
403 2516 485 2536 xxxi.

176 2556 321 2591 Tempore
340 2556 426 2584 Josue
446 2555 477 2582 in
495 2554 631 2590 ingressu
651 2556 735 2583 terrae
749 2555 923 2592 promissio-

141 2601 204 2635 1115,
221 2603 282 2630 tam
301 2601 331 2630 in
344 2601 531 2637 ,civitatibuffi
548 2610 640 2638 quam
662 2602 693 2630 in
714 2601 845 2638 campis,
868 2601 923 2631 fuit

173 2667 204 2697 (α)
221 2666 278 2698 lay.
294 2672 337 2690 ex.

1714 188 1770 220 59¹

990 245 1071 281 apud
1098 245 1236 276 homines
1261 248 1394 279 infinitus
1423 252 1591 281 occisorum
1618 261 1772 284 numerus.

1026 293 1223 330 Temporibus
1251 295 1340 325 etiam
1369 298 1514 328 Debboroe
1533 321 1542 336 ‚
1571 300 1718 330 Gedeonis
1746 305 1775 332 et

988 339 1091 375 Iephte
1105 362 1113 375 ,
1133 341 1272 377 judicum
1294 344 1398 380 lsrael,
1420 345 1539 376 fuerunt
1558 348 1645 377 multi
1660 349 1772 386 occisi,

988 387 1127 422 quamvis
1155 390 1251 418 certus
1277 398 1422 421 numerus
1457 401 1563 423 eorum
1591 403 1652 425 non
1679 396 1773 433 possit

987 433 1104 463 haberi.

1023 482 1183 512 Occasione
1198 485 1300 513 uxoris
1315 487 1437 524 Levitae,
1449 487 1570 518 fuerunt
1585 490 1674 519 occisi
1688 499 1772 521 sexa—

988 528 1068 564 ginta
1077 529 1210 567 quinque
1222 532 1316 561 millia
1326 533 1484 564 hominum
1496 536 1688 574 bellatorum,
1699 547 1772 575 prae·

986 577 1030 603 ter
1042 576 1182 606 mulieres
1197 580 1225 606 et
1238 581 1392 616 1811111105,
1409 583 1462 618 qui
1477 591 1582 612 omnes
1597 585 1626 613 in
1639 585 1673 621 (a)
1692 586 1772 615 tribu

985 623 1138 658 Benjamin
1152 626 1313 661 perierunt.
1330 629 1435 664 Judm„
1448 638 1498 658 xx.

1020 671 1052 698 ln
1074 670 1180 699 diebus
1202 673 1278 708 Heli,
1302 675 1426 710 quando
1449 678 1535 713 capta
1555 677 1610 706 fuit
1631 686 1700 708 arca
1715 681 1770 709 Do-

984 716 1073 752 mini,
1090 717 1260 747 ceciderunt
1274 720 1311 748 de
1327 722 1416 750 lsrael
1437 723 1558 759 triginta
1577 725 1672 754 millia
1686 727 1771 763 pedi—

984 765 1047 791 tum
1061 768 1275 800 pugnatorum.
1293 769 1301 796 1
1318 768 1394 804 Req„
1410 776 1450 797 1v.

1019 811 1103 845 Saul,
1120 812 1172 848 qui
1193 813 1335 842 Amalech
1357 816 1486 852 delevit,
1501 817 1648 854 plurimos
1663 819 1706 848 ibi
1722 828 1770 848 oc—

983 858 1064 886 cidit.
1081 860 1091 887 1
1106 860 1185 895 Ray„
1209 869 1269 889 xiv.
1296 863 1327 890 Et
1350 865 1470 899 postea,
1486 865 1638 894 interfecto
1654 867 1770 896 Goliath

983 905 1166 942 Philisthaeo,
1181 908 1266 936 multi
1290 908 1410 938 fuerunt
1424 911 1582 941 Philisthaei
1605 913 1768 951 interfecti,

983 953 992 980 l
1009 953 1084 988 Rea„
1099 962 1172 982 xvn.
1198 956 1229 982 ln
1252 959 1347 985 morte
1373 960 1473 986 autem
1493 960 1577 995 Saul,
1594 962 1623 988 et
1637 961 1769 990 filiorum

983 999 1060 1035 ejus,
1083 1001 1168 1029 mulii
1194 1002 1231 1030 de
1257 1004 1344 1032 lsrael
1370 1006 1667 1044 cecideruntlltey„
1684 1017 1766 1038 xxxr.

1019 1048 1112 1075 David
1122 1048 1159 1076 de
1170 1050 1260 1085 Syris,
1270 1053 1298 1078 ct
1307 1052 1343 1079 de
1358 1052 1426 1080 filiis
1434 1054 1533 1089 Moab,
1544 1055 1616 1083 etde
1629 1058 1769 1092 Ammon,

982 1097 1011 1122 et
1026 1095 1062 1123 de
1075 1096 1246 1125 Philisthaeis
1259 1100 1435 1135 sanguinem
1451 1102 1577 1131 multum
1594 1103 1680 1140 fudit,
1694 1105 1769 1134 sicut

981 1145 1060 1178 patet
1075 1143 1106 1171 in
1124 1144 1155 1180 (α)
1174 1144 1298 1174 diversis
1312 1146 1386 1175 locis
1401 1149 1521 1177 secundi
1536 1150 1605 1178 libri
1616 1152 1725 1187 Regum.

1017 1191 1140 1219 Peccato
1157 1192 1293 1221 elationis
1307 1194 1402 1222 David
1418 1195 1448 1223 in
1471 1199 1695 1228 enumeratione
1710 1208 1767 1236 po-

980 1237 1063 1274 puli,
1085 1239 1255 1268 ceciderunt
1277 1243 1465 1278 septuaginta
1493 1244 1588 1274 millia
1614 1245 1768 1283 virorum,

981 1286 1003 1313 lI
1019 1286 1095 1321 Req„
1112 1294 1193 1315 xxm.

1017 1333 1209 1369 Congregatis
1233 1335 1353 1371 triginta
1378 1336 1498 1366 duobus
1522 1339 1662 1376 regibus,
1683 1343 1711 1369 et
1724 1342 1768 1370 ni-

981 1379 1042 1408 mia
1072 1381 1262 1409 multitudine
1290 1386 1495 1419 pugnatorum
1509 1407 1518 1421 ,
1548 1388 1688 1417 Benadad
1715 1397 1768 1418 rex

981 1428 1070 1464 Syriae
1085 1428 1131 1456 bis
1152 1428 1271 1465 fugatus
1291 1430 1346 1458 suit
1361 1432 1400 1459 ab
1414 1433 1515 1461 Achab
1530 1442 1600 1470 rege
1616 1436 1704 1464 lsrael
1715 1457 1724 1470 ,
1740 1439 1768 1465 et

980 1476 1112 1504 secunda
1127 1476 1191 1504 vice
1207 1479 1327 1506 centum
1347 1479 1442 1508 miliia
1464 1480 1599 1516 peditum
1621 1491 1658 1510 ex
1682 1484 1765 1520 parte

981 1523 1134 1559 syriorum
1149 1524 1237 1552 occisi
1253 1524 1381 1554 fuerunt.
1399 1528 1432 1555 lll
1448 1528 1523 1563 Κεφ,
1540 1537 1590 1557 xx.

1016 1570 1091 1598 Abia
1105 1578 1156 1598 rex
1172 1571 1265 1607 luda,
1283 1575 1310 1600 et
1326 1573 1469 1601 exercitus
1488 1575 1568 1610 ejus,
1584 1576 1763 1606 vulnerave-

979 1618 1049 1645 runt
1068 1625 1130 1645 uno
1152 1618 1201 1646 die
1217 1618 1253 1646 de
1271 1620 1401 1648 exercitu
1425 1622 1586 1650 Jerol›oam
1601 1624 1766 1660 quingenta

980 1664 1076 1692 millia
1090 1665 1225 1693 virorum
1240 1665 1362 1694 fortium
1372 1688 1380 1700 ,
1398 1669 1418 1695 ll
1434 1670 1541 1704 Pau-al„
1557 1678 1621 1698 xm.

1016 1714 1073 1740 Asa
1095 1720 1148 1740 rex
1169 1713 1246 1740 Juda
1268 1713 1374 1742 habuit
1397 1714 1428 1742 in
1453 1716 1583 1744 exercitu
1605 1726 1660 1746 suo
1676 1719 1764 1755 quin-

981 1759 1124 1795 quaginta
1144 1762 1212 1788 octo
1239 1761 1355 1797 millia;
1381 1762 1531 1799 AEthiopes
1555 1772 1628 1793 vero
1647 1765 1766 1795 fuerunt

981 1806 1079 1835 decies
1094 1809 1212 1834 centum
1228 1807 1324 1836 millia
1340 1817 1346 1836 :
1363 1810 1391 1837 et
1406 1812 1529 1838 ruerunt
1543 1812 1692 1849 AEthiopes
1713 1822 1763 1841 us·

980 1861 1039 1890 que
1060 1854 1100 1882 ad
1123 1855 1373 1892 internecionem,
1391 1858 1463 1894 quia
1485 1860 1611 1888 Domino
1635 1862 1764 1890 caedente

980 1901 1097 1929 contriti
1113 1904 1192 1935 sunt,
1206 1905 1234 1931 et
1249 1904 1379 1932 exercitu
1395 1904 1474 1933 illius
1488 1907 1652 1942 praeliante.
1668 1910 1690 1937 11
1706 1910 1765 1937 Ρα·

979 1950 1046 1982 rai„
1060 1956 1123 1977 xiv.

1015 1996 1077 2023 Rex
1101 1996 1189 2024 Israel
1211 1996 1341 2033 Phacee,
1367 1998 1446 2027 filius
1470 2001 1629 2037 Romeliae,
1654 2003 1764 2032 occidit

980 2044 1017 2073 de
1032 2045 1108 2073 ,luda
1123 2047 1242 2074 centum
1257 2047 1352 2076 millia
1374 2049 1507 2077 virorum
1531 2050 1712 2081 bellatorum
1734 2054 1764 2082 in

980 2091 1029 2119 die
1056 2100 1134 2128 una,
1159 2101 1195 2121 eo
1226 2094 1310 2130 quod
1339 2094 1567 2132 dereliquissent
1591 2100 1762 2129 Dominum.

979 2139 1001 2167 11
1016 2141 1122 2175 Par-al„
1137 2148 1241 2169 xxvm.

1015 2187 1141 2221 Quando
1157 2187 1345 2217 Salmanasar
1360 2190 1438 2225 cepit
1449 2191 1625 2230 Samariam,
1638 2196 1667 2222 et
1680 2195 1762 2224 tran—

979 2234 1058 2262 stulit
1066 2234 1144 2262 fillos
1152 2235 1241 2263 Israel
1249 2235 1279 2263 in
1294 2237 1440 2273 Assyrios,
1451 2239 1521 2266 item
1530 2241 1653 2276 quando
1664 2243 1763 2271 Nabu-

980 2281 1173 2310 chodonosor
1192 2283 1269 2318 cepit
1292 2283 1490 2320 Hierusalem,
1507 2288 1535 2314 et
1562 2289 1764 2325 captivaverat

978 2336 1080 2364 regem
1094 2329 1181 2363 Juda,
1193 2329 1262 2357 satis
1276 2331 1435 2360 verisimile
1448 2335 1491 2361 est
1503 2334 1614 2363 multos
1626 2335 1763 2365 homines

979 2375 1021 2403 ibi
1044 2376 1209 2411 corruisse,
1234 2376 1303 2405 licet
1326 2386 1469 2407 numerus
1490 2388 1553 2410 non
1567 2382 1604 2411 sit
1618 2386 1724 2412 certus.

1016 2423 1176 2451 Occasione
1205 2424 1328 2460 superbi
1354 2427 1382 2453 et
1409 2427 1538 2455 crudelis
1566 2431 1661 2458 Aman
1673 2451 1683 2465 ,
1710 2432 1763 2468 qui
1798 2439 1801 2441 ’

978 2473 1101 2507 propter
1115 2471 1214 2499 solum
1236 2471 1454 2501 Mardochaeum
1469 2475 1563 2504 voluit
1578 2479 1700 2506 cunctos
1711 2479 1761 2514 ju·

980 2517 1082 2552 gulare
1097 2518 1230 2553 JudaeOS,
1246 2518 1420 2547 occiderunt
1432 2521 1525 2549 Judaei
1551 2522 1580 2550 in
1602 2531 1696 2560 regno
1711 2528 1762 2554 As-

979 2564 1056 2592 sueri
1081 2565 1269 2601 septuaginta
1299 2566 1433 2603 quinque
1461 2568 1557 2597 millia
1581 2570 1761 2607 hominum,

978 2620 1055 2648 quos
1070 2620 1140 2641 suos
1153 2612 1333 2649 reputabant
1347 2613 1495 2649 inimicos,
1511 2616 1601 2652 Esth„
1617 2625 1659 2647 tx.

1013 2659 1087 2688 Misit
1113 2659 1254 2689 Jonatbas
1281 2661 1432 2689 Demetrio
1461 2663 1545 2698 apud
1576 2665 1763 2696 Antiochiam
