<?xml version="1.0" encoding="UTF-8"?>
<!DOCTYPE html PUBLIC "-//W3C//DTD XHTML 1.0 Transitional//EN"
    "http://www.w3.org/TR/xhtml1/DTD/xhtml1-transitional.dtd">
<html xmlns="http://www.w3.org/1999/xhtml" xml:lang="en" lang="en">
 <head>
  <title>
</title>
<meta http-equiv="Content-Type" content="text/html;charset=utf-8" />
  <meta name='ocr-system' content='tesseract 3.04.00' />
  <meta name='ocr-capabilities' content='ocr_page ocr_carea ocr_par ocr_line ocrx_word'/>
</head>
<body>
  <div class='ocr_page' id='page_1' title='image "./operaomniasixtiv08bonauoft_0091.png"; bbox 0 0 2004 3037; ppageno 0'>
   <div class='ocr_carea' id='block_1_1' title="bbox 649 175 1098 210">
    <p class='ocr_par' dir='ltr' id='par_1_1' title="bbox 649 175 1098 210">
     <span class='ocr_line' id='line_1_1' title="bbox 649 175 1098 210; baseline -0.007 0"><span class='ocrx_word' id='word_1_1' title='bbox 649 177 700 210; x_wconf 84' lang='lat' dir='ltr'><strong>DE</strong></span> <span class='ocrx_word' id='word_1_2' title='bbox 723 177 889 209; x_wconf 80' lang='lat' dir='ltr'><strong>NATURA</strong></span> <span class='ocrx_word' id='word_1_3' title='bbox 911 175 987 208; x_wconf 83' lang='lat' dir='ltr'><strong>DEI.</strong></span> <span class='ocrx_word' id='word_1_4' title='bbox 1012 176 1098 207; x_wconf 80' lang='lat' dir='ltr'><strong>CAP.</strong></span> 
     </span>
    </p>
   </div>
   <div class='ocr_carea' id='block_1_2' title="bbox 156 244 935 375">
    <p class='ocr_par' dir='ltr' id='par_1_2' title="bbox 156 244 935 375">
     <span class='ocr_line' id='line_1_2' title="bbox 156 244 934 281; baseline -0.006 -5"><span class='ocrx_word' id='word_1_5' title='bbox 156 247 328 276; x_wconf 79' lang='lat' dir='ltr'><strong>absolutum</strong></span> <span class='ocrx_word' id='word_1_6' title='bbox 342 249 395 275; x_wconf 87' lang='lat' dir='ltr'><strong>est.</strong></span> <span class='ocrx_word' id='word_1_7' title='bbox 411 246 493 276; x_wconf 85' lang='lat' dir='ltr'><strong>Idem</strong></span> <span class='ocrx_word' id='word_1_8' title='bbox 507 245 670 274; x_wconf 83' lang='lat' dir='ltr'>ostenditur</span> <span class='ocrx_word' id='word_1_9' title='bbox 687 252 741 281; x_wconf 84' lang='lat' dir='ltr'><strong>per</strong></span> <span class='ocrx_word' id='word_1_10' title='bbox 763 244 934 280; x_wconf 86' lang='lat' dir='ltr'><strong>exemplum</strong></span> 
     </span>
     <span class='ocr_line' id='line_1_3' title="bbox 156 290 935 330; baseline -0.006 -7"><span class='ocrx_word' id='word_1_11' title='bbox 156 294 187 322; x_wconf 91' lang='lat' dir='ltr'><strong>in</strong></span> <span class='ocrx_word' id='word_1_12' title='bbox 201 296 308 322; x_wconf 81' lang='lat' dir='ltr'><strong>natura</strong></span> <span class='ocrx_word' id='word_1_13' title='bbox 319 303 326 323; x_wconf 93' lang='lat'>:</span> <span class='ocrx_word' id='word_1_14' title='bbox 337 293 418 330; x_wconf 85' lang='lat' dir='ltr'><strong>quia,</strong></span> <span class='ocrx_word' id='word_1_15' title='bbox 429 293 497 321; x_wconf 82' lang='lat' dir='ltr'><strong>lieet</strong></span> <span class='ocrx_word' id='word_1_16' title='bbox 511 291 653 329; x_wconf 83' lang='lat' dir='ltr'><strong>splendor</strong></span> <span class='ocrx_word' id='word_1_17' title='bbox 664 291 700 319; x_wconf 91' lang='lat' dir='ltr'><strong>sit</strong></span> <span class='ocrx_word' id='word_1_18' title='bbox 709 299 727 320; x_wconf 89' lang='lat' dir='ltr'><strong>a</strong></span> <span class='ocrx_word' id='word_1_19' title='bbox 741 290 818 326; x_wconf 90' lang='lat' dir='ltr'><strong>Sole,</strong></span> <span class='ocrx_word' id='word_1_20' title='bbox 834 292 935 319; x_wconf 82' lang='lat' dir='ltr'><strong>tamen</strong></span> 
     </span>
     <span class='ocr_line' id='line_1_4' title="bbox 156 339 831 375; baseline -0.007 -4"><span class='ocrx_word' id='word_1_21' title='bbox 156 343 232 370; x_wconf 82' lang='lat' dir='ltr'><strong>esset</strong></span> <span class='ocrx_word' id='word_1_22' title='bbox 245 342 305 370; x_wconf 91' lang='lat' dir='ltr'><strong>Soli</strong></span> <span class='ocrx_word' id='word_1_23' title='bbox 320 343 491 375; x_wconf 82' lang='lat' dir='ltr'><strong>coaeternus,</strong></span> <span class='ocrx_word' id='word_1_24' title='bbox 507 340 531 368; x_wconf 92' lang='lat' dir='ltr'><strong>si</strong></span> <span class='ocrx_word' id='word_1_25' title='bbox 545 339 594 367; x_wconf 91' lang='lat' dir='ltr'><strong>Sol</strong></span> <span class='ocrx_word' id='word_1_26' title='bbox 609 340 685 367; x_wconf 87' lang='lat' dir='ltr'><strong>esset</strong></span> <span class='ocrx_word' id='word_1_27' title='bbox 697 340 831 367; x_wconf 78' lang='lat' dir='ltr'><strong>aeternus.</strong></span> 
     </span>
    </p>
   </div>
   <div class='ocr_carea' id='block_1_3' title="bbox 397 433 690 467">
    <p class='ocr_par' dir='ltr' id='par_1_3' title="bbox 397 433 690 467">
     <span class='ocr_line' id='line_1_5' title="bbox 397 433 690 467; baseline -0.003 0"><span class='ocrx_word' id='word_1_28' title='bbox 397 433 559 467; x_wconf 92' lang='lat' dir='ltr'>CAPUT</span> <span class='ocrx_word' id='word_1_29' title='bbox 586 433 690 466; x_wconf 91' lang='lat' dir='ltr'><strong>XIII.</strong></span> 
     </span>
    </p>
   </div>
   <div class='ocr_carea' id='block_1_4' title="bbox 183 505 906 541">
    <p class='ocr_par' dir='ltr' id='par_1_4' title="bbox 183 505 906 541">
     <span class='ocr_line' id='line_1_6' title="bbox 183 505 906 541; baseline -0.006 -5"><span class='ocrx_word' id='word_1_30' title='bbox 183 509 255 536; x_wconf 79' lang='lat' dir='ltr'><strong>Inter</strong></span> <span class='ocrx_word' id='word_1_31' title='bbox 273 507 442 538; x_wconf 80' lang='lat' dir='ltr'><strong>Essentiam,</strong></span> <span class='ocrx_word' id='word_1_32' title='bbox 463 507 487 533; x_wconf 86' lang='lat' dir='ltr'><strong>et</strong></span> <span class='ocrx_word' id='word_1_33' title='bbox 506 506 664 539; x_wconf 76' lang='lat' dir='ltr'><em>Personam,</em></span> <span class='ocrx_word' id='word_1_34' title='bbox 686 505 839 541; x_wconf 74' lang='lat' dir='ltr'><strong>differentia</strong></span> <span class='ocrx_word' id='word_1_35' title='bbox 859 507 906 533; x_wconf 83' lang='lat' dir='ltr'><strong>est.</strong></span> 
     </span>
    </p>
   </div>
   <div class='ocr_carea' id='block_1_5' title="bbox 156 574 945 2530">
    <p class='ocr_par' dir='ltr' id='par_1_5' title="bbox 156 574 942 1962">
     <span class='ocr_line' id='line_1_7' title="bbox 192 574 936 613; baseline -0.004 -8"><span class='ocrx_word' id='word_1_36' title='bbox 192 576 279 613; x_wconf 85' lang='lat' dir='ltr'>Apud</span> <span class='ocrx_word' id='word_1_37' title='bbox 294 577 407 604; x_wconf 75' lang='lat' dir='ltr'><strong>Graecos</strong></span> <span class='ocrx_word' id='word_1_38' title='bbox 423 576 551 612; x_wconf 87' lang='lat' dir='ltr'><strong>quatuor</strong></span> <span class='ocrx_word' id='word_1_39' title='bbox 565 576 633 603; x_wconf 88' lang='lat' dir='ltr'><strong>sunt</strong></span> <span class='ocrx_word' id='word_1_40' title='bbox 646 575 810 608; x_wconf 77' lang='lat' dir='ltr'><strong>vocabula,</strong></span> <span class='ocrx_word' id='word_1_41' title='bbox 827 574 936 602; x_wconf 90' lang='lat' dir='ltr'><strong>scilicet</strong></span> 
     </span>
     <span class='ocr_line' id='line_1_8' title="bbox 157 621 936 659; baseline -0.004 -7"><span class='ocrx_word' id='word_1_42' title='bbox 157 624 236 659; x_wconf 80' lang='lat' dir='ltr'><strong>usia,</strong></span> <span class='ocrx_word' id='word_1_43' title='bbox 261 623 386 657; x_wconf 88' lang='lat' dir='ltr'>usiosis,</span> <span class='ocrx_word' id='word_1_44' title='bbox 406 623 592 659; x_wconf 84' lang='lat' dir='ltr'><strong>hypostasis,</strong></span> <span class='ocrx_word' id='word_1_45' title='bbox 613 630 768 658; x_wconf 91' lang='lat' dir='ltr'><strong>prosopon</strong></span> <span class='ocrx_word' id='word_1_46' title='bbox 790 621 848 658; x_wconf 84' lang='lat' dir='ltr'><strong>(a):</strong></span> <span class='ocrx_word' id='word_1_47' title='bbox 874 622 936 649; x_wconf 73' lang='lat' dir='ltr'><strong>haec</strong></span> 
     </span>
     <span class='ocr_line' id='line_1_9' title="bbox 157 668 936 707; baseline -0.004 -8"><span class='ocrx_word' id='word_1_48' title='bbox 157 671 240 707; x_wconf 85' lang='lat' dir='ltr'><strong>apud</strong></span> <span class='ocrx_word' id='word_1_49' title='bbox 259 670 375 698; x_wconf 85' lang='lat' dir='ltr'><strong>Latinos</strong></span> <span class='ocrx_word' id='word_1_50' title='bbox 398 669 590 706; x_wconf 73' lang='lat' dir='ltr'><strong>aequipollent</strong></span> <span class='ocrx_word' id='word_1_51' title='bbox 611 669 672 697; x_wconf 90' lang='lat' dir='ltr'><strong>istis</strong></span> <span class='ocrx_word' id='word_1_52' title='bbox 695 671 833 704; x_wconf 88' lang='lat' dir='ltr'><strong>quatuor,</strong></span> <span class='ocrx_word' id='word_1_53' title='bbox 853 668 936 696; x_wconf 90' lang='lat' dir='ltr'><strong>vide—</strong></span> 
     </span>
     <span class='ocr_line' id='line_1_10' title="bbox 156 715 935 752; baseline -0.004 -5"><span class='ocrx_word' id='word_1_54' title='bbox 156 719 225 747; x_wconf 90' lang='lat' dir='ltr'><strong>licet</strong></span> <span class='ocrx_word' id='word_1_55' title='bbox 239 718 373 752; x_wconf 76' lang='lat' dir='ltr'>essentia,</span> <span class='ocrx_word' id='word_1_56' title='bbox 389 716 567 751; x_wconf 87' lang='lat' dir='ltr'><strong>substantia,</strong></span> <span class='ocrx_word' id='word_1_57' title='bbox 583 715 780 751; x_wconf 79' lang='lat' dir='ltr'><strong>subsistentia,</strong></span> <span class='ocrx_word' id='word_1_58' title='bbox 797 724 935 752; x_wconf 86' lang='lat' dir='ltr'><strong>persona.</strong></span> 
     </span>
     <span class='ocr_line' id='line_1_11' title="bbox 157 762 937 799; baseline -0.004 -6"><span class='ocrx_word' id='word_1_59' title='bbox 157 766 234 793; x_wconf 89' lang='lat' dir='ltr'><strong>lnter</strong></span> <span class='ocrx_word' id='word_1_60' title='bbox 251 765 314 793; x_wconf 84' lang='lat' dir='ltr'><strong>haec</strong></span> <span class='ocrx_word' id='word_1_61' title='bbox 332 764 398 792; x_wconf 84' lang='lat' dir='ltr'><strong>talis</strong></span> <span class='ocrx_word' id='word_1_62' title='bbox 417 765 460 792; x_wconf 89' lang='lat' dir='ltr'><strong>est</strong></span> <span class='ocrx_word' id='word_1_63' title='bbox 479 763 664 791; x_wconf 82' lang='lat' dir='ltr'><strong>differentia:</strong></span> <span class='ocrx_word' id='word_1_64' title='bbox 686 763 757 799; x_wconf 84' lang='lat' dir='ltr'><strong>quia</strong></span> <span class='ocrx_word' id='word_1_65' title='bbox 775 763 855 796; x_wconf 88' lang='lat' dir='ltr'><strong>usia,</strong></span> <span class='ocrx_word' id='word_1_66' title='bbox 875 762 937 790; x_wconf 89' lang='lat' dir='ltr'><strong>sive</strong></span> 
     </span>
     <span class='ocr_line' id='line_1_12' title="bbox 158 809 938 846; baseline -0.005 -6"><span class='ocrx_word' id='word_1_67' title='bbox 158 812 298 846; x_wconf 83' lang='lat' dir='ltr'><strong>essentia,</strong></span> <span class='ocrx_word' id='word_1_68' title='bbox 314 811 384 839; x_wconf 89' lang='lat' dir='ltr'><strong>dicit</strong></span> <span class='ocrx_word' id='word_1_69' title='bbox 402 813 554 844; x_wconf 88' lang='lat' dir='ltr'><strong>naturam,</strong></span> <span class='ocrx_word' id='word_1_70' title='bbox 574 811 606 838; x_wconf 88' lang='lat' dir='ltr'><strong>ut</strong></span> <span class='ocrx_word' id='word_1_71' title='bbox 620 810 803 844; x_wconf 83' lang='lat' dir='ltr'><strong>humanitas3</strong></span> <span class='ocrx_word' id='word_1_72' title='bbox 820 809 938 844; x_wconf 81' lang='lat' dir='ltr'>usiosis,</span> 
     </span>
     <span class='ocr_line' id='line_1_13' title="bbox 158 856 939 893; baseline -0.005 -6"><span class='ocrx_word' id='word_1_73' title='bbox 158 860 219 887; x_wconf 87' lang='lat' dir='ltr'><strong>sive</strong></span> <span class='ocrx_word' id='word_1_74' title='bbox 232 858 403 893; x_wconf 84' lang='lat' dir='ltr'><strong>substantia,</strong></span> <span class='ocrx_word' id='word_1_75' title='bbox 417 858 487 885; x_wconf 89' lang='lat' dir='ltr'><strong>dicit</strong></span> <span class='ocrx_word' id='word_1_76' title='bbox 500 857 616 885; x_wconf 87' lang='lat' dir='ltr'><strong>babens</strong></span> <span class='ocrx_word' id='word_1_77' title='bbox 630 858 777 891; x_wconf 84' lang='lat' dir='ltr'><strong>naturam,</strong></span> <span class='ocrx_word' id='word_1_78' title='bbox 794 857 855 884; x_wconf 88' lang='lat' dir='ltr'><strong>sive</strong></span> <span class='ocrx_word' id='word_1_79' title='bbox 871 856 939 883; x_wconf 85' lang='lat' dir='ltr'><strong>sub-</strong></span> 
     </span>
     <span class='ocr_line' id='line_1_14' title="bbox 159 903 939 940; baseline -0.005 -6"><span class='ocrx_word' id='word_1_80' title='bbox 159 908 238 934; x_wconf 85' lang='lat' dir='ltr'><strong>stans</strong></span> <span class='ocrx_word' id='word_1_81' title='bbox 252 907 378 940; x_wconf 72' lang='lat' dir='ltr'><strong>naturae,</strong></span> <span class='ocrx_word' id='word_1_82' title='bbox 392 906 424 932; x_wconf 87' lang='lat' dir='ltr'><strong>ut</strong></span> <span class='ocrx_word' id='word_1_83' title='bbox 436 905 546 938; x_wconf 81' lang='lat' dir='ltr'><strong>homo;</strong></span> <span class='ocrx_word' id='word_1_84' title='bbox 562 904 731 940; x_wconf 79' lang='lat' dir='ltr'>hypostasis</span> <span class='ocrx_word' id='word_1_85' title='bbox 751 903 822 931; x_wconf 90' lang='lat' dir='ltr'><strong>dicit</strong></span> <span class='ocrx_word' id='word_1_86' title='bbox 837 903 939 930; x_wconf 87' lang='lat' dir='ltr'><strong>distin-</strong></span> 
     </span>
     <span class='ocr_line' id='line_1_15' title="bbox 160 950 940 988; baseline -0.004 -8"><span class='ocrx_word' id='word_1_87' title='bbox 160 952 284 988; x_wconf 86' lang='lat' dir='ltr'><strong>guibile,</strong></span> <span class='ocrx_word' id='word_1_88' title='bbox 293 960 356 979; x_wconf 92' lang='lat' dir='ltr'><strong>non</strong></span> <span class='ocrx_word' id='word_1_89' title='bbox 370 953 468 979; x_wconf 86' lang='lat' dir='ltr'><strong>tamen</strong></span> <span class='ocrx_word' id='word_1_90' title='bbox 480 950 651 983; x_wconf 86' lang='lat' dir='ltr'><strong>distinctum</strong></span> <span class='ocrx_word' id='word_1_91' title='bbox 666 950 861 978; x_wconf 84' lang='lat' dir='ltr'><strong>determinata</strong></span> <span class='ocrx_word' id='word_1_92' title='bbox 870 958 940 986; x_wconf 88' lang='lat' dir='ltr'><strong>pro-</strong></span> 
     </span>
     <span class='ocr_line' id='line_1_16' title="bbox 159 997 938 1036; baseline -0.004 -9"><span class='ocrx_word' id='word_1_93' title='bbox 159 999 296 1036; x_wconf 78' lang='lat' dir='ltr'><strong>prietate,</strong></span> <span class='ocrx_word' id='word_1_94' title='bbox 311 1000 344 1026; x_wconf 92' lang='lat' dir='ltr'><strong>ut</strong></span> <span class='ocrx_word' id='word_1_95' title='bbox 358 998 466 1034; x_wconf 87' lang='lat' dir='ltr'><strong>aliquis</strong></span> <span class='ocrx_word' id='word_1_96' title='bbox 481 997 589 1031; x_wconf 82' lang='lat' dir='ltr'><strong>hom03</strong></span> <span class='ocrx_word' id='word_1_97' title='bbox 609 1004 779 1032; x_wconf 89' lang='lat' dir='ltr'><strong>prosopon,</strong></span> <span class='ocrx_word' id='word_1_98' title='bbox 796 997 857 1024; x_wconf 83' lang='lat' dir='ltr'><strong>sive</strong></span> <span class='ocrx_word' id='word_1_99' title='bbox 873 1005 938 1032; x_wconf 88' lang='lat' dir='ltr'><strong>per-</strong></span> 
     </span>
     <span class='ocr_line' id='line_1_17' title="bbox 159 1043 942 1079; baseline -0.005 -5"><span class='ocrx_word' id='word_1_100' title='bbox 159 1053 248 1079; x_wconf 81' lang='lat' dir='ltr'><strong>sona,</strong></span> <span class='ocrx_word' id='word_1_101' title='bbox 270 1045 340 1072; x_wconf 91' lang='lat' dir='ltr'><strong>dicit</strong></span> <span class='ocrx_word' id='word_1_102' title='bbox 362 1044 533 1072; x_wconf 89' lang='lat' dir='ltr'><strong>distinctum</strong></span> <span class='ocrx_word' id='word_1_103' title='bbox 556 1051 625 1071; x_wconf 87' lang='lat' dir='ltr'><strong>cum</strong></span> <span class='ocrx_word' id='word_1_104' title='bbox 651 1043 845 1071; x_wconf 86' lang='lat' dir='ltr'><strong>determinata</strong></span> <span class='ocrx_word' id='word_1_105' title='bbox 872 1051 942 1078; x_wconf 89' lang='lat' dir='ltr'><strong>pro-</strong></span> 
     </span>
     <span class='ocr_line' id='line_1_18' title="bbox 158 1090 942 1128; baseline -0.005 -7"><span class='ocrx_word' id='word_1_106' title='bbox 158 1092 280 1128; x_wconf 84' lang='lat' dir='ltr'><strong>prietate</strong></span> <span class='ocrx_word' id='word_1_107' title='bbox 297 1091 336 1120; x_wconf 93' lang='lat' dir='ltr'><strong>ad</strong></span> <span class='ocrx_word' id='word_1_108' title='bbox 357 1091 530 1127; x_wconf 79' lang='lat' dir='ltr'><strong>dignitatem</strong></span> <span class='ocrx_word' id='word_1_109' title='bbox 541 1090 718 1126; x_wconf 83' lang='lat' dir='ltr'><strong>pertinente,</strong></span> <span class='ocrx_word' id='word_1_110' title='bbox 733 1092 765 1118; x_wconf 92' lang='lat' dir='ltr'><strong>ut</strong></span> <span class='ocrx_word' id='word_1_111' title='bbox 780 1093 893 1124; x_wconf 77' lang='lat' dir='ltr'><strong>Petrus,</strong></span> <span class='ocrx_word' id='word_1_112' title='bbox 909 1091 942 1117; x_wconf 88' lang='lat' dir='ltr'><strong>ut</strong></span> 
     </span>
     <span class='ocr_line' id='line_1_19' title="bbox 159 1137 940 1174; baseline -0.004 -7"><span class='ocrx_word' id='word_1_113' title='bbox 159 1139 232 1167; x_wconf 87' lang='lat' dir='ltr'><strong>sicut</strong></span> <span class='ocrx_word' id='word_1_114' title='bbox 255 1138 392 1166; x_wconf 85' lang='lat' dir='ltr'><strong>homines</strong></span> <span class='ocrx_word' id='word_1_115' title='bbox 415 1137 609 1174; x_wconf 78' lang='lat' dir='ltr'><strong>particulares</strong></span> <span class='ocrx_word' id='word_1_116' title='bbox 636 1137 764 1165; x_wconf 89' lang='lat' dir='ltr'><strong>distincti</strong></span> <span class='ocrx_word' id='word_1_117' title='bbox 786 1140 853 1165; x_wconf 91' lang='lat' dir='ltr'><strong>sunt</strong></span> <span class='ocrx_word' id='word_1_118' title='bbox 871 1145 940 1173; x_wconf 91' lang='lat' dir='ltr'><strong>pro-</strong></span> 
     </span>
     <span class='ocr_line' id='line_1_20' title="bbox 158 1184 940 1222; baseline -0.003 -9"><span class='ocrx_word' id='word_1_119' title='bbox 158 1185 231 1222; x_wconf 91' lang='lat' dir='ltr'><strong>priis</strong></span> <span class='ocrx_word' id='word_1_120' title='bbox 249 1185 455 1222; x_wconf 85' lang='lat' dir='ltr'><strong>qualitatibus,</strong></span> <span class='ocrx_word' id='word_1_121' title='bbox 470 1184 511 1212; x_wconf 87' lang='lat' dir='ltr'><strong>ita</strong></span> <span class='ocrx_word' id='word_1_122' title='bbox 531 1186 615 1212; x_wconf 83' lang='lat' dir='ltr'><strong>Pater</strong></span> <span class='ocrx_word' id='word_1_123' title='bbox 629 1185 657 1211; x_wconf 89' lang='lat' dir='ltr'><strong>et</strong></span> <span class='ocrx_word' id='word_1_124' title='bbox 671 1184 760 1211; x_wconf 87' lang='lat' dir='ltr'><strong>Filius</strong></span> <span class='ocrx_word' id='word_1_125' title='bbox 776 1186 804 1211; x_wconf 88' lang='lat' dir='ltr'><strong>et</strong></span> <span class='ocrx_word' id='word_1_126' title='bbox 818 1184 940 1220; x_wconf 84' lang='lat' dir='ltr'><strong>Spiritus</strong></span> 
     </span>
     <span class='ocr_line' id='line_1_21' title="bbox 159 1230 940 1268; baseline -0.003 -8"><span class='ocrx_word' id='word_1_127' title='bbox 159 1235 276 1261; x_wconf 86' lang='lat' dir='ltr'><strong>sanctus</strong></span> <span class='ocrx_word' id='word_1_128' title='bbox 289 1231 417 1268; x_wconf 90' lang='lat' dir='ltr'><strong>propriis</strong></span> <span class='ocrx_word' id='word_1_129' title='bbox 437 1231 620 1259; x_wconf 90' lang='lat' dir='ltr'><strong>notionibus.</strong></span> <span class='ocrx_word' id='word_1_130' title='bbox 637 1230 715 1258; x_wconf 85' lang='lat' dir='ltr'><strong>Sicut</strong></span> <span class='ocrx_word' id='word_1_131' title='bbox 736 1233 836 1258; x_wconf 88' lang='lat' dir='ltr'><strong>autem</strong></span> <span class='ocrx_word' id='word_1_132' title='bbox 850 1231 940 1259; x_wconf 85' lang='lat' dir='ltr'><strong>Graeci</strong></span> 
     </span>
     <span class='ocr_line' id='line_1_22' title="bbox 160 1277 938 1313; baseline -0.003 -6"><span class='ocrx_word' id='word_1_133' title='bbox 160 1279 298 1307; x_wconf 74' lang='lat' dir='ltr'><strong>dixerunt</strong></span> <span class='ocrx_word' id='word_1_134' title='bbox 316 1280 445 1313; x_wconf 85' lang='lat' dir='ltr'><strong>Patrem,</strong></span> <span class='ocrx_word' id='word_1_135' title='bbox 469 1280 497 1305; x_wconf 88' lang='lat' dir='ltr'><strong>et</strong></span> <span class='ocrx_word' id='word_1_136' title='bbox 516 1277 636 1311; x_wconf 89' lang='lat' dir='ltr'><strong>Filium,</strong></span> <span class='ocrx_word' id='word_1_137' title='bbox 653 1279 681 1305; x_wconf 89' lang='lat' dir='ltr'><strong>et</strong></span> <span class='ocrx_word' id='word_1_138' title='bbox 701 1277 841 1313; x_wconf 88' lang='lat' dir='ltr'><strong>Spiritum</strong></span> <span class='ocrx_word' id='word_1_139' title='bbox 857 1277 938 1305; x_wconf 75' lang='lat' dir='ltr'><strong>s&#39;anc-</strong></span> 
     </span>
     <span class='ocr_line' id='line_1_23' title="bbox 159 1324 940 1360; baseline -0.003 -6"><span class='ocrx_word' id='word_1_140' title='bbox 159 1327 232 1360; x_wconf 85' lang='lat' dir='ltr'><strong>tum,</strong></span> <span class='ocrx_word' id='word_1_141' title='bbox 249 1325 358 1353; x_wconf 87' lang='lat' dir='ltr'><strong>scilicet</strong></span> <span class='ocrx_word' id='word_1_142' title='bbox 370 1327 427 1352; x_wconf 88' lang='lat' dir='ltr'><strong>tres</strong></span> <span class='ocrx_word' id='word_1_143' title='bbox 441 1325 625 1360; x_wconf 83' lang='lat' dir='ltr'><strong>hypostases,</strong></span> <span class='ocrx_word' id='word_1_144' title='bbox 636 1324 668 1351; x_wconf 89' lang='lat' dir='ltr'><strong>id</strong></span> <span class='ocrx_word' id='word_1_145' title='bbox 680 1326 732 1358; x_wconf 85' lang='lat' dir='ltr'><strong>est,</strong></span> <span class='ocrx_word' id='word_1_146' title='bbox 749 1326 806 1352; x_wconf 87' lang='lat' dir='ltr'><strong>tres</strong></span> <span class='ocrx_word' id='word_1_147' title='bbox 820 1333 867 1352; x_wconf 90' lang='lat' dir='ltr'><strong>res</strong></span> <span class='ocrx_word' id='word_1_148' title='bbox 876 1334 883 1360; x_wconf 86' lang='lat'>;</span> <span class='ocrx_word' id='word_1_149' title='bbox 900 1324 940 1352; x_wconf 89' lang='lat' dir='ltr'><strong>ita</strong></span> 
     </span>
     <span class='ocr_line' id='line_1_24' title="bbox 160 1371 940 1406; baseline -0.001 -6"><span class='ocrx_word' id='word_1_150' title='bbox 160 1374 187 1400; x_wconf 93' lang='lat' dir='ltr'><strong>et</strong></span> <span class='ocrx_word' id='word_1_151' title='bbox 200 1380 255 1400; x_wconf 91' lang='lat' dir='ltr'><strong>nos</strong></span> <span class='ocrx_word' id='word_1_152' title='bbox 271 1372 394 1399; x_wconf 86' lang='lat' dir='ltr'><strong>dicimus</strong></span> <span class='ocrx_word' id='word_1_153' title='bbox 408 1373 466 1399; x_wconf 86' lang='lat' dir='ltr'><strong>tres</strong></span> <span class='ocrx_word' id='word_1_154' title='bbox 481 1371 693 1406; x_wconf 82' lang='lat' dir='ltr'><strong>subsistentias,</strong></span> <span class='ocrx_word' id='word_1_155' title='bbox 710 1371 742 1398; x_wconf 91' lang='lat' dir='ltr'><strong>id</strong></span> <span class='ocrx_word' id='word_1_156' title='bbox 757 1373 809 1405; x_wconf 90' lang='lat' dir='ltr'><strong>est,</strong></span> <span class='ocrx_word' id='word_1_157' title='bbox 825 1373 881 1399; x_wconf 86' lang='lat' dir='ltr'><strong>tres</strong></span> <span class='ocrx_word' id='word_1_158' title='bbox 895 1380 940 1399; x_wconf 90' lang='lat' dir='ltr'><strong>res</strong></span> 
     </span>
     <span class='ocr_line' id='line_1_25' title="bbox 159 1417 940 1454; baseline -0.003 -7"><span class='ocrx_word' id='word_1_159' title='bbox 159 1427 222 1447; x_wconf 89' lang='lat' dir='ltr'><strong>non</strong></span> <span class='ocrx_word' id='word_1_160' title='bbox 241 1419 406 1454; x_wconf 85' lang='lat' dir='ltr'><strong>indigentes</strong></span> <span class='ocrx_word' id='word_1_161' title='bbox 424 1418 483 1445; x_wconf 83' lang='lat' dir='ltr'><strong>alia</strong></span> <span class='ocrx_word' id='word_1_162' title='bbox 504 1426 535 1445; x_wconf 92' lang='lat' dir='ltr'><strong>re</strong></span> <span class='ocrx_word' id='word_1_163' title='bbox 550 1420 582 1445; x_wconf 90' lang='lat' dir='ltr'><strong>ut</strong></span> <span class='ocrx_word' id='word_1_164' title='bbox 597 1418 663 1445; x_wconf 86' lang='lat' dir='ltr'><strong>sint.</strong></span> <span class='ocrx_word' id='word_1_165' title='bbox 680 1417 870 1445; x_wconf 78' lang='lat' dir='ltr'><strong>Considerata</strong></span> <span class='ocrx_word' id='word_1_166' title='bbox 886 1418 940 1453; x_wconf 82' lang='lat' dir='ltr'><strong>igi-</strong></span> 
     </span>
     <span class='ocr_line' id='line_1_26' title="bbox 159 1464 938 1499; baseline -0.003 -6"><span class='ocrx_word' id='word_1_167' title='bbox 159 1469 207 1494; x_wconf 89' lang='lat' dir='ltr'><strong>tur</strong></span> <span class='ocrx_word' id='word_1_168' title='bbox 221 1465 346 1493; x_wconf 84' lang='lat' dir='ltr'><strong>essentia</strong></span> <span class='ocrx_word' id='word_1_169' title='bbox 357 1464 458 1492; x_wconf 86' lang='lat' dir='ltr'><strong>divina</strong></span> <span class='ocrx_word' id='word_1_170' title='bbox 469 1464 499 1491; x_wconf 86' lang='lat' dir='ltr'><strong>in</strong></span> <span class='ocrx_word' id='word_1_171' title='bbox 511 1473 551 1497; x_wconf 86' lang='lat' dir='ltr'><strong>se,</strong></span> <span class='ocrx_word' id='word_1_172' title='bbox 563 1464 686 1491; x_wconf 86' lang='lat' dir='ltr'><strong>omniuo</strong></span> <span class='ocrx_word' id='word_1_173' title='bbox 698 1465 866 1492; x_wconf 86' lang='lat' dir='ltr'><strong>indistincta</strong></span> <span class='ocrx_word' id='word_1_174' title='bbox 881 1467 938 1499; x_wconf 80' lang='lat' dir='ltr'><strong>est3</strong></span> 
     </span>
     <span class='ocr_line' id='line_1_27' title="bbox 159 1511 941 1548; baseline -0.001 -8"><span class='ocrx_word' id='word_1_175' title='bbox 159 1520 287 1548; x_wconf 90' lang='lat' dir='ltr'><strong>persona</strong></span> <span class='ocrx_word' id='word_1_176' title='bbox 302 1519 372 1538; x_wconf 85' lang='lat' dir='ltr'><strong>vero</strong></span> <span class='ocrx_word' id='word_1_177' title='bbox 388 1511 418 1538; x_wconf 88' lang='lat' dir='ltr'><strong>in</strong></span> <span class='ocrx_word' id='word_1_178' title='bbox 438 1519 468 1538; x_wconf 88' lang='lat' dir='ltr'><strong>se</strong></span> <span class='ocrx_word' id='word_1_179' title='bbox 488 1511 623 1538; x_wconf 84' lang='lat' dir='ltr'><strong>distincta</strong></span> <span class='ocrx_word' id='word_1_180' title='bbox 643 1512 685 1538; x_wconf 88' lang='lat' dir='ltr'><strong>est</strong></span> <span class='ocrx_word' id='word_1_181' title='bbox 699 1511 758 1538; x_wconf 86' lang='lat' dir='ltr'><strong>suis</strong></span> <span class='ocrx_word' id='word_1_182' title='bbox 776 1511 941 1547; x_wconf 77' lang='lat' dir='ltr'><strong>proprieta-</strong></span> 
     </span>
     <span class='ocr_line' id='line_1_28' title="bbox 160 1558 940 1594; baseline -0.003 -7"><span class='ocrx_word' id='word_1_183' title='bbox 160 1559 249 1587; x_wconf 90' lang='lat' dir='ltr'><strong>tibus.</strong></span> <span class='ocrx_word' id='word_1_184' title='bbox 267 1558 458 1586; x_wconf 84' lang='lat' dir='ltr'><strong>Considerata</strong></span> <span class='ocrx_word' id='word_1_185' title='bbox 477 1559 576 1585; x_wconf 87' lang='lat' dir='ltr'><strong>autem</strong></span> <span class='ocrx_word' id='word_1_186' title='bbox 595 1558 720 1585; x_wconf 80' lang='lat' dir='ltr'><strong>essentia</strong></span> <span class='ocrx_word' id='word_1_187' title='bbox 740 1559 769 1585; x_wconf 90' lang='lat' dir='ltr'><strong>in</strong></span> <span class='ocrx_word' id='word_1_188' title='bbox 790 1559 940 1594; x_wconf 88' lang='lat' dir='ltr'><strong>personis,</strong></span> 
     </span>
     <span class='ocr_line' id='line_1_29' title="bbox 160 1604 939 1641; baseline -0.001 -7"><span class='ocrx_word' id='word_1_189' title='bbox 160 1606 208 1634; x_wconf 81' lang='lat' dir='ltr'><strong>vel</strong></span> <span class='ocrx_word' id='word_1_190' title='bbox 222 1613 350 1641; x_wconf 89' lang='lat' dir='ltr'><strong>persona</strong></span> <span class='ocrx_word' id='word_1_191' title='bbox 364 1604 395 1632; x_wconf 89' lang='lat' dir='ltr'><strong>in</strong></span> <span class='ocrx_word' id='word_1_192' title='bbox 410 1604 545 1639; x_wconf 82' lang='lat' dir='ltr'><strong>essentia,</strong></span> <span class='ocrx_word' id='word_1_193' title='bbox 562 1605 689 1632; x_wconf 92' lang='lat' dir='ltr'><strong>modum</strong></span> <span class='ocrx_word' id='word_1_194' title='bbox 703 1605 837 1632; x_wconf 89' lang='lat' dir='ltr'><strong>medium</strong></span> <span class='ocrx_word' id='word_1_195' title='bbox 851 1607 939 1641; x_wconf 80' lang='lat' dir='ltr'><strong>tenet,</strong></span> 
     </span>
     <span class='ocr_line' id='line_1_30' title="bbox 160 1651 942 1688; baseline 0 -8"><span class='ocrx_word' id='word_1_196' title='bbox 160 1653 270 1681; x_wconf 86' lang='lat' dir='ltr'><strong>scilieet</strong></span> <span class='ocrx_word' id='word_1_197' title='bbox 286 1652 429 1679; x_wconf 86' lang='lat' dir='ltr'><strong>unitatem</strong></span> <span class='ocrx_word' id='word_1_198' title='bbox 448 1653 474 1679; x_wconf 86' lang='lat' dir='ltr'><strong>et</strong></span> <span class='ocrx_word' id='word_1_199' title='bbox 490 1651 725 1686; x_wconf 60' lang='lat' dir='ltr'><strong>distinctionem</strong></span> <span class='ocrx_word' id='word_1_200' title='bbox 747 1654 775 1680; x_wconf 87' lang='lat' dir='ltr'><strong>ct</strong></span> <span class='ocrx_word' id='word_1_201' title='bbox 790 1652 847 1680; x_wconf 88' lang='lat' dir='ltr'><strong>hoc</strong></span> <span class='ocrx_word' id='word_1_202' title='bbox 861 1654 942 1688; x_wconf 85' lang='lat' dir='ltr'><strong>patet</strong></span> 
     </span>
     <span class='ocr_line' id='line_1_31' title="bbox 161 1698 942 1735; baseline 0 -8"><span class='ocrx_word' id='word_1_203' title='bbox 161 1700 192 1727; x_wconf 90' lang='lat' dir='ltr'><strong>in</strong></span> <span class='ocrx_word' id='word_1_204' title='bbox 212 1698 409 1735; x_wconf 85' lang='lat' dir='ltr'><strong>appropriatis</strong></span> <span class='ocrx_word' id='word_1_205' title='bbox 431 1706 498 1734; x_wconf 82' lang='lat' dir='ltr'><strong>quae</strong></span> <span class='ocrx_word' id='word_1_206' title='bbox 522 1698 662 1726; x_wconf 89' lang='lat' dir='ltr'><strong>omnibus</strong></span> <span class='ocrx_word' id='word_1_207' title='bbox 682 1699 817 1734; x_wconf 85' lang='lat' dir='ltr'><strong>personis</strong></span> <span class='ocrx_word' id='word_1_208' title='bbox 832 1707 942 1727; x_wconf 85' lang='lat' dir='ltr'><strong>conve-</strong></span> 
     </span>
     <span class='ocr_line' id='line_1_32' title="bbox 161 1745 941 1781; baseline 0 -7"><span class='ocrx_word' id='word_1_209' title='bbox 161 1747 260 1781; x_wconf 88' lang='lat' dir='ltr'><strong>niunt,</strong></span> <span class='ocrx_word' id='word_1_210' title='bbox 281 1747 314 1773; x_wconf 92' lang='lat' dir='ltr'><strong>ut</strong></span> <span class='ocrx_word' id='word_1_211' title='bbox 335 1745 481 1781; x_wconf 88' lang='lat' dir='ltr'><strong>potentia,</strong></span> <span class='ocrx_word' id='word_1_212' title='bbox 502 1745 660 1781; x_wconf 83' lang='lat' dir='ltr'><strong>sapientia,</strong></span> <span class='ocrx_word' id='word_1_213' title='bbox 680 1745 814 1781; x_wconf 83' lang='lat' dir='ltr'><strong>bonitas;</strong></span> <span class='ocrx_word' id='word_1_214' title='bbox 830 1746 883 1774; x_wconf 88' lang='lat' dir='ltr'><strong>sed</strong></span> <span class='ocrx_word' id='word_1_215' title='bbox 902 1747 941 1774; x_wconf 85' lang='lat' dir='ltr'><strong>ad</strong></span> 
     </span>
     <span class='ocr_line' id='line_1_33' title="bbox 160 1791 942 1829; baseline 0 -8"><span class='ocrx_word' id='word_1_216' title='bbox 160 1801 251 1821; x_wconf 81' lang='lat' dir='ltr'><strong>unam</strong></span> <span class='ocrx_word' id='word_1_217' title='bbox 267 1792 360 1827; x_wconf 80' lang='lat' dir='ltr'><strong>magis</strong></span> <span class='ocrx_word' id='word_1_218' title='bbox 380 1791 623 1819; x_wconf 85' lang='lat' dir='ltr'><strong>determinantur.</strong></span> <span class='ocrx_word' id='word_1_219' title='bbox 643 1793 716 1819; x_wconf 85' lang='lat' dir='ltr'><strong>Nota</strong></span> <span class='ocrx_word' id='word_1_220' title='bbox 730 1793 812 1828; x_wconf 88' lang='lat' dir='ltr'><strong>quod</strong></span> <span class='ocrx_word' id='word_1_221' title='bbox 825 1801 942 1829; x_wconf 88' lang='lat' dir='ltr'><strong>semper</strong></span> 
     </span>
     <span class='ocr_line' id='line_1_34' title="bbox 161 1839 942 1875; baseline 0.001 -8"><span class='ocrx_word' id='word_1_222' title='bbox 161 1839 324 1868; x_wconf 85' lang='lat' dir='ltr'><strong>substantia</strong></span> <span class='ocrx_word' id='word_1_223' title='bbox 335 1839 460 1866; x_wconf 87' lang='lat' dir='ltr'><strong>sumitur</strong></span> <span class='ocrx_word' id='word_1_224' title='bbox 469 1847 524 1874; x_wconf 88' lang='lat' dir='ltr'><strong>pro</strong></span> <span class='ocrx_word' id='word_1_225' title='bbox 539 1839 673 1873; x_wconf 80' lang='lat' dir='ltr'><strong>essentia,</strong></span> <span class='ocrx_word' id='word_1_226' title='bbox 684 1841 711 1866; x_wconf 90' lang='lat' dir='ltr'><strong>et</strong></span> <span class='ocrx_word' id='word_1_227' title='bbox 722 1839 805 1875; x_wconf 88' lang='lat' dir='ltr'><strong>quod</strong></span> <span class='ocrx_word' id='word_1_228' title='bbox 816 1840 942 1868; x_wconf 86' lang='lat' dir='ltr'><strong>essentia</strong></span> 
     </span>
     <span class='ocr_line' id='line_1_35' title="bbox 161 1885 941 1924; baseline 0 -9"><span class='ocrx_word' id='word_1_229' title='bbox 161 1895 318 1924; x_wconf 86' lang='lat' dir='ltr'><strong>nunquam</strong></span> <span class='ocrx_word' id='word_1_230' title='bbox 348 1886 518 1914; x_wconf 73' lang='lat' dir='ltr'><strong>transfertur</strong></span> <span class='ocrx_word' id='word_1_231' title='bbox 546 1886 585 1913; x_wconf 85' lang='lat' dir='ltr'><strong>ad</strong></span> <span class='ocrx_word' id='word_1_232' title='bbox 612 1885 840 1921; x_wconf 83' lang='lat' dir='ltr'><strong>significandam</strong></span> <span class='ocrx_word' id='word_1_233' title='bbox 872 1895 941 1923; x_wconf 89' lang='lat' dir='ltr'><strong>per-</strong></span> 
     </span>
     <span class='ocr_line' id='line_1_36' title="bbox 163 1943 277 1962; baseline 0 0"><span class='ocrx_word' id='word_1_234' title='bbox 163 1943 277 1962; x_wconf 83' lang='lat' dir='ltr'><strong>sonam.</strong></span> 
     </span>
    </p>

    <p class='ocr_par' dir='ltr' id='par_1_6' title="bbox 165 1979 945 2530">
     <span class='ocr_line' id='line_1_37' title="bbox 198 1979 942 2015; baseline 0.001 -7"><span class='ocrx_word' id='word_1_235' title='bbox 198 1983 266 2008; x_wconf 87' lang='lat' dir='ltr'><strong>Tres</strong></span> <span class='ocrx_word' id='word_1_236' title='bbox 291 1982 358 2007; x_wconf 89' lang='lat' dir='ltr'><strong>sunt</strong></span> <span class='ocrx_word' id='word_1_237' title='bbox 384 1979 576 2007; x_wconf 83' lang='lat' dir='ltr'><strong>diffinitiones</strong></span> <span class='ocrx_word' id='word_1_238' title='bbox 599 1987 755 2015; x_wconf 59' lang='lat' dir='ltr'><strong>personae:</strong></span> <span class='ocrx_word' id='word_1_239' title='bbox 780 1992 792 2005; x_wconf 86' lang='lat'>«</span> <span class='ocrx_word' id='word_1_240' title='bbox 814 1982 942 2009; x_wconf 90' lang='lat' dir='ltr'><strong>Persona</strong></span> 
     </span>
     <span class='ocr_line' id='line_1_38' title="bbox 165 2025 938 2063; baseline -0.003 -8"><span class='ocrx_word' id='word_1_241' title='bbox 165 2029 207 2055; x_wconf 91' lang='lat' dir='ltr'><strong>est</strong></span> <span class='ocrx_word' id='word_1_242' title='bbox 222 2028 361 2054; x_wconf 78' lang='lat' dir='ltr'><strong>creatur‘e</strong></span> <span class='ocrx_word' id='word_1_243' title='bbox 380 2026 532 2053; x_wconf 85' lang='lat' dir='ltr'><strong>rationalis</strong></span> <span class='ocrx_word' id='word_1_244' title='bbox 553 2025 708 2054; x_wconf 85' lang='lat' dir='ltr'><strong>individua</strong></span> <span class='ocrx_word' id='word_1_245' title='bbox 726 2027 908 2063; x_wconf 76' lang='lat' dir='ltr'><strong>substantia,</strong></span> <span class='ocrx_word' id='word_1_246' title='bbox 926 2039 938 2053; x_wconf 74' lang='lat' dir='ltr'>n</span> 
     </span>
     <span class='ocr_line' id='line_1_39' title="bbox 166 2057 943 2109; baseline 0.001 -8"><span class='ocrx_word' id='word_1_247' title='bbox 166 2057 228 2101; x_wconf 76' lang='lat' dir='ltr'><strong>h‘aec</strong></span> <span class='ocrx_word' id='word_1_248' title='bbox 243 2073 367 2101; x_wconf 87' lang='lat' dir='ltr'><strong>sumitur</strong></span> <span class='ocrx_word' id='word_1_249' title='bbox 380 2080 472 2108; x_wconf 87' lang='lat' dir='ltr'><strong>penes</strong></span> <span class='ocrx_word' id='word_1_250' title='bbox 486 2074 623 2099; x_wconf 83' lang='lat' dir='ltr'><strong>naturam</strong></span> <span class='ocrx_word' id='word_1_251' title='bbox 636 2073 688 2099; x_wconf 86' lang='lat' dir='ltr'><strong>rei.</strong></span> <span class='ocrx_word' id='word_1_252' title='bbox 703 2074 837 2101; x_wconf 83' lang='lat' dir='ltr'><strong>Secunda</strong></span> <span class='ocrx_word' id='word_1_253' title='bbox 849 2076 943 2109; x_wconf 80' lang='lat' dir='ltr'><strong>Ilugo-</strong></span> 
     </span>
     <span class='ocr_line' id='line_1_40' title="bbox 167 2118 943 2148; baseline 0.001 -1"><span class='ocrx_word' id='word_1_254' title='bbox 167 2120 212 2147; x_wconf 94' lang='lat' dir='ltr'><strong>nis</strong></span> <span class='ocrx_word' id='word_1_255' title='bbox 236 2120 273 2147; x_wconf 90' lang='lat' dir='ltr'><strong>de</strong></span> <span class='ocrx_word' id='word_1_256' title='bbox 292 2120 396 2147; x_wconf 81' lang='lat' dir='ltr'><strong>Sancto</strong></span> <span class='ocrx_word' id='word_1_257' title='bbox 412 2118 524 2146; x_wconf 89' lang='lat' dir='ltr'><strong>Victore</strong></span> <span class='ocrx_word' id='word_1_258' title='bbox 548 2118 614 2145; x_wconf 82' lang='lat' dir='ltr'><strong>talis</strong></span> <span class='ocrx_word' id='word_1_259' title='bbox 637 2121 696 2146; x_wconf 89' lang='lat' dir='ltr'><strong>est:</strong></span> <span class='ocrx_word' id='word_1_260' title='bbox 717 2129 729 2144; x_wconf 89' lang='lat'>«</span> <span class='ocrx_word' id='word_1_261' title='bbox 752 2121 879 2147; x_wconf 84' lang='lat' dir='ltr'><strong>Persona</strong></span> <span class='ocrx_word' id='word_1_262' title='bbox 901 2124 943 2148; x_wconf 87' lang='lat' dir='ltr'><strong>est</strong></span> 
     </span>
     <span class='ocr_line' id='line_1_41' title="bbox 167 2166 942 2203; baseline -0.001 -7"><span class='ocrx_word' id='word_1_263' title='bbox 167 2168 327 2196; x_wconf 88' lang='lat' dir='ltr'><strong>subsistens</strong></span> <span class='ocrx_word' id='word_1_264' title='bbox 341 2175 394 2203; x_wconf 88' lang='lat' dir='ltr'><strong>per</strong></span> <span class='ocrx_word' id='word_1_265' title='bbox 408 2175 438 2194; x_wconf 86' lang='lat' dir='ltr'><strong>se</strong></span> <span class='ocrx_word' id='word_1_266' title='bbox 453 2166 548 2194; x_wconf 84' lang='lat' dir='ltr'><strong>solam</strong></span> <span class='ocrx_word' id='word_1_267' title='bbox 564 2167 649 2201; x_wconf 79' lang='lat' dir='ltr'><strong>juxta</strong></span> <span class='ocrx_word' id='word_1_268' title='bbox 667 2168 827 2202; x_wconf 87' lang='lat' dir='ltr'><strong>quemdam</strong></span> <span class='ocrx_word' id='word_1_269' title='bbox 843 2169 942 2203; x_wconf 85' lang='lat' dir='ltr'><strong>singu-</strong></span> 
     </span>
     <span class='ocr_line' id='line_1_42' title="bbox 166 2213 943 2250; baseline 0 -8"><span class='ocrx_word' id='word_1_270' title='bbox 166 2215 260 2242; x_wconf 88' lang='lat' dir='ltr'><strong>larem</strong></span> <span class='ocrx_word' id='word_1_271' title='bbox 280 2213 423 2241; x_wconf 87' lang='lat' dir='ltr'><strong>modum:</strong></span> <span class='ocrx_word' id='word_1_272' title='bbox 443 2223 456 2239; x_wconf 88' lang='lat'>»</span> <span class='ocrx_word' id='word_1_273' title='bbox 474 2213 536 2240; x_wconf 75' lang='lat' dir='ltr'><strong>haec</strong></span> <span class='ocrx_word' id='word_1_274' title='bbox 555 2213 679 2240; x_wconf 87' lang='lat' dir='ltr'><strong>sumitur</strong></span> <span class='ocrx_word' id='word_1_275' title='bbox 694 2214 778 2249; x_wconf 79' lang='lat' dir='ltr'><strong>juxta</strong></span> <span class='ocrx_word' id='word_1_276' title='bbox 798 2215 943 2250; x_wconf 89' lang='lat' dir='ltr'><strong>etymolo-</strong></span> 
     </span>
     <span class='ocr_line' id='line_1_43' title="bbox 168 2260 943 2296; baseline -0.001 -7"><span class='ocrx_word' id='word_1_277' title='bbox 168 2262 248 2296; x_wconf 84' lang='lat' dir='ltr'><strong>giam</strong></span> <span class='ocrx_word' id='word_1_278' title='bbox 261 2260 408 2288; x_wconf 90' lang='lat' dir='ltr'><strong>nominis:</strong></span> <span class='ocrx_word' id='word_1_279' title='bbox 426 2260 532 2287; x_wconf 85' lang='lat' dir='ltr'><strong>dicitur</strong></span> <span class='ocrx_word' id='word_1_280' title='bbox 553 2260 632 2287; x_wconf 88' lang='lat' dir='ltr'><strong>enim</strong></span> <span class='ocrx_word' id='word_1_281' title='bbox 651 2268 780 2295; x_wconf 86' lang='lat' dir='ltr'><strong>persona</strong></span> <span class='ocrx_word' id='word_1_282' title='bbox 795 2262 879 2296; x_wconf 82' lang='lat' dir='ltr'><strong>quasi</strong></span> <span class='ocrx_word' id='word_1_283' title='bbox 896 2270 943 2296; x_wconf 79' lang='lat' dir='ltr'><strong>per</strong></span> 
     </span>
     <span class='ocr_line' id='line_1_44' title="bbox 166 2306 944 2342; baseline 0.001 -8"><span class='ocrx_word' id='word_1_284' title='bbox 166 2316 193 2335; x_wconf 75' lang='lat' dir='ltr'><strong>se</strong></span> <span class='ocrx_word' id='word_1_285' title='bbox 207 2316 271 2334; x_wconf 72' lang='lat' dir='ltr'><strong>una.</strong></span> <span class='ocrx_word' id='word_1_286' title='bbox 283 2306 374 2334; x_wconf 87' lang='lat' dir='ltr'><strong>Tertia</strong></span> <span class='ocrx_word' id='word_1_287' title='bbox 386 2308 427 2334; x_wconf 85' lang='lat' dir='ltr'><strong>est</strong></span> <span class='ocrx_word' id='word_1_288' title='bbox 440 2306 577 2333; x_wconf 90' lang='lat' dir='ltr'><strong>diffinitio</strong></span> <span class='ocrx_word' id='word_1_289' title='bbox 592 2307 769 2342; x_wconf 86' lang='lat' dir='ltr'><strong>magistralis</strong></span> <span class='ocrx_word' id='word_1_290' title='bbox 781 2308 822 2335; x_wconf 89' lang='lat' dir='ltr'><strong>sie</strong></span> <span class='ocrx_word' id='word_1_291' title='bbox 835 2318 841 2335; x_wconf 93' lang='lat'>:</span> <span class='ocrx_word' id='word_1_292' title='bbox 855 2319 867 2333; x_wconf 71' lang='grc' dir='ltr'><strong>(ι</strong></span> <span class='ocrx_word' id='word_1_293' title='bbox 878 2310 944 2335; x_wconf 86' lang='lat' dir='ltr'><strong>Per-</strong></span> 
     </span>
     <span class='ocr_line' id='line_1_45' title="bbox 167 2352 944 2389; baseline 0.001 -8"><span class='ocrx_word' id='word_1_294' title='bbox 167 2362 240 2382; x_wconf 87' lang='lat' dir='ltr'><strong>sona</strong></span> <span class='ocrx_word' id='word_1_295' title='bbox 255 2356 297 2381; x_wconf 80' lang='lat' dir='ltr'><strong>est</strong></span> <span class='ocrx_word' id='word_1_296' title='bbox 311 2353 478 2388; x_wconf 84' lang='lat' dir='ltr'><strong>hypostasis</strong></span> <span class='ocrx_word' id='word_1_297' title='bbox 497 2352 631 2380; x_wconf 87' lang='lat' dir='ltr'><strong>distincta</strong></span> <span class='ocrx_word' id='word_1_298' title='bbox 646 2354 824 2389; x_wconf 85' lang='lat' dir='ltr'><strong>proprietate</strong></span> <span class='ocrx_word' id='word_1_299' title='bbox 840 2355 879 2382; x_wconf 85' lang='lat' dir='ltr'><strong>ad</strong></span> <span class='ocrx_word' id='word_1_300' title='bbox 899 2355 944 2382; x_wconf 90' lang='lat' dir='ltr'><strong>di-</strong></span> 
     </span>
     <span class='ocr_line' id='line_1_46' title="bbox 168 2399 945 2436; baseline 0.001 -8"><span class='ocrx_word' id='word_1_301' title='bbox 168 2401 308 2436; x_wconf 82' lang='lat' dir='ltr'><strong>gnitatem</strong></span> <span class='ocrx_word' id='word_1_302' title='bbox 335 2399 507 2435; x_wconf 84' lang='lat' dir='ltr'><strong>pertinente.</strong></span> <span class='ocrx_word' id='word_1_303' title='bbox 532 2409 545 2423; x_wconf 88' lang='lat'>»</span> <span class='ocrx_word' id='word_1_304' title='bbox 571 2401 644 2426; x_wconf 85' lang='lat' dir='ltr'><strong>Nota</strong></span> <span class='ocrx_word' id='word_1_305' title='bbox 666 2399 754 2428; x_wconf 89' lang='lat' dir='ltr'><strong>etiam</strong></span> <span class='ocrx_word' id='word_1_306' title='bbox 782 2401 865 2436; x_wconf 85' lang='lat' dir='ltr'><strong>quod</strong></span> <span class='ocrx_word' id='word_1_307' title='bbox 890 2403 945 2429; x_wconf 80' lang='lat' dir='ltr'><strong>ista</strong></span> 
     </span>
     <span class='ocr_line' id='line_1_47' title="bbox 168 2447 943 2484; baseline 0.001 -10"><span class='ocrx_word' id='word_1_308' title='bbox 168 2449 305 2483; x_wconf 85' lang='lat' dir='ltr'><strong>quatuor,</strong></span> <span class='ocrx_word' id='word_1_309' title='bbox 319 2448 407 2482; x_wconf 90' lang='lat' dir='ltr'><strong>prout</strong></span> <span class='ocrx_word' id='word_1_310' title='bbox 421 2453 511 2480; x_wconf 80' lang='lat' dir='ltr'><strong>supra</strong></span> <span class='ocrx_word' id='word_1_311' title='bbox 527 2447 595 2472; x_wconf 81' lang='lat' dir='ltr'><strong>sunt</strong></span> <span class='ocrx_word' id='word_1_312' title='bbox 610 2447 743 2481; x_wconf 79' lang='lat' dir='ltr'><strong>exposita</strong></span> <span class='ocrx_word' id='word_1_313' title='bbox 758 2449 786 2474; x_wconf 87' lang='lat' dir='ltr'><strong>et</strong></span> <span class='ocrx_word' id='word_1_314' title='bbox 800 2449 943 2484; x_wconf 80' lang='lat' dir='ltr'><strong>exempli-</strong></span> 
     </span>
     <span class='ocr_line' id='line_1_48' title="bbox 168 2492 942 2530; baseline 0.001 -8"><span class='ocrx_word' id='word_1_315' title='bbox 168 2495 264 2528; x_wconf 82' lang='lat' dir='ltr'><strong>ficata,</strong></span> <span class='ocrx_word' id='word_1_316' title='bbox 280 2493 388 2521; x_wconf 88' lang='lat' dir='ltr'><strong>scilicet</strong></span> <span class='ocrx_word' id='word_1_317' title='bbox 403 2492 537 2526; x_wconf 79' lang='lat' dir='ltr'><strong>essentia,</strong></span> <span class='ocrx_word' id='word_1_318' title='bbox 553 2493 730 2528; x_wconf 86' lang='lat' dir='ltr'><strong>substantia,</strong></span> <span class='ocrx_word' id='word_1_319' title='bbox 746 2495 942 2530; x_wconf 79' lang='lat' dir='ltr'><strong>subsistentia,</strong></span> 
     </span>
    </p>
   </div>
   <div class='ocr_carea' id='block_1_6' title="bbox 201 2560 944 2637">
    <p class='ocr_par' dir='ltr' id='par_1_7' title="bbox 201 2560 944 2637">
     <span class='ocr_line' id='line_1_49' title="bbox 201 2560 943 2594; baseline 0.003 -9"><span class='ocrx_word' id='word_1_320' title='bbox 201 2563 208 2578; x_wconf 91' lang='lat'>¹</span> <span class='ocrx_word' id='word_1_321' title='bbox 223 2561 289 2585; x_wconf 70' lang='lat' dir='ltr'><strong>Psal.</strong></span> <span class='ocrx_word' id='word_1_322' title='bbox 305 2567 390 2590; x_wconf 63' lang='lat' dir='ltr'><strong>exem,</strong></span> <span class='ocrx_word' id='word_1_323' title='bbox 404 2561 427 2583; x_wconf 74' lang='lat'><strong>3.</strong></span> <span class='ocrx_word' id='word_1_324' title='bbox 441 2573 471 2577; x_wconf 91' lang='grc'><strong>--</strong></span> <span class='ocrx_word' id='word_1_325' title='bbox 486 2560 494 2574; x_wconf 76' lang='lat'><strong>²</strong></span> <span class='ocrx_word' id='word_1_326' title='bbox 507 2560 585 2590; x_wconf 61' lang='lat' dir='ltr'><strong>Rom„</strong></span> <span class='ocrx_word' id='word_1_327' title='bbox 602 2563 689 2590; x_wconf 74' lang='lat' dir='ltr'><strong>x1‚:}8,</strong></span> <span class='ocrx_word' id='word_1_328' title='bbox 708 2575 734 2578; x_wconf 72' lang='lat'>-</span> <span class='ocrx_word' id='word_1_329' title='bbox 750 2562 759 2578; x_wconf 83' lang='lat'>³</span> <span class='ocrx_word' id='word_1_330' title='bbox 774 2563 837 2586; x_wconf 75' lang='lat' dir='ltr'><strong>Psal.</strong></span> <span class='ocrx_word' id='word_1_331' title='bbox 856 2570 943 2594; x_wconf 66' lang='lat' dir='ltr'><strong>Lxmx,</strong></span> 
     </span>
     <span class='ocr_line' id='line_1_50' title="bbox 202 2603 944 2637; baseline 0.004 -10"><span class='ocrx_word' id='word_1_332' title='bbox 202 2605 234 2634; x_wconf 85' lang='grc' dir='ltr'><strong>(ιι)</strong></span> <span class='ocrx_word' id='word_1_333' title='bbox 252 2604 312 2634; x_wconf 77' lang='lat' dir='ltr'><strong>Leqe</strong></span> <span class='ocrx_word' id='word_1_334' title='bbox 332 2604 418 2630; x_wconf 71' lang='grc' dir='ltr'>οὐσία,</span> <span class='ocrx_word' id='word_1_335' title='bbox 438 2603 568 2632; x_wconf 51' lang='lat' dir='ltr'><strong>nutrimen,</strong></span> <span class='ocrx_word' id='word_1_336' title='bbox 588 2604 734 2635; x_wconf 67' lang='grc' dir='ltr'>ὑπόστασις,</span> <span class='ocrx_word' id='word_1_337' title='bbox 754 2606 896 2637; x_wconf 76' lang='grc' dir='ltr'>πρόσωπον.</span> <span class='ocrx_word' id='word_1_338' title='bbox 914 2620 944 2624; x_wconf 87' lang='grc'>-</span> 
     </span>
    </p>
   </div>
   <div class='ocr_carea' id='block_1_7' title="bbox 170 2638 511 2671">
    <p class='ocr_par' dir='ltr' id='par_1_8' title="bbox 170 2638 511 2671">
     <span class='ocr_line' id='line_1_51' title="bbox 170 2638 511 2671; baseline -0.006 -7"><span class='ocrx_word' id='word_1_339' title='bbox 170 2639 204 2671; x_wconf 80' lang='lat' dir='ltr'><strong>(b)</strong></span> <span class='ocrx_word' id='word_1_340' title='bbox 221 2639 279 2664; x_wconf 74' lang='lat' dir='ltr'><strong>Caet.</strong></span> <span class='ocrx_word' id='word_1_341' title='bbox 295 2638 354 2663; x_wconf 75' lang='lat' dir='ltr'><strong>edit.</strong></span> <span class='ocrx_word' id='word_1_342' title='bbox 369 2638 511 2662; x_wconf 77' lang='lat' dir='ltr'><strong>Matthaeus.</strong></span> 
     </span>
    </p>
   </div>
   <div class='ocr_carea' id='block_1_8' title="bbox 1124 176 1764 208">
    <p class='ocr_par' dir='ltr' id='par_1_9' title="bbox 1124 176 1764 208">
     <span class='ocr_line' id='line_1_52' title="bbox 1124 176 1764 208; baseline -0.002 -1"><span class='ocrx_word' id='word_1_343' title='bbox 1124 176 1275 208; x_wconf 74' lang='lat' dir='ltr'><strong>xiii-XV.</strong></span> <span class='ocrx_word' id='word_1_344' title='bbox 1732 179 1764 206; x_wconf 77' lang='lat'><strong>71</strong></span> 
     </span>
    </p>
   </div>
   <div class='ocr_carea' id='block_1_9' title="bbox 990 243 1769 320">
    <p class='ocr_par' dir='ltr' id='par_1_10' title="bbox 990 243 1769 320">
     <span class='ocr_line' id='line_1_53' title="bbox 990 243 1769 280; baseline -0.001 -9"><span class='ocrx_word' id='word_1_345' title='bbox 990 250 1133 280; x_wconf 86' lang='lat' dir='ltr'><strong>persona,</strong></span> <span class='ocrx_word' id='word_1_346' title='bbox 1156 243 1296 272; x_wconf 83' lang='lat' dir='ltr'><strong>differunt</strong></span> <span class='ocrx_word' id='word_1_347' title='bbox 1310 244 1341 272; x_wconf 90' lang='lat' dir='ltr'><strong>in</strong></span> <span class='ocrx_word' id='word_1_348' title='bbox 1360 246 1511 279; x_wconf 80' lang='lat' dir='ltr'><strong>creatura,</strong></span> <span class='ocrx_word' id='word_1_349' title='bbox 1534 251 1565 272; x_wconf 79' lang='lat' dir='ltr'><strong>re</strong></span> <span class='ocrx_word' id='word_1_350' title='bbox 1589 245 1617 271; x_wconf 89' lang='lat' dir='ltr'><strong>et</strong></span> <span class='ocrx_word' id='word_1_351' title='bbox 1633 243 1769 278; x_wconf 84' lang='lat' dir='ltr'><strong>nomine;</strong></span> 
     </span>
     <span class='ocr_line' id='line_1_54' title="bbox 990 291 1504 320; baseline 0.002 -1"><span class='ocrx_word' id='word_1_352' title='bbox 990 291 1043 319; x_wconf 87' lang='lat' dir='ltr'><strong>sed</strong></span> <span class='ocrx_word' id='word_1_353' title='bbox 1058 291 1088 319; x_wconf 92' lang='lat' dir='ltr'><strong>in</strong></span> <span class='ocrx_word' id='word_1_354' title='bbox 1103 291 1211 320; x_wconf 87' lang='lat' dir='ltr'><strong>divinis</strong></span> <span class='ocrx_word' id='word_1_355' title='bbox 1227 291 1366 320; x_wconf 83' lang='lat' dir='ltr'><strong>differunt</strong></span> <span class='ocrx_word' id='word_1_356' title='bbox 1380 291 1504 320; x_wconf 86' lang='lat' dir='ltr'><strong>ratione.</strong></span> 
     </span>
    </p>
   </div>
   <div class='ocr_carea' id='block_1_10' title="bbox 1247 387 1511 421">
    <p class='ocr_par' dir='ltr' id='par_1_11' title="bbox 1247 387 1511 421">
     <span class='ocr_line' id='line_1_55' title="bbox 1247 387 1511 421; baseline 0.004 -1"><span class='ocrx_word' id='word_1_357' title='bbox 1247 387 1391 421; x_wconf 92' lang='lat' dir='ltr'><strong>CAPUT</strong></span> <span class='ocrx_word' id='word_1_358' title='bbox 1419 388 1511 421; x_wconf 92' lang='lat' dir='ltr'><strong>XIV.</strong></span> 
     </span>
    </p>
   </div>
   <div class='ocr_carea' id='block_1_11' title="bbox 1220 460 1539 487">
    <p class='ocr_par' dir='ltr' id='par_1_12' title="bbox 1220 460 1539 487">
     <span class='ocr_line' id='line_1_56' title="bbox 1220 460 1539 487; baseline 0.003 -1"><span class='ocrx_word' id='word_1_359' title='bbox 1220 461 1258 487; x_wconf 86' lang='lat' dir='ltr'><strong>De</strong></span> <span class='ocrx_word' id='word_1_360' title='bbox 1280 460 1295 486; x_wconf 90' lang='lat' dir='ltr'><strong>I</strong></span> <span class='ocrx_word' id='word_1_361' title='bbox 1296 461 1462 486; x_wconf 82' lang='lat' dir='ltr'><strong>mmensitate</strong></span> <span class='ocrx_word' id='word_1_362' title='bbox 1482 461 1539 487; x_wconf 80' lang='lat' dir='ltr'><strong>Dei.</strong></span> 
     </span>
    </p>
   </div>
   <div class='ocr_carea' id='block_1_12' title="bbox 991 528 1779 2157">
    <p class='ocr_par' dir='ltr' id='par_1_13' title="bbox 991 528 1779 1550">
     <span class='ocr_line' id='line_1_57' title="bbox 1028 528 1772 564; baseline 0 -8"><span class='ocrx_word' id='word_1_363' title='bbox 1028 530 1091 557; x_wconf 86' lang='lat' dir='ltr'><strong>Non</strong></span> <span class='ocrx_word' id='word_1_364' title='bbox 1115 531 1158 557; x_wconf 90' lang='lat' dir='ltr'><strong>est</strong></span> <span class='ocrx_word' id='word_1_365' title='bbox 1179 529 1209 556; x_wconf 90' lang='lat' dir='ltr'><strong>in</strong></span> <span class='ocrx_word' id='word_1_366' title='bbox 1234 530 1292 556; x_wconf 87' lang='lat' dir='ltr'><strong>Deo</strong></span> <span class='ocrx_word' id='word_1_367' title='bbox 1318 528 1465 564; x_wconf 86' lang='lat' dir='ltr'><strong>quantitas</strong></span> <span class='ocrx_word' id='word_1_368' title='bbox 1483 528 1692 564; x_wconf 85' lang='lat' dir='ltr'><strong>dimensionis,</strong></span> <span class='ocrx_word' id='word_1_369' title='bbox 1718 528 1772 556; x_wconf 89' lang='lat' dir='ltr'><strong>sed</strong></span> 
     </span>
     <span class='ocr_line' id='line_1_58' title="bbox 991 576 1772 613; baseline -0.001 -9"><span class='ocrx_word' id='word_1_370' title='bbox 991 577 1120 612; x_wconf 87' lang='lat' dir='ltr'><strong>virtutis;</strong></span> <span class='ocrx_word' id='word_1_371' title='bbox 1136 584 1190 605; x_wconf 88' lang='lat' dir='ltr'><strong>nec</strong></span> <span class='ocrx_word' id='word_1_372' title='bbox 1204 577 1316 613; x_wconf 86' lang='lat' dir='ltr'><strong>ubique</strong></span> <span class='ocrx_word' id='word_1_373' title='bbox 1330 579 1372 605; x_wconf 90' lang='lat' dir='ltr'><strong>est</strong></span> <span class='ocrx_word' id='word_1_374' title='bbox 1382 579 1456 605; x_wconf 89' lang='lat' dir='ltr'><strong>Deus</strong></span> <span class='ocrx_word' id='word_1_375' title='bbox 1470 577 1551 604; x_wconf 90' lang='lat' dir='ltr'><strong>mole</strong></span> <span class='ocrx_word' id='word_1_376' title='bbox 1563 576 1708 612; x_wconf 89' lang='lat' dir='ltr'><strong>corporis,</strong></span> <span class='ocrx_word' id='word_1_377' title='bbox 1719 576 1772 604; x_wconf 89' lang='lat' dir='ltr'><strong>sed</strong></span> 
     </span>
     <span class='ocr_line' id='line_1_59' title="bbox 992 623 1774 659; baseline -0.001 -8"><span class='ocrx_word' id='word_1_378' title='bbox 992 623 1146 659; x_wconf 67' lang='lat' dir='ltr'><strong>praesentia</strong></span> <span class='ocrx_word' id='word_1_379' title='bbox 1160 624 1333 659; x_wconf 84' lang='lat' dir='ltr'><strong>majestatis,</strong></span> <span class='ocrx_word' id='word_1_380' title='bbox 1349 626 1377 652; x_wconf 89' lang='lat' dir='ltr'><strong>et</strong></span> <span class='ocrx_word' id='word_1_381' title='bbox 1395 631 1448 659; x_wconf 87' lang='lat' dir='ltr'><strong>per</strong></span> <span class='ocrx_word' id='word_1_382' title='bbox 1462 624 1541 651; x_wconf 90' lang='lat' dir='ltr'><strong>hunc</strong></span> <span class='ocrx_word' id='word_1_383' title='bbox 1556 623 1680 651; x_wconf 90' lang='lat' dir='ltr'><strong>modum</strong></span> <span class='ocrx_word' id='word_1_384' title='bbox 1700 623 1774 650; x_wconf 87' lang='lat' dir='ltr'><strong>dici-</strong></span> 
     </span>
     <span class='ocr_line' id='line_1_60' title="bbox 993 670 1774 707; baseline -0.001 -9"><span class='ocrx_word' id='word_1_385' title='bbox 993 672 1040 698; x_wconf 85' lang='lat' dir='ltr'><strong>tur</strong></span> <span class='ocrx_word' id='word_1_386' title='bbox 1055 670 1227 699; x_wconf 88' lang='lat' dir='ltr'><strong>immensus.</strong></span> <span class='ocrx_word' id='word_1_387' title='bbox 1248 671 1304 699; x_wconf 87' lang='lat' dir='ltr'><strong>Sed</strong></span> <span class='ocrx_word' id='word_1_388' title='bbox 1318 673 1388 699; x_wconf 89' lang='lat' dir='ltr'><strong>nota</strong></span> <span class='ocrx_word' id='word_1_389' title='bbox 1406 671 1490 707; x_wconf 88' lang='lat' dir='ltr'><strong>quod</strong></span> <span class='ocrx_word' id='word_1_390' title='bbox 1505 670 1686 698; x_wconf 80' lang='lat' dir='ltr'><strong>immensitas</strong></span> <span class='ocrx_word' id='word_1_391' title='bbox 1701 677 1774 706; x_wconf 86' lang='lat' dir='ltr'><strong>qua-</strong></span> 
     </span>
     <span class='ocr_line' id='line_1_61' title="bbox 993 717 1773 754; baseline -0.001 -9"><span class='ocrx_word' id='word_1_392' title='bbox 993 719 1061 745; x_wconf 88' lang='lat' dir='ltr'><strong>tuor</strong></span> <span class='ocrx_word' id='word_1_393' title='bbox 1082 718 1113 745; x_wconf 93' lang='lat' dir='ltr'><strong>in</strong></span> <span class='ocrx_word' id='word_1_394' title='bbox 1132 719 1190 745; x_wconf 91' lang='lat' dir='ltr'><strong>Deo</strong></span> <span class='ocrx_word' id='word_1_395' title='bbox 1217 717 1432 754; x_wconf 85' lang='lat' dir='ltr'><strong>complectitur,</strong></span> <span class='ocrx_word' id='word_1_396' title='bbox 1454 717 1563 745; x_wconf 89' lang='lat' dir='ltr'><strong>scilicet</strong></span> <span class='ocrx_word' id='word_1_397' title='bbox 1583 717 1773 751; x_wconf 83' lang='lat' dir='ltr'><strong>infinitatem,</strong></span> 
     </span>
     <span class='ocr_line' id='line_1_62' title="bbox 994 763 1774 800; baseline -0.001 -8"><span class='ocrx_word' id='word_1_398' title='bbox 994 764 1399 800; x_wconf 80' lang='lat' dir='ltr'><strong>incomprehensibilitatem,</strong></span> <span class='ocrx_word' id='word_1_399' title='bbox 1429 763 1774 800; x_wconf 83' lang='lat' dir='ltr'><strong>incircumscriptibilita-</strong></span> 
     </span>
     <span class='ocr_line' id='line_1_63' title="bbox 995 810 1772 846; baseline -0.001 -8"><span class='ocrx_word' id='word_1_400' title='bbox 995 813 1068 846; x_wconf 92' lang='lat' dir='ltr'><strong>tem,</strong></span> <span class='ocrx_word' id='word_1_401' title='bbox 1085 811 1286 839; x_wconf 60' lang='lat' dir='ltr'><strong>aeternitatem.</strong></span> <span class='ocrx_word' id='word_1_402' title='bbox 1302 812 1329 840; x_wconf 92' lang='lat' dir='ltr'><strong>Si</strong></span> <span class='ocrx_word' id='word_1_403' title='bbox 1343 811 1422 839; x_wconf 90' lang='lat' dir='ltr'><strong>enim</strong></span> <span class='ocrx_word' id='word_1_404' title='bbox 1437 811 1641 839; x_wconf 87' lang='lat' dir='ltr'><strong>consideratur</strong></span> <span class='ocrx_word' id='word_1_405' title='bbox 1657 812 1731 838; x_wconf 89' lang='lat' dir='ltr'><strong>Deus</strong></span> <span class='ocrx_word' id='word_1_406' title='bbox 1746 810 1772 837; x_wconf 86' lang='lat' dir='ltr'><strong>in</strong></span> 
     </span>
     <span class='ocr_line' id='line_1_64' title="bbox 995 858 1775 894; baseline -0.001 -9"><span class='ocrx_word' id='word_1_407' title='bbox 995 866 1041 891; x_wconf 87' lang='lat' dir='ltr'><strong>se,</strong></span> <span class='ocrx_word' id='word_1_408' title='bbox 1065 858 1106 885; x_wconf 91' lang='lat' dir='ltr'><strong>sic</strong></span> <span class='ocrx_word' id='word_1_409' title='bbox 1130 859 1173 886; x_wconf 89' lang='lat' dir='ltr'><strong>est</strong></span> <span class='ocrx_word' id='word_1_410' title='bbox 1194 858 1340 894; x_wconf 83' lang='lat' dir='ltr'><strong>infinitus3</strong></span> <span class='ocrx_word' id='word_1_411' title='bbox 1365 858 1497 886; x_wconf 88' lang='lat' dir='ltr'><strong>Psalmus</strong></span> <span class='ocrx_word' id='word_1_412' title='bbox 1513 859 1543 885; x_wconf 85' lang='lat'><strong>¹:</strong></span> <span class='ocrx_word' id='word_1_413' title='bbox 1569 858 1775 892; x_wconf 69' lang='lat' dir='ltr'><strong>Maqizz&#39;tndim&#39;s</strong></span> 
     </span>
     <span class='ocr_line' id='line_1_65' title="bbox 996 904 1776 939; baseline -0.001 -7"><span class='ocrx_word' id='word_1_414' title='bbox 996 905 1052 939; x_wconf 82' lang='lat' dir='ltr'><strong>ejus</strong></span> <span class='ocrx_word' id='word_1_415' title='bbox 1070 913 1123 932; x_wconf 82' lang='lat' dir='ltr'><strong>non</strong></span> <span class='ocrx_word' id='word_1_416' title='bbox 1143 907 1182 932; x_wconf 84' lang='lat' dir='ltr'><strong>est</strong></span> <span class='ocrx_word' id='word_1_417' title='bbox 1199 907 1270 939; x_wconf 77' lang='lat' dir='ltr'><strong>finis.</strong></span> <span class='ocrx_word' id='word_1_418' title='bbox 1287 905 1315 933; x_wconf 90' lang='lat' dir='ltr'><strong>Si</strong></span> <span class='ocrx_word' id='word_1_419' title='bbox 1333 913 1405 933; x_wconf 84' lang='lat' dir='ltr'><strong>vero</strong></span> <span class='ocrx_word' id='word_1_420' title='bbox 1428 905 1632 932; x_wconf 84' lang='lat' dir='ltr'><strong>consideratur</strong></span> <span class='ocrx_word' id='word_1_421' title='bbox 1650 904 1681 931; x_wconf 90' lang='lat' dir='ltr'><strong>in</strong></span> <span class='ocrx_word' id='word_1_422' title='bbox 1695 912 1776 931; x_wconf 90' lang='lat' dir='ltr'><strong>com—</strong></span> 
     </span>
     <span class='ocr_line' id='line_1_66' title="bbox 995 951 1775 987; baseline -0.001 -8"><span class='ocrx_word' id='word_1_423' title='bbox 995 951 1149 987; x_wconf 87' lang='lat' dir='ltr'><strong>paratione</strong></span> <span class='ocrx_word' id='word_1_424' title='bbox 1169 951 1208 979; x_wconf 88' lang='lat' dir='ltr'><strong>ad</strong></span> <span class='ocrx_word' id='word_1_425' title='bbox 1224 952 1419 986; x_wconf 87' lang='lat' dir='ltr'><strong>intellectum,</strong></span> <span class='ocrx_word' id='word_1_426' title='bbox 1435 951 1475 979; x_wconf 91' lang='lat' dir='ltr'><strong>sic</strong></span> <span class='ocrx_word' id='word_1_427' title='bbox 1491 953 1533 979; x_wconf 89' lang='lat' dir='ltr'><strong>est</strong></span> <span class='ocrx_word' id='word_1_428' title='bbox 1547 951 1775 987; x_wconf 85' lang='lat' dir='ltr'><strong>incomprehen-</strong></span> 
     </span>
     <span class='ocr_line' id='line_1_67' title="bbox 997 998 1774 1034; baseline -0.001 -9"><span class='ocrx_word' id='word_1_429' title='bbox 997 998 1105 1033; x_wconf 79' lang='lat' dir='ltr'><strong>sibilis3</strong></span> <span class='ocrx_word' id='word_1_430' title='bbox 1128 998 1286 1034; x_wconf 85' lang='lat' dir='ltr'><strong>Apostolus</strong></span> <span class='ocrx_word' id='word_1_431' title='bbox 1301 998 1329 1026; x_wconf 77' lang='lat'><strong>²:</strong></span> <span class='ocrx_word' id='word_1_432' title='bbox 1349 1000 1370 1027; x_wconf 91' lang='grc' dir='ltr'>Ο</span> <span class='ocrx_word' id='word_1_433' title='bbox 1389 999 1508 1026; x_wconf 78' lang='lat' dir='ltr'><strong>altitudo</strong></span> <span class='ocrx_word' id='word_1_434' title='bbox 1527 999 1706 1033; x_wconf 75' lang='lat' dir='ltr'><strong>divitiorum,</strong></span> <span class='ocrx_word' id='word_1_435' title='bbox 1721 1000 1774 1025; x_wconf 89' lang='lat' dir='ltr'><strong>etc.</strong></span> 
     </span>
     <span class='ocr_line' id='line_1_68' title="bbox 997 1045 1776 1081; baseline -0.003 -8"><span class='ocrx_word' id='word_1_436' title='bbox 997 1046 1029 1073; x_wconf 91' lang='lat' dir='ltr'><strong>Et</strong></span> <span class='ocrx_word' id='word_1_437' title='bbox 1042 1047 1163 1081; x_wconf 80' lang='lat' dir='ltr'><strong>propter</strong></span> <span class='ocrx_word' id='word_1_438' title='bbox 1181 1046 1238 1073; x_wconf 90' lang='lat' dir='ltr'><strong>hoc</strong></span> <span class='ocrx_word' id='word_1_439' title='bbox 1258 1046 1347 1073; x_wconf 86' lang='lat' dir='ltr'><strong>etiam</strong></span> <span class='ocrx_word' id='word_1_440' title='bbox 1361 1045 1467 1073; x_wconf 88' lang='lat' dir='ltr'><strong>dicitur</strong></span> <span class='ocrx_word' id='word_1_441' title='bbox 1480 1047 1490 1062; x_wconf 78' lang='lat'>³</span> <span class='ocrx_word' id='word_1_442' title='bbox 1510 1046 1600 1073; x_wconf 83' lang='lat' dir='ltr'><strong>sedere</strong></span> <span class='ocrx_word' id='word_1_443' title='bbox 1617 1053 1697 1080; x_wconf 80' lang='lat' dir='ltr'><strong>super</strong></span> <span class='ocrx_word' id='word_1_444' title='bbox 1714 1045 1776 1072; x_wconf 82' lang='lat' dir='ltr'><strong>Che-</strong></span> 
     </span>
     <span class='ocr_line' id='line_1_69' title="bbox 997 1091 1778 1128; baseline -0.003 -8"><span class='ocrx_word' id='word_1_445' title='bbox 997 1093 1099 1127; x_wconf 82' lang='lat' dir='ltr'><strong>rubim,</strong></span> <span class='ocrx_word' id='word_1_446' title='bbox 1123 1092 1155 1120; x_wconf 89' lang='lat' dir='ltr'><strong>id</strong></span> <span class='ocrx_word' id='word_1_447' title='bbox 1180 1095 1222 1120; x_wconf 90' lang='lat' dir='ltr'><strong>est</strong></span> <span class='ocrx_word' id='word_1_448' title='bbox 1245 1100 1334 1128; x_wconf 87' lang='lat' dir='ltr'><strong>super</strong></span> <span class='ocrx_word' id='word_1_449' title='bbox 1357 1092 1576 1128; x_wconf 85' lang='lat' dir='ltr'><strong>plenitudinem</strong></span> <span class='ocrx_word' id='word_1_450' title='bbox 1599 1091 1726 1119; x_wconf 76' lang='lat' dir='ltr'><strong>scientiae</strong></span> <span class='ocrx_word' id='word_1_451' title='bbox 1750 1093 1778 1119; x_wconf 91' lang='lat' dir='ltr'><strong>et</strong></span> 
     </span>
     <span class='ocr_line' id='line_1_70' title="bbox 997 1139 1777 1175; baseline -0.001 -8"><span class='ocrx_word' id='word_1_452' title='bbox 997 1147 1086 1175; x_wconf 89' lang='lat' dir='ltr'><strong>super</strong></span> <span class='ocrx_word' id='word_1_453' title='bbox 1107 1147 1229 1167; x_wconf 85' lang='lat' dir='ltr'><strong>ornnem</strong></span> <span class='ocrx_word' id='word_1_454' title='bbox 1249 1139 1439 1166; x_wconf 88' lang='lat' dir='ltr'><strong>intellectum.</strong></span> <span class='ocrx_word' id='word_1_455' title='bbox 1457 1139 1485 1167; x_wconf 89' lang='lat' dir='ltr'><strong>Si</strong></span> <span class='ocrx_word' id='word_1_456' title='bbox 1504 1139 1536 1166; x_wconf 92' lang='lat' dir='ltr'><strong>in</strong></span> <span class='ocrx_word' id='word_1_457' title='bbox 1555 1139 1777 1175; x_wconf 83' lang='lat' dir='ltr'><strong>comparatione</strong></span> 
     </span>
     <span class='ocr_line' id='line_1_71' title="bbox 997 1185 1778 1221; baseline -0.001 -8"><span class='ocrx_word' id='word_1_458' title='bbox 997 1186 1036 1213; x_wconf 89' lang='lat' dir='ltr'><strong>ad</strong></span> <span class='ocrx_word' id='word_1_459' title='bbox 1054 1186 1171 1220; x_wconf 89' lang='lat' dir='ltr'><strong>locum,</strong></span> <span class='ocrx_word' id='word_1_460' title='bbox 1187 1186 1228 1214; x_wconf 87' lang='lat' dir='ltr'><strong>sic</strong></span> <span class='ocrx_word' id='word_1_461' title='bbox 1247 1187 1290 1214; x_wconf 90' lang='lat' dir='ltr'><strong>est</strong></span> <span class='ocrx_word' id='word_1_462' title='bbox 1307 1185 1621 1221; x_wconf 88' lang='lat' dir='ltr'><strong>incircumscriptibilis</strong></span> <span class='ocrx_word' id='word_1_463' title='bbox 1631 1195 1638 1220; x_wconf 77' lang='lat'><em>3</em></span> <span class='ocrx_word' id='word_1_464' title='bbox 1655 1185 1778 1213; x_wconf 81' lang='lat' dir='ltr'><strong>Ambro-</strong></span> 
     </span>
     <span class='ocr_line' id='line_1_72' title="bbox 996 1232 1778 1269; baseline 0 -10"><span class='ocrx_word' id='word_1_465' title='bbox 996 1232 1056 1260; x_wconf 90' lang='lat' dir='ltr'><strong>sius</strong></span> <span class='ocrx_word' id='word_1_466' title='bbox 1069 1234 1097 1260; x_wconf 61' lang='lat'><strong>⁸:</strong></span> <span class='ocrx_word' id='word_1_467' title='bbox 1118 1232 1221 1261; x_wconf 87' lang='lat' dir='ltr'><strong>«Nihil</strong></span> <span class='ocrx_word' id='word_1_468' title='bbox 1242 1233 1460 1269; x_wconf 66' lang='lat' dir='ltr'><strong>praescriptum,</strong></span> <span class='ocrx_word' id='word_1_469' title='bbox 1482 1232 1555 1260; x_wconf 91' lang='lat' dir='ltr'><strong>nihil</strong></span> <span class='ocrx_word' id='word_1_470' title='bbox 1575 1232 1778 1267; x_wconf 88' lang='lat' dir='ltr'><strong>circumscrip-</strong></span> 
     </span>
     <span class='ocr_line' id='line_1_73' title="bbox 996 1279 1777 1314; baseline -0.001 -7"><span class='ocrx_word' id='word_1_471' title='bbox 996 1281 1069 1314; x_wconf 81' lang='lat' dir='ltr'><strong>tum,</strong></span> <span class='ocrx_word' id='word_1_472' title='bbox 1088 1279 1161 1307; x_wconf 92' lang='lat' dir='ltr'><strong>nihil</strong></span> <span class='ocrx_word' id='word_1_473' title='bbox 1180 1279 1348 1307; x_wconf 88' lang='lat' dir='ltr'><strong>dimensum</strong></span> <span class='ocrx_word' id='word_1_474' title='bbox 1362 1279 1485 1307; x_wconf 84' lang='lat' dir='ltr'><strong>Trinitas</strong></span> <span class='ocrx_word' id='word_1_475' title='bbox 1501 1279 1606 1314; x_wconf 70' lang='lat' dir='ltr'><strong>habet,</strong></span> <span class='ocrx_word' id='word_1_476' title='bbox 1630 1287 1692 1306; x_wconf 91' lang='lat' dir='ltr'><strong>non</strong></span> <span class='ocrx_word' id='word_1_477' title='bbox 1709 1279 1777 1306; x_wconf 89' lang='lat' dir='ltr'><strong>loco</strong></span> 
     </span>
     <span class='ocr_line' id='line_1_74' title="bbox 997 1326 1779 1360; baseline 0 -7"><span class='ocrx_word' id='word_1_478' title='bbox 997 1326 1155 1360; x_wconf 86' lang='lat' dir='ltr'><strong>clauditur,</strong></span> <span class='ocrx_word' id='word_1_479' title='bbox 1179 1334 1241 1354; x_wconf 90' lang='lat' dir='ltr'><strong>non</strong></span> <span class='ocrx_word' id='word_1_480' title='bbox 1265 1326 1471 1354; x_wconf 88' lang='lat' dir='ltr'><strong>terminatione</strong></span> <span class='ocrx_word' id='word_1_481' title='bbox 1495 1326 1692 1360; x_wconf 82' lang='lat' dir='ltr'><strong>concluditur,</strong></span> <span class='ocrx_word' id='word_1_482' title='bbox 1717 1334 1779 1353; x_wconf 91' lang='lat' dir='ltr'><strong>non</strong></span> 
     </span>
     <span class='ocr_line' id='line_1_75' title="bbox 996 1373 1779 1409; baseline 0 -9"><span class='ocrx_word' id='word_1_483' title='bbox 996 1375 1079 1401; x_wconf 86' lang='lat' dir='ltr'><strong>aetate</strong></span> <span class='ocrx_word' id='word_1_484' title='bbox 1093 1373 1233 1401; x_wconf 87' lang='lat' dir='ltr'><strong>variatur.</strong></span> <span class='ocrx_word' id='word_1_485' title='bbox 1250 1383 1264 1399; x_wconf 84' lang='grc'>»</span> <span class='ocrx_word' id='word_1_486' title='bbox 1282 1373 1338 1401; x_wconf 88' lang='lat' dir='ltr'><strong>Sed</strong></span> <span class='ocrx_word' id='word_1_487' title='bbox 1357 1373 1381 1400; x_wconf 92' lang='lat' dir='ltr'><strong>si</strong></span> <span class='ocrx_word' id='word_1_488' title='bbox 1396 1373 1599 1401; x_wconf 89' lang='lat' dir='ltr'><strong>consideratur</strong></span> <span class='ocrx_word' id='word_1_489' title='bbox 1614 1373 1645 1400; x_wconf 93' lang='lat' dir='ltr'><strong>in</strong></span> <span class='ocrx_word' id='word_1_490' title='bbox 1661 1381 1779 1409; x_wconf 88' lang='lat' dir='ltr'><strong>compa-</strong></span> 
     </span>
     <span class='ocr_line' id='line_1_76' title="bbox 996 1420 1779 1455; baseline 0 -8"><span class='ocrx_word' id='word_1_491' title='bbox 996 1420 1110 1447; x_wconf 86' lang='lat' dir='ltr'><strong>ratione</strong></span> <span class='ocrx_word' id='word_1_492' title='bbox 1124 1420 1163 1447; x_wconf 82' lang='lat' dir='ltr'><strong>ad</strong></span> <span class='ocrx_word' id='word_1_493' title='bbox 1179 1420 1378 1454; x_wconf 86' lang='lat' dir='ltr'><strong>durationem,</strong></span> <span class='ocrx_word' id='word_1_494' title='bbox 1390 1420 1431 1448; x_wconf 87' lang='lat' dir='ltr'><strong>sic</strong></span> <span class='ocrx_word' id='word_1_495' title='bbox 1447 1423 1489 1448; x_wconf 85' lang='lat' dir='ltr'><strong>est</strong></span> <span class='ocrx_word' id='word_1_496' title='bbox 1500 1422 1640 1455; x_wconf 83' lang='lat' dir='ltr'><strong>aeternus;</strong></span> <span class='ocrx_word' id='word_1_497' title='bbox 1657 1422 1779 1455; x_wconf 84' lang='lat' dir='ltr'><strong>Aposto-</strong></span> 
     </span>
     <span class='ocr_line' id='line_1_77' title="bbox 996 1467 1779 1503; baseline 0.001 -10"><span class='ocrx_word' id='word_1_498' title='bbox 996 1467 1041 1494; x_wconf 86' lang='lat' dir='ltr'><strong>lus</strong></span> <span class='ocrx_word' id='word_1_499' title='bbox 1052 1468 1061 1483; x_wconf 75' lang='lat'><strong>5</strong></span> <span class='ocrx_word' id='word_1_500' title='bbox 1077 1475 1086 1493; x_wconf 90' lang='lat'><em>:</em></span> <span class='ocrx_word' id='word_1_501' title='bbox 1102 1468 1168 1501; x_wconf 64' lang='lat' dir='ltr'><strong>Regi</strong></span> <span class='ocrx_word' id='word_1_502' title='bbox 1182 1469 1340 1494; x_wconf 68' lang='lat' dir='ltr'><strong>saeculorum</strong></span> <span class='ocrx_word' id='word_1_503' title='bbox 1356 1469 1513 1499; x_wconf 73' lang='lat' dir='ltr'><strong>immortali,</strong></span> <span class='ocrx_word' id='word_1_504' title='bbox 1530 1469 1584 1495; x_wconf 84' lang='lat' dir='ltr'><strong>etc.</strong></span> <span class='ocrx_word' id='word_1_505' title='bbox 1598 1469 1635 1495; x_wconf 89' lang='lat' dir='ltr'><strong>Dc</strong></span> <span class='ocrx_word' id='word_1_506' title='bbox 1648 1467 1693 1494; x_wconf 84' lang='lat' dir='ltr'><strong>his</strong></span> <span class='ocrx_word' id='word_1_507' title='bbox 1709 1475 1779 1503; x_wconf 74' lang='lat' dir='ltr'><strong>qua-</strong></span> 
     </span>
     <span class='ocr_line' id='line_1_78' title="bbox 996 1513 1778 1550; baseline 0.001 -10"><span class='ocrx_word' id='word_1_508' title='bbox 996 1515 1063 1540; x_wconf 91' lang='lat' dir='ltr'><strong>tuor</strong></span> <span class='ocrx_word' id='word_1_509' title='bbox 1076 1513 1237 1541; x_wconf 89' lang='lat' dir='ltr'><strong>dicendum</strong></span> <span class='ocrx_word' id='word_1_510' title='bbox 1253 1516 1294 1541; x_wconf 84' lang='lat' dir='ltr'><strong>est</strong></span> <span class='ocrx_word' id='word_1_511' title='bbox 1308 1514 1339 1541; x_wconf 93' lang='lat' dir='ltr'><strong>in</strong></span> <span class='ocrx_word' id='word_1_512' title='bbox 1355 1514 1546 1550; x_wconf 86' lang='lat' dir='ltr'><strong>sequentibus</strong></span> <span class='ocrx_word' id='word_1_513' title='bbox 1560 1522 1613 1550; x_wconf 89' lang='lat' dir='ltr'><strong>per</strong></span> <span class='ocrx_word' id='word_1_514' title='bbox 1630 1514 1778 1541; x_wconf 86' lang='lat' dir='ltr'><strong>ordinem.</strong></span> 
     </span>
    </p>

    <p class='ocr_par' dir='ltr' id='par_1_14' title="bbox 995 1560 1779 2157">
     <span class='ocr_line' id='line_1_79' title="bbox 1033 1560 1779 1596; baseline 0 -9"><span class='ocrx_word' id='word_1_515' title='bbox 1033 1560 1206 1587; x_wconf 89' lang='lat' dir='ltr'><strong>Tenendum</strong></span> <span class='ocrx_word' id='word_1_516' title='bbox 1228 1562 1270 1587; x_wconf 89' lang='lat' dir='ltr'><strong>est</strong></span> <span class='ocrx_word' id='word_1_517' title='bbox 1293 1560 1452 1588; x_wconf 79' lang='lat' dir='ltr'><strong>certissime</strong></span> <span class='ocrx_word' id='word_1_518' title='bbox 1477 1561 1560 1596; x_wconf 86' lang='lat' dir='ltr'><strong>quod</strong></span> <span class='ocrx_word' id='word_1_519' title='bbox 1582 1561 1612 1587; x_wconf 89' lang='lat' dir='ltr'><strong>in</strong></span> <span class='ocrx_word' id='word_1_520' title='bbox 1637 1562 1695 1588; x_wconf 89' lang='lat' dir='ltr'><strong>Deo</strong></span> <span class='ocrx_word' id='word_1_521' title='bbox 1718 1568 1779 1587; x_wconf 91' lang='lat' dir='ltr'><strong>non</strong></span> 
     </span>
     <span class='ocr_line' id='line_1_80' title="bbox 997 1607 1779 1644; baseline -0.001 -9"><span class='ocrx_word' id='word_1_522' title='bbox 997 1609 1039 1636; x_wconf 90' lang='lat' dir='ltr'><strong>est</strong></span> <span class='ocrx_word' id='word_1_523' title='bbox 1057 1607 1178 1644; x_wconf 88' lang='lat' dir='ltr'><strong>proprie</strong></span> <span class='ocrx_word' id='word_1_524' title='bbox 1193 1607 1360 1643; x_wconf 79' lang='lat' dir='ltr'><strong>longitudo,</strong></span> <span class='ocrx_word' id='word_1_525' title='bbox 1381 1616 1436 1635; x_wconf 91' lang='lat' dir='ltr'><strong>nec</strong></span> <span class='ocrx_word' id='word_1_526' title='bbox 1456 1607 1597 1642; x_wconf 87' lang='lat' dir='ltr'><strong>latitudo,</strong></span> <span class='ocrx_word' id='word_1_527' title='bbox 1616 1616 1670 1635; x_wconf 88' lang='lat' dir='ltr'><strong>nec</strong></span> <span class='ocrx_word' id='word_1_528' title='bbox 1685 1607 1779 1634; x_wconf 90' lang='lat' dir='ltr'><strong>subli-</strong></span> 
     </span>
     <span class='ocr_line' id='line_1_81' title="bbox 997 1654 1779 1690; baseline 0 -8"><span class='ocrx_word' id='word_1_529' title='bbox 997 1654 1101 1688; x_wconf 77' lang='lat' dir='ltr'><strong>mitas,</strong></span> <span class='ocrx_word' id='word_1_530' title='bbox 1123 1662 1177 1682; x_wconf 85' lang='lat' dir='ltr'><strong>nec</strong></span> <span class='ocrx_word' id='word_1_531' title='bbox 1195 1654 1397 1690; x_wconf 83' lang='lat' dir='ltr'><strong>profundum3</strong></span> <span class='ocrx_word' id='word_1_532' title='bbox 1421 1654 1473 1682; x_wconf 91' lang='lat' dir='ltr'><strong>sed</strong></span> <span class='ocrx_word' id='word_1_533' title='bbox 1496 1655 1558 1682; x_wconf 81' lang='lat' dir='ltr'><strong>haec</strong></span> <span class='ocrx_word' id='word_1_534' title='bbox 1578 1654 1779 1690; x_wconf 84' lang='lat' dir='ltr'><strong>metaphorice</strong></span> 
     </span>
     <span class='ocr_line' id='line_1_82' title="bbox 998 1701 1777 1736; baseline -0.001 -7"><span class='ocrx_word' id='word_1_535' title='bbox 998 1703 1066 1729; x_wconf 86' lang='lat' dir='ltr'><strong>sunt</strong></span> <span class='ocrx_word' id='word_1_536' title='bbox 1079 1701 1110 1728; x_wconf 93' lang='lat' dir='ltr'><strong>in</strong></span> <span class='ocrx_word' id='word_1_537' title='bbox 1125 1703 1194 1729; x_wconf 89' lang='lat' dir='ltr'><strong>Deo.</strong></span> <span class='ocrx_word' id='word_1_538' title='bbox 1210 1703 1255 1729; x_wconf 88' lang='lat' dir='ltr'><strong>Est</strong></span> <span class='ocrx_word' id='word_1_539' title='bbox 1267 1701 1347 1729; x_wconf 92' lang='lat' dir='ltr'><strong>enim</strong></span> <span class='ocrx_word' id='word_1_540' title='bbox 1362 1701 1393 1729; x_wconf 90' lang='lat' dir='ltr'><strong>in</strong></span> <span class='ocrx_word' id='word_1_541' title='bbox 1408 1703 1465 1729; x_wconf 88' lang='lat' dir='ltr'><strong>Deo</strong></span> <span class='ocrx_word' id='word_1_542' title='bbox 1480 1701 1605 1729; x_wconf 89' lang='lat' dir='ltr'><strong>latitudo</strong></span> <span class='ocrx_word' id='word_1_543' title='bbox 1621 1701 1777 1736; x_wconf 84' lang='lat' dir='ltr'><strong>charitatis,</strong></span> 
     </span>
     <span class='ocr_line' id='line_1_83' title="bbox 998 1748 1779 1785; baseline -0.001 -9"><span class='ocrx_word' id='word_1_544' title='bbox 998 1757 1058 1785; x_wconf 89' lang='lat' dir='ltr'><strong>qua</strong></span> <span class='ocrx_word' id='word_1_545' title='bbox 1071 1757 1126 1776; x_wconf 90' lang='lat' dir='ltr'><strong>nos</strong></span> <span class='ocrx_word' id='word_1_546' title='bbox 1141 1749 1179 1776; x_wconf 83' lang='lat' dir='ltr'><strong>ab</strong></span> <span class='ocrx_word' id='word_1_547' title='bbox 1195 1757 1293 1776; x_wconf 86' lang='lat' dir='ltr'><strong>errore</strong></span> <span class='ocrx_word' id='word_1_548' title='bbox 1307 1750 1441 1783; x_wconf 76' lang='lat' dir='ltr'><strong>revocat3</strong></span> <span class='ocrx_word' id='word_1_549' title='bbox 1458 1748 1617 1776; x_wconf 87' lang='lat' dir='ltr'><strong>Hieremias</strong></span> <span class='ocrx_word' id='word_1_550' title='bbox 1636 1749 1655 1774; x_wconf 74' lang='lat'><strong>⁶:</strong></span> <span class='ocrx_word' id='word_1_551' title='bbox 1674 1749 1705 1775; x_wconf 79' lang='lat' dir='ltr'><strong>In</strong></span> <span class='ocrx_word' id='word_1_552' title='bbox 1719 1749 1779 1775; x_wconf 79' lang='lat' dir='ltr'><strong>cha-</strong></span> 
     </span>
     <span class='ocr_line' id='line_1_84' title="bbox 996 1796 1779 1831; baseline -0.003 -8"><span class='ocrx_word' id='word_1_553' title='bbox 996 1798 1078 1823; x_wconf 81' lang='lat' dir='ltr'><strong>ritate</strong></span> <span class='ocrx_word' id='word_1_554' title='bbox 1091 1799 1224 1831; x_wconf 78' lang='lat' dir='ltr'><strong>perpetua</strong></span> <span class='ocrx_word' id='word_1_555' title='bbox 1239 1796 1326 1823; x_wconf 75' lang='lat' dir='ltr'><strong>dileoei</strong></span> <span class='ocrx_word' id='word_1_556' title='bbox 1347 1799 1386 1827; x_wconf 89' lang='lat' dir='ltr'><strong>te;</strong></span> <span class='ocrx_word' id='word_1_557' title='bbox 1406 1796 1466 1822; x_wconf 76' lang='lat' dir='ltr'><strong>ideo</strong></span> <span class='ocrx_word' id='word_1_558' title='bbox 1482 1797 1588 1822; x_wconf 79' lang='lat' dir='ltr'><strong>attraoei</strong></span> <span class='ocrx_word' id='word_1_559' title='bbox 1607 1798 1632 1822; x_wconf 85' lang='lat' dir='ltr'><strong>te</strong></span> <span class='ocrx_word' id='word_1_560' title='bbox 1648 1797 1779 1822; x_wconf 76' lang='lat' dir='ltr'><strong>miserans</strong></span> 
     </span>
     <span class='ocr_line' id='line_1_85' title="bbox 998 1841 1779 1878; baseline -0.003 -8"><span class='ocrx_word' id='word_1_561' title='bbox 998 1846 1049 1870; x_wconf 83' lang='lat' dir='ltr'><strong>tui.</strong></span> <span class='ocrx_word' id='word_1_562' title='bbox 1067 1845 1113 1870; x_wconf 88' lang='lat' dir='ltr'><strong>Est</strong></span> <span class='ocrx_word' id='word_1_563' title='bbox 1128 1844 1156 1870; x_wconf 87' lang='lat' dir='ltr'><strong>et</strong></span> <span class='ocrx_word' id='word_1_564' title='bbox 1169 1842 1327 1878; x_wconf 80' lang='lat' dir='ltr'><strong>longitudo</strong></span> <span class='ocrx_word' id='word_1_565' title='bbox 1342 1842 1489 1878; x_wconf 60' lang='lat' dir='ltr'><strong>patientiae</strong></span> <span class='ocrx_word' id='word_1_566' title='bbox 1499 1863 1506 1876; x_wconf 91' lang='lat'><strong>,</strong></span> <span class='ocrx_word' id='word_1_567' title='bbox 1524 1850 1585 1877; x_wconf 84' lang='lat' dir='ltr'><strong>qua</strong></span> <span class='ocrx_word' id='word_1_568' title='bbox 1600 1841 1695 1869; x_wconf 83' lang='lat' dir='ltr'><strong>malos</strong></span> <span class='ocrx_word' id='word_1_569' title='bbox 1709 1850 1779 1877; x_wconf 85' lang='lat' dir='ltr'><strong>por-</strong></span> 
     </span>
     <span class='ocr_line' id='line_1_86' title="bbox 997 1890 1779 1925; baseline -0.003 -8"><span class='ocrx_word' id='word_1_570' title='bbox 997 1891 1053 1921; x_wconf 83' lang='lat' dir='ltr'><strong>tat,</strong></span> <span class='ocrx_word' id='word_1_571' title='bbox 1068 1890 1225 1917; x_wconf 80' lang='lat' dir='ltr'><strong>dissimulat</strong></span> <span class='ocrx_word' id='word_1_572' title='bbox 1237 1897 1368 1925; x_wconf 84' lang='lat' dir='ltr'><strong>namque</strong></span> <span class='ocrx_word' id='word_1_573' title='bbox 1377 1890 1387 1906; x_wconf 76' lang='lat'>7</span> <span class='ocrx_word' id='word_1_574' title='bbox 1401 1891 1510 1923; x_wconf 80' lang='lat' dir='ltr'><strong>peccata</strong></span> <span class='ocrx_word' id='word_1_575' title='bbox 1521 1890 1657 1915; x_wconf 80' lang='lat' dir='ltr'><strong>hominum</strong></span> <span class='ocrx_word' id='word_1_576' title='bbox 1666 1891 1779 1923; x_wconf 80' lang='lat' dir='ltr'><strong>propter</strong></span> 
     </span>
     <span class='ocr_line' id='line_1_87' title="bbox 995 1934 1779 1971; baseline -0.001 -8"><span class='ocrx_word' id='word_1_577' title='bbox 995 1938 1192 1971; x_wconf 67' lang='lat' dir='ltr'><strong>peonitentiam.</strong></span> <span class='ocrx_word' id='word_1_578' title='bbox 1209 1937 1256 1963; x_wconf 89' lang='lat' dir='ltr'><strong>Est</strong></span> <span class='ocrx_word' id='word_1_579' title='bbox 1270 1936 1300 1962; x_wconf 92' lang='lat' dir='ltr'><strong>in</strong></span> <span class='ocrx_word' id='word_1_580' title='bbox 1313 1944 1348 1963; x_wconf 87' lang='lat' dir='ltr'><strong>eo</strong></span> <span class='ocrx_word' id='word_1_581' title='bbox 1362 1935 1528 1963; x_wconf 86' lang='lat' dir='ltr'><strong>sublimitas</strong></span> <span class='ocrx_word' id='word_1_582' title='bbox 1540 1934 1701 1970; x_wconf 72' lang='lat' dir='ltr'><strong>sapientiae,</strong></span> <span class='ocrx_word' id='word_1_583' title='bbox 1719 1943 1779 1970; x_wconf 81' lang='lat' dir='ltr'><strong>qua</strong></span> 
     </span>
     <span class='ocr_line' id='line_1_88' title="bbox 998 1981 1779 2018; baseline -0.004 -8"><span class='ocrx_word' id='word_1_584' title='bbox 998 1991 1119 2010; x_wconf 88' lang='lat' dir='ltr'><strong>omnem</strong></span> <span class='ocrx_word' id='word_1_585' title='bbox 1140 1990 1258 2010; x_wconf 86' lang='lat' dir='ltr'><strong>sensum</strong></span> <span class='ocrx_word' id='word_1_586' title='bbox 1278 1984 1412 2018; x_wconf 85' lang='lat' dir='ltr'><strong>superat;</strong></span> <span class='ocrx_word' id='word_1_587' title='bbox 1439 1981 1595 2018; x_wconf 86' lang='lat' dir='ltr'><strong>Apostolus</strong></span> <span class='ocrx_word' id='word_1_588' title='bbox 1619 1982 1628 1996; x_wconf 72' lang='lat'><strong>&#39;³</strong></span> <span class='ocrx_word' id='word_1_589' title='bbox 1646 1990 1653 2008; x_wconf 90' lang='lat'>:</span> <span class='ocrx_word' id='word_1_590' title='bbox 1683 1982 1779 2008; x_wconf 73' lang='lat' dir='ltr'><strong>Omnia</strong></span> 
     </span>
     <span class='ocr_line' id='line_1_89' title="bbox 997 2027 1777 2064; baseline -0.004 -7"><span class='ocrx_word' id='word_1_591' title='bbox 997 2030 1071 2057; x_wconf 79' lang='lat' dir='ltr'><strong>nuda</strong></span> <span class='ocrx_word' id='word_1_592' title='bbox 1091 2033 1116 2057; x_wconf 81' lang='lat' dir='ltr'><strong>et</strong></span> <span class='ocrx_word' id='word_1_593' title='bbox 1135 2032 1231 2064; x_wconf 81' lang='lat' dir='ltr'><strong>aperta</strong></span> <span class='ocrx_word' id='word_1_594' title='bbox 1246 2032 1309 2056; x_wconf 75' lang='lat' dir='ltr'><strong>sunt</strong></span> <span class='ocrx_word' id='word_1_595' title='bbox 1330 2030 1412 2055; x_wconf 76' lang='lat' dir='ltr'><strong>oculis</strong></span> <span class='ocrx_word' id='word_1_596' title='bbox 1434 2029 1500 2063; x_wconf 74' lang='lat' dir='ltr'><strong>ejus.</strong></span> <span class='ocrx_word' id='word_1_597' title='bbox 1517 2030 1563 2056; x_wconf 85' lang='lat' dir='ltr'><strong>Est</strong></span> <span class='ocrx_word' id='word_1_598' title='bbox 1582 2028 1671 2055; x_wconf 85' lang='lat' dir='ltr'><strong>etiam</strong></span> <span class='ocrx_word' id='word_1_599' title='bbox 1689 2027 1720 2054; x_wconf 84' lang='lat' dir='ltr'><strong>iu</strong></span> <span class='ocrx_word' id='word_1_600' title='bbox 1742 2035 1777 2055; x_wconf 85' lang='lat' dir='ltr'><strong>co</strong></span> 
     </span>
     <span class='ocr_line' id='line_1_90' title="bbox 997 2074 1777 2111; baseline -0.003 -8"><span class='ocrx_word' id='word_1_601' title='bbox 997 2076 1181 2111; x_wconf 87' lang='lat' dir='ltr'><strong>profundum</strong></span> <span class='ocrx_word' id='word_1_602' title='bbox 1194 2076 1321 2110; x_wconf 71' lang='lat' dir='ltr'><strong>justitiae,</strong></span> <span class='ocrx_word' id='word_1_603' title='bbox 1334 2083 1393 2111; x_wconf 82' lang='lat' dir='ltr'><strong>qua</strong></span> <span class='ocrx_word' id='word_1_604' title='bbox 1407 2076 1577 2111; x_wconf 87' lang='lat' dir='ltr'><strong>peccatores</strong></span> <span class='ocrx_word' id='word_1_605' title='bbox 1592 2074 1731 2108; x_wconf 79' lang='lat' dir='ltr'><strong>damnat,</strong></span> <span class='ocrx_word' id='word_1_606' title='bbox 1748 2074 1777 2101; x_wconf 90' lang='lat' dir='ltr'><strong>in</strong></span> 
     </span>
     <span class='ocr_line' id='line_1_91' title="bbox 998 2122 1776 2157; baseline 0.001 -8"><span class='ocrx_word' id='word_1_607' title='bbox 998 2123 1128 2150; x_wconf 65' lang='lat' dir='ltr'><strong>Matthaeo</strong></span> <span class='ocrx_word' id='word_1_608' title='bbox 1145 2122 1180 2157; x_wconf 85' lang='lat' dir='ltr'><strong>(b)</strong></span> <span class='ocrx_word' id='word_1_609' title='bbox 1197 2124 1225 2149; x_wconf 72' lang='lat'><strong>⁹:</strong></span> <span class='ocrx_word' id='word_1_610' title='bbox 1242 2123 1298 2153; x_wconf 81' lang='lat' dir='ltr'><strong>Ite,</strong></span> <span class='ocrx_word' id='word_1_611' title='bbox 1315 2122 1469 2153; x_wconf 75' lang='lat' dir='ltr'><strong>maledicti,</strong></span> <span class='ocrx_word' id='word_1_612' title='bbox 1490 2123 1519 2148; x_wconf 81' lang='lat' dir='ltr'><strong>in</strong></span> <span class='ocrx_word' id='word_1_613' title='bbox 1534 2123 1621 2155; x_wconf 72' lang='lat' dir='ltr'><strong>iqncm</strong></span> <span class='ocrx_word' id='word_1_614' title='bbox 1637 2124 1776 2150; x_wconf 80' lang='lat' dir='ltr'><strong>oeternum.</strong></span> 
     </span>
    </p>
   </div>
   <div class='ocr_carea' id='block_1_13' title="bbox 1241 2215 1533 2321">
    <p class='ocr_par' dir='ltr' id='par_1_15' title="bbox 1241 2215 1533 2321">
     <span class='ocr_line' id='line_1_92' title="bbox 1267 2215 1508 2249; baseline -0.008 -1"><span class='ocrx_word' id='word_1_615' title='bbox 1267 2215 1409 2248; x_wconf 90' lang='lat' dir='ltr'><strong>CAPUT</strong></span> <span class='ocrx_word' id='word_1_616' title='bbox 1433 2216 1508 2249; x_wconf 91' lang='lat' dir='ltr'><strong>XV.</strong></span> 
     </span>
     <span class='ocr_line' id='line_1_93' title="bbox 1241 2288 1533 2321; baseline 0.003 -8"><span class='ocrx_word' id='word_1_617' title='bbox 1241 2288 1278 2314; x_wconf 72' lang='lat' dir='ltr'><strong>De</strong></span> <span class='ocrx_word' id='word_1_618' title='bbox 1306 2288 1445 2321; x_wconf 64' lang='lat' dir='ltr'><strong>infinitate</strong></span> <span class='ocrx_word' id='word_1_619' title='bbox 1476 2288 1533 2315; x_wconf 65' lang='lat' dir='ltr'><strong>Det.</strong></span> 
     </span>
    </p>
   </div>
   <div class='ocr_carea' id='block_1_14' title="bbox 998 2356 1777 2533">
    <p class='ocr_par' dir='ltr' id='par_1_16' title="bbox 998 2356 1777 2533">
     <span class='ocr_line' id='line_1_94' title="bbox 1035 2356 1776 2384; baseline 0 0"><span class='ocrx_word' id='word_1_620' title='bbox 1035 2356 1234 2384; x_wconf 86' lang='lat' dir='ltr'><strong>Dubitandum</strong></span> <span class='ocrx_word' id='word_1_621' title='bbox 1250 2364 1321 2383; x_wconf 84' lang='lat' dir='ltr'><strong>vcro</strong></span> <span class='ocrx_word' id='word_1_622' title='bbox 1336 2364 1398 2383; x_wconf 85' lang='lat' dir='ltr'><strong>non</strong></span> <span class='ocrx_word' id='word_1_623' title='bbox 1417 2358 1459 2383; x_wconf 90' lang='lat' dir='ltr'><strong>est</strong></span> <span class='ocrx_word' id='word_1_624' title='bbox 1481 2358 1572 2384; x_wconf 88' lang='lat' dir='ltr'><strong>Deum</strong></span> <span class='ocrx_word' id='word_1_625' title='bbox 1596 2365 1658 2384; x_wconf 85' lang='lat' dir='ltr'><strong>esse</strong></span> <span class='ocrx_word' id='word_1_626' title='bbox 1678 2357 1776 2384; x_wconf 89' lang='lat' dir='ltr'><strong>infini-</strong></span> 
     </span>
     <span class='ocr_line' id='line_1_95' title="bbox 998 2403 1777 2439; baseline 0.004 -10"><span class='ocrx_word' id='word_1_627' title='bbox 998 2404 1079 2437; x_wconf 87' lang='lat' dir='ltr'><strong>tum,</strong></span> <span class='ocrx_word' id='word_1_628' title='bbox 1102 2403 1189 2438; x_wconf 88' lang='lat' dir='ltr'><strong>quia,</strong></span> <span class='ocrx_word' id='word_1_629' title='bbox 1213 2411 1280 2429; x_wconf 90' lang='lat' dir='ltr'><strong>cum</strong></span> <span class='ocrx_word' id='word_1_630' title='bbox 1300 2403 1330 2429; x_wconf 91' lang='lat' dir='ltr'><strong>in</strong></span> <span class='ocrx_word' id='word_1_631' title='bbox 1353 2405 1410 2430; x_wconf 88' lang='lat' dir='ltr'><strong>Deo</strong></span> <span class='ocrx_word' id='word_1_632' title='bbox 1436 2403 1515 2430; x_wconf 80' lang='lat' dir='ltr'><strong>idem</strong></span> <span class='ocrx_word' id='word_1_633' title='bbox 1541 2404 1577 2430; x_wconf 76' lang='lat' dir='ltr'><strong>sit</strong></span> <span class='ocrx_word' id='word_1_634' title='bbox 1599 2405 1729 2439; x_wconf 83' lang='lat' dir='ltr'><strong>potentia</strong></span> <span class='ocrx_word' id='word_1_635' title='bbox 1750 2407 1777 2432; x_wconf 81' lang='lat' dir='ltr'><strong>et</strong></span> 
     </span>
     <span class='ocr_line' id='line_1_96' title="bbox 1000 2449 1775 2488; baseline 0.001 -12"><span class='ocrx_word' id='word_1_636' title='bbox 1000 2449 1124 2477; x_wconf 86' lang='lat' dir='ltr'><strong>essentia</strong></span> <span class='ocrx_word' id='word_1_637' title='bbox 1135 2471 1142 2484; x_wconf 88' lang='lat'><strong>,</strong></span> <span class='ocrx_word' id='word_1_638' title='bbox 1155 2451 1235 2485; x_wconf 78' lang='lat' dir='ltr'><strong>patet</strong></span> <span class='ocrx_word' id='word_1_639' title='bbox 1250 2449 1333 2484; x_wconf 84' lang='lat' dir='ltr'><strong>quod</strong></span> <span class='ocrx_word' id='word_1_640' title='bbox 1348 2449 1474 2477; x_wconf 79' lang='lat' dir='ltr'><strong>essentia</strong></span> <span class='ocrx_word' id='word_1_641' title='bbox 1489 2450 1552 2485; x_wconf 85' lang='lat' dir='ltr'><strong>ejus</strong></span> <span class='ocrx_word' id='word_1_642' title='bbox 1575 2453 1616 2477; x_wconf 84' lang='lat' dir='ltr'><strong>est</strong></span> <span class='ocrx_word' id='word_1_643' title='bbox 1639 2451 1754 2478; x_wconf 86' lang='lat' dir='ltr'><strong>infinita</strong></span> <span class='ocrx_word' id='word_1_644' title='bbox 1762 2472 1775 2488; x_wconf 20' lang='grc' dir='ltr'><strong>Β,</strong></span> 
     </span>
     <span class='ocr_line' id='line_1_97' title="bbox 1000 2497 1776 2533; baseline 0 -9"><span class='ocrx_word' id='word_1_645' title='bbox 1000 2498 1073 2525; x_wconf 87' lang='lat' dir='ltr'><strong>sicut</strong></span> <span class='ocrx_word' id='word_1_646' title='bbox 1088 2500 1115 2525; x_wconf 89' lang='lat' dir='ltr'><strong>et</strong></span> <span class='ocrx_word' id='word_1_647' title='bbox 1130 2497 1271 2533; x_wconf 87' lang='lat' dir='ltr'><strong>potentia.</strong></span> <span class='ocrx_word' id='word_1_648' title='bbox 1294 2497 1374 2524; x_wconf 87' lang='lat' dir='ltr'><strong>Unde</strong></span> <span class='ocrx_word' id='word_1_649' title='bbox 1398 2498 1472 2524; x_wconf 80' lang='lat' dir='ltr'><strong>sicut</strong></span> <span class='ocrx_word' id='word_1_650' title='bbox 1494 2498 1625 2532; x_wconf 81' lang='lat' dir='ltr'><strong>potentia</strong></span> <span class='ocrx_word' id='word_1_651' title='bbox 1645 2498 1694 2524; x_wconf 82' lang='lat' dir='ltr'><strong>Dei</strong></span> <span class='ocrx_word' id='word_1_652' title='bbox 1716 2506 1776 2525; x_wconf 88' lang='lat' dir='ltr'><strong>non</strong></span> 
     </span>
    </p>
   </div>
   <div class='ocr_carea' id='block_1_15' title="bbox 1152 2571 1777 2671">
    <p class='ocr_par' dir='ltr' id='par_1_17' title="bbox 1177 2571 1777 2665">
     <span class='ocr_line' id='line_1_98' title="bbox 1259 2571 1777 2600; baseline 0.004 -7"><span class='ocrx_word' id='word_1_653' title='bbox 1259 2572 1284 2594; x_wconf 75' lang='lat' dir='ltr'><strong>in</strong></span> <span class='ocrx_word' id='word_1_654' title='bbox 1305 2572 1372 2600; x_wconf 55' lang='lat' dir='ltr'><strong>Luam,</strong></span> <span class='ocrx_word' id='word_1_655' title='bbox 1393 2571 1435 2594; x_wconf 70' lang='lat' dir='ltr'><strong>lib.</strong></span> <span class='ocrx_word' id='word_1_656' title='bbox 1457 2572 1489 2600; x_wconf 77' lang='grc' dir='ltr'><strong>ΙΙ</strong></span> <span class='ocrx_word' id='word_1_657' title='bbox 1507 2579 1532 2594; x_wconf 84' lang='lat'><strong>11.</strong></span> <span class='ocrx_word' id='word_1_658' title='bbox 1554 2574 1586 2595; x_wconf 64' lang='lat'><strong>155.</strong></span> <span class='ocrx_word' id='word_1_659' title='bbox 1605 2585 1629 2587; x_wconf 40' lang='grc' dir='ltr'><em>ᾈ</em></span> <span class='ocrx_word' id='word_1_660' title='bbox 1651 2572 1660 2587; x_wconf 78' lang='lat'><strong>5</strong></span> <span class='ocrx_word' id='word_1_661' title='bbox 1679 2572 1683 2594; x_wconf 93' lang='grc'><em>1</em></span> <span class='ocrx_word' id='word_1_662' title='bbox 1704 2572 1777 2600; x_wconf 55' lang='lat' dir='ltr'><strong>Tam..</strong></span> 
     </span>
     <span class='ocr_line' id='line_1_99' title="bbox 1152 2606 1777 2638; baseline 0.005 -10.13"><span class='ocrx_word' id='word_1_663' title='bbox 1152 2606 1279 2636; x_wconf 47' lang='grc' dir='ltr'><strong>ιῆ&gt;’]ι,)ή&gt;ιιι.,</strong></span> <span class='ocrx_word' id='word_1_664' title='bbox 1299 2613 1360 2629; x_wconf 74' lang='lat' dir='ltr'><strong>xxxt</strong></span> <span class='ocrx_word' id='word_1_665' title='bbox 1397 2609 1420 2629; x_wconf 99' lang='grc'>3</span> <span class='ocrx_word' id='word_1_666' title='bbox 1443 2620 1468 2623; x_wconf 73' lang='lat'>—</span> <span class='ocrx_word' id='word_1_667' title='bbox 1494 2608 1503 2623; x_wconf 99' lang='grc'>7</span> <span class='ocrx_word' id='word_1_668' title='bbox 1531 2609 1600 2637; x_wconf 53' lang='lat'><strong>512¹7</strong></span> <span class='ocrx_word' id='word_1_669' title='bbox 1623 2613 1663 2638; x_wconf 69' lang='lat' dir='ltr'><strong>sl,</strong></span> <span class='ocrx_word' id='word_1_670' title='bbox 1687 2609 1724 2631; x_wconf 63' lang='grc' dir='ltr'><strong>Ξῖ.</strong></span> <span class='ocrx_word' id='word_1_671' title='bbox 1747 2621 1777 2626; x_wconf 47' lang='grc' dir='ltr'>ψ</span> 
     </span>
     <span class='ocr_line' id='line_1_100' title="bbox 1177 2625 1512 2671; baseline 0 -6"><span class='ocrx_word' id='word_1_672' title='bbox 1177 2644 1201 2665; x_wconf 67' lang='lat' dir='ltr'><strong>ll)</strong></span> <span class='ocrx_word' id='word_1_673' title='bbox 1223 2655 1253 2659; x_wconf 89' lang='lat'><strong>——-</strong></span> <span class='ocrx_word' id='word_1_674' title='bbox 1263 2625 1386 2671; x_wconf 65' lang='lat' dir='ltr'><strong>‘¹&#39;.⁷‚Maltlz</strong></span> <span class='ocrx_word' id='word_1_675' title='bbox 1398 2648 1458 2671; x_wconf 74' lang='lat' dir='ltr'><strong>xxx,</strong></span> <span class='ocrx_word' id='word_1_676' title='bbox 1475 2644 1512 2665; x_wconf 69' lang='lat'><strong>4¹.</strong></span> 
     </span>
    </p>
   </div>
   <div class='ocr_carea' id='block_1_16' title="bbox 1000 2571 1239 2655">
    <p class='ocr_par' dir='ltr' id='par_1_18' title="bbox 1000 2571 1239 2655">
     <span class='ocr_line' id='line_1_101' title="bbox 1000 2571 1239 2599; baseline 0 -5"><span class='ocrx_word' id='word_1_677' title='bbox 1000 2572 1024 2594; x_wconf 77' lang='lat'><strong>2.</strong></span> <span class='ocrx_word' id='word_1_678' title='bbox 1040 2584 1070 2588; x_wconf 85' lang='lat'><strong>-—-</strong></span> <span class='ocrx_word' id='word_1_679' title='bbox 1087 2572 1096 2587; x_wconf 52' lang='grc' dir='ltr'>δ</span> <span class='ocrx_word' id='word_1_680' title='bbox 1113 2571 1239 2599; x_wconf 66' lang='grc' dir='ltr'><strong>Αι]ι1ιΓω5,,</strong></span> 
     </span>
     <span class='ocr_line' id='line_1_102' title="bbox 1001 2608 1130 2635; baseline 0 -5"><span class='ocrx_word' id='word_1_681' title='bbox 1001 2612 1019 2635; x_wconf 87' lang='lat'><strong>1,</strong></span> <span class='ocrx_word' id='word_1_682' title='bbox 1044 2608 1080 2630; x_wconf 75' lang='lat'><strong>17.</strong></span> <span class='ocrx_word' id='word_1_683' title='bbox 1100 2619 1130 2623; x_wconf 86' lang='lat'><strong>—-</strong></span> 
     </span>
     <span class='ocr_line' id='line_1_103' title="bbox 1002 2642 1011 2655; baseline 0 0"><span class='ocrx_word' id='word_1_684' title='bbox 1002 2642 1011 2655; x_wconf 71' lang='grc'><strong>8</strong></span> 
     </span>
    </p>
   </div>
   <div class='ocr_carea' id='block_1_17' title="bbox 1025 2641 1160 2672">
    <p class='ocr_par' dir='ltr' id='par_1_19' title="bbox 1025 2641 1160 2672">
     <span class='ocr_line' id='line_1_104' title="bbox 1025 2641 1160 2672; baseline -0.008 -7"><span class='ocrx_word' id='word_1_685' title='bbox 1025 2641 1097 2665; x_wconf 59' lang='lat' dir='ltr'><strong>Helm.</strong></span> <span class='ocrx_word' id='word_1_686' title='bbox 1102 2647 1160 2672; x_wconf 84' lang='lat' dir='ltr'><strong>„1v</strong></span> 
     </span>
    </p>
   </div>
  </div>
 </body>
</html>
