2004 3037
185 241 246 272 368

181 307 297 335 nicatus
307 303 406 339 fuerit,
416 302 488 332 sciat
495 310 526 331 se
533 309 626 338 grave
640 299 822 330 adulterium
835 299 962 330 commi-

181 353 263 381 sisse.
281 350 395 380 Idcirco
413 349 538 385 femina,
553 348 579 377 si
592 348 669 377 laica
684 349 738 382 est,
759 347 861 376 omnia
873 346 964 376 relin-

182 401 264 436 quat,
275 399 303 426 et
311 405 359 426 res
365 405 434 425 suas
443 395 627 433 pauperibus
637 394 759 429 tribuat,
770 395 799 422 et
808 401 963 428 conversa,

181 446 213 474 in
221 444 412 479 monasterio,
418 442 666 480 jugipoenitentiae
673 443 731 470 Deo
737 449 831 478 usque
841 441 881 469 ad
887 448 966 469 mor-

181 495 242 521 tem
255 491 372 520 serviat.
387 490 532 519 Sacerdos
547 492 658 524 autem,
671 488 722 525 qui
733 487 849 516 malum
865 495 965 516 exem-

182 539 266 576 plum
281 538 364 567 dedit
377 537 551 566 hominibus
559 557 570 572 ,
588 536 626 564 ab
647 535 729 564 omni
749 534 848 563 officio
869 534 964 570 depo-

182 588 280 620 natur,
295 587 324 614 et
345 584 565 622 peregrinando
581 582 754 620 quindecim
768 581 854 610 annis
873 580 966 618 poeni-

182 635 250 662 teat.
264 635 367 661 Postea
377 639 450 660 vero
464 631 503 660 ad
515 629 731 659 monasterium
741 628 846 664 vadat,
861 627 964 664 ibique

183 680 290 709 diebus
313 679 454 708 omnibus
478 678 546 706 vitae
571 685 631 705 suoe
653 678 712 704 Deo
733 675 850 704 serviat.
866 685 880 700 ιι
898 676 962 702 Haec

184 735 290 756 canon.
302 727 385 755 Idem
402 736 409 754 :
429 727 516 754 «Non
530 725 620 753 debet
632 723 789 760 episcopus
799 744 807 756 ‚
822 723 873 750 aut
886 729 965 758 pres-

183 775 269 811 byter
283 772 468 802 commisceri
484 780 552 800 cum
571 769 762 804 mulieribus,
783 777 851 805 quae
870 767 898 796 ei
912 775 966 796 sua

184 821 324 850 confessae
339 819 446 848 fuerint
458 819 588 856 peccata.
606 817 634 845 Si
654 816 729 845 forte
741 837 750 851 ‚
771 815 855 852 quod
870 814 965 850 absit,

183 868 242 896 hoc
255 866 443 902 contingerit,
455 865 496 894 sic
510 864 661 902 poeniteat,
677 862 834 899 quomodo
851 861 888 889 de
903 860 966 888 filia

184 915 344 952 spirituali,
360 913 518 949 episcopus
533 910 706 948 quindecim
721 909 806 937 annis
816 929 826 942 ,
840 907 965 944 presby-

185 965 228 990 ter
243 960 404 990 duodecim
418 959 519 994 aunis,
535 960 563 986 et
582 958 760 994 deponatur,
777 955 800 984 si
820 957 921 983 tamen
934 954 966 982 in

186 1008 396 1038 conscientiam
413 1007 448 1043 (a)
463 1004 570 1042 populi
586 1003 769 1032 devenerit.»
781 1003 844 1030 flaec
858 1008 965 1030 canon.

451 1083 632 1109 PARTtCULA
651 1082 694 1107 tv.

213 1142 249 1165 De
264 1138 416 1172 poenitentia
431 1137 499 1170 ejus,
516 1137 560 1169 qui
575 1135 692 1168 peccavit
706 1137 796 1160 contra
811 1136 940 1159 naturam.

222 1195 334 1224 Tertius
345 1201 443 1222 canon
453 1195 496 1222 est
505 1192 628 1222 Concilii
637 1191 839 1220 Lateranensis
848 1191 966 1226 (Exn-a„

188 1244 224 1271 dc
244 1250 353 1270 excess.
383 1241 538 1274 Proelator,
559 1248 584 1267 c.
611 1238 737 1274 Clerici),
761 1240 792 1265 ut
812 1237 848 1274 (b)
863 1236 940 1264 infra
960 1245 966 1263 :

190 1289 394 1324 «Quicumque
409 1287 460 1315 illa
475 1285 699 1320 incontinentia,
717 1293 784 1321 quae
798 1286 901 1312 contra
914 1291 968 1311 na·

187 1338 284 1364 turam
299 1337 356 1370 cst,
374 1336 496 1371 propter
511 1341 602 1369 quam
623 1334 631 1350 ¹
649 1334 691 1359 ira
705 1333 755 1358 υθέ
769 1333 842 1358 venit
855 1332 885 1358 in
898 1331 969 1364 filios

187 1384 352 1418 disfivtentloe
365 1403 373 1417 ‚
404 1383 431 1409 et
465 1380 598 1417 quinque
633 1378 764 1406 civitates
793 1377 862 1413 igne
897 1384 969 1404 con-

186 1430 331 1466 sumpsit,
347 1426 526 1465 deprehensi
540 1426 648 1454 suerint
662 1425 815 1459 laborare,
831 1424 855 1451 si
871 1423 969 1451 clerici

186 1477 313 1512 fuerint,
334 1476 510 1512 dejiciantur
526 1484 543 1503 a
567 1474 664 1509 clero,
684 1473 733 1501 vel
756 1472 796 1500 ad
820 1471 969 1508 agendam

187 1523 391 1560 poenitcntiam
401 1523 431 1550 in
442 1521 628 1551 monasteriis
636 1519 831 1548 detrudantur
837 1528 846 1554 ς
853 1518 877 1546 si
888 1517 968 1552 laici,

187 1571 488 1601 excommunicationi
510 1569 687 1604 subdantur,
711 1570 740 1597 et
759 1576 777 1596 a
797 1569 874 1595 coetu
893 1566 968 1594 fide-

187 1620 263 1648 lium
277 1619 334 1648 sint
345 1618 393 1647 vel
406 1619 479 1646 fiant
494 1617 611 1654 penitus
626 1615 724 1644 alieni.
742 1625 756 1641 u
780 1616 844 1642 llaec
860 1621 966 1642 canon.

188 1668 247 1696 Hoc
262 1669 360 1695 autem
374 1666 480 1693 vitium
493 1664 590 1699 majus
605 1664 662 1697 cst,
683 1670 775 1698 quam
797 1661 822 1689 si
844 1663 969 1689 matrem

188 1714 255 1750 quis
270 1713 559 1750 cognosceret(caus.
570 1717 662 1744 xxxii,
677 1717 706 1745 q.
724 1716 772 1744 vu,
782 1716 807 1736 c.
818 1708 968 1736 Adulterii.

463 1798 644 1824 PAllTlCULA
663 1797 692 1821 V.

190 1864 226 1887 De
256 1860 408 1893 poenitentia
436 1859 598 1883 sacerdotum
627 1857 798 1882 clandestinas
826 1855 970 1886 desponsa·

221 1899 304 1922 tiones
327 1903 381 1920 non
411 1894 621 1926 prohibentium,
651 1894 693 1916 aut
725 1892 822 1916 eisdem
849 1890 970 1915 interesse

221 1931 441 1965 praesumentium.

227 1997 352 2030 Quartus
366 2001 463 2022 canon
476 1995 519 2021 est
533 1992 694 2021 Innocentii
708 1990 809 2026 Tertii,
826 1990 857 2018 in
870 1989 971 2017 Conci-

192 2043 232 2071 lio
242 2041 371 2078 generali
385 2043 487 2075 (Extra.
500 2040 537 2068 de
544 2039 685 2067 clandest.
698 2037 865 2074 despons.):
879 2037 971 2064 «Cum

193 2089 330 2118 inhibitio
345 2088 459 2124 copulae
474 2086 640 2122 conjugalis
655 2085 690 2113 sit
708 2085 738 2112 in
754 2084 864 2112 ultimis
878 2083 972 2111 tribus

194 2136 336 2172 gradibus
357 2137 495 2162 revocata
508 2154 516 2167 ,
531 2141 597 2160 cam
617 2133 647 2159 in
666 2131 731 2160 aliis
750 2131 890 2159 volumus
911 2129 972 2157 dis-

194 2184 276 2211 tricte
296 2181 417 2209 servari.
435 2180 515 2208 Unde
535 2179 786 2216 praedecessorum
802 2180 972 2205 nostrorum

195 2229 324 2264 vestigiis
339 2227 534 2261 inhoermdo,
556 2225 740 2253 clandestina
760 2225 899 2260 conjugia
921 2231 971 2259 pc-

196 2276 273 2304 nitus
297 2275 484 2308 iuhibemus,
508 2273 699 2309 prohibentes
726 2271 830 2305 etiam,
849 2279 885 2298 ne
905 2270 972 2306 quis

197 2322 335 2350 sacerdos
348 2321 458 2348 talibus
469 2320 605 2347 interesse
618 2320 784 2354 praesumat.
797 2319 891 2351 Quare
906 2325 972 2353 spe-

197 2369 303 2397 cialem
327 2366 530 2403 quorumdam
559 2366 695 2393 locorum
727 2364 973 2392 consuetudinem

198 2416 238 2444 ad
254 2415 313 2443 alia
327 2415 337 2430 ²
351 2412 527 2448 generaliter
547 2411 753 2447 prorogando,
767 2411 919 2438 statuimus
942 2412 974 2438 ut

199 2471 266 2490 cuin
281 2459 470 2489 matrimonia
484 2458 590 2486 suerint
605 2457 821 2492 contrahenda,
837 2457 867 2484 in
882 2457 974 2484 eccle-

198 2510 248 2537 siis
260 2517 312 2544 per
323 2507 513 2544 presbyteros
527 2505 646 2540 publice
662 2506 879 2540 proponantur,
895 2512 974 2531 com-

199 2554 307 2592 petenti
323 2553 449 2582 termino
464 2551 608 2588 praetinito
620 2572 629 2585 ,
649 2553 681 2579 ut
699 2551 776 2579 intra
795 2550 898 2584 illum,
922 2550 973 2586 qui

199 2601 326 2631 voluerit
339 2603 366 2629 et
380 2599 507 2628 valuerit
519 2620 528 2634 ,
542 2597 706 2634 legitimum
726 2597 973 2634 impedimentum

234 2668 238 2679 ¹
255 2666 354 2696 Ephec„
372 2670 396 2694 V,
407 2666 429 2687 6.
440 2676 471 2680 -
479 2663 489 2678 *Ξ
499 2662 601 2686 Scilicet
611 2662 676 2686 loce.
687 2675 717 2680 -—
727 2663 736 2679 3
746 2662 873 2687 Theodor.
890 2664 973 2693 Cant„

200 2700 369 2726 Poenztential.
383 2711 416 2719 -—·
425 2700 433 2713 ⁴
447 2697 476 2723 td
488 2699 534 2729 est,
549 2697 645 2722 resecti.

830 230 1162 266 CONFESSIONALE.

1021 301 1174 337 opponat,
1189 301 1219 329 et
1235 299 1293 337 ipsi
1306 299 1473 337 presbyteri
1486 299 1682 330 nihilominus
1700 302 1798 331 inves-

1020 347 1114 383 tigent
1125 368 1132 381 ‚
1148 349 1248 376 utrum
1261 347 1389 384 aliquod
1402 347 1651 384 impedimentum
1663 348 1796 379 obsistat.

1021 395 1096 423 Cum
1115 397 1216 424 autem
1237 394 1408 432 apparuerit
1437 394 1606 431 probabilis
1627 395 1798 432 conjectura

1022 444 1124 471 contra
1139 442 1280 479 copulam
1299 442 1550 478 contrahendam,
1569 444 1735 471 contractus
1753 443 1799 472 in-

1021 489 1180 518 terdicatur
1197 497 1334 525 expresse
1345 509 1354 523 ,
1375 489 1486 523 donec,
1506 489 1591 526 quod
1609 489 1675 518 fieri
1693 489 1802 518 debeat

1021 543 1111 572 super
1125 543 1160 564 eo
1171 557 1180 571 ,
1196 535 1357 564 manifestis
1371 536 1532 565 constiterit
1553 536 1749 565 documentis.
1771 536 1801 565 Si

1022 581 1090 618 quis
1104 590 1176 611 vero
1189 582 1365 619 hujusmodi
1381 582 1566 611 clandestina
1582 582 1631 611 vel
1644 582 1801 611 interdicta

1022 629 1162 665 conjugia
1176 629 1251 658 inire
1261 630 1480 666 praesumpserit
1489 630 1521 657 in
1537 629 1634 665 gradu
1648 629 1801 666 prohibito

1022 676 1110 705 etiam
1133 676 1316 712 ignoranter,
1335 676 1457 705 soboles
1472 676 1510 705 de
1527 677 1578 705 tali
1594 677 1802 712 conjunctione

1021 725 1156 760 suscepta
1165 731 1287 759 prorsus
1296 723 1450 759 illegitima
1460 726 1628 759 censeatur,
1643 723 1681 752 de
1694 731 1802 760 paren-

1021 772 1084 798 tum
1105 770 1274 806 ignorantia
1297 770 1416 798 nullum
1443 770 1584 799 habitura
1612 770 1782 799 subsidium
1792 791 1802 805 ,

1022 824 1091 844 cum
1100 816 1144 844 illi
1159 816 1253 844 taliter
1263 816 1468 845 contrahendo
1482 825 1546 845 non
1555 819 1690 854 expertes
1705 817 1800 845 scien-

1020 863 1084 898 tiae,
1099 863 1147 891 vel
1160 863 1264 891 saltem
1278 862 1462 891 affectatores
1475 863 1649 898 ignorantiae
1674 863 1802 893 videan—

1022 911 1079 938 tur.
1095 909 1159 938 Pari
1179 909 1273 938 modo
1294 910 1395 946 proles
1413 909 1567 945 illegitima
1585 911 1739 938 censeatur
1750 931 1760 944 ,
1777 909 1803 938 si

1023 956 1114 984 ambo
1128 959 1264 992 parentes
1287 956 1537 993 impedimentum
1560 956 1685 985 scientes
1706 956 1802 992 legiti-

1022 1011 1125 1037 mum,
1139 1006 1244 1040 praeter
1259 1011 1349 1031 omne
1363 1004 1571 1038 interdictum,
1583 1003 1670 1032 etiam
1684 1003 1715 1031 in
1732 1011 1803 1031 con-

1022 1052 1123 1087 spectu
1134 1050 1266 1079 Ecclesiae
1277 1050 1451 1079 contrahere
1461 1050 1710 1087 praesumpserint.
1725 1051 1801 1080 Sane

1022 1097 1047 1124 si
1060 1096 1238 1133 parochialis
1252 1096 1391 1125 sacerdos
1406 1097 1478 1125 tales
1494 1090 1718 1133 conjunctiones
1730 1105 1800 1134 pro-

1022 1143 1126 1172 hibere
1141 1144 1367 1180 contempserit,
1392 1146 1443 1172 aut
1457 1144 1583 1180 quilibet
1606 1143 1695 1172 etiam
1714 1151 1802 1179 regu—

1023 1190 1094 1218 laris
1109 1191 1159 1227 qui
1178 1191 1204 1218 ei
1219 1191 1439 1227 praesumpserit
1461 1191 1600 1219 interesse
1611 1211 1621 1225 ‚
1641 1198 1695 1227 per
1715 1190 1803 1218 trien—

1025 1237 1108 1265 nium
1129 1237 1168 1266 ab
1184 1237 1283 1265 officio
1306 1237 1518 1274 suspendatur,
1539 1237 1660 1273 gravius
1677 1237 1804 1273 punien-

1025 1284 1097 1318 dus,
1112 1284 1136 1311 si
1147 1285 1242 1320 culpae
1255 1284 1383 1321 qualitas
1393 1284 1598 1321 postulaverit.
1610 1284 1668 1313 Sed
1677 1284 1733 1319 his,
1751 1284 1804 1320 qui

1024 1331 1120 1359 taliter
1135 1332 1388 1368 praesumpserint(
1401 1332 1490 1360 etiam
1505 1331 1536 1359 in
1550 1331 1647 1367 gradu
1663 1338 1804 1359 concesso

1025 1378 1180 1414 copulari,
1205 1379 1356 1414 condigna
1377 1378 1549 1415 poenitentia
1567 1379 1751 1414 injungatur.
1776 1378 1805 1406 Si

1025 1426 1092 1462 quis
1107 1428 1207 1454 autem
1227 1426 1267 1454 ad
1282 1426 1509 1462 impediendum
1530 1426 1694 1462 legitimam
1715 1433 1806 1462 copu-

1025 1473 1098 1508 lam,
1114 1473 1259 1501 malitiose
1276 1472 1524 1509 impedimentum
1539 1472 1698 1508 objecerit,
1715 1479 1805 1500 cano-

1025 1520 1124 1548 nicam
1139 1528 1200 1548 non
1215 1519 1335 1555 effugiet
1349 1519 1502 1548 ultionem.
1515 1530 1528 1547 υ
1546 1521 1610 1548 llaec
1625 1527 1732 1548 canon.

1291 1604 1471 1628 PARTtCULA
1492 1604 1532 1629 Vl.

1075 1661 1109 1685 De
1134 1660 1285 1692 poenitentia
1304 1661 1368 1692 ejus,
1393 1660 1436 1692 qui
1460 1662 1518 1691 post,
1541 1657 1630 1684 votum
1654 1659 1762 1690 simplex

1349 1696 1486 1721 contrahit.

1062 1755 1185 1789 Quintus
1200 1764 1296 1784 canon
1312 1759 1354 1784 est
1369 1756 1515 1784 Theodori
1528 1757 1538 1773 ³
1550 1756 1627 1791 (dist.
1640 1755 1768 1791 xxv11):«
1779 1755 1808 1783 Si

1026 1803 1081 1837 vir,
1100 1803 1226 1839 simplex
1248 1806 1350 1831 votum
1364 1803 1539 1839 virginitatis
1559 1803 1683 1838 habens,
1699 1802 1806 1838 adjun-

1027 1849 1104 1885 gitur
1123 1850 1226 1884 uxori,
1241 1852 1344 1886 postea
1357 1858 1419 1878 non
1444 1850 1570 1878 dimittat
1592 1857 1735 1885 uxorem,
1753 1849 1806 1877 sed

1026 1896 1120 1924 tribus
1141 1897 1226 1925 annis
1240 1897 1390 1933 poeniteat.
1408 1907 1421 1922 »

1292 1979 1474 2004 PARTlCULA
1494 1980 1548 2004 vn.

1043 2033 1079 2056 De
1105 2031 1258 2062 poenitentia
1284 2032 1448 2057 sacerdotum
1473 2032 1499 2056 in
1525 2031 1791 2056 excommunicatione

1323 2067 1519 2092 celebrantium.

1063 2129 1165 2156 Sextus
1173 2136 1269 2156 canon
1277 2128 1444 2156 estloannis
1455 2128 1553 2156 Octavi
1561 2128 1651 2163 (caus.
1662 2135 1700 2162 xi,
1710 2135 1738 2163 q.
1747 2127 1804 2162 ui):

1030 2175 1083 2202 «De
1093 2175 1150 2202 illis
1157 2175 1346 2210 presbyteris,
1355 2174 1406 2210 qui
1413 2178 1545 2210 tempore
1551 2174 1724 2201 sanctissimi
1732 2181 1806 2210 prae-

1027 2221 1189 2249 decessoris
1205 2222 1296 2249 nostri
1312 2221 1427 2249 domini
1450 2223 1534 2257 Papae
1550 2220 1671 2254 Nicolai,
1685 2228 1804 2248 excom-

1027 2268 1168 2296 municati
1193 2276 1309 2295 sacrum
1331 2267 1505 2304 mysterium
1531 2268 1702 2303 contingere
1730 2275 1804 2303 proe-

1028 2318 1236 2351 sumpserunt,
1253 2316 1309 2351 ipsi
1324 2316 1353 2343 in
1369 2324 1399 2343 se
1415 2315 1626 2349 damnationis,
1643 2315 1716 2342 sicut
1730 2313 1806 2340 sacri

1028 2371 1157 2391 canones
1172 2365 1350 2397 statuerunt,
1368 2363 1542 2390 sententiam
1557 2362 1729 2390 intulerunt.
1753 2362 1804 2387 Ta-

1028 2418 1098 2437 men
1130 2410 1201 2445 quia
1225 2409 1374 2437 miseratio
1403 2409 1566 2445 apostolica
1588 2408 1705 2436 veniam
1733 2406 1806 2434 solet

1028 2458 1166 2492 praestare
1183 2456 1336 2490 correctis,
1350 2456 1389 2484 ol)
1405 2456 1626 2484 multitudinem
1638 2453 1805 2482 misericor-

1029 2503 1085 2531 diae
1095 2503 1152 2530 illis
1160 2503 1236 2530 hanc
1247 2503 1463 2538 indulgentiam
1471 2503 1656 2536 exhibemus,
1667 2502 1805 2528 utsancta

1029 2550 1239 2578 communione
1261 2551 1385 2585 saginati
1398 2552 1417 2583 b,
1438 2550 1573 2578 studeant
1594 2549 1688 2577 tribus
1710 2547 1803 2576 conti-

1029 2597 1096 2625 nuis
1111 2596 1196 2625 annis
1214 2605 1268 2633 per
1282 2597 1505 2625 hebdomadam
1516 2618 1524 2632 ,
1548 2596 1629 2624 omni
1655 2594 1803 2628 secunda,

1061 2696 1095 2727 (a)
1112 2696 1173 2720 Caec.
1189 2696 1248 2720 eda.
1262 2698 1427 2722 conscientia.
1438 2709 1466 2715 ——
1482 2696 1513 2727 (b)
1530 2696 1591 2720 Item
1607 2698 1641 2720 et.
