2004 3037
818 255 986 290 PROLOG.

422 371 663 407 DISTINCTIO
689 372 730 406 11.

224 447 349 483 Qualiter
372 448 402 475 in
423 447 567 475 intrinseco
593 445 696 474 Christi
718 447 816 474 secreto
840 447 926 474 varice

386 492 537 519 mansiones
551 490 768 526 distinguantur.

222 560 358 590 Secundo
373 559 540 589 videndum
559 560 619 594 est,
641 560 768 596 qualiter
789 559 821 588 in
842 559 896 589 illo
919 560 965 589 in-

186 609 312 638 trinseco
327 608 431 637 Christi
447 607 537 636 varioe
551 607 737 644 mansiones,
758 608 807 636 vel
831 608 965 637 maneria

187 656 412 692 d1stinguantur.
429 658 468 684 De
484 664 545 693 quo
559 656 726 684 notandum
741 658 799 691 est,
814 657 896 693 quod
911 665 965 693 per

186 703 296 733 ostium
309 703 451 732 intrantes
472 703 511 731 ad
533 703 673 732 interiora
687 703 807 738 domus,
822 711 883 732 non
898 712 963 732 om·

185 759 237 780 nes
250 750 401 787 aequaliter
415 750 552 778 locantur
562 772 572 785 ,
587 750 641 778 sed
663 750 828 778 secundum
848 751 965 786 majora

184 798 290 826 merita
313 797 362 826 vel
382 797 499 826 minora
522 805 729 834 personarum.
751 798 832 826 Unde
846 799 964 827 Bernar-

185 844 242 873 dus
253 845 284 873 in
300 845 415 873 Cantica
429 845 500 873 dicit
516 849 524 867 ¹
539 853 547 874 :
567 854 580 871 «
595 845 785 881 Unaquaeque
799 845 900 874 anima
914 845 966 874 de-

184 893 255 920 vota
278 891 408 920 inveniet
431 892 489 920 sibi
513 893 657 920 secretum
685 900 753 920 eum
777 900 886 928 sponso
900 913 908 927 ,
933 895 965 921 ut

186 938 264 966 dicat
278 938 355 966 illud
370 938 450 967 lsaiae
465 939 495 966 ²:
511 939 648 967 Secretum
667 947 754 966 meam
773 940 858 974 mihi,
879 947 963 967 secre-

185 988 243 1012 tum
259 993 345 1013 meum
359 986 450 1013 mihi:
468 985 540 1021 quia
561 993 623 1013 non
647 985 787 1014 omnibus
812 994 872 1014 uno
895 986 963 1014 loco

185 1030 273 1060 datur
291 1031 348 1059 frui
363 1031 472 1067 gratia,
488 1033 517 1060 et
539 1034 651 1060 secreta
670 1032 770 1068 sponsi
789 1033 944 1069 praesentia
955 1054 963 1067 ,

184 1078 238 1106 sed
251 1079 284 1106 ut
297 1078 404 1115 cuique
419 1081 556 1115 paratum
578 1081 620 1107 est
638 1088 656 1108 a
670 1081 762 1108 Patre.
779 1081 840 1109 Non
859 1080 938 1107 enim
954 1081 964 1098 ³

183 1132 239 1153 nos
253 1125 351 1161 ipsum
366 1127 502 1161 eleqimus,
513 1126 560 1154 sed
574 1126 638 1162 ipse
652 1134 707 1154 nos
723 1127 818 1161 elegit,
835 1129 859 1154 et
870 1128 964 1162 posuit

184 1179 256 1207 nos,
271 1174 300 1200 et
313 1172 365 1200 uhi
380 1181 396 1201 a
411 1174 469 1200 Deo
485 1173 691 1209 unusquisque
706 1173 819 1209 positus
841 1175 899 1208 est,
922 1173 964 1201 ibi

184 1221 236 1247 est.
253 1229 266 1245 η
286 1220 349 1247 Haec
372 1219 548 1248 Bernardus.
573 1220 654 1248 Unde
675 1220 864 1255 notandum,
880 1220 965 1256 quod

185 1266 309 1302 quidam
333 1274 369 1294 ex
392 1266 628 1302 ingredientibus
651 1267 843 1294 intrinsecum
867 1275 963 1295 secre-

183 1315 247 1341 tum
261 1313 376 1341 Domini
391 1314 474 1348 Jesu,
488 1313 672 1350 recipiuntur
687 1313 718 1341 in
738 1313 864 1341 domum
879 1322 963 1342 sanc-

185 1361 219 1388 toe
247 1360 504 1396 compunctionis,
528 1362 561 1388 ut
586 1361 676 1390 Maria
705 1361 879 1396 Magdalcna
898 1360 908 1376 ¹·
933 1361 964 1389 in

185 1406 276 1434 domo
292 1407 438 1442 Simonis;
454 1407 485 1434 in
503 1407 648 1443 palatium
671 1408 818 1435 continuae
841 1408 965 1435 medita-

184 1453 292 1488 tionis,
314 1455 346 1481 ut
368 1454 461 1481 David
485 1454 536 1490 qui
561 1454 655 1482 (ἰῑοίι5
679 1463 685 1482 x
706 1455 853 1482 Meditatz'o
876 1455 964 1482 cordis

184 1502 237 1528 mei
251 1502 282 1527 in
296 1503 434 1536 conspectu
453 1503 498 1528 tuo
520 1509 638 1536 semper3
659 1501 690 1528 in
711 1509 845 1528 mensam
868 1501 965 1529 dulcis

183 1547 350 1575 refectionis
366 1569 375 1582 ,
396 1550 428 1576 ut
458 1549 576 1582 Petrus,
601 1549 652 1584 qui
677 1548 747 1576 dicit
765 1547 795 1575 ⁶:
817 1550 847 1575 Si
876 1551 965 1576 tamen

184 1596 314 1628 gustastis
330 1595 381 1630 (a),
398 1597 528 1630 quoniam
543 1595 632 1622 dulcis
651 1597 689 1622 est
704 1597 834 1622 Dominus
847 1604 855 1628 ‚-
871 1595 901 1622 in
917 1603 965 1622 cu-

184 1641 320 1669 biculum
333 1641 470 1669 solitariae
485 1642 753 1678 contemplationis,
768 1644 800 1670 ut
813 1644 941 1670 Joannes
955 1643 965 1660 ⁷

185 1688 338 1724 quiescens
365 1687 397 1716 in
428 1690 547 1725 pectore
585 1689 721 1724 Domini3
750 1689 781 1716 in
810 1690 965 1725 ampiexus

184 1742 328 1763 amorosae
341 1735 477 1770 union1s,
493 1738 524 1764 ut
539 1736 576 1764 de
589 1744 699 1772 sponso
716 1736 824 1764 dicitur
838 1737 848 1753 ⁸
862 1745 869 1764 ε
885 1737 965 1764 Loeva

184 1783 240 1816 ejus
264 1783 312 1810 sub
345 1784 437 1818 eapite
458 1792 531 1816 meo,
547 1786 573 1812 et
597 1784 709 1812 dextera
734 1785 812 1811 illius
825 1785 966 1819 amplexa-

185 1830 260 1857 bitur
282 1838 322 1857 me
342 1838 353 1857 :
372 1830 491 1866 spiritus
515 1832 615 1859 tamen
638 1839 753 1867 sponsae
777 1831 839 1866 jam
862 1839 965 1859 omues

185 1876 254 1904 istas
268 1876 437 1904 mansiones
451 1877 630 1905 visitaverat.
653 1878 710 1905 Sed
726 1877 891 1905 Bernartius
912 1878 965 1905 ali-

187 1924 229 1950 ter
244 1922 395 1958 distinguit
410 1923 477 1950 istas
491 1925 672 1959 mansiones,
689 1925 790 1952 dicens
805 1926 814 1942 ⁹
833 1934 839 1952 :
858 1935 870 1950 «
884 1925 966 1952 Deni-

186 1976 244 2004 que
257 1976 318 1996 una
330 1969 437 1997 mulier
453 1972 632 2005 compuncta
647 1979 730 1998 secus
745 1971 835 2006 pedes
849 1971 964 1999 Domini

185 2017 251 2043 lesu
267 2016 368 2043 sortita
386 2017 429 2043 est
444 2016 545 2044 locum
564 2017 652 2052 hujus
667 2018 788 2052 secreti3
806 2018 858 2045 sed
874 2018 966 2046 altera

185 2070 244 2090 sure
258 2062 424 2090 devotionis
439 2062 566 2090 fructum
581 2084 591 2098 ,
612 2065 674 2091 sive
690 2065 851 2098 secretum,
867 2065 905 2092 ad
921 2072 966 2102 ca-

185 2111 238 2144 put
252 2109 377 2144 invenit,
393 2109 418 2136 si
440 2111 539 2137 tamen
565 2110 666 2138 altera.
685 2111 775 2138 Porro
795 2110 921 2139 Thomas
935 2112 965 2139 in

185 2155 292 2190 latere,
310 2157 438 2184 loannes
462 2156 492 2184 in
512 2157 631 2192 pectore
643 2177 651 2190 ,
667 2157 766 2184 Petrus
790 2157 820 2184 in
835 2157 900 2184 sinu
914 2158 966 2186 Pa-

185 2203 250 2237 tris,
262 2202 410 2230 Paulusin
425 2203 509 2230 tertio
526 2203 601 2230 coelo
619 2204 721 2231 secreti
737 2204 824 2238 hujiis
840 2204 966 2239 gratiam

186 2251 253 2277 sunt
280 2249 415 2276 assecuti.
439 2260 452 2274 υ
474 2250 507 2276 Et
532 2250 688 2286 sequitur:
708 2260 722 2276 (ι
744 2251 834 2278 Porro
859 2251 966 2279 mulier

185 2296 287 2324 stravit
311 2295 368 2323 sibi
392 2295 423 2322 in
446 2297 507 2323 tuto
531 2296 722 2331 humilitatis3
745 2298 910 2332 posterior,
935 2298 966 2325 in

186 2343 282 2371 solido
298 2343 380 2379 spei3
397 2343 538 2377 Thomas,
554 2343 585 2371 in
604 2344 701 2371 solido
716 2344 806 2379 fidei3
823 2346 964 2380 loanneS,

186 2390 215 2418 in
230 2390 289 2418 lato
305 2389 472 2425 charitati83
490 2390 615 2425 Paulus,
631 2390 662 2417 in
678 2391 781 2419 intimo
797 2391 964 2427 sapientiae3

185 2439 302 2470 Petrus,
317 2437 348 2464 iu
362 2436 491 2464 veritatis
506 2437 570 2464 luce
588 2446 595 2463 :
612 2439 639 2464 et
661 2437 702 2465 sic
725 2438 807 2474 apud
822 2447 965 2474 sponsum

187 2484 360 2512 mansiones
376 2483 476 2511 multae
491 2486 568 2510 sunt.
585 2494 597 2509 >³
618 2485 681 2512 Ilaec
703 2487 770 2512 sunt
789 2485 882 2512 verba
897 2493 966 2513 san-

188 2530 223 2557 cti
243 2530 390 2557 Bernardi.
407 2530 463 2558 Sed
479 2530 635 2565 Gregorius
653 2531 682 2558 in
699 2532 888 2567 evang-*lium
911 2532 945 2567 (t)
958 2554 965 2565 ‚

221 2615 227 2630 ¹
244 2615 330 2643 Bora,
350 2615 375 2637 in
396 2615 477 2643 Castu,
499 2622 576 2638 sei-ui.
596 2621 654 2643 rw,
674 2619 729 2646 pust
745 2617 813 2640 iuml.
829 2630 858 2633 —
882 2617 890 2630 ²
906 2618 965 2646 lfa.³

189 2655 264 2680 ΜΝ,
286 2652 322 2674 16.
337 2663 368 2668 -
387 2650 398 2667 ³
412 2651 494 2681 joaa„
515 2657 556 2677 xv,
583 2651 619 2674 16.
636 2665 665 2668 —
685 2652 694 2668 4
710 2653 778 2677 Luc..
801 2658 853 2681 ru,
878 2653 915 2675 37,
936 2665 966 2670 -

188 2686 198 2702 ⁵
216 2685 281 2709 l’sal.
300 2691 374 2715 xviu,
392 2687 428 2709 15.
442 2699 472 2703 ——
487 2686 495 2700 Β
517 2686 523 2709 l
546 2686 622 2716 Petu,
649 2693 676 2715 ιι,
693 2689 716 2711 3.
732 2701 763 2705 -—
781 2688 791 2704 7
806 2689 886 2714 joan„
907 2693 966 2715 3:11³,

190 2722 226 2746 23.
248 2734 275 2738 -
298 2721 309 2737 ⁸
324 2720 408 2750 Cant„
433 2726 467 2752 11,
492 2723 518 2752 ὓς
544 2727 605 2753 vm,
622 2724 644 2748 3.
664 2736 694 2741 -
714 2724 722 2738 ³·
740 2724 825 2754 lle-ru„
848 2723 890 2746 ubi
909 2729 964 2753 sup.

1009 255 1109 290 DIST.
1132 255 1171 288 1¹.
1744 257 1803 287 395

1024 325 1112 354 Erant
1136 325 1388 360 appropinquantes
1410 324 1448 352 ad
1471 324 1578 358 Iesum,
1600 324 1629 352 et
1657 323 1741 359 nugo
1765 322 1804 352 de

1025 373 1131 402 Sancto
1138 373 1263 408 Victore,
1274 372 1354 402 libro
1369 374 1476 409 quarto
1491 372 1524 400 de
1540 371 1665 399 claustro
1680 371 1803 405 Anz‘moe,

1024 428 1091 456 cap.
1107 428 1191 455 xxw,
1207 420 1325 449 videtur
1339 419 1393 448 has
1414 419 1585 448 mansiones
1600 419 1802 455 distinguere}

1022 467 1108 503 quasi
1136 467 1176 496 ad
1208 466 1335 496 modum
1370 465 1567 495 distinotionis
1602 466 1804 503 angelicarum

1023 514 1226 543 mansionum.
1254 513 1335 542 Unde
1351 534 1361 549 ,
1385 521 1474 550 super
1504 513 1636 549 primum
1664 513 1804 548 Anqelicae

1022 561 1192 589 Hierarchioe
1204 582 1214 596 ,
1239 560 1310 589 dicit
1333 561 1417 596 Hugo
1439 560 1459 578 ¹⁰
1477 569 1485 588 :
1504 560 1698 588 «Secundum
1718 560 1804 589 illam

1021 615 1154 644 namque
1175 608 1422 645 proportionem,
1444 615 1505 644 qua
1530 615 1610 635 nunc
1634 607 1715 636 dona
1739 615 1804 642 gra-

1023 655 1130 684 tiarum
1154 655 1322 683 differenter
1345 647 1546 691 percipimus,
1571 654 1676 682 merito
1702 656 1804 690 postea

1021 701 1070 729 vel
1087 701 1135 729 hic
1157 709 1212 738 per
1233 701 1339 730 mentis
1359 700 1660 737 contemplationem,
1677 701 1727 728 vel
1742 699 1803 728 illie

1020 755 1075 784 per
1100 748 1326 777 retributionem
1341 769 1350 784 ‚
1375 749 1408 776 in
1434 756 1594 776 numerum
1609 769 1619 782 ,
1643 747 1675 775 id
1699 749 1756 783 est,
1773 746 1803 775 in

1022 796 1191 824 mansiones
1201 816 1211 831 ‚
1226 796 1385 824 transimus
1399 795 1576 830 angelorum
1585 815 1596 830 ‚
1610 795 1637 822 et
1651 794 1740 822 etiam
1754 802 1801 822 se-

1022 843 1156 871 eundum
1170 842 1368 871 differentiam
1380 842 1624 879 progressionum
1634 861 1645 876 ,
1660 842 1689 869 et
1710 841 1803 869 incre-

1021 892 1122 918 menta
1145 890 1400 918 illuminationum
1418 911 1427 925 ,
1452 891 1480 917 et
1500 888 1667 917 seeundum
1692 888 1802 924 gradus

1021 937 1222 974 spiritualium
1247 936 1435 973 profectuum
1465 936 1496 964 in
1520 936 1608 964 nobis
1633 935 1803 964 differenter

1021 984 1181 1012 transimus
1204 984 1235 1011 iu
1259 992 1418 1012 numerum
1441 983 1628 1019 angelorum.
1651 992 1665 1010 »
1690 984 1722 1011 Et
1742 984 1802 1010 tam

1021 1031 1179 1067 Gregorius
1195 1052 1204 1066 ,
1220 1039 1312 1067 quam
1327 1032 1411 1066 lingo
1432 1030 1494 1059 haee
1515 1030 1663 1066 explicant
1678 1051 1687 1065 ‚
1703 1029 1803 1057 dicen-

1023 1080 1063 1106 tes
1078 1079 1095 1095 ¹¹
1110 1088 1116 1106 :
1134 1089 1146 1104 (ι
1162 1079 1291 1115 Oportet,
1310 1080 1338 1106 et
1352 1079 1383 1106 in
1397 1078 1453 1106 hac
1471 1078 1531 1106 vita
1551 1079 1719 1111 manentes,
1734 1085 1802 1105 con-

1020 1124 1149 1153 formare
1162 1133 1192 1153 se
1206 1125 1374 1154 coelestibus
1388 1125 1593 1153 mansionibus
1605 1132 1657 1160 per
1669 1124 1801 1159 aliquam

1020 1171 1232 1207 imitationem,
1249 1173 1300 1209 qui
1315 1173 1421 1201 volunt
1443 1171 1603 1200 ascendere
1627 1171 1667 1199 ad
1691 1171 1766 1199 illas.
1785 1180 1799 1196 ι)

1021 1219 1102 1246 Unde
1125 1219 1196 1246 dicit
1210 1221 1334 1255 uterque
1349 1228 1356 1247 :
1376 1230 1388 1245 «
1402 1220 1475 1247 Sunt
1489 1218 1627 1246 nonnulli
1642 1218 1694 1254 qui
1709 1225 1803 1254 parva

1021 1267 1158 1302 capiunt,
1175 1266 1229 1294 sed
1249 1269 1348 1294 tamen
1364 1266 1415 1294 illa
1434 1266 1483 1301 pie
1504 1265 1645 1293 fratribus
1666 1265 1803 1293 nuntiare

1020 1321 1082 1341 non
1102 1313 1255 1341 desistunt.
1272 1313 1316 1341 llli
1333 1312 1433 1348 itaque
1448 1312 1479 1339 in
1502 1320 1678 1347 numerum,
1694 1312 1726 1340 id
1742 1314 1803 1347 est,

1021 1361 1190 1388 mansiones
1216 1360 1399 1396 Angelorum
1424 1362 1554 1387 currunt.
1582 1360 1614 1387 Et
1638 1360 1706 1386 sunt
1728 1366 1804 1386 non-

1020 1407 1095 1435 nulli
1118 1407 1188 1443 qui,
1205 1407 1307 1435 divina
1326 1407 1461 1442 largitate
1485 1405 1602 1441 resecti,
1623 1408 1804 1434 secretorum

1021 1454 1185 1482 coelestium
1205 1462 1323 1482 summa
1343 1461 1448 1489 cepere
1463 1453 1577 1487 valent,
1593 1454 1620 1481 et
1641 1453 1777 1480 nuntiare
1796 1462 1802 1480 τ

1021 1509 1082 1537 quo
1099 1509 1170 1536 ergo
1193 1501 1253 1534 isti,
1277 1500 1334 1528 nisi
1356 1500 1431 1528 inter
1451 1500 1704 1535 Arehangelorum
1720 1507 1804 1527 man-

1022 1548 1118 1575 siones
1143 1547 1346 1584 deputantur?
1364 1549 1396 1575 Et
1419 1548 1487 1574 sunt
1510 1547 1560 1574 alii
1583 1547 1634 1582 qui
1660 1546 1736 1573 mira
1760 1546 1804 1574 sa-

1021 1595 1120 1627 ciunt,
1137 1595 1222 1630 signa
1236 1593 1368 1622 valenter
1384 1594 1545 1629 operantur
1559 1602 1566 1621 :
1583 1601 1643 1629 quo
1660 1601 1729 1628 ergo
1745 1593 1802 1628 isli,

1021 1642 1077 1669 nisi
1100 1641 1140 1669 ad
1155 1649 1352 1678 supernarum
1374 1641 1519 1668 Virtutum
1541 1642 1650 1668 sortem
1670 1642 1698 1668 et
1718 1648 1803 1667 man-

1021 1688 1137 1716 sionem
1153 1689 1343 1724 congruunt?
1358 1690 1390 1716 Et
1411 1690 1479 1716 sunt
1494 1687 1632 1715 nonnulli
1647 1687 1698 1723 qui
1715 1687 1802 1714 ctiam

1021 1735 1059 1763 de
1075 1735 1203 1764 obsessis
1218 1735 1395 1771 corporibus
1411 1735 1562 1762 daemones
1576 1735 1688 1769 fugant,
1704 1736 1732 1761 et
1748 1734 1804 1761 vir—

1021 1783 1081 1810 tute
1103 1782 1246 1810 orationis
1269 1782 1389 1817 ejiciunt
1405 1782 1523 1817 :itaque
1547 1782 1593 1809 isti
1617 1781 1805 1809 mansionem

1021 1837 1106 1856 suam
1129 1829 1203 1856 inter
1223 1831 1380 1857 potestates
1400 1828 1570 1856 sortiuntur.
1592 1830 1624 1856 Et
1647 1830 1804 1855 suntnou·

1021 1876 1095 1904 nulli
1114 1876 1165 1912 qui
1176 1897 1186 1910 ,
1202 1875 1329 1912 acceptis
1342 1876 1520 1910 virtutibus,
1538 1875 1626 1903 etiam
1643 1874 1805 1902 electorum

1020 1923 1178 1951 hominum
1212 1923 1317 1950 merita
1345 1922 1580 1957 transcendunt,
1607 1922 1675 1949 ideo
1705 1921 1805 1949 electis

1020 1970 1159 1997 fratribus
1183 1970 1387 2005 principantur
1412 1979 1418 1997 z
1442 1969 1495 1996 ubi
1516 1977 1586 2003 ergo
1606 1969 1668 2003 isti,
1692 1968 1748 1995 nisi
1773 1967 1803 1995 in

1021 2016 1227 2044 mansionibus
1249 2016 1468 2052 Principatuum
1493 2018 1601 2043 sortem
1630 2015 1802 2050 accipiunt?

1022 2064 1054 2090 Et
1068 2065 1135 2090 sunt
1149 2062 1288 2090 nonnulli
1303 2062 1355 2098 qui
1369 2063 1428 2096 sic,
1447 2062 1479 2089 in
1493 2061 1612 2097 seipsis,
1629 2061 1741 2089 eunctis
1756 2061 1802 2088 vi-

1021 2109 1067 2136 tiis
1082 2111 1109 2136 et
1123 2109 1278 2136 desideriis
1292 2109 1500 2143 dominantur,
1515 2110 1548 2135 ut
1559 2116 1594 2135 ex
1609 2108 1675 2135 vitae
1687 2107 1806 2136 mundi-

1022 2155 1060 2182 tia
1081 2155 1122 2183 dii
1142 2155 1218 2183 inter
1239 2155 1377 2183 homines
1402 2158 1568 2183 vocentur:
1585 2162 1645 2190 quo
1666 2154 1732 2187 isti,
1747 2154 1804 2182 nisi

1021 2201 1095 2229 inter
1116 2202 1335 2230 Dominationes
1357 2203 1501 2230 currunt?
1516 2202 1549 2229 Et
1572 2204 1639 2229 sunt
1665 2200 1803 2229 nonnulli

1021 2249 1092 2284 qui,
1110 2249 1183 2276 dum
1206 2249 1395 2285 sibimetipsis
1419 2249 1577 2285 vigilanter
1599 2248 1801 2282 dominantur,

1021 2298 1049 2323 et
1071 2304 1101 2323 se
1127 2295 1303 2330 discutiunt,
1328 2304 1446 2332 semper
1470 2296 1646 2323 inhzerentes
1661 2316 1669 2329 ,
1692 2295 1749 2322 hoe
1774 2294 1805 2321 in

1021 2350 1144 2371 munere
1168 2343 1332 2379 accipiunt,
1348 2346 1380 2371 ut
1407 2346 1484 2371 recle
1511 2343 1586 2371 alios
1606 2342 1759 2378 judicent,
1775 2342 1805 2369 in

1021 2389 1083 2423 his,
1099 2390 1188 2417 veluti
1211 2391 1337 2426 throno,
1354 2393 1427 2418 Deus
1450 2390 1597 2424 residens,
1619 2391 1724 2416 cuncta
1748 2388 1804 2415 mi-

1020 2437 1154 2464 rabiliter
1169 2438 1319 2465 examinat
1335 2439 1363 2465 et
1378 2437 1529 2473 dispensat
1546 2446 1552 2464 ι
1570 2436 1643 2472 quid
1658 2443 1728 2470 ergo
1744 2429 1801 2466 isti,

1020 2484 1075 2511 nisi
1089 2484 1378 2516 Throni,Condit0ris
1394 2485 1439 2512 sui
1455 2487 1539 2518 sunt,
1558 2486 1584 2510 et
1600 2482 1638 2510 ad
1653 2489 1798 2517 superno-

1021 2538 1087 2558 rum
1103 2531 1242 2558 sedilium
1254 2531 1424 2559 mansiones
1441 2530 1649 2558 adscribuntur
1660 2529 1674 2555 ²!
1688 2529 1720 2555 Et
1735 2529 1802 2555 sunt

1022 2611 1094 2635 prox.
1111 2618 1141 2622 —
1162 2607 1181 2620 ³⁰
1198 2605 1274 2634 flua,
1295 2605 1321 2629 in
1340 2606 1414 2635 pxim.
1436 2612 1490 2634 cap.
1512 2603 1601 2634 Amul.
1623 2603 1700 2631 Hier„
1718 2601 1763 2625 lib.
1783 2602 1800 2626 i.

1021 2653 1051 2657 -
1069 2642 1083 2655 ¹¹
1099 2641 1186 2671 Grrg„
1203 2649 1228 2663 ιιι
1245 2641 1330 2672 Eranq
1344 2660 1351 2670 ‚
1365 2641 1435 2665 hum.
1453 2646 1543 2669 xxxiv,
1558 2640 1614 2670 post
1627 2638 1685 2661 meu
1700 2645 1706 2668 ;
1724 2638 1779 2668 nug
1796 2656 1800 2667 ,

1022 2675 1050 2698 cle
1066 2676 1162 2700 (latest.
1179 2678 1275 2702 Animi..
1289 2677 1332 2701 Ιὼ.
1352 2678 1393 2706 iv,
1409 2684 1431 2700 e.
1448 2682 1520 2700 nvi.

1056 2722 1088 2754 (α)
1106 2723 1167 2748 Cart.
1185 2723 1244 2747 edit.
1259 2725 1376 2754 qustum<
1393 2736 1421 2741 -
1439 2723 1472 2753 (h)
1490 2723 1550 2747 Coet.
1572 2722 1630 2746 eclzt.
1651 2720 1798 2752 Evangelio.
