2004 3037
209 230 270 262 020

243 298 321 326 Pane
334 295 534 326 tribulationis
547 296 667 334 et'aqua
679 295 824 333 angustias
831 296 933 333 jussus
947 298 992 326 est

207 343 340 374 Michaeas
351 343 499 380 propheta
513 343 670 372 sustentari
686 342 719 372 in
735 350 865 379 carcere,
877 351 935 380 pro
953 351 990 374 eo

207 391 292 428 quod
302 390 399 420 noluit
409 390 510 420 Achab
522 390 608 427 juxta
619 398 710 419 suum
721 390 850 420 volitum
862 398 987 428 respon-

206 438 288 468 dere.
302 439 337 467 tlt
351 439 429 473 lieo..
443 445 514 467 xxn.

240 485 340 514 Voluit
353 484 514 521 Dominus,
533 485 566 514 ut
585 484 644 513 viri
663 484 741 514 suda
753 484 958 522 affligerentur
971 493 989 514 a

203 540 276 570 rege
297 532 431 570 AEgyptt,
455 533 488 561 ut
513 532 622 561 seirent
645 532 818 561 distantiam
841 533 989 562 servitutis

204 579 329 616 divinae,
345 581 375 609 et
392 579 541 609 servitutis
559 579 645 616 regni
667 581 824 609 terrarum.
837 581 859 609 tl
878 580 986 616 Parni„

202 635 256 662 ιιι,
271 629 298 656 8.

238 675 400 712 Postquam
421 676 568 704 manasses
589 675 800 711 coangustatus
815 676 877 711 est,
891 675 989 704 oravit

203 722 362 751 Dominum
373 743 382 758 ‚
397 730 466 751 cum
481 723 558 750 esset
572 721 689 750 vinctus
712 721 743 750 in
767 721 920 758 Babylone
936 722 987 759 (α),

203 771 232 798 ct
249 770 309 806 egit
328 769 535 806 poenitentiam
555 769 646 798 valde
668 777 771 798 coram
795 771 922 798 Domino
934 791 944 806 ‚
960 773 989 799 et

203 817 356 846 exaudivit
378 816 522 846 Dominus
539 816 707 848 orationem
727 817 801 853 ejus.
823 819 846 846 lt
867 818 965 846 Paret.
977 839 987 854 ,

202 872 304 893 xxxut.

240 923 254 940 «ι
273 914 305 942 ln
318 913 454 950 tempore
477 911 679 942 tribulationis
700 919 761 941 suae
779 911 987 940 clamaverunt

202 960 242 989 ad
257 962 295 996 te,
308 962 376 989 ettu
391 959 428 988 de
443 959 518 988 coelo
535 959 680 988 exaudisti
693 967 756 992 005,
771 961 801 987 et
814 959 985 988 secundum

201 1007 406 1036 miserationes
415 1009 482 1036 tuas
491 1007 600 1036 multas
610 1007 719 1036 dedisti
730 1007 772 1035 eis
782 1007 957 1036 salvatores.
969 1018 983 1034 ιι

200 1056 322 1090 ΝσΙιεπι.,
333 1062 374 1090 ix,
384 1056 430 1083 27.

234 1102 422 1131 permittente
441 1104 511 1138 Deo,
526 1103 594 1139 post
606 1101 688 1131 bona
702 1109 795 1139 opera
809 1102 918 1131 'robias
931 1102 987 1131 fuit

199 1152 372 1185 excaecatus,
394 1152 423 1178 et
444 1149 553 1178 deinde
570 1150 671 1178 irrisus
694 1149 732 1177 ab
755 1149 824 1184 illis,
848 1150 900 1186 qui
916 1158 985 1178 eum

199 1197 367 1226 debuerant
379 1197 542 1231 consolari,
560 1198 637 1232 roa,
655 1205 684 1225 ιι.
701 1196 758 1225 Sed
769 1199 874 1233 postea
889 1197 985 1225 Domi-

199 1252 255 1273 nus
268 1244 472 1281 multipliciter
487 1245 657 1273 consolatus
669 1246 711 1272 e<t
727 1253 807 1273 eum.

234 1293 271 1319 De
282 1292 397 1328 populo
409 1300 464 1321 suo
481 1293 608 1328 loquens
622 1291 723 1319 Judith
739 1292 832 1320 dixit:
847 1302 861 1318 ιι
877 1293 985 1320 Memo-

197 1348 244 1368 res
254 1348 316 1368 csse
335 1340 463 1374 debent,
479 1339 636 1376 quomodo
655 1339 805 1368 Abraham
820 1341 903 1375 pater
918 1347 985 1368 nos-

198 1389 242 1416 ter
268 1390 394 1416 tentatus
422 1389 484 1421 est,
511 1389 538 1415 et
567 1395 620 1423 per
646 1386 756 1414 multas
779 1386 986 1415 tribulationes

196 1435 360 1471 probatus,
390 1433 438 1462 liei
462 1434 576 1462 amicus
597 1434 718 1462 effectus
747 1435 799 1462 est.
829 1444 842 1460 ι)
866 1434 985 1469 Judith,

198 1490 261 1516 vni,
275 1483 320 1510 22.

232 1528 449 1557 'tribulationes
459 1528 597 1556 sustinuit
608 1528 664 1556 Job
678 1528 708 1556 in
719 1528 821 1556 anima
832 1536 868 1556 ex
883 1528 985 1556 uxoris

197 1578 224 1605 et
240 1577 405 1605 amicorum
419 1584 542 1604 suorum
559 1575 731 1612 opprobriis
742 1577 768 1603 et
781 1575 980 1611 contumeliis,

197 1631 264 1659 quoe
288 1623 385 1659 ipsum
412 1622 451 1650 ad
476 1622 620 1650 tristitiam
642 1624 779 1659 poterant
798 1630 982 1658 provocare;

197 1671 228 1698 in
241 1678 378 1706 corpore,
392 1677 427 1698 ex
442 1669 617 1703 gravissima
629 1669 808 1704 infirmitate,
821 1672 848 1697 et
858 1678 982 1705 genera-

199 1717 324 1751 lissima,
337 1725 403 1753 quze
417 1718 510 1744 totum
523 1724 631 1752 corpus
647 1725 662 1744 n
676 1716 775 1752 planta
791 1716 876 1753 pedis
888 1725 984 1753 usque

198 1765 237 1792 ad
252 1765 393 1792 verticem
409 1764 596 1799 occupabat3
616 1764 644 1791 in
660 1763 819 1791 amissione
842 1772 942 1792 rernm
958 1766 985 1791 ct

198 1811 374 1845 liberorum,
391 1814 418 1839 et
433 1810 635 1839 subtractione
647 1810 755 1844 solatii,
773 1811 844 1846 qnia
859 1811 984 1838 halitum

198 1858 262 1894 ejus
278 1866 354 1885 uxor
371 1858 449 1885 illius
465 1857 617 1885 horrebat.
646 1859 714 1885 item
731 1857 780 1884 alii
798 1858 870 1885 viles
885 1858 982 1885 homi-

197 1912 250 1932 nes
265 1904 363 1940 ipsum
381 1904 574 1938 deridebant,
591 1906 620 1932 et
639 1904 702 1939 ejus
717 1904 823 1932 faciem
839 1912 984 1940 conspue-

198 1951 282 1985 bant,
292 1952 349 1985 Job,
366 1959 435 1978 xxx.

234 1998 436 2027 Sanctificatus
461 1998 489 2025 in
505 1999 588 2026 utero
603 1998 761 2030 Ieremias,
778 2000 806 2026 et
821 1998 983 2034 prophetice

199 2045 303 2082 spiritu
319 2046 436 2081 plenum,
450 2045 567 2073 dicebat
580 2045 616 2073 de
632 2053 673 2079 se,
686 2045 768 2081 quod
785 2048 844 2073 erat
857 2045 901 2073 vir
913 2046 983 2073 rixae

200 2095 228 2121 et
243 2092 399 2120 discordia}
415 2093 445 2120 in
465 2093 604 2120 universa
624 2095 700 2120 terra
713 2114 721 2126 ,
737 2094 764 2120 et
781 2093 863 2128 quod
880 2101 983 2120 omnes

199 2139 419 2168 maledicebant
440 2140 477 2173 ei,
499 2141 611 2173 Jercm„
633 2148 683 2167 xxx
704 2141 758 2167 Pro
775 2140 894 2167 veritate
911 2148 982 2168 vero

199 2195 290 2223 quam
314 2187 428 2223 populo
453 2186 635 2223 proedieabat
654 2187 707 2214 l‘uit
730 2187 889 2222 quinquies
912 2196 982 2223 per-

199 2242 318 2267 cussus,
347 2236 443 2261 Jerem.
458 2255 466 2268 ,
494 2241 586 2267 xxxv;
622 2233 732 2269 pluries
766 2234 981 2269 incarceratus,

197 2281 293 2308 Jerem.
311 2302 318 2315 ,
343 2289 473 2315 xxxv1113
499 2283 527 2308 et
555 2280 676 2308 tandem
706 2280 744 2308 ab
771 2281 836 2316 ipso
867 2281 981 2317 populo

199 2327 360 2363 lapidatus.

235 2374 308 2402 Exul
325 2374 454 2402 Ezechiel
474 2374 504 2401 in
524 2373 661 2402 Chaldaea
683 2374 712 2401 in
734 2375 834 2402 medio
851 2375 981 2410 captivo-

198 2429 266 2449 rum
292 2421 366 2449 vidit
394 2421 546 2449 mirabiles
571 2421 616 2448 nvi
639 2421 767 2449 visiones
789 2431 795 2449 ε
822 2430 874 2458 per
899 2422 981 2457 quod

198 2471 297 2505 patet,
313 2470 397 2506 quod
419 2470 448 2497 in
467 2469 708 2497 tribulationibus
724 2469 891 2504 frequenter
907 2471 981 2497 licus

198 2517 352 2545 hominem
369 2517 549 2545 consolatur,
566 2517 675 2549 Ezech„
692 2525 699 2543 1
716 2519 743 2544 et
759 2516 908 2553 deinceps.

235 2565 309 2591 Bene
330 2565 453 2600 apparet
471 2565 561 2591 Deum
580 2571 642 2590 esse
662 2571 730 2591 cum
751 2562 872 2591 homine
888 2563 916 2590 in
934 2564 981 2591 lri-

199 2610 362 2645 bulatione‚
380 2619 434 2646 per
447 2610 516 2638 illos
531 2610 628 2638 socios
643 2610 769 2639 Danielis
784 2619 853 2639 cum
870 2611 981 2647 quibus

234 2712 269 2741 tn)
286 2711 346 2735 Ccct.
362 2711 421 2735 mlxi.
440 2711 605 2742 Babylonem.

826 227 958 260 BlBLlA
980 227 1210 261 PAUPERUM.

1044 296 1122 326 vidit
1140 295 1420 327 Nabuchodonosor
1442 297 1583 334 quatum
1603 295 1734 326 &mitem
1751 295 1827 329 mio

1045 344 1106 373 Dei.
1121 345 1211 380 Dan„
1227 351 1270 373 ιιι.
1860 369 1861 373 ,

1082 391 1362 420 Nabuchodonosor
1375 390 1407 419 in
1420 390 1619 428 prosperitate
1632 390 1762 420 existens
1774 389 1830 419 tuit

1044 445 1190 476 arrogans
1203 441 1232 468 et
1249 437 1417 476 superbus3
1439 437 1550 474 ejectus
1563 438 1663 467 autem
1676 437 1717 467 ab
1731 436 1829 467 omni-

1043 485 1113 521 bus,
1136 487 1166 515 et
1187 485 1219 515 in
1246 485 1374 515 bestiam
1397 486 1614 520 commutatus,
1642 483 1829 521 recuperavit

1043 540 1183 570 sensum,
1207 541 1298 570 quem
1317 531 1457 562 amiserat
1477 531 1509 560 in
1529 531 1646 562 honore
1671 531 1784 568 elatus,
1799 533 1828 561 et

1042 579 1179 610 laudavit
1208 579 1390 610 Altissimum
1405 599 1415 615 ‚
1444 585 1537 615 quem
1563 578 1828 617 blasphemaverat

1042 628 1136 665 prius.
1153 629 1238 665 Dan„
1252 635 1292 658 tv.

1078 677 1204 704 Tantum
1228 675 1278 704 vel
1299 675 1430 713 amptius
1451 675 1593 705 laudatus
1612 675 1668 704 tuit
1687 676 1764 704 Deus
1789 683 1827 704 ex

1042 722 1134 751 trium
1148 730 1313 766 puerorum
1326 722 1470 760 patientia
1478 744 1488 759 ,
1503 731 1596 760 quam
1609 722 1782 752 habuerunt:
1794 722 1826 752 in

1041 769 1171 798 fornacis
1191 769 1400 806 tribulatione,
1415 771 1563 807 quantum
1576 778 1615 799 ex
1632 770 1761 800 Danielis
1777 778 1825 799 sa-

1041 816 1168 853 pientia,
1195 824 1288 854 quam
1308 816 1414 846 habuit
1435 824 1473 846 ex
1498 816 1686 846 somniorum
1708 817 1827 854 exposi-

1042 864 1134 898 tione,
1149 872 1202 892 seu
1215 863 1470 900 interpretatione.
1487 865 1560 892 Dan.
1564 885 1575 900 ,
1589 872 1611 893 ιι
1624 866 1653 893 et
1665 872 1708 894 ιιι.

1078 913 1214 940 Susanna
1229 911 1260 939 in
1271 911 1521 941 condemnatione
1533 911 1637 941 mortis
1647 911 1757 949 posita,
1771 918 1827 940 nec

1041 958 1158 987 habens
1181 966 1336 987 recursum
1361 958 1401 987 ad
1427 959 1595 988 humanum
1620 959 1806 995 adjutorium
1816 981 1825 994 ,

1040 1005 1116 1035 flens
1130 1006 1263 1042 suspexit
1277 1005 1316 1034 ad
1331 1005 1440 1034 coelum
1455 1015 1464 1035 z
1478 1006 1553 1035 sicut
1568 1005 1634 1034 avis
1647 1006 1678 1034 in
1695 1008 1772 1035 terra
1787 1005 1826 1034 ab

1041 1053 1215 1082 hominibus
1241 1056 1270 1082 et
1294 1053 1420 1081 canibus
1443 1053 1629 1082 circumdata
1650 1061 1713 1083 non
1736 1052 1828 1082 habet

1042 1101 1199 1137 effugium,
1216 1100 1272 1129 nisi
1287 1100 1384 1129 elevet
1397 1108 1429 1129 se
1443 1100 1475 1128 in
1489 1100 1593 1129 altum.
1611 1103 1694 1136 Dan„
1709 1109 1770 1130 xm.

1078 1150 1145 1176 Post
1179 1148 1297 1176 obitum
1323 1147 1407 1176 Judae
1434 1147 1610 1181 Machabaei,
1642 1150 1827 1177 emerserunt

1040 1194 1154 1231 iniqui,
1179 1198 1207 1224 et
1221 1194 1298 1223 facta
1320 1196 1364 1223 est
1385 1194 1479 1223 rames
1492 1194 1610 1227 valida.
1633 1197 1662 1223 et
1676 1195 1828 1223 constituit

1041 1243 1200 1272 Bacchides
1216 1243 1325 1280 impios
1340 1243 1480 1272 dominos
1493 1242 1635 1278 regionis,
1651 1243 1679 1271 et
1695 1241 1773 1271 tacta
1784 1244 1828 1271 est

1041 1290 1195 1318 tribulatio
1211 1298 1321 1325 magna
1336 1290 1366 1318 in
1381 1290 1479 1318 lsrael.
1494 1290 1504 1319 1
1521 1290 1606 1318 uach.
1617 1311 1625 1325 ,
1641 1298 1683 1318 tx.

1080 1340 1255 1366 «Decretum
1269 1337 1339 1365 exiit
1353 1339 1456 1366 eontra
1467 1337 1586 1366 Judoeos
1601 1338 1663 1365 tam
1676 1337 1826 1373 iniquum,

1041 1386 1074 1413 ut
1088 1393 1193 1413 omnes
1210 1384 1439 1420 trucidarentur,
1451 1384 1504 1421 qui
1515 1384 1682 1412 sacrificare
1696 1383 1826 1412 nollent:

1041 1434 1103 1460 erat
1117 1440 1188 1467 ergo
1204 1431 1307 1459 videre
1322 1432 1484 1460 miseriam.
1496 1441 1508 1458 u
1534 1432 1554 1460 ll
1571 1432 1676 1466 Mucii„
1692 1439 1736 1465 vr,
1751 1432 1779 1466 8,
1799 1432 1825 1458 9.

1078 1479 1238 1508 Antiochus
1254 1487 1322 1507 cum
1338 1481 1413 1508 esset
1429 1487 1519 1507 sanus
1529 1500 1538 1515 ‚
1561 1478 1616 1507 fuit
1631 1478 1760 1508 crudelis
1774 1478 1828 1507 110-

1041 1527 1154 1555 micida
1174 1526 1340 1563 superbus3
1357 1528 1461 1563 postea
1480 1534 1639 1563 percussus
1652 1534 1670 1554 a
1685 1527 1744 1555 Deo
1760 1533 1827 1562 gra-

1040 1574 1162 1603 vissima
1173 1577 1201 1602 ct
1213 1574 1370 1602 insanabili
1385 1574 1487 1610 plaga,
1498 1573 1687 1610 propositum
1697 1575 1725 1602 et
1733 1572 1828 1602 verba

1040 1622 1177 1650 mutavit.
1193 1623 1213 1650 ll
1227 1622 1330 1656 Maeli„
1348 1629 1387 1649 tx.

1079 1670 1167 1697 Natus
1196 1669 1225 1696 in
1247 1668 1374 1703 mundo,
1399 1668 1457 1696 cito
1486 1675 1590 1704 passus
1615 1669 1659 1696 est
1684 1667 1827 1696 Dominus

1043 1724 1214 1753 pressuram
1229 1715 1345 1750 mnndi,
1361 1715 1399 1743 ila
1410 1715 1494 1751 qnod
1508 1714 1617 1751 loseph
1631 1714 1745 1751 accepit
1758 1722 1828 1742 eum

1041 1765 1071 1792 et
1087 1766 1213 1791 matrem
1228 1763 1302 1798 ejus,
1314 1765 1342 1790 et
1355 1762 1469 1797 lngitin
1485 1764 1655 1797 AEgyptum.
1668 1762 1783 1796 Mateta,
1795 1769 1826 1789 ιι.

1080 1812 1116 1837 lle
1131 1810 1231 1837 multis
1247 1809 1312 1836 aliis
1331 1808 1542 1836 afflictionibus
1562 1810 1591 1836 et
1605 1807 1735 1843 injuriis,
1750 1815 1825 1844 quas

1040 1865 1145 1892 passus
1160 1859 1219 1890 est,
1243 1856 1364 1892 require
1380 1855 1410 1883 in
1425 1855 1546 1884 rubrica
1560 1856 1593 1883 de
1615 1855 1825 1882 Mansuetudine

1040 1908 1067 1932 et
1084 1907 1224 1932 Patientia
1241 1906 1261 1932 ¹.

1076 1951 1220 1988 Apostoli,
1244 1951 1392 1986 prmcepto
1417 1949 1645 1984 magistratuum
1668 1948 1824 1985 flagellati,

1039 1999 1123 2027 ibant
1138 1997 1303 2033 gaudentes
1322 2006 1339 2024 a
1355 1998 1515 2032 conspeetu
1530 1995 1664 2032 concilii,
1680 1996 1824 2032 quoniam

1041 2046 1124 2080 digni
1142 2045 1234 2073 habiti
1252 2046 1320 2072 sunt
1336 2052 1392 2080 pro
1412 2043 1535 2072 nomine
1550 2045 1618 2072 Jesu
1635 2043 1739 2072 Christi
1754 2051 1825 2071 con-

1040 2093 1194 2120 tumeliam
1210 2092 1278 2128 pali.
1297 2092 1371 2126 Ast„
1387 2099 1417 2124 v,
1432 2092 1478 2118 «tt.

1075 2141 1253 2175 Quanquam
1270 2138 1376 2166 Paulus
1394 2140 1462 2165 tunc
1482 2145 1544 2165 non
1565 2139 1641 2165 esset
1661 2145 1730 2165 cum
1745 2136 1803 2165 illis
1815 2158 1824 2171 ‚

1040 2190 1137 2216 tamen
1166 2188 1228 2223 ipse
1256 2190 1360 2223 postea
1382 2186 1419 2214 de
1441 2194 1471 2214 se
1494 2186 1587 2220 (lixit,
1608 2187 1701 2220 Rom„
1722 2193 1758 2220 v,
1782 2187 1822 2213 3:

1043 2246 1057 2261 (ι
1071 2235 1240 2263 Gloriamur
1255 2234 1284 2261 in
1301 2233 1561 2267 tribulationibus3
1579 2243 1592 2258 n
1605 2234 1633 2260 et
1648 2234 1668 2260 ll
1681 2233 1753 2267 Cor„
1770 2240 1822 2267 xu,

1042 2285 1090 2310 ¹9:
1111 2293 1124 2308 α
1141 2281 1275 2309 Libenter
1289 2281 1443 2317 gloriabor
1458 2280 1487 2307 in
1501 2279 1722 2308 infirmitatibus
1737 2279 1822 2314 meis,

1041 2332 1072 2357 ut
1087 2329 1231 2357 inhabitet
1246 2329 1276 2356 in
1292 2336 1339 2355 me
1354 2327 1446 2354 virtus
1461 2327 1574 2354 Christi.
1590 2337 1603 2353 r

1075 2376 1217 2412 Lapidato
1227 2385 1244 2403 a
1253 2377 1265 2403 J
1270 2375 1360 2403 udmis
1374 2374 1534 2410 Stephano,
1545 2385 1558 2399 u
1567 2373 1643 2401 saeta
1654 2375 1697 2401 est
1713 2381 1822 2408 magna

1040 2423 1206 2460 persecutio
1222 2422 1252 2450 in
1270 2422 1413 2455 Ecclesia,
1430 2429 1496 2457 quse
1516 2423 1577 2448 erat
1597 2419 1819 2456 Hierosolymis,

1039 2478 1074 2498 ac
1089 2477 1193 2497 omnes
1209 2468 1333 2504 dispersi
1351 2470 1419 2495 sunt
1439 2476 1491 2504 per
1511 2467 1649 2502 regiones
1663 2466 1771 2494 Judaeoe
1793 2468 1820 2494 et

1043 2517 1190 2549 Samaria‘,
1207 2518 1311 2552 praeter
1321 2515 1508 2551 Apostolos.»
1523 2514 1578 2542 Sed
1590 2516 1660 2542 nota
1670 2513 1753 2549 quod
1765 2513 1822 2541 hoe

1043 2564 1172 2591 multum
1203 2562 1312 2599 profuit
1331 2562 1370 2590 ad
1395 2561 1632 2597 divulgationem
1658 2560 1820 2595 Evangelii.

1042 2613 1118 2644 Act„
1132 2619 1190 2645 ιἰιι,
1206 2612 1230 2638 1.

1075 2712 1082 2727 ¹
1100 2710 1157 2734 vul.
1173 2717 1240 2740 sup„
1255 2717 1278 2733 c.
1295 2715 1386 2740 ικιιι,
1402 2715 1428 2739 p.
1443 2708 1556 2732 ssi-58¹0.
