2004 3037
187 212 247 242 Μ
298 188 300 190 ’

185 275 346 313 impeditur
357 284 364 304 :
376 275 406 304 et
413 275 536 312 propter
541 273 600 302 hoc
609 270 826 302 unumveniale
837 277 900 299 non
913 268 967 297 im·

185 322 282 359 pedit,
293 321 369 358 quin
379 321 465 351 aliud
476 320 584 350 remitti
597 319 699 357 possit.
714 318 809 348 Tertia
819 317 894 346 ratio
910 317 965 352 est,

185 369 257 405 quia
270 367 400 397 venialia
414 376 477 397 non
490 368 603 397 habent
621 365 840 395 connexionem
854 363 894 392 ad
914 363 964 391 in-

185 415 298 451 vicem,
312 423 367 444 nec
382 424 418 444 ex
430 417 513 452 parte
529 413 706 448 aversionis,
722 412 794 449 quia
807 419 869 439 non
881 418 966 438 aver-

185 464 250 491 tunt
263 470 283 491 a
295 470 416 491 summo
430 462 530 497 bono;
547 470 602 490 nec
629 469 667 489 ex
687 462 772 497 parte
792 457 962 487 conversio-

184 509 231 538 nis
245 518 252 537 :
269 510 298 537 et
310 509 380 538 ideo
395 517 488 538 unum
504 508 610 537 dimitti
625 509 720 545 potest
738 506 802 534 sine
816 505 886 534 alio.
900 505 965 533 Non

184 557 228 584 est
242 557 342 585 autem
355 556 397 584 sic
413 556 450 585 de
464 555 658 590 mortalibus,
668 554 721 583 ubi
733 561 795 582 non
810 552 964 581 dimittitur

184 610 279 631 unum
292 603 354 631 sine
369 602 445 637 alio,
467 603 538 639 quia
552 601 770 630 connexionem
792 599 904 628 habent
925 598 966 627 ad

183 649 312 679 invicem
335 658 372 678 ex
396 652 480 686 parte
504 649 676 678 aversionis.
702 647 862 683 Quodlibet
884 646 965 674 enim

184 696 309 726 mortale
328 696 434 725 avertit
448 704 466 724 a
479 698 553 731 Deo,
573 696 641 724 ltcet
661 703 722 724 non
743 695 874 723 habeant
894 702 965 722 con-

184 744 342 772 nexionem
358 751 395 771 ex
408 745 490 780 parte
507 742 722 771 conversionis,

221 793 262 820 Ex
275 791 422 828 proedictis
436 791 595 826 colligitur,
612 789 696 828 quod
711 788 795 817 aliter
809 796 840 816 se
853 786 966 816 habent

184 838 323 867 mortalia
334 838 374 866 ad
389 838 534 873 invicem,
549 840 576 866 et
591 837 675 865 aliter
690 835 820 864 venialia
832 834 872 862 ad
886 833 964 862 invi-

184 893 264 921 cem,
288 887 316 913 et
338 885 424 913 aliter
446 884 585 913 mortalia
608 884 647 912 ad
671 883 808 911 venialia.
832 880 965 910 Mortalia

184 932 264 960 enim
279 932 320 960 sic
334 940 364 960 se
380 932 508 967 habent,
525 931 608 967 quod
623 939 717 958 unum
732 937 794 957 non
809 927 965 956 dimittitur

184 979 247 1007 sine
261 979 354 1007 altero
365 989 374 1015 3
390 978 519 1007 venialia
532 986 604 1006 vero
619 977 660 1005 sic
679 985 710 1004 se
731 976 843 1004 liabent
865 975 905 1002 ad
920 975 965 1002 in—

183 1026 297 1060 vicem,
314 1025 398 1062 quod
412 1033 508 1053 unum
528 1026 625 1061 potest
646 1023 753 1052 remitti
777 1023 839 1050 sine
859 1022 962 1050 altero.

183 1072 316 1101 Mortalia
331 1074 431 1100 autem
446 1071 487 1100 sic
502 1080 532 1099 se
544 1071 657 1099 habent
672 1069 710 1098 ad
723 1069 865 1104 venialia,
881 1068 965 1105 quod

185 1119 309 1147 mortale
330 1119 486 1147 remittitur
509 1118 572 1146 sine
595 1117 726 1152 veniali,
752 1116 805 1145 sed
829 1123 890 1144 non
912 1123 965 1143 ve-

184 1166 263 1195 niale
294 1165 357 1194 sine
388 1165 516 1194 mortali.
546 1165 633 1200 Cujus
659 1163 773 1200 duplex
797 1165 839 1191 est
862 1163 938 1190 ratio
956 1170 963 1190 :

184 1213 282 1250 prima
296 1215 354 1247 est,
371 1213 442 1249 quia
462 1211 586 1243 mortale
610 1213 637 1239 ct
661 1211 776 1239 veniale
797 1218 828 1238 se
853 1209 966 1237 habent

184 1260 259 1288 sicut
280 1259 399 1288 habitus
419 1261 448 1288 et
468 1258 644 1295 dispositio:
665 1258 717 1285 scd
739 1257 839 1285 ablato
860 1256 965 1284 habitu

184 1308 280 1343 potest
302 1314 424 1335 manere
449 1305 620 1342 dispositio,
636 1307 664 1332 et
687 1312 749 1332 non
770 1312 785 1332 e
808 1311 963 1331 converso.

184 1353 319 1382 Secunda
332 1353 406 1381 ratio
420 1355 476 1387 est,
494 1352 564 1388 quia
579 1351 703 1379 mortale
721 1350 882 1387 opponitur
897 1350 965 1378 cha-

185 1401 281 1434 ritati,·
297 1400 414 1429 veniale
429 1402 544 1434 autem,
560 1399 666 1427 fervori
680 1399 742 1434 ejus
758 1407 765 1425 :
781 1397 834 1425 sed
848 1397 965 1426 sublata

187 1447 326 1476 charitate
341 1447 453 1476 tollitur
469 1447 582 1482 fervor,
598 1448 626 1474 et
641 1453 702 1474 non
712 1453 728 1474 e
744 1452 900 1473 converso.

411 1561 553 1596 CAPUT
582 1561 738 1595 XXXIV.

239 1649 354 1685 Propter
371 1648 438 1683 quid
455 1648 612 1675 dimittatur
630 1649 770 1683 peccatum
789 1646 906 1674 veniale.

221 1731 265 1760 Ad
283 1731 395 1767 peccati
411 1730 535 1758 venialis
560 1729 768 1758 remissionem
791 1736 851 1756 non
873 1728 964 1762 exigi-

186 1780 232 1806 tur
246 1786 342 1806 novus
361 1777 508 1806 clun'itatis
521 1777 655 1810 habitus,
671 1776 723 1803 sed
740 1775 846 1802 suffieit
869 1782 965 1802 novus

185 1826 283 1852 motus
309 1834 315 1852 ι
338 1825 409 1860 quia
429 1825 582 1860 peccatum
608 1822 725 1850 veniale
751 1830 813 1850 non
841 1821 965 1849 tollebat

184 1871 299 1898 virtutis
325 1871 482 1906 habitum,
507 1870 560 1898 sed
586 1869 772 1906 impediebat
796 1868 889 1904 ipsius
912 1876 963 1896 ae-

186 1921 259 1946 tum.

220 1964 390 1994 Notandum
420 1967 519 1993 antem
549 1963 632 2000 quod
661 1965 818 1999 peecatum
847 1962 963 1990 veniale

185 2020 247 2040 non
261 2012 415 2040 dimittitur
428 2012 601 2040 contritione
618 2020 625 2038 ε
641 2011 724 2045 cnjus
739 2010 801 2038 haee
816 2012 859 2037 est
873 2010 964 2044 ratio,

186 2060 257 2096 quia
278 2059 412 2096 quandiu
434 2059 573 2087 voluntas
597 2058 627 2086 in
653 2058 756 2094 aliquo
781 2057 889 2085 veniali
905 2057 965 2084 lixa

186 2109 306 2141 manet,
327 2114 482 2142 nunquam
507 2105 663 2133 dimittitur
681 2115 687 2133 :
706 2104 758 2132 sed
781 2104 965 2132 voluntatem

186 2154 225 2181 ab
240 2161 275 2181 eo
300 2155 430 2181 avertere
455 2153 539 2189 quod
564 2152 631 2188 quis
656 2151 739 2187 prius
768 2151 907 2183 volebat,
923 2152 966 2178 est

187 2200 342 2236 displicere
363 2200 388 2227 ei
414 2199 498 2235 quod
513 2199 630 2226 voluit:
647 2198 713 2226 talis
737 2199 837 2227 autem
859 2197 964 2234 displi-

187 2247 280 2274 centia
295 2246 382 2274 dolor
397 2245 580 2274 contritionis
596 2245 714 2272 dicitur.

223 2292 279 2320 Sed
306 2293 460 2320 sciendum
482 2292 566 2329 quod
591 2291 728 2320 contritio
750 2292 847 2327 potest
870 2289 965 2326 accipi

187 2339 358 2376 tripliciter,
375 2339 484 2367 scilicet
507 2339 553 2366 vel
576 2339 606 2365 in
629 2341 711 2372 actu,
728 2338 775 2365 vel
791 2338 821 2365 in
840 2337 943 2365 habitu
957 2357 966 2371 ‚

188 2386 236 2414 vel
251 2385 351 2414 medio
367 2385 470 2413 1n0d0.
485 2385 627 2413 Contritio
647 2385 677 2412 in
692 2384 796 2412 habitu
811 2392 872 2412 non
887 2383 966 2411 suffi-

189 2435 227 2461 cit
245 2433 284 2461 ad
302 2433 414 2469 peccati
435 2432 557 2460 venialis
572 2431 794 2466 remissionem,
811 2430 881 2466 quia
896 2432 966 2458 tunc

188 2480 371 2516 quicumque
399 2479 519 2507 haberet
541 2479 718 2514 pcenitentioe
742 2477 856 2506 virtutis
878 2477 966 2505 habi-

190 2530 267 2562 tum,
282 2535 343 2554 non
364 2528 461 2562 posset
480 2525 589 2553 habere
609 2525 724 2553 veniale
743 2526 898 2561 peccatum
915 2534 922 2552 ε
939 2525 967 2552 et

189 2574 231 2602 sic
244 2573 359 2602 veniale
374 2575 527 2609 peccatum
545 2580 607 2600 non
625 2574 725 2608 posset
739 2579 802 2600 esse
817 2579 885 2599 cum
900 2579 967 2606 gra-

189 2621 239 2648 tia.
252 2620 390 2648 contritio
406 2627 527 2656 quoque
541 2619 572 2646 in
588 2622 654 2647 actu
666 2627 726 2647 non
737 2626 854 2655 semper
869 2618 967 2653 requi-

190 2667 282 2701 ritur,
306 2667 377 2702 quia
400 2667 571 2702 sequeretur
596 2666 680 2701 quod
702 2668 856 2701 peccatum
881 2664 966 2701 quod

514 176 774 240 COMPENMUM
792 199 1058 239 THEOLOGICAE
1077 200 1303 234 VERlTATis.
1325 202 1402 234 LlB.
1421 202 1474 235 vl.

1022 268 1090 306 quis
1099 268 1130 298 in
1139 269 1287 298 memoria
1295 276 1359 297 non
1370 269 1475 304 habet,
1489 269 1600 298 remitti
1606 277 1668 300 non
1679 275 1792 308 posset:

1021 317 1144 352 propter
1157 315 1215 345 hoc
1236 316 1396 353 requiritur
1411 316 1548 345 contritio
1566 317 1667 346 medio
1680 318 1774 349 modo
1783 341 1796 356 ‚

1021 362 1132 391 scilicet
1150 365 1184 392 ut
1202 365 1358 399 peccatum
1380 363 1536 400 displiceat
1557 364 1730 401 actualiter,
1747 367 1798 397 vel

1021 409 1173 446 explicite,
1188 409 1237 438 vel
1257 410 1409 447 implicite.
1435 410 1504 438 Dico
1524 413 1624 439 autem
1645 413 1797 447 implicite,

1021 456 1094 492 quia
1107 456 1172 485 talis
1193 459 1274 485 actus
1292 456 1416 493 sufficit,
1431 457 1504 494 quia
1517 456 1687 494 displiceret
1703 458 1799 496 expli-

1021 502 1076 531 cite
1091 506 1248 539 peeeatum
1261 504 1378 532 veniale
1388 526 1398 537 ,
1413 504 1438 532 si
1458 504 1597 540 cogitatio
1615 504 1740 534 serretur
1757 505 1797 535 ad

1019 549 1106 578 illud.

1056 597 1226 626 Notandum
1248 597 1338 626 etiam
1363 598 1447 634 quod
1476 600 1537 626 tam
1561 598 1680 627 fervens
1700 601 1798 636 potest

1021 652 1083 672 esse
1107 646 1206 672 motus
1227 644 1374 673 charitatis
1397 644 1429 672 in
1454 646 1567 680 Deum,
1589 646 1673 682 quod
1696 647 1798 676 omnia

1020 693 1143 727 peccata
1157 691 1285 719 venialia
1299 694 1471 727 consumat,
1492 692 1579 720 etiam
1602 693 1665 721 sine
1688 693 1798 723 actuali

1021 737 1199 773 cogitatione
1221 737 1379 774 ipsorum:
1402 739 1475 774 quia
1498 739 1621 775 quando
1648 739 1715 776 quis
1737 740 1797 769 ser-

1020 785 1123 811 venter
1137 783 1168 811 in
1186 785 1278 812 Deum
1299 783 1405 818 fertur,
1421 785 1557 821 displicet
1570 786 1596 813 ei
1617 786 1765 823 quidquid
1780 795 1799 816 a

1000 842 1003 848 ·
1021 831 1080 858 Deo
1096 830 1227 858 retardat
1245 839 1252 858 ε
1268 832 1296 858 et
1310 831 1351 859 ita
1372 830 1440 859 licet
1462 831 1599 867 explicite
1620 832 1658 861 de
1674 835 1798 869 peccato

1020 876 1130 904 veniali
1144 885 1206 905 non
1220 877 1344 913 cogitet,
1360 879 1460 905 tamen
1481 878 1512 906 in
1532 878 1585 906 illo
1606 881 1690 907 motu
1705 880 1799 908 conti-

1021 925 1107 952 netur
1118 923 1259 960 implicite
1273 924 1459 961 displicentia
1470 926 1582 962 peceati
1596 926 1738 963 venialis,
1751 927 1798 956 vel

1021 970 1126 1006 unius,
1142 970 1188 998 vel
1201 972 1345 1000 omnium.

1057 1017 1215 1046 Sciendum
1230 1019 1318 1046 etiam
1342 1018 1425 1055 quod
1446 1019 1477 1047 in
1499 1020 1673 1049 contritione
1695 1020 1732 1049 de
1747 1029 1796 1050 ve·-

1020 1065 1150 1093 nialibus
1163 1073 1223 1093 non
1238 1065 1364 1101 exigitur
1375 1066 1562 1102 propositum
1574 1075 1636 1095 non
1651 1068 1796 1104 peccandi

1020 1112 1185 1147 venialiter,
1201 1112 1275 1141 sicut
1288 1113 1319 1140 in
1331 1113 1506 1141 contritione
1521 1113 1559 1142 de
1575 1114 1691 1142 mortali
1707 1114 1796 1151 exigi-

1020 1160 1068 1186 tur
1075 1168 1084 1194 ;
1104 1159 1156 1186 scd
1179 1159 1287 1187 sufficit
1310 1159 1394 1196 quod
1421 1159 1576 1196 displiceat
1598 1161 1624 1188 ei
1643 1162 1798 1197 peccatum

1020 1206 1218 1241 praeteritum,
1235 1209 1261 1234 ct
1276 1206 1430 1234 infirmitas
1445 1215 1504 1243 qua
1519 1206 1558 1234 ad
1577 1209 1732 1243 peccatum
1746 1215 1798 1236 ve-

1021 1252 1098 1280 niale
1123 1253 1297 1287 inclinatur,
1322 1253 1460 1289 quamvis
1483 1253 1522 1281 ab
1543 1261 1579 1281 eo
1603 1254 1727 1283 omnino
1746 1254 1799 1283 im·

1021 1299 1118 1327 munis
1134 1308 1196 1328 esse
1212 1307 1273 1328 non
1289 1300 1381 1336 possit
1397 1309 1404 1327 :
1421 1301 1460 1328 ita
1482 1303 1580 1328 tamen
1593 1301 1677 1336 quod
1691 1301 1798 1329 volun-

1020 1348 1064 1374 tas
1076 1354 1137 1374 non
1152 1348 1270 1375 manent
1290 1346 1350 1375 fixa
1365 1347 1395 1374 in
1411 1354 1472 1375 uno
1487 1346 1614 1382 veniali,
1637 1347 1708 1383 quia
1722 1347 1797 1376 illud

1020 1393 1062 1421 sic
1084 1396 1232 1422 retentum
1261 1402 1322 1422 non
1351 1383 1544 1422 dimitteretur
1565 1393 1596 1422 in
1624 1394 1798 1424 contritione

1021 1440 1167 1476 generali,
1183 1449 1238 1468 nec
1253 1440 1373 1477 speciali
1384 1449 1392 1475 3
1409 1442 1438 1468 et
1451 1440 1513 1469 haec
1534 1442 1576 1469 est
1598 1441 1673 1469 ratio
1698 1450 1705 1469 :
1727 1441 1799 1478 quia

1020 1489 1140 1523 peccata
1154 1487 1292 1515 mortalia
1315 1489 1383 1515 sunt
1406 1487 1436 1515 in
1457 1489 1598 1524 potestate
1621 1490 1742 1522 nostra,
1767 1490 1799 1517 ut

1021 1534 1161 1568 vitentur,
1174 1542 1233 1562 non
1249 1533 1349 1562 solum
1364 1533 1496 1569 singula,
1512 1533 1564 1562 sed
1577 1534 1665 1562 etiam
1678 1534 1797 1570 omnia;

1020 1580 1147 1608 venialia
1162 1589 1234 1608 vcro
1256 1581 1308 1608 etsi
1329 1580 1447 1616 singula
1464 1580 1549 1608 vitari
1570 1583 1712 1617 possunt,
1735 1589 1797 1610 non

1020 1628 1120 1655 tamen
1132 1628 1233 1656 omnia
1249 1637 1255 1655 :
1273 1628 1356 1664 quod
1371 1636 1407 1656 cx
1422 1627 1590 1656 infirmitate
1604 1629 1715 1656 naturoe
1730 1636 1797 1657 con·

1020 1674 1114 1709 tingit.

1056 1720 1143 1748 Multa
1162 1723 1228 1748 sunt
1249 1729 1302 1757 per
1321 1729 1388 1757 qnae
1407 1721 1550 1761 tolluntur
1564 1722 1683 1757 peccata
1697 1721 1796 1750 venia-

1020 1767 1074 1801 lia,
1099 1776 1165 1804 quoe
1192 1776 1245 1804 per
1274 1769 1327 1796 tria
1354 1768 1648 1804 comprehenduntur
1671 1777 1677 1796 ε
1698 1769 1796 1805 primo

1021 1816 1088 1841 sunt
1103 1814 1204 1842 omnia
1217 1814 1268 1842 illa
1284 1822 1350 1850 quae
1365 1814 1490 1850 gratiam
1505 1814 1674 1849 conserunt,
1688 1818 1720 1843 ut
1734 1823 1797 1844 om-

1020 1860 1070 1888 nia
1084 1864 1267 1889 sacramenta
1284 1861 1417 1889 Ecclesiae
1429 1871 1437 1897 ;
1453 1861 1585 1889 secundo
1597 1883 1605 1897 ‚
1621 1862 1673 1890 illa
1687 1861 1798 1898 quibus

1020 1907 1232 1943 impedimenta
1248 1908 1372 1936 fervoris
1389 1911 1417 1936 et
1431 1908 1530 1944 gratiae
1545 1908 1706 1944 tolluntur,
1722 1909 1798 1937 sicut

1021 1956 1063 1982 est
1084 1962 1163 1991 aqua
1185 1954 1358 1987 benedicta.
1376 1963 1442 1991 quie
1465 1955 1602 1983 virtutem
1624 1955 1734 1983 inimici
1749 1963 1796 1984 re-

1020 2001 1120 2037 primit
1135 2023 1143 2036 ,
1174 2004 1202 2030 et
1229 2002 1407 2038 episcopalis
1433 2001 1622 2037 benedietio;
1646 2002 1729 2030 tertio
1755 2005 1798 2032 est

1021 2048 1193 2076 exercitium
1217 2048 1391 2077 humilitatis
1417 2056 1453 2076 ex
1476 2051 1558 2085 parte
1584 2051 1701 2083 nostra,
1722 2049 1797 2077 sicut

1021 2096 1064 2123 est
1085 2095 1181 2123 tunsio
1206 2096 1347 2131 pectoris,
1369 2095 1466 2124 Oratio
1491 2095 1696 2129 Dominicalis,
1717 2095 1795 2123 elce-

1020 2150 1147 2178 mosyna
1158 2163 1165 2176 ,
1180 2142 1343 2177 jejunium,
1359 2145 1386 2170 et
1399 2141 1583 2177 hujusmodi.
1599 2141 1682 2170 Ratio
1698 2143 1797 2171 autem

1021 2188 1129 2216 horum
1141 2191 1202 2224 est,
1218 2189 1288 2226 quia
1304 2197 1372 2217 eum
1392 2188 1523 2216 venialia
1546 2188 1729 2216 dimittantur
1744 2197 1797 2225 per

1020 2237 1169 2264 fervorem
1183 2235 1348 2270 charitatis,
1364 2244 1430 2272 quae
1444 2235 1585 2271 implicite
1598 2235 1645 2263 vel
1660 2235 1796 2272 explicite

1021 2282 1151 2310 continet
1166 2282 1268 2310 omnia
1283 2282 1350 2316 illa,
1366 2290 1431 2318 quae
1445 2284 1515 2310 nata
1537 2283 1606 2309 sunt
1627 2282 1664 2310 de
1687 2290 1719 2310 se
1739 2282 1796 2309 ser-

1021 2337 1124 2358 vorem
1150 2329 1298 2357 charitatis
1326 2329 1453 2357 excitare
1470 2350 1479 2363 ‚
1503 2328 1642 2357 dicuntur
1667 2328 1796 2357 venialia

1021 2379 1144 2413 peccata
1158 2376 1303 2404 dimittere
1320 2386 1327 2404 ι
1344 2376 1414 2404 talia
1425 2384 1496 2403 vero
1515 2377 1582 2403 sunt
1596 2375 1713 2410 omnia,
1729 2383 1796 2411 quae

1021 2423 1161 2459 praedicta
1172 2425 1248 2451 sunt.
1271 2423 1352 2451 Unde
1376 2431 1445 2451 cum
1466 2422 1630 2451 secundum
1651 2422 1796 2458 quantita-

1021 2472 1080 2498 tem
1106 2470 1230 2498 fervoris
1258 2471 1294 2498 sit
1321 2470 1469 2506 quantitas
1492 2468 1691 2504 remissionis,
1718 2471 1796 2505 patet

1022 2517 1106 2553 quod
1120 2519 1208 2553 prout
1228 2525 1280 2552 per
1309 2518 1481 2545 enumerata
1507 2515 1603 2550 major
1628 2515 1673 2544 vel
1697 2516 1795 2544 minor

1021 2564 1163 2592 excitatur
1189 2563 1287 2592 fervor
1301 2584 1311 2598 ‚
1339 2563 1391 2600 qui
1418 2562 1558 2599 implicite
1583 2562 1631 2590 vel
1659 2562 1794 2599 explicite

1021 2611 1228 2640 contritionem
1249 2610 1396 2644 continet,
1410 2608 1496 2645 plura
1516 2608 1564 2637 vel
1585 2609 1728 2645 pauciora
1745 2617 1795 2636 ve-

1022 2658 1113 2687 nialia
1129 2658 1331 2691 dimittuntur,
1347 2664 1407 2685 uon
1430 2659 1527 2685 tumen
1548 2665 1665 2693 semper
1680 2656 1791 2684 omnia.
