2004 3037
876 193 1006 226 CAPUT
1028 194 1061 225 C.

147 264 223 293 siam
235 263 383 300 fidelium,
395 265 424 293 et
436 263 496 294 ait:
515 274 530 291 ιι
543 263 662 292 Faciam
675 261 749 291 mihi
763 269 887 297 nomen,
902 263 930 290 et

148 311 310 341 debellabo
329 311 446 340 ludam.
470 321 484 339 n
505 311 564 340 Sed
587 311 645 340 cito
667 319 683 339 e
707 309 856 339 contrario
875 309 930 338 fuit

148 358 316 387 debellatus
330 358 369 387 ab
384 358 450 387 illo.
466 359 476 387 1
491 358 593 394 Mach„
613 366 656 393 ιιι,
671 359 706 386 14
721 359 824 394 etseq.

183 407 346 436 Demetrius
360 406 440 435 filius
458 406 595 435 Demetrii
608 405 688 434 misit
707 405 747 434 ad
765 405 928 441 Jonathan,

148 451 276 482 dicensi
308 463 322 481 t(
346 453 497 482 Descende
522 453 562 482 ad
586 461 642 482 nos
662 453 694 481 in
715 460 874 488 campum,
903 454 931 480 et

147 509 359 538 comparemur
381 501 442 529 illic
464 501 614 536 invicem,
642 500 714 537 quia
741 507 861 527 mecum
888 501 931 527 est

147 548 240 576 virtus
263 548 438 577 bellorum:
463 548 634 583 interroga,
660 549 688 575 et
712 546 834 574 addisce
862 546 929 583 quis

147 603 214 623 sum
229 603 304 631 ego,
319 605 334 622 »
352 596 407 623 etc.
427 594 485 623 Sed
505 594 597 630 paulo
615 596 683 630 post
696 593 775 622 male
791 594 931 622 successit

146 642 184 670 ei.
199 643 210 671 1
225 643 329 677 Mach„
345 650 375 677 x,
391 643 421 670 ’71
445 643 474 670 et
489 649 552 677 seq.

181 689 309 718 Nicanor
327 690 516 726 pugnaturus
539 690 642 717 contra
661 688 786 724 Judam,
811 689 930 717 vocavit

145 736 357 771 negotiatores,
378 735 555 772 promittens
574 743 605 764 se
630 735 770 763 daturum
792 744 848 772 pro
867 744 929 764 uno

145 783 257 811 talento
267 783 432 819 nonaginta
441 783 593 819 mancipia
601 782 783 811 ludaeorum.
795 783 817 810 ll
828 783 929 818 Mach.,

146 838 208 865 vni,
225 833 268 858 11.

182 877 367 905 Multitudine
381 877 422 906 ad
436 885 520 906 arma
535 879 741 913 concurrente,
755 877 874 913 fugatus
889 879 932 905 est

146 924 270 961 turpiter
290 924 452 953 Antiochus
480 925 518 952 de
542 924 692 961 Persepoli
721 924 837 952 civitate
863 926 930 952 Per-

146 971 236 1005 sidis,
260 973 289 999 et
309 972 438 1008 superbe
452 971 570 1000 locutus
595 973 638 999 est
661 971 778 1006 dicens,
798 981 810 998 (ι
825 973 931 999 ventu-

145 1009 214 1047 rum
223 1028 254 1048 se
265 1028 328 1048 esse
343 1020 591 1056 Hierosolymam,
607 1021 635 1047 et
649 1019 819 1054 congeriem
835 1019 932 1055 sepul-

146 1066 188 1094 cri
201 1066 373 1094 Judaeorum
388 1074 455 1095 eam
466 1066 624 1095 facturum.
636 1076 650 1093 n
664 1068 685 1094 ll
700 1067 838 1100 Machala„
850 1075 888 1099 ix,
902 1068 928 1094 4.

181 1113 309 1142 Nicanor
325 1113 520 1149 interrogavit
533 1114 652 1141 Judaeos
671 1122 678 1140 ε
698 1123 711 1140 «
727 1113 754 1141 Si
770 1116 813 1141 est
826 1115 931 1150 potens

145 1159 177 1187 in
191 1160 317 1196 saeculo,
333 1161 385 1197 qui
404 1161 563 1197 imperavit
586 1161 667 1188 diem
681 1161 899 1189 sabbatorum?
914 1170 928 1187 n

145 1208 179 1235 Et
196 1207 448 1244 respondentibus
464 1208 523 1236 illis
543 1217 550 1236 ε
577 1219 590 1234 «
605 1210 652 1236 Est
666 1208 811 1236 Dominus
824 1210 931 1245 potens

145 1254 177 1282 in
195 1254 285 1288 coelo,
307 1254 359 1291 qui
371 1255 458 1290 jussit
480 1255 528 1290 agi
549 1255 707 1291 septimam
725 1255 823 1290 diem3
839 1265 853 1281 »
872 1255 930 1283 ait:

147 1308 164 1329 α
176 1302 210 1329 Et
221 1309 278 1337 ego
291 1304 398 1338 potens
412 1310 479 1330 sum
495 1310 584 1338 super
598 1304 724 1337 terram,
742 1302 794 1338 qui
809 1302 926 1338 impero

145 1348 223 1376 sumi
237 1357 333 1384 arma,
348 1351 377 1377 et
390 1349 510 1385 negotia
521 1349 600 1385 regis
614 1349 744 1385 impleri.
760 1359 773 1376 »
789 1350 810 1378 11
825 1350 929 1385 Mach.,

145 1403 195 1430 xv,
213 1396 270 1423 3-5.

181 1443 282 1470 Petrus
301 1443 390 1471 valde
406 1443 548 1471 audacter
568 1443 643 1471 dixit
658 1442 804 1471 Domino:
826 1453 839 1469 ι(
859 1444 892 1470 Et
906 1443 931 1470 si

145 1496 250 1516 omnes
271 1489 463 1518 scandalizati
487 1490 615 1525 fuerint,
636 1500 650 1517 »
669 1492 722 1518 etc.
747 1490 805 1518 Sed
828 1492 932 1526 postea

145 1534 235 1570 longe
251 1536 336 1564 aliter
351 1537 467 1565 accidit.
484 1537 586 1565 Matth.
597 1558 606 1572 ,
627 1545 713 1571 xxvi:
739 1538 840 1572 Mare,
865 1545 929 1573 xiv,

144 1583 220 1617 Luc„
236 1585 425 1618 xx11310an.‚
441 1592 524 1612 xvui.

180 1630 235 1663 Qui
254 1638 285 1658 se
302 1630 415 1664 jactant
438 1633 467 1659 et
489 1631 631 1666 dilatant,
653 1631 784 1659 maxime
801 1631 824 1658 si
848 1639 932 1659 men-

144 1676 275 1711 tiuntur,
304 1677 462 1706 diabolum
488 1677 663 1712 imitantur,
690 1678 743 1714 qui
769 1686 838 1706 cum
864 1681 931 1706 ante

145 1724 267 1752 dixisset
299 1724 426 1752 Domino
458 1733 465 1752 ε
507 1735 520 1751 «
553 1725 616 1753 Tibi
645 1725 725 1753 dabo
755 1727 932 1762 potestatem

144 1770 222 1798 hanc
232 1792 242 1806 ‚
257 1780 271 1797 »
289 1773 357 1805 etc.,
370 1771 445 1799 dixit
461 1780 468 1799 z
486 1781 499 1797 «
512 1771 617 1800 Omnia
627 1780 720 1808 regna
736 1773 843 1801 mundi
857 1773 932 1801 mihi

145 1817 254 1846 tradita
269 1820 347 1852 sunt,
362 1821 390 1846 et
404 1819 452 1846 cui
466 1818 551 1854 volo,
567 1819 607 1847 do
622 1819 708 1847 illa.»
727 1821 803 1854 Luc„
815 1829 854 1855 ιν,
868 1823 894 1848 6.

182 1865 290 1892 Contra
313 1866 459 1900 jactantes
490 1873 521 1893 se
555 1868 583 1893 et
618 1868 792 1901 arrogantes
819 1867 934 1895 inducit

147 1912 289 1939 Dominus
317 1912 489 1949 exemplum
511 1912 591 1940 illius
616 1912 753 1940 Pharisaei
782 1913 929 1941 dicentis:

151 1969 164 1984 «
178 1960 243 1987 Non
258 1967 325 1986 sum
340 1959 416 1987 sicut
432 1959 526 1987 caeteri
541 1959 688 1994 homines,
703 1970 718 1986 »
740 1962 804 1995 etc.,
825 1970 839 1986 t(
853 1961 934 1989 velut

148 2006 237 2034 ethic
252 2006 443 2040 Publicanus,
458 2016 473 2033 ³>
491 2009 557 2041 etc.,
573 2008 650 2042 Luc„
664 2015 746 2042 xviii,
763 2010 807 2036 11.

183 2054 296 2088 Magnae
311 2053 488 2088 arrogantiae
502 2053 629 2081 verbum
645 2054 784 2083 dixerunt
797 2055 932 2083 Pharisaei

147 2108 225 2128 caeco
251 2102 334 2134 nato,
359 2109 452 2136 quem
475 2101 616 2128 Dominus
644 2101 877 2137 illuminaverat,
905 2105 933 2131 et

147 2147 216 2175 illos
233 2148 452 2176 rationabiliter
472 2148 676 2177 confundebat
691 2158 698 2176 ε
719 2159 733 2175 «
754 2151 786 2178 ln
804 2151 932 2186 peccatis

147 2197 233 2222 natus
247 2203 278 2222 es
292 2196 382 2230 totus,
397 2197 425 2223 et
438 2197 470 2223 tu
489 2195 579 2223 doces
597 2198 670 2224 nos!
688 2206 702 2223 ν)
722 2198 814 2232 Joan.,
829 2205 869 2232 lx,
885 2198 930 2226 34.

183 2244 363 2277 Arroganter
397 2242 487 2270 nimis
520 2242 594 2271 dixit
621 2243 767 2272 Salvatori
794 2244 902 2272 Pilatus
922 2255 931 2272 .-

151 2298 164 2314 «
179 2288 276 2316 Nescis
291 2289 362 2324 quia
376 2291 552 2325 potestatem
566 2290 665 2319 habeo
680 2291 828 2319 dimittere
850 2292 900 2319 te‘?
916 2302 929 2319 »

147 2337 238 2368 Joan„
253 2344 316 2371 x1x,
332 2337 376 2364 10.

437 2422 581 2456 CAPUT
604 2424 660 2474 e„

417 2500 456 2526 De
482 2499 661 2528 electionibus.

185 2570 312 2599 Consilio
333 2572 443 2608 Jethro,
469 2573 631 2601 sacerdotis
656 2573 792 2609 Madian,
817 2577 932 2611 Moyses

149 2625 220 2645 usus
244 2617 411 2655 humiliter,
435 2619 524 2655 elegit
548 2620 681 2657 judices,
711 2630 765 2650 seu
794 2622 932 2658 praelatos

150 2664 296 2699 minores,
310 2665 391 2694 viros
404 2668 540 2702 potentes
559 2670 589 2695 et
602 2668 737 2697 timentes
754 2670 912 2698 Dominum
922 2691 929 2704 ‚

1711 195 1770 225 607

985 262 1017 290 in
1032 262 1144 299 quibus
1158 263 1221 291 erat
1230 262 1349 297 veritas,
1361 263 1389 290 et
1398 261 1451 298 qui
1461 261 1588 290 oderant
1602 261 1768 290 avaritiam.

985 309 1089 345 Est-od„
1102 317 1188 345 xviii,
1202 311 1232 337 21
1251 311 1280 337 et
1293 317 1358 345 seq.

1021 357 1162 393 Praecepit
1183 356 1324 385 Dominus
1342 355 1451 392 Moysi,
1473 357 1506 384 ut
1526 355 1643 385 tolleret
1656 356 1771 385 duode-

986 404 1045 432 cim
1071 403 1172 440 virgas
1194 404 1278 440 Juxta
1302 411 1462 432 numerum
1484 403 1617 432 tribuum
1638 403 1772 432 filiorum

986 451 1093 487 lsrae13
1110 459 1221 479 nomen
1240 452 1341 479 autem
1356 453 1454 478 Aaron
1469 451 1531 478 erat
1545 450 1577 478 in
1591 450 1670 479 tribu
1682 451 1769 479 Levi:

986 506 1061 534 quas
1085 506 1155 526 cum
1175 498 1323 534 posuisset
1346 497 1377 525 in
1401 497 1611 533 tabernaculo,
1637 498 1772 534 sequenti

986 545 1035 573 die
1062 545 1175 573 invenit
1207 546 1324 580 virgam
1354 547 1454 573 Aaron
1482 544 1665 580 germinasse
1675 566 1685 580 ‚
1714 546 1769 573 etc.

984 593 1068 621 Num.
1078 614 1088 627 ,
1101 600 1176 625 xvu,
1190 593 1247 620 2-8.

1021 638 1130 666 Volens
1151 640 1265 675 Moyses
1287 637 1390 666 ulcisci
1416 638 1505 666 lsrael
1529 638 1567 666 de
1590 638 1770 671 Madianitis,

986 685 1043 713 ait:
1069 695 1084 712 «
1097 685 1174 714 Mille
1188 684 1244 713 viri
1264 684 1302 712 de
1317 684 1442 720 singulis
1458 684 1596 713 tribubus
1611 685 1770 721 eligantur,

986 732 1038 769 qui
1053 732 1206 761 mittantur
1220 731 1260 759 ad
1275 727 1401 760 belluni.
1417 741 1432 758 »
1449 732 1545 766 Num„
1561 740 1644 766 xxm,
1660 733 1687 760 4.

1023 781 1136 816 Moyses
1151 779 1309 807 advertens
1321 787 1352 807 se
1368 779 1451 814 iuxta
1464 779 1641 807 mandatum
1654 779 1772 808 Domini

985 828 1164 856 moriturum
1176 849 1185 863 ,
1202 827 1300 855 oravit
1315 827 1422 855 devote
1438 827 1615 862 Dominum,
1631 828 1660 855 et
1673 827 1749 855 dixit
1762 837 1769 855 :

990 885 1003 902 «
1031 875 1189 903 Provideat
1217 874 1360 902 Dominus
1384 875 1459 902 Deus
1487 873 1645 910 spirituum
1674 874 1773 903 omnis

987 922 1083 951 carnis
1103 922 1270 956 hominem,
1293 921 1346 957 qui
1369 921 1406 949 sit
1433 929 1522 957 super
1547 921 1771 949 multitudinem

986 969 1078 1005 hanc,
1098 979 1111 995 »
1130 972 1184 997 etc.
1209 968 1363 998 ordinavit
1386 970 1486 996 autem
1509 968 1666 1004 Dominus,
1687 968 1772 1005 quod

985 1018 1072 1045 Josue
1093 1017 1172 1045 filius
1187 1018 1252 1045 Nun
1273 1019 1348 1044 esset
1363 1024 1515 1044 successor
1538 1015 1648 1052 ipsius,
1666 1018 1694 1044 et
1708 1016 1772 1044 dux

986 1064 1092 1100 populi
1107 1064 1175 1092 loco
1192 1064 1265 1100 ejus.
1281 1064 1375 1098 Num„
1392 1071 1481 1091 xxvn.

1022 1113 1089 1139 Post
1104 1112 1231 1139 mortem
1250 1113 1358 1145 Josue,
1375 1110 1588 1139 consuluerunt
1606 1110 1661 1138 filii
1683 1111 1771 1139 lsrael

987 1159 1157 1193 Dominum,
1173 1158 1324 1186 dicentes:
1344 1168 1358 1184 «
1373 1158 1442 1191 Quis
1463 1158 1605 1185 ascendet
1622 1160 1689 1186 ante
1704 1166 1770 1192 nOS,

987 1208 1014 1233 et
1029 1206 1083 1233 erit
1098 1206 1158 1233 dux
1172 1205 1267 1233 belli?
1283 1215 1296 1232 »
1314 1205 1449 1241 Dixitque
1466 1205 1609 1233 Dominus
1625 1214 1632 1233 ε
1651 1215 1665 1231 «
1680 1205 1772 1233 Judas

986 1252 1134 1281 ascendet.
1150 1263 1164 1279 n
1181 1253 1284 1287 Μαλέα,
1301 1260 1321 1286 ι,
1338 1253 1395 1280 1-2.

1022 1299 1160 1327 Videntes
1179 1299 1233 1327 filii
1260 1299 1365 1333 lsrael,
1394 1299 1478 1335 quod
1506 1299 1627 1327 Gedeon
1653 1301 1770 1328 strenue

985 1357 1041 1385 pro
1061 1349 1102 1376 eis
1116 1349 1318 1384 pugnaverat,
1333 1347 1472 1375 dixerunt
1492 1354 1596 1375 omnes
1617 1347 1657 1375 ad
1677 1356 1746 1375 eum
1762 1357 1769 1375 :

990 1407 1003 1422 «
1017 1396 1174 1424 Dominare
1190 1397 1223 1423 tu
1235 1395 1339 1430 nostri,
1356 1397 1410 1423 etc.
1428 1396 1531 1431 Judz‘c„
1546 1404 1608 1429 vm,
1621 1397 1667 1423 22.

1023 1445 1146 1479 majores
1178 1446 1251 1471 natu
1283 1443 1320 1471 de
1353 1443 1465 1472 Galaad
1503 1445 1700 1479 perrexerunt
1731 1444 1771 1472 ad

986 1491 1104 1527 Jephte,
1129 1491 1326 1527 dixeruntque
1350 1490 1389 1518 ad
1413 1498 1500 1518 eum:
1520 1500 1534 1516 «
1556 1490 1629 1518 Veni
1656 1492 1685 1518 et
1708 1492 1770 1519 esto

985 1538 1124 1574 princeps
1150 1540 1260 1572 noster,
1285 1540 1312 1565 et
1335 1545 1439 1573 pugna
1466 1540 1569 1566 contra
1593 1537 1671 1566 filios
1699 1541 1769 1566 Am—

986 1593 1068 1613 mon.
1085 1596 1098 1612 »
1111 1586 1217 1620 Μαῖα,
1232 1593 1273 1619 xi,
1291 1587 1317 1612 6.

1022 1634 1089 1660 Erat
1103 1632 1148 1660 vir
1165 1632 1202 1660 de
1219 1631 1374 1667 Benjamin
1392 1631 1515 1660 nomine
1531 1632 1592 1667 Cis,
1608 1633 1636 1660 et
1652 1632 1678 1660 ei
1692 1631 1771 1660 filius

986 1679 1136 1707 vocabulo
1160 1678 1249 1713 Saul,
1267 1678 1376 1706 electus
1399 1681 1427 1706 et
1446 1679 1561 1713 bonuS,
1578 1681 1605 1706 et
1628 1687 1690 1706 non
1710 1681 1772 1707 erat

985 1726 1031 1754 vir
1046 1726 1086 1753 de
1100 1725 1169 1753 filiis
1192 1725 1280 1753 lsrael
1298 1725 1407 1753 melior
1429 1725 1501 1753 illo:
1525 1725 1606 1754 hunc
1628 1726 1772 1755 revelavit

986 1773 1130 1801 Dominus
1144 1772 1275 1801 Samueli
1297 1773 1471 1807 eligendum
1491 1773 1567 1807 fore,
1583 1774 1610 1800 et
1627 1773 1772 1809 inungen-

987 1820 1061 1848 dum
1076 1828 1177 1855 regem
1194 1827 1284 1856 super
1298 1819 1425 1855 poplum
1440 1819 1537 1847 lsrael.
1555 1821 1565 1848 l
1580 1821 1659 1855 Req„
1674 1829 1716 1848 ix.

1023 1868 1061 1894 De
1081 1866 1225 1894 mandato
1246 1866 1364 1894 Domini
1386 1867 1507 1902 speciali
1529 1867 1582 1894 ivit
1604 1867 1723 1895 Samuel
1741 1867 1773 1895 in

986 1914 1155 1942 Bethlehem
1167 1935 1175 1948 ,
1195 1917 1223 1942 et
1236 1914 1321 1942 unxit
1336 1914 1429 1941 David
1444 1914 1540 1941 filium
1554 1914 1609 1942 lsai
1622 1914 1653 1941 in
1670 1922 1773 1950 regem

986 1969 1074 1997 super
1090 1961 1196 1994 lsrael,
1212 1962 1222 1988 l
1237 1962 1300 1996 Rey.
1312 1982 1320 1996 ,
1341 1969 1401 1989 xw.
1423 1963 1536 1990 Mortuo
1558 1964 1658 1989 autem
1673 1961 1772 1996 Saule,

986 2011 1132 2036 venerunt
1150 2008 1205 2036 viri
1221 2008 1258 2036 dc
1281 2008 1359 2036 tribu
1379 2008 1455 2036 Juda
1467 2029 1475 2043 ,
1494 2010 1522 2036 et
1540 2010 1690 2036 unxerunt
1703 2016 1772 2036 eum

984 2064 1076 2092 super
1090 2063 1121 2083 se
1138 2055 1169 2083 in
1184 2064 1301 2091 regem,
1318 2057 1340 2084 Il
1355 2057 1436 2090 Ray„
1453 2064 1483 2083 ιι.
1500 2055 1611 2083 Deinde
1628 2055 1773 2083 universae

986 2103 1081 2130 tribus
1096 2102 1185 2130 lsrael
1197 2104 1344 2130 venerunt
1360 2102 1399 2130 ad
1414 2111 1498 2137 eum,
1515 2104 1544 2130 et
1557 2104 1663 2130 unctus
1680 2104 1723 2131 est
1741 2102 1772 2130 in

985 2158 1088 2185 regem
1105 2158 1196 2186 super
1210 2152 1305 2178 totum
1320 2149 1469 2186 populum
1489 2149 1592 2184 lsrael,
1610 2150 1632 2177 ll
1646 2150 1724 2184 Req„
1741 2157 1770 2177 v.

985 2197 1069 2224 Unde
1084 2197 1146 2233 ipse
1162 2197 1236 2225 dixit
1250 2197 1281 2224 in
1296 2197 1341 2224 Ps.
1359 2204 1468 2231 Lxxvn,
1483 2198 1534 2224 70:
1549 2206 1563 2222 «
1575 2196 1669 2232 Elegit
1679 2195 1773 2223 David

986 2251 1106 2272 servum
1113 2251 1211 2271 suum.
1221 2253 1235 2270 w
1250 2245 1372 2278 lParal.,
1382 2252 1486 2278 xxviii,
1496 2244 1528 2271 4:
1539 2253 1553 2269 «
1562 2243 1672 2271 Placuit
1678 2242 1773 2271 Domi-

986 2299 1038 2325 no,
1048 2292 1080 2318 ut
1092 2299 1140 2318 me
1149 2290 1270 2327 eligeret
1279 2298 1382 2326 regem
1396 2298 1485 2327 super
1494 2292 1633 2318 cunctum
1646 2290 1745 2318 lsrael.
1755 2298 1770 2316 π

1023 2339 1277 2375 Appropinquans
1287 2337 1377 2366 morti
1388 2337 1492 2373 David,
1503 2337 1578 2366 dixit
1589 2337 1771 2373 majoribus:

990 2398 1004 2413 «
1018 2388 1057 2414 De
1073 2387 1142 2414 filiis
1164 2387 1239 2414 meis
1254 2386 1343 2421 clegit
1357 2386 1500 2414 Dominus
1514 2386 1725 2420 Salomonem,
1742 2387 1774 2413 ut

987 2434 1104 2462 sederet
1121 2434 1152 2462 in
1167 2434 1275 2462 throno
1292 2434 1378 2469 regni
1400 2433 1518 2462 Domini
1537 2441 1626 2470 super
1641 2432 1739 2461 lsrael.
1756 2442 1769 2458 n
1811 2441 1813 2443 ¹

986 2482 996 2509 1
1012 2482 1116 2516 Paral„
1132 2489 1236 2513 xxvm,
1256 2483 1282 2508 5.

1021 2528 1155 2556 Terribili
1164 2528 1279 2563 judicio
1289 2528 1338 2555 Dei
1347 2529 1516 2564 assumptus
1531 2527 1585 2555 fuit
1598 2526 1772 2561 Jeroboam,

986 2577 1019 2602 ut
1030 2578 1108 2604 esset
1121 2584 1173 2603 rex
1188 2583 1277 2613 super
1289 2575 1394 2603 decem
1408 2575 1502 2602 trihus
1516 2574 1613 2609 lsrael,
1631 2576 1659 2602 et
1672 2576 1772 2602 tamen

986 2622 1104 2651 occasio
1122 2622 1179 2650 fuit
1200 2621 1315 2658 populo
1339 2621 1500 2650 recedendi
1515 2629 1534 2649 a
1552 2622 1627 2656 Deo,
1643 2621 1676 2648 lll
1692 2622 1770 2656 Req„

985 2677 1014 2698 xi
1028 2673 1057 2698 et
1069 2678 1123 2699 xn.
