2004 3037
202 283 255 313 102

195 345 276 382 tiles,
300 345 401 382 cupidi
420 344 567 380 nocendI,
585 352 640 382 per
659 345 832 382 superbiam
845 345 969 381 tumidi,

195 400 313 428 semper
329 392 361 420 in
380 391 486 420 fraude
506 392 577 420 novi
583 401 592 428 ς
613 391 771 420 immutant
790 400 908 427 sensus,
926 391 971 420 in-

196 439 321 475 quinant
333 438 464 474 affectus,
478 438 634 474 vigilantes
649 439 779 474 turbant,
790 439 971 467 dormientes

195 493 248 522 per
263 485 379 514 somnia
397 485 576 521 inquietant,
599 485 722 513 morbos
739 484 884 520 inferunt,
898 487 971 513 tem-

194 532 320 568 pestates
335 531 498 566 concitant,
520 531 551 559 in
569 531 643 559 lucis
662 531 785 567 angelos
799 533 808 549 ¹
829 539 860 559 se
880 533 972 559 trans-

194 578 339 614 formant,
361 586 478 615 semper
500 577 648 606 infernum
669 586 757 606 suum
777 586 877 606 secum
900 586 972 614 por-

195 625 270 659 tant,
291 624 322 652 in
343 624 432 652 idolis
452 624 509 652 sibi
524 624 636 653 cultum
657 624 794 652 divinum
811 627 970 661 usurpant,

194 678 284 706 super
296 670 394 698 bonos
409 670 556 698 dominari
572 672 734 707 appetunt;
753 671 876 706 magicae
896 672 972 698 artes

193 726 248 754 per
263 727 313 747 eos
327 718 416 753 fiun13
428 718 516 747 bonis
527 719 566 747 ad
576 719 748 748 exercitium
762 719 882 754 dantur,
897 727 971 747 sem-

193 772 247 801 per
260 765 312 792 fini
325 765 455 793 hominis
469 765 654 793 insidiantur.

228 811 345 848 Triplici
368 811 504 839 acumine
528 811 653 840 scientiae
674 811 774 847 vigent
798 811 966 840 daemones:

193 858 307 894 primo,
322 858 481 886 subtilitate
496 860 622 892 naturae,
641 860 670 886 et
685 858 742 887 hoc
759 866 813 894 per
828 857 973 893 cognitio-

194 911 263 932 nem
277 904 490 940 vespertinam
507 905 649 940 secundo,
666 904 847 941 experientia
862 906 972 939 tempo-

194 958 276 985 rum;
291 950 391 985 tertio,
407 950 586 979 revelatione
604 951 790 987 superiorum
805 950 970 986 spirituum.

195 997 292 1026 Primo
319 997 411 1025 modo
434 997 602 1032 intelligunt
626 997 772 1025 naturalia
798 996 971 1033 praesentia;

194 1043 325 1071 secundo
349 1043 452 1077 modo,
475 1043 621 1071 naturalia
640 1042 752 1078 futura,
777 1042 860 1070 tertio
880 1041 973 1070 modo

195 1091 377 1125 cognoscunt
391 1089 480 1117 etiam
492 1089 672 1117 voluntaria.

229 1135 423 1172 Multiplieiter
450 1143 522 1163 vero
545 1135 687 1163 diabolus
716 1135 896 1169 nominatur,
920 1142 975 1170 per

194 1183 277 1219 quod
291 1184 319 1210 ct
330 1182 524 1218 proprietates
534 1190 593 1209 Suae
608 1184 836 1217 cognoscuntur.
847 1183 974 1209 Vocatur

195 1229 274 1257 enim
289 1229 425 1262 diabolus,
440 1229 522 1264 quod
538 1229 745 1264 interpretatur
759 1229 886 1262 defluens,
904 1228 974 1263 quia

195 1275 313 1310 defluit,
337 1275 368 1302 id
390 1276 432 1303 est
453 1275 564 1302 corruit
579 1275 769 1311 spiritualiter
784 1277 812 1302 et
830 1274 974 1308 localiter,

195 1321 269 1350 sieut
289 1321 401 1349 dictum
422 1323 474 1349 est.
491 1322 586 1348 Graece
610 1321 816 1356 interpretatur
837 1320 975 1348 diabolus

195 1369 300 1395 clausus
315 1369 464 1402 eryaslulo5
483 1370 510 1395 et
520 1367 577 1395 hoc
591 1367 647 1395 sibi
662 1367 810 1401 convenit,
828 1367 899 1402 quia
914 1374 975 1394 non

195 1414 370 1450 permittitur
381 1415 494 1441 tantum
505 1421 623 1447 nocere,
638 1415 784 1449 quantum
793 1413 890 1440 vellet.
902 1414 976 1440 Prse-

195 1462 276 1488 terea
294 1459 457 1487 secundum
478 1459 692 1495 etymologiam
710 1458 848 1487 diabolus
870 1458 976 1486 dicitur

196 1514 214 1534 a
229 1507 291 1541 dia,
308 1506 390 1542 quod
405 1508 447 1533 est.
462 1506 533 1540 duo,
550 1507 577 1533 et
593 1507 677 1538 bolus,
695 1505 779 1541 quod
794 1507 837 1533 est
852 1504 977 1532 morsel-

199 1553 256 1588 lus,
271 1553 341 1589 quia
357 1553 418 1580 duo
430 1552 547 1586 oceidit,
559 1552 667 1580 scilicet
679 1560 786 1588 eorpus
797 1554 824 1579 et
834 1552 974 1579 animam.

197 1601 266 1628 item
281 1601 403 1627 vocatur
424 1599 526 1626 ‹laemon
536 1620 544 1633 ,
564 1598 595 1626 id
610 1600 661 1631 est,
677 1598 866 1634 sanguineus,
879 1600 906 1625 et
920 1597 978 1625 hoc

198 1648 318 1682 propter
335 1649 501 1681 peccatum
515 1645 561 1672 vel
575 1645 680 1680 sciens,
696 1646 766 1680 quia
781 1645 858 1679 viget
871 1644 977 1680 triplici

199 1693 332 1726 scientia,
349 1693 421 1720 sicut
437 1693 547 1720 dictum
563 1695 613 1720 est.
632 1694 699 1720 item
714 1693 818 1725 Belial,
835 1691 918 1727 quod
934 1692 977 1718 in-

200 1741 371 1775 terpretatur
386 1740 482 1773 absque
496 1739 578 1773 jugo,
594 1739 641 1766 vel
655 1739 753 1773 ubsque
769 1738 891 1770 domino,
908 1737 979 1773 quia

199 1793 254 1822 pro
270 1793 356 1821 posse
372 1787 475 1813 contra
495 1793 563 1812 eum
577 1787 706 1820 pugnat,
721 1785 768 1812 cui
783 1784 903 1812 deberet
918 1791 980 1811 esse

201 1832 359 1867 subjectus.
382 1833 452 1860 Item
477 1832 636 1864 Beelzebub,
666 1831 748 1867 quod
775 1831 981 1866 interpretatur

201 1881 245 1908 vir
266 1888 432 1914 muscarum,
452 1879 482 1907 id
499 1881 558 1912 est,
578 1879 745 1906 animarum
766 1877 979 1914 peccatricum,

204 1934 270 1962 quae
298 1926 481 1961 reliquerunt
513 1933 615 1952 verum
650 1932 793 1960 sponsum
824 1924 978 1951 Christum.

205 1974 275 2000 item
289 1972 415 2005 Satanas,
434 1971 464 1999 id
480 1973 533 2004 est,
549 1971 736 2005 advct·s(17·1'us;
752 1970 830 1998 unde
845 1971 943 1997 Petrus
954 1971 980 1996 ²¹:

206 2019 387 2046 Adversarius
401 2021 487 2045 vester
501 2017 641 2051 diabolus,
654 2019 707 2044 etc.
726 2016 805 2044 idem
825 2016 981 2049 Behemoth,

206 2064 237 2092 id
252 2067 303 2098 est,
318 2064 422 2098 bestia,
438 2063 508 2099 quia
521 2063 588 2090 facit
603 2063 738 2090 homines
750 2062 895 2090 bestiales.
912 2063 983 2090 item

207 2112 363 2143 Leviuthan,
374 2111 404 2138 id
418 2112 469 2144 est,
482 2109 718 2137 additamentum
730 2117 834 2137 eorum
850 2108 901 2144 qui
916 2115 984 2143 pec-

208 2159 272 2185 cata
287 2157 416 2193 peccatis
431 2155 584 2184 cumulant
598 2156 617 2182 ³.

443 2236 586 2269 CAPUT
611 2235 749 2267 XXVII.

360 2303 394 2328 De
414 2301 523 2327 malitia
546 2300 648 2326 diaboli
667 2302 759 2326 contra
778 2307 834 2326 nos.

246 2363 384 2392 Diabolus
397 2365 483 2390 nocet
496 2361 610 2389 homini
623 2361 822 2395 multipliciter
834 2369 839 2387 :
853 2361 923 2396 quia
934 2369 986 2397 per

210 2410 398 2443 violentia1n;
415 2411 442 2436 et
457 2408 525 2441 hoc,
539 2407 721 2443 quaudoque
737 2407 863 2434 exterius
878 2415 986 2442 corpus

211 2456 364 2489 laedendo,
396 2455 470 2482 sicut
503 2453 569 2480 feeit
596 2453 668 2487 Job;
702 2452 884 2489 quandoque
911 2454 987 2481 intra

212 2503 347 2530 membra
361 2500 499 2537 ligando,
515 2500 588 2526 sicut
608 2500 638 2526 in
653 2499 795 2526 obsessis:
819 2502 846 2526 et
867 2502 988 2534 propter

212 2549 269 2577 hoc
284 2549 370 2576 datur
383 2546 515 2583 parvulis
529 2545 650 2580 angelus
665 2545 773 2579 bonus,
795 2553 831 2572 ne
850 2545 987 2572 diabolus

247 2614 253 2629 ¹
266 2613 283 2635 11
297 2613 364 2642 Cain,
375 2618 411 2642 xx,
424 2612 523 2636 its—‘²1
539 2612 709 2636 Pctr..v.8.—
721 2611 987 2637 ¹sinl1issinm11ism1-

215 2649 334 2678 minibus,
345 2650 382 2671 sut
393 2648 495 2678 quidem
506 2646 570 2670 male
583 2646 765 2676 iuter-pretatis,
776 2646 827 2670 vid.
840 2646 989 2676 Lexieogra-

215 2683 280 2712 phos
291 2683 446 2711 bellenislas,
455 2684 480 2705 et
488 2688 566 2705 saera¹
576 2681 713 2711 Scripturae
723 2682 880 2711 interpretes,
889 2688 917 2703 ne
928 2688 988 2710 prm-

216 2718 300 2741 surum
314 2718 413 2742 tlsuncl.
426 2725 440 2741 a
456 2717 592 2747 Lapide.——
603 2718 610 2730 ⁴
621 2717 707 2747 Greg„
719 2716 819 2745 Morzzl.,
836 2716 876 2740 lib.
890 2717 988 2746 xxxm,

527 277 786 310 COMPENDIUM
807 278 1067 312 THEOLOGICAE
1089 278 1312 311 VERlTATtS.
1336 279 1410 310 LlB.
1435 279 1474 310 ll.

1024 346 1057 375 in
1070 346 1116 374 his
1129 345 1217 374 laedat
1230 354 1292 380 eOS,
1301 345 1348 374 vel
1362 345 1478 374 exedat.
1495 346 1566 374 ltem
1579 346 1667 373 nocet
1679 352 1734 380 per
1745 345 1802 374 im-

1026 393 1209 429 pressionem
1230 392 1397 428 imaginum
1423 392 1504 420 mala
1528 390 1733 427 suggerendo,
1754 392 1804 420 vel

1025 447 1080 475 per
1097 439 1328 467 commotionem
1351 438 1504 474 sanguinis
1522 438 1562 466 ad
1580 439 1736 475 peccatum
1755 445 1804 466 ae-

1027 485 1199 519 eendendo,
1214 485 1262 513 vel
1281 493 1383 513 sensus
1407 484 1566 513 exteriores
1589 492 1643 520 per
1661 483 1804 519 objectio-

1027 540 1097 560 nem
1111 532 1253 560 t'alsarum
1271 531 1435 560 formarum
1454 530 1643 567 decipiendo.
1659 531 1699 557 De
1717 529 1764 558 his
1777 531 1806 558 et

1028 578 1175 606 similibus
1196 577 1267 606 dicit
1286 577 1441 613 Gregorius
1453 577 1481 605 ⁸:
1500 586 1515 603 α
1533 578 1589 604 Aut
1604 575 1804 612 opprimendo

1027 625 1115 661 rapit,
1125 627 1176 653 aut
1189 623 1359 652 insidiando
1373 623 1578 658 circumvolat,
1589 625 1639 651 aut
1650 622 1805 651 suadendo

1027 670 1190 706 blanditur,
1205 673 1256 699 aut
1270 671 1412 699 minando
1426 672 1528 705 terret,
1549 671 1600 698 aut
1618 668 1806 706 desperando

1023 716 1145 753 trangit,
1161 719 1212 745 aut
1225 717 1426 753 promittendo
1441 717 1560 753 decipit.
1576 726 1590 742 ιι

1065 764 1205 792 Diabolus
1237 764 1345 800 decipit
1371 764 1508 792 homines
1536 765 1664 800 quatuor
1690 763 1804 791 modis:

1027 810 1126 846 primo
1146 810 1301 838 suadendo
1323 810 1453 843 bonum,
1468 810 1521 838 sed
1534 809 1592 838 hoc
1605 810 1727 846 propter
1741 817 1806 837 ma-

1028 856 1102 892 lum,
1114 858 1147 884 ut
1161 865 1228 884 cum
1239 856 1354 884 homini
1368 855 1499 883 instabili
1518 855 1623 883 suadet
1641 856 1806 891 ingressum

1028 903 1194 939 religionis,
1210 905 1238 931 et
1255 903 1312 930 hoe
1331 905 1363 930 ut
1379 903 1573 939 postmodum
1585 905 1746 939 apostatet;
1761 911 1807 932 se-

1030 949 1139 984 cundo,
1165 949 1320 977 suadendo
1341 949 1472 983 malum,
1495 950 1524 976 et
1546 949 1604 976 hoc
1629 949 1685 977 sub
1709 949 1807 985 speeie

1029 995 1117 1030 boni,
1131 998 1162 1023 ut
1176 996 1307 1032 pejerare
1322 1003 1377 1031 pro
1392 995 1482 1023 rebus
1497 995 1616 1023 alterius
1628 1003 1808 1024 conservan-

1031 1042 1092 1076 dis;
1109 1042 1209 1076 tertio,
1226 1041 1428 1069 dissuadendo
1444 1041 1559 1069 bonum
1571 1044 1712 1078 tanquam
1726 1042 1808 1070 noci-

1030 1096 1116 1122 vum,
1130 1090 1162 1116 ut
1175 1096 1243 1116 cum
1259 1087 1410 1115 dissuadet
1424 1088 1505 1116 bono
1521 1088 1586 1115 viro
1600 1088 1752 1123 religionis
1764 1088 1808 1116 in—

1031 1143 1176 1170 gressum,
1190 1143 1227 1162 ne
1243 1134 1280 1162 de
1294 1135 1352 1162 hoc
1366 1134 1514 1170 poeniteat,
1528 1137 1557 1162 et
1570 1134 1726 1170 egrediens
1739 1142 1809 1163 con-

1031 1181 1187 1216 tundatur3
1204 1181 1251 1209 vel
1275 1181 1397 1218 quando
1418 1181 1570 1208 dissuadet
1590 1181 1678 1209 alicui
1697 1181 1808 1209 oratio-

1031 1236 1100 1256 nem
1124 1228 1172 1256 vel
1195 1228 1434 1264 eleemosynam,
1459 1235 1496 1255 ne
1521 1235 1575 1263 per
1598 1227 1656 1255 hoc
1680 1227 1810 1255 incurrat

1032 1282 1141 1303 vanam
1156 1274 1297 1309 gloriam;
1322 1277 1444 1310 quarto,
1461 1273 1662 1302 dissuadendo
1678 1273 1809 1309 malum,

1032 1323 1065 1349 ut
1074 1321 1161 1349 ducat
1170 1321 1208 1348 ad
1220 1322 1315 1357 pejus,
1327 1322 1359 1348 ut
1372 1320 1493 1356 quando
1506 1319 1658 1348 dissuadet
1670 1320 1812 1356 intempe-

1032 1367 1157 1395 rantiam
1168 1367 1204 1403 (a)
1214 1367 1243 1394 in
1253 1367 1327 1395 victu
1341 1369 1368 1394 et
1380 1374 1497 1401 somno,
1508 1368 1540 1393 ut
1553 1374 1606 1402 per
1619 1366 1676 1394 hoc
1692 1366 1812 1394 inducat

1033 1413 1072 1441 ad
1087 1413 1275 1442 indiscretam
1290 1413 1510 1447 abstinentiam,
1515 1412 1609 1449 guod
1623 1412 1707 1448 pejus
1722 1413 1773 1440 cst.

1069 1460 1229 1496 Impeditur
1256 1460 1393 1488 diabolus
1418 1460 1449 1487 in
1478 1460 1583 1487 etlectu
1609 1467 1668 1487 suae
1694 1459 1812 1487 malitiae

1034 1506 1134 1535 multis
1143 1506 1257 1534 modis:
1274 1505 1457 1542 quandoque
1468 1505 1577 1533 scilicet
1593 1513 1645 1541 per
1655 1505 1812 1533 terminum

1035 1561 1093 1581 sune
1104 1553 1237 1589 potestati
1253 1554 1287 1587 (b)
1299 1560 1316 1580 a
1327 1554 1384 1580 Deo
1400 1552 1585 1588 impositum;
1598 1552 1666 1580 item
1677 1551 1813 1588 quando-

1036 1607 1093 1636 que
1108 1607 1161 1635 per
1175 1599 1368 1627 resistentiam
1382 1599 1530 1626 bonorum
1542 1598 1709 1634 spirituum.
1721 1597 1813 1626 {labet

1036 1646 1114 1673 enim
1143 1645 1281 1680 quaelibet
1305 1645 1405 1672 anima
1433 1645 1509 1673 duos
1537 1644 1661 1679 angelos
1683 1653 1689 1671 :
1719 1651 1813 1671 unum

1036 1692 1161 1725 bonum,
1177 1691 1216 1719 ad
1230 1691 1394 1719 custodiam
1401 1700 1409 1725 ;
1426 1690 1519 1718 alium
1538 1691 1667 1725 malum,
1683 1690 1722 1718 ad
1733 1697 1814 1726 exer7

1037 1738 1148 1766 citium.
1171 1739 1240 1765 Item
1259 1745 1312 1773 per
1334 1737 1490 1765 arbitrium
1512 1737 1642 1765 hominis
1663 1744 1724 1765 non
1744 1744 1813 1765 con-

1037 1784 1185 1812 sentientis
1194 1793 1202 1818 3
1231 1784 1300 1812 item
1323 1791 1376 1820 per
1403 1783 1516 1819 peccati
1540 1783 1814 1817 abominationem,

1037 1831 1108 1867 quia
1133 1830 1316 1866 quandoque
1345 1830 1495 1858 doemones
1520 1829 1676 1858 nobilioris
1703 1833 1814 1858 naturae

1037 1879 1158 1914 peccata
1178 1876 1249 1904 vilia
1273 1877 1468 1911 detestantur3
1492 1876 1560 1904 item
1581 1878 1702 1912 propter
1717 1878 1815 1904 caute-

1037 1923 1099 1952 lam
1115 1922 1297 1959 quandoque
1315 1923 1420 1951 omittit
1441 1922 1537 1951 facere
1557 1922 1652 1957 mala,
1676 1923 1708 1950 ut
1731 1922 1816 1958 pejus

1039 1970 1104 2004 fiat,
1121 1970 1194 1997 sicut
1208 1969 1300 1997 modo
1313 1977 1374 1998 non
1386 1971 1473 1997 vexat
1487 1968 1770 2003 excommunicatos,
1784 1970 1817 1997 ut

1040 2018 1138 2045 miuus
1151 2017 1272 2044 timeant
1286 2017 1358 2044 tales
1372 2017 1538 2044 sententias.

1077 2065 1176 2091 Utrum
1191 2066 1288 2091 autem
1302 2063 1393 2090 virtus
1405 2063 1538 2090 tentandi
1550 2063 1702 2091 minuatur
1714 2061 1818 2092 iffdia-

1040 2111 1123 2144 bolo,
1139 2110 1260 2146 quando
1276 2110 1412 2144 vincitur,
1429 2110 1550 2137 diversae
1565 2113 1631 2137 sunt
1647 2109 1814 2145 opiniones,

1043 2157 1145 2184 Dicunt
1171 2156 1250 2184 enim
1274 2156 1397 2192 quidam
1423 2155 1504 2191 quod
1529 2158 1682 2190 superatus
1702 2155 1732 2182 in
1755 2162 1816 2183 uno

1042 2203 1129 2236 vitio,
1145 2203 1242 2238 ipsum
1258 2203 1398 2230 victorem
1417 2210 1478 2229 non
1498 2201 1589 2237 possit
1613 2201 1740 2236 amplius
1754 2203 1816 2228 ten-

1042 2251 1103 2277 tare
1119 2249 1156 2276 de
1172 2249 1277 2276 eodem
1293 2248 1377 2282 vitio,
1392 2248 1444 2275 sed
1464 2247 1539 2275 alius
1559 2247 1697 2276 diabolus
1711 2249 1816 2283 potest.

1043 2295 1097 2324 Alii
1114 2295 1214 2322 dicunt
1229 2295 1312 2330 quod
1325 2295 1478 2329 superatus
1492 2294 1522 2320 in
1536 2302 1597 2321 uno
1609 2294 1690 2327 vitio,
1702 2294 1818 2322 nullum

1044 2341 1171 2377 amplius
1195 2341 1231 2368 de
1255 2340 1305 2368 illo
1329 2340 1400 2368 vitio
1422 2340 1512 2376 possit
1535 2342 1654 2368 tentare.
1681 2340 1818 2375 Origenes

1045 2388 1129 2421 dicit,
1145 2387 1227 2422 quod
1241 2389 1395 2422 superatus
1414 2386 1452 2414 ab
1472 2394 1548 2421 nno,
1564 2386 1713 2414 neminem
1728 2386 1819 2422 possit

1045 2435 1155 2461 tentare
1171 2433 1207 2460 de
1220 2436 1334 2460 caetero.

1081 2481 1151 2507 Data
1169 2482 1211 2506 est
1231 2481 1358 2515 potestas
1380 2478 1564 2506 dcemonibus
1585 2478 1739 2506 exercendi
1756 2485 1818 2508 rua-

1044 2527 1124 2561 gicas
1139 2527 1214 2553 artes
1229 2525 1383 2561 multiplici
1399 2525 1520 2553 ratione.
1537 2525 1649 2559 Primo,
1664 2524 1701 2551 ad
1719 2525 1819 2552 fallen-

1046 2572 1118 2600 dum
1138 2571 1273 2605 fallaces,
1295 2572 1367 2599 sicut
1388 2571 1538 2607 AEgyptios
1559 2574 1586 2598 et
1605 2570 1684 2606 ipsos
1702 2578 1817 2606 magos,

1046 2618 1125 2645 Unde
1140 2618 1228 2645 etiam
1243 2626 1308 2653 quae
1329 2618 1384 2653 ipsi
1403 2626 1456 2653 per
1476 2617 1563 2645 talem
1583 2617 1707 2644 modum
1727 2617 1818 2644 acturi

1046 2687 1067 2704 e.
1090 2686 1146 2703 vltl.
1161 2693 1189 2697 -—-
1210 2680 1244 2710 (ul
1261 2680 1319 2703 Coet.
1343 2680 1402 2703 edil.
1426 2679 1628 2710 tempeiautiani.
1649 2692 1677 2696 —
1700 2679 1735 2709 (1))
1759 2680 1817 2702 Item

1045 2716 1183 2746 potestatis.
