2004 3037
196 193 256 223 458

230 259 351 292 Quarto,
366 256 492 294 qualiter
505 265 560 294 per
571 255 802 286 intellectualem
815 255 973 284 revelatio·

194 314 266 334 nem
293 306 488 341 aeternorum,
515 305 635 342 spiritus
666 305 767 333 noster
797 303 838 333 ad
865 305 975 332 aeterna

195 351 409 381 introducatur.

231 399 350 434 Quinto,
365 398 493 436 qualiter
513 407 569 435 per
589 397 908 436 superintellectualem
927 405 976 425 re-

194 446 373 475 velationem
399 447 598 481 aeternorum,
621 445 742 482 spiritus
765 447 865 473 noster
891 445 975 472 aeter-

194 494 277 522 nitati
291 494 422 522 uniatur.

230 541 337 575 Sexto,
362 540 490 577 qualiter
515 539 810 577 superintellectualis
833 539 975 568 revelatio

195 589 372 616 aeternorum
386 595 404 615 a
416 587 506 615 nobis
520 587 701 623 acquiratur.

230 634 371 671 Septimo,
386 634 514 671 qualiter
529 634 569 662 ad
583 634 637 662 iter
652 634 773 662 occultae
786 633 976 662 revelationis

194 684 389 717 aeternorum,
419 681 537 718 spiritus
574 682 674 709 noster
700 689 718 709 a
747 681 872 710 Domino
898 681 976 709 invi—

195 730 271 757 tetur
288 727 332 764 (a).

439 779 684 814 DISTINCTIO
708 780 734 813 Ι.

196 854 321 888 Qualiter
340 854 393 881 iter
412 852 518 880 occultae
536 852 712 880 revelationis
730 853 904 884 aeternorum,
924 852 977 878 iter

342 898 513 926 charitativae
528 897 680 932 affectionis
693 898 833 932 sequatur.

230 967 327 996 Primo
342 967 431 1003 igitur
449 966 615 994 videndum
630 967 688 1001 est,
709 964 836 1002 qualiter
857 964 911 993 iter
926 972 977 993 oc-

194 1013 279 1042 cultae
300 1013 489 1042 revelationis
506 1015 700 1047 aeternorum,
724 1012 780 1040 iter
798 1011 978 1040 charitativae

194 1060 357 1089 affectionis
381 1061 531 1096 sequatur.
558 1061 595 1088 De
623 1059 681 1087 hoe
706 1060 804 1095 potest
833 1057 977 1094 assignari

193 1108 268 1136 ratio
283 1107 359 1136 talis.
377 1108 466 1141 Cum,
483 1107 647 1136 secundum
661 1107 857 1143 Augustinum
868 1128 875 1140 ‚
896 1105 975 1134 libro

194 1156 278 1184 tertio
303 1156 420 1184 decimo
445 1156 648 1189 Confessionum
675 1156 709 1189 ¹,
737 1154 892 1182 «charitas
913 1153 976 1182 sive

195 1211 280 1231 amor
296 1203 332 1230 sit
350 1202 470 1239 pondus
489 1202 635 1230 inclinans
656 1203 806 1229 amantem
829 1201 868 1228 ad
892 1208 976 1228 ama—

195 1252 257 1278 tum
272 1260 284 1276 ι)
298 1251 325 1277 et
340 1249 580 1286 appropinquare
596 1249 683 1276 faciat
697 1248 735 1284 (b)
753 1249 862 1282 amato,
879 1254 976 1283 quan-

194 1298 258 1324 tum
272 1298 384 1332 potest,
400 1298 431 1324 ut
454 1295 542 1323 etiam
563 1295 751 1324 transformet
774 1296 924 1322 amantem
948 1293 978 1321 in

196 1345 327 1371 amatum
349 1342 516 1371 secundum
541 1343 735 1379 Dionysium:
766 1342 878 1378 quanto
904 1349 974 1376 ergo

195 1389 393 1426 propinquius
417 1391 460 1417 est
480 1397 584 1417 amans
609 1391 726 1423 amato,
752 1390 834 1416 tanto
861 1388 976 1422 verius,

195 1436 331 1464 subtilius
354 1438 382 1464 et
403 1436 561 1472 perfectius
582 1435 639 1463 sibi
660 1435 808 1463 revelatur
832 1437 976 1462 amatum.

196 1482 277 1511 Unde
299 1484 402 1518 Hugo,
428 1491 517 1518 super
544 1482 670 1518 septimo
699 1483 836 1516 Anqelccoe
864 1483 978 1509 Hieran·-

196 1531 277 1564 chioe,
302 1529 372 1557 dicit
391 1540 398 1557 ε
424 1540 437 1555 α
456 1531 592 1563 Constat,
613 1531 645 1556 ut
666 1528 718 1565 qui
742 1528 894 1556 ardentius
915 1528 979 1555 dili-

198 1579 290 1613 gunt,
325 1576 503 1612 profundius
538 1576 720 1612 conspiciant
737 1597 745 1610 ,
783 1578 811 1603 et
843 1575 979 1603 subtilius

198 1624 388 1652 discernant:
417 1625 443 1651 et
470 1623 541 1659 quia
565 1623 660 1657 magis
687 1622 834 1659 profunde
863 1622 979 1658 prospi-

198 1671 296 1705 ciunt,
318 1670 423 1706 procul
445 1670 539 1698 dubio
559 1669 724 1697 evidentius
747 1671 938 1704 cognoscunt.
964 1679 977 1694 n

198 1721 273 1752 Ergo
288 1717 459 1750 rectissime,
473 1718 584 1752 quanto
599 1718 709 1744 wterna
722 1716 817 1751 magis
833 1717 980 1749 amantur,

199 1766 279 1792 tanto
303 1764 460 1800 perfectius
489 1766 719 1798 cognoscuntur.
750 1765 782 1791 Et
810 1763 851 1790 sic
880 1762 979 1790 verifi-

199 1813 282 1839 catur
303 1810 429 1837 verbum
452 1810 590 1837 Richardi
617 1809 759 1844 dicentIS,
775 1809 854 1837 libro
875 1811 980 1845 quarto

200 1857 232 1885 de
248 1857 492 1892 contemplatione:
513 1867 526 1882 «
539 1858 578 1884 Ex
592 1856 798 1891 magnitudine
813 1855 981 1884 dilectionis

199 1903 310 1940 pendet
331 1903 440 1931 modus
461 1903 569 1931 divinae
589 1903 788 1931 revelationis.
805 1912 819 1928 v>
846 1902 915 1930 Ideo
937 1909 982 1929 ra-

200 1949 381 1978 tionabiliter
402 1949 478 1977 illud
500 1950 554 1977 iter
572 1949 704 1985 sequitur
724 1949 894 1985 praecedens
909 1948 981 1982 iter,

201 2005 237 2025 ex
254 2005 314 2033 quo
329 1996 440 2033 pendet
453 1996 561 2024 modus
577 1996 686 2023 divium
699 1995 897 2023 revelationis

435 2093 675 2126 DISTINCTIO
706 2092 747 2124 ΙΙ.

240 2167 364 2199 Qualiter
382 2167 509 2193 revelatio
528 2168 688 2192 cerei-norum
708 2165 808 2192 orevilta
828 2165 947 2195 dicatur,

406 2213 430 2237 et
450 2212 567 2245 qualiter
587 2210 781 2243 distinquatur.

239 2281 375 2310 Secundo
410 2280 576 2308 videndum
608 2283 649 2308 cst
687 2279 814 2315 qualiter
842 2278 984 2306 revelatio

203 2331 380 2357 aeternorum
403 2327 518 2355 dicatur
539 2327 671 2361 occulta,
688 2328 716 2354 et
737 2325 864 2361 qualiter
886 2325 986 2352 distin-

204 2377 320 2411 guatur.
342 2376 380 2402 De
403 2374 501 2410 primo
526 2373 709 2407 notandum,
736 2372 818 2408 quod
843 2371 985 2399 revelatio

205 2422 376 2450 divinorum
403 2421 509 2448 dicitur
534 2419 668 2453 occulta,
693 2419 763 2455 quia
786 2426 847 2446 non
876 2418 932 2446 nisi
956 2418 986 2446 in

206 2469 321 2497 occulto
341 2467 512 2503 percipitur.
535 2466 600 2495 Sive
617 2466 697 2494 enim
711 2465 853 2494 revelatio
866 2486 874 2500 ,
899 2466 988 2500 prout

207 2518 249 2544 est
277 2515 464 2543 occultorum
497 2513 712 2547 manifestatio,
748 2520 801 2548 per
830 2511 987 2540 exteriores

208 2562 319 2598 figuras
344 2562 415 2596 fiat,
446 2561 505 2589 sive
532 2568 585 2596 per
606 2568 704 2588 sacras
723 2559 901 2596 Scripturas,
927 2558 988 2586 sive

242 2626 247 2641 ¹
266 2626 341 2655 Aug.y
356 2624 439 2655 Confi,
455 2624 499 2648 lib.
516 2624 589 2654 xlii,
612 2630 634 2647 c.
654 2629 691 2647 ιλ.
712 2636 741 2640 —-
763 2623 771 2636 ²
791 2623 867 2653 Hug„
885 2621 915 2645 de
930 2623 987 2645 Arc.

211 2660 282 2691 Noe„
296 2661 341 2684 lib.
359 2662 401 2693 tv,
415 2661 441 2685 in
452 2660 536 2692 princ.
552 2672 581 2677 —
593 2659 601 2674 ²
611 2659 713 2689 Matth.,
730 2665 775 2689 vu,
794 2660 817 2683 6.
830 2670 859 2676 -
877 2657 887 2674 ’
901 2658 986 2687 Dion,

609 190 660 222 DE
682 187 839 221 SEPTEM
861 186 1087 220 ITINERIBUS
1107 188 1398 224 AETERNITATIS.

1030 264 1084 292 per
1110 257 1343 287 illuminationes
1371 260 1547 297 inspiratas,
1576 261 1639 291 sive
1663 269 1720 300 per
1745 262 1807 292 col-

1029 303 1195 332 locutiones
1221 305 1351 334 exterius
1376 314 1548 344 expressas,
1573 315 1690 345 semper
1717 309 1751 338 fit
1775 309 1808 338 in

1031 352 1164 388 occulto,
1188 353 1221 381 ut
1252 353 1380 382 ostendit
1404 355 1510 391 nugo,
1533 355 1612 384 libro
1641 357 1747 393 quarto
1775 357 1809 385 de

1033 399 1103 427 Arca
1118 400 1194 434 Noe,
1218 399 1271 428 ubi
1290 399 1361 428 dicit
1374 400 1401 435 ¹,
1417 401 1501 438 quod
1521 401 1553 430 in
1576 401 1809 431 revelationibus

1029 446 1195 475 necessaria
1208 449 1251 475 est
1271 449 1384 476 secreta
1397 447 1556 484 habitatio,
1572 451 1600 478 et
1619 449 1726 478 mentis
1746 449 1809 478 col-

1029 491 1116 521 lectio
1132 494 1160 521 et
1170 493 1346 530 uni0;unde
1361 495 1498 523 dicitsic:
1516 496 1708 524 «scrutemur
1717 496 1810 533 Scrip-

1029 542 1129 577 turas,
1146 544 1173 570 et
1191 541 1376 571 inveniemus
1398 543 1446 571 vix
1467 546 1519 572 aut
1537 551 1694 581 nunquam
1717 545 1809 573 Deum

1028 586 1118 616 fuisse
1146 588 1279 617 locutum
1302 589 1334 618 in
1362 590 1566 624 multitudine;
1594 590 1647 619 sed
1678 591 1810 627 quoties-

1031 641 1159 671 cumque
1181 635 1364 665 innotescere
1378 637 1471 665 voluit
1487 637 1602 674 aliquid
1621 637 1810 672 hominibus,

1030 688 1092 710 non
1107 682 1244 718 gentibus
1266 685 1293 711 et
1313 683 1434 720 populis
1445 705 1454 719 ,
1469 683 1524 712 sed
1544 684 1592 712 vel
1606 684 1747 720 singulis,
1761 684 1812 713 vel

1031 729 1197 757 admodum
1226 729 1348 766 pauciS,
1373 731 1403 758 et
1430 738 1448 759 a
1475 731 1628 759 communi
1653 731 1811 759 hominum

1030 775 1196 812 frequentia
1207 776 1377 812 segregatis,
1393 777 1442 805 vel
1456 785 1511 813 per
1522 778 1668 806 nocturna
1682 777 1811 812 silentia,

1030 822 1079 850 vel
1105 822 1136 849 in
1160 823 1273 859 campis
1299 825 1327 851 et
1351 817 1580 858 solitudinibus,
1605 824 1757 852 montibus
1782 825 1812 853 et

1031 868 1181 903 vallibus,
1201 877 1233 897 se
1251 869 1458 898 manifestavit.
1479 870 1525 899 Sic
1543 870 1659 898 loeutus
1680 872 1724 899 est
1744 878 1814 899 cum

1031 917 1109 951 Noe,
1126 924 1194 944 cum
1209 917 1375 951 Abraham,
1389 925 1457 945 cum
1471 918 1566 951 Isaac,
1580 925 1648 945 cuin
1662 917 1769 951 Jacob,
1784 918 1814 946 et

1032 964 1145 999 Moyse.
1170 963 1319 998 Samuele,
1344 964 1452 999 David,
1479 966 1506 992 et
1521 964 1662 992 omnibus
1681 964 1812 1001 prophe-

1032 1010 1077 1037 tis,
1098 1020 1111 1036 ι)
1141 1012 1173 1038 Et
1196 1010 1328 1047 sequitur
1348 1020 1354 1039 :
1385 1021 1398 1037 ιι
1423 1010 1499 1045 Quid
1519 1013 1562 1039 est
1585 1011 1669 1048 quod
1697 1019 1814 1048 semper

1032 1056 1164 1093 loquitur
1182 1057 1213 1084 in
1227 1059 1339 1085 secreto
1356 1058 1448 1092 Deus,
1462 1058 1519 1086 nisi
1541 1058 1625 1094 quod
1643 1066 1699 1086 nos
1713 1058 1752 1086 ad
1768 1065 1814 1086 se-

1033 1105 1145 1132 cretum
1162 1105 1271 1132 vocat?
1287 1106 1314 1132 et
1329 1104 1403 1140 quid
1417 1104 1500 1141 quod
1516 1113 1584 1133 cum
1599 1105 1702 1141 paucis
1715 1104 1812 1141 loqui·

1033 1153 1099 1184 tur,
1118 1151 1174 1178 nisi
1196 1152 1228 1178 ut
1246 1159 1301 1179 nos
1317 1151 1436 1186 colligat
1454 1151 1514 1179 sive
1534 1152 1639 1180 uniat?
1660 1161 1674 1178 »
1692 1153 1726 1180 Et
1744 1151 1816 1179 dicit

1034 1197 1147 1225 ibidem
1162 1198 1203 1225 sic
1220 1206 1226 1226 :
1249 1208 1263 1223 «
1279 1197 1387 1226 Similis
1401 1198 1476 1226 ratio
1492 1201 1533 1226 est
1545 1206 1638 1234 quare
1654 1200 1728 1226 Deus
1744 1199 1812 1227 obs-

1034 1252 1103 1272 cure
1127 1244 1260 1281 loquitur
1283 1245 1314 1272 in
1339 1245 1514 1281 Scripturis,
1539 1247 1571 1273 ut
1593 1245 1701 1272 veritas
1728 1245 1814 1273 malis

1034 1292 1236 1321 abscondatur
1247 1314 1255 1328 ‚
1271 1295 1298 1320 et
1313 1292 1401 1321 bonis
1421 1292 1576 1320 reveletur.
1598 1302 1612 1318 ι)
1629 1293 1728 1320 Simile
1744 1292 1815 1320 dicit

1035 1341 1108 1367 Deus
1121 1339 1150 1366 in
1162 1339 1321 1375 Evangelio
1334 1341 1355 1373 ³,
1369 1347 1406 1367 ne
1421 1339 1586 1375 margaritae
1600 1339 1728 1375 pedibus
1741 1347 1815 1375 por-

1035 1394 1139 1414 corum
1161 1387 1382 1414 conculcentur.
1404 1386 1503 1414 Simile
1525 1386 1595 1414 dicit
1615 1386 1770 1422 Dionysius
1784 1386 1814 1413 in

1034 1434 1152 1468 Myctica
1169 1433 1312 1468 Theoloyi'a
1326 1432 1349 1465 ⁶,
1371 1433 1497 1469 loquens
1517 1433 1556 1461 ad
1569 1432 1764 1461 Timotheum.

1072 1482 1110 1508 Ex
1131 1480 1176 1508 his
1195 1481 1294 1516 patere
1309 1482 1405 1516 potest
1419 1479 1581 1507 secundum
1593 1501 1601 1515 ‚
1616 1479 1726 1507 scilicet
1740 1487 1814 1515 quo-

1036 1582 1088 1602 nes
1102 1573 1254 1610 aequaliter
1271 1582 1289 1601 a
1309 1573 1500 1601 sensibilibus
1519 1573 1744 1608 abstrahuntur,
1760 1581 1814 1601 nec

1036 1621 1187 1658 :equaliter
1210 1621 1240 1647 in
1265 1620 1416 1648 intellectu
1440 1620 1617 1655 excitantur,
1640 1628 1694 1648 nec
1714 1628 1814 1656 aequa-

1036 1668 1102 1696 liter
1119 1667 1445 1703 superintellectualiter
1461 1675 1580 1695 sursum
1599 1667 1813 1695 extenduntur:

1037 1715 1105 1743 ideo
1121 1722 1238 1742 necesse
1252 1714 1323 1748 suit,
1343 1716 1374 1741 ut
1390 1713 1572 1749 quibusdam
1587 1713 1689 1741 fierent
1704 1713 1816 1742 revela-

1037 1763 1131 1789 tiones
1154 1761 1348 1795 sensibiliter,
1369 1761 1551 1796 quibusdam
1573 1760 1815 1796 intellectualiter,

1038 1810 1065 1837 et
1080 1808 1261 1844 quibusdam
1276 1807 1600 1844 superintellectualiter
1619 1816 1625 1834 :
1642 1815 1717 1843 quas
1730 1815 1816 1835 reve-

1037 1855 1162 1883 lationes
1180 1854 1309 1890 legimus
1323 1855 1414 1891 Moysi
1430 1854 1530 1887 factas,
1546 1853 1670 1889 quando
1688 1853 1817 1882 exiverat

1038 1910 1074 1931 ex
1091 1904 1217 1939 AEgypto
1242 1902 1399 1937 temporali
1419 1901 1457 1929 ad
1483 1901 1622 1929 interiora
1644 1900 1765 1934 deserti,
1787 1901 1819 1928 ut

1038 1950 1105 1977 illas
1127 1949 1281 1976 nunciaret
1304 1949 1375 1976 filiis
1399 1948 1503 1983 lsrael,
1531 1947 1567 1976 de
1590 1949 1715 1983 AEgypto
1739 1947 1818 1976 exire

1040 1995 1278 2024 desiderantibus
1288 2015 1297 2029 ‚
1311 1996 1343 2023 ut
1359 1995 1519 2023 testabatur
1533 1995 1646 2022 clamor
1661 2002 1764 2022 eorum
1779 1993 1818 2022 ad

1040 2043 1215 2078 Dominum,
1235 2044 1268 2070 ut
1286 2044 1444 2079 pergerent
1464 2041 1518 2070 iter
1536 2041 1624 2069 trium
1649 2041 1764 2069 dierum
1788 2041 1818 2068 in

1040 2090 1198 2119 solitudine
1217 2099 1224 2118 ε
1241 2097 1307 2126 quae
1331 2091 1455 2125 possunt
1480 2088 1602 2124 intelligi
1627 2090 1684 2116 tres
1706 2087 1819 2116 revela-

1041 2137 1145 2165 tiones.

1078 2184 1173 2211 Prima
1188 2183 1329 2211 revelatio
1353 2181 1516 2217 sensibilis,
1541 2183 1570 2210 et
1590 2181 1762 2218 simpliciter
1776 2180 1819 2208 vi-

1041 2231 1199 2264 ventibus,
1224 2229 1258 2257 fit
1281 2229 1318 2256 de
1342 2229 1469 2264 AEgypto
1498 2228 1587 2263 hujus
1613 2228 1717 2256 mundi
1741 2227 1819 2255 exire

1043 2275 1288 2305 desiderantibus.
1313 2275 1394 2302 Unde
1419 2274 1600 2310 quibusdam
1621 2274 1753 2310 patribus
1767 2274 1818 2300 fie-

1042 2325 1115 2352 bant
1142 2322 1296 2351 sensibiles
1322 2321 1536 2356 revelationes,
1563 2323 1596 2349 ut
1623 2320 1820 2356 exemplificat

1044 2370 1242 2406 Dionysius⁵,
1268 2369 1343 2396 sicut
1369 2368 1558 2404 pastoribus,
1585 2370 1611 2396 et
1638 2366 1819 2403 quibusdam

1044 2415 1118 2443 aliis
1142 2416 1206 2442 Haec
1225 2413 1367 2441 revelatio
1392 2413 1430 2440 ad
1457 2412 1628 2440 intrandum
1649 2411 1688 2438 ad
1712 2413 1820 2439 aeterna

1045 2462 1145 2491 allicit.

1081 2507 1217 2539 Secunda
1237 2506 1377 2535 revelatio
1401 2508 1443 2534 est
1463 2504 1686 2539 intellectualis,
1709 2513 1775 2541 quae
1787 2505 1820 2532 fit

1045 2576 1074 2600 de
1100 2576 1174 2607 Myse.
1205 2574 1303 2603 Themi„
1329 2581 1352 2598 c.
1381 2576 1402 2598 i.
1426 2586 1457 2591 -
1482 2573 1492 2589 ⁵
1519 2571 1566 2602 1d.,
1594 2571 1623 2595 de
1650 2572 1711 2596 Coel.
1740 2572 1819 2600 Hier„

1046 2620 1068 2637 c.
1085 2617 1118 2636 w.

1080 2656 1109 2684 (a)
1127 2654 1188 2678 Coet.
1203 2652 1264 2676 edit.
1280 2652 1409 2676 invitatur.
1424 2664 1455 2669 —-
1469 2650 1504 2682 (b)
1523 2651 1583 2674 Item
1599 2649 1667 2674 tacit.

1837 1495 1926 1516 Revela-

1036 1527 1128 1555 modo
1136 1527 1331 1554 revelationes
1343 1526 1570 1562 distinguantur.
1587 1528 1650 1555 Non
1661 1526 1740 1554 enim
1751 1534 1814 1554 om—
1828 1525 1935 1546 tionesdi-

1851 1557 1908 1577 vinis

1831 1588 1936 1615 multipli-

1855 1620 1908 1641 citcr

1831 1652 1894 1672 fiunt.
