2004 3037
139 243 201 273 158

396 353 540 389 CAPUT
564 354 655 389 XIII.

367 426 406 455 De
423 426 554 462 baptismo
577 426 689 455 Christi.

173 497 206 525 In
217 494 368 532 baptismo
382 495 500 523 Domini
513 496 632 524 notatur
649 495 743 531 ipsius
756 494 918 530 humilitas,

137 545 166 572 et
187 544 288 571 nostra
311 542 430 571 utilitas.
456 542 549 578 Ipsius
570 541 722 571 humilitas
744 543 863 570 notatur
887 541 919 570 in

137 591 285 626 quatuor:
298 589 408 626 primo,
423 589 496 625 quia
509 589 590 617 venit
603 590 693 624 lasus,
708 588 817 617 scilicet
832 588 919 616 dator

136 636 249 671 salutis,
266 637 295 664 et
306 643 367 664 non
381 635 519 671 indigens
539 635 649 671 salute3
672 635 804 664 secundo
815 656 824 670 ‚
846 635 918 672 quia

137 683 177 712 ad
200 682 379 717 Jordanem,
393 682 447 710 ubi
470 683 589 711 Creator
608 682 826 711 elementorum
846 681 918 710 suh-

133 730 204 765 jecit
224 738 254 758 se
269 729 375 757 humili
390 729 536 758 elemento
551 737 654 766 aquae;
671 729 774 764 tertio,
792 729 864 765 quia
877 728 918 756 ad

135 776 305 810 hominem,
320 776 352 804 id
367 778 410 804 est
422 777 577 811 Joannem,
593 776 703 804 scilicet
722 776 863 804 Dominus
878 775 918 804 ad

136 831 272 858 servum,
287 824 349 851 Rex
364 823 403 850 ad
417 823 603 857 scutiterum,
622 823 671 851 Sol
687 822 726 851 ad
741 822 916 858 luciferum;

137 872 254 906 quarto,
266 869 339 906 quia
348 869 429 898 venit
439 871 471 898 ut
482 869 679 906 baptizaretur
694 869 732 897 ab
748 877 795 904 eo,
809 869 919 896 scilicet

137 916 204 945 fons
225 925 243 945 a
256 916 332 950 rivo,
346 916 502 952 plenitudo
517 924 535 944 a
549 915 642 951 stilla,
661 918 764 945 auctor
778 915 918 951 baptismi

137 971 156 992 a
169 963 309 1000 baptismi
324 963 472 991 ministro.

173 1009 283 1038 Utilitas
297 1011 398 1038 nostra
415 1011 534 1038 notatur
549 1009 584 1038 in
603 1011 743 1045 quatuor,
760 1015 827 1044 quae
841 1008 920 1037 circa

137 1056 284 1084 Christum
311 1056 493 1092 baptizatum
519 1057 691 1084 evenerunt.
715 1055 824 1089 Primo,
847 1054 919 1090 quia

137 1102 265 1131 Christus
281 1102 436 1131 confestim
451 1110 520 1130 cum
534 1102 698 1138 baptizatus
712 1101 784 1136 fuit,
799 1101 920 1129 ascendit

137 1148 170 1177 de
184 1158 274 1185 aqua:
294 1157 347 1185 per
369 1149 452 1185 quod
467 1150 586 1177 notatur
603 1149 633 1176 in
652 1148 739 1177 nobis
761 1149 861 1183 gratiae
875 1147 919 1175 in-

137 1195 231 1225 fusio:
248 1196 340 1224 homo
363 1197 442 1224 enim
464 1204 517 1232 per
541 1195 724 1231 baptismum
745 1194 887 1222 liberatus
901 1202 919 1222 a

138 1242 244 1279 culpa,
264 1242 301 1270 ad
331 1242 451 1270 virtutes
479 1242 577 1270 statim
600 1241 743 1270 ascendit.
769 1240 917 1275 Secundo,

137 1291 260 1325 apertum
275 1292 313 1316 cst
335 1290 426 1316 coelum
443 1290 470 1323 ¹3
486 1296 539 1324 per
554 1288 638 1324 quod
652 1289 771 1316 notatur
789 1287 919 1315 hominis

135 1337 205 1371 post
226 1335 408 1371 baptismum
432 1335 617 1364 ascendentis
642 1335 781 1363 evolatio.
807 1334 916 1368 Tertio,

136 1382 272 1410 descendit
295 1382 419 1418 Spiritus
443 1385 552 1410 sanctus
577 1382 712 1417 corporali
736 1383 821 1416 specie
846 1383 917 1408 sicut

137 1429 256 1456 columba
271 1430 300 1456 in
315 1430 425 1464 ipsum:
443 1436 497 1464 per
510 1428 593 1464 quod
609 1430 727 1456 notatur
744 1427 828 1463 quod
842 1427 918 1463 bap-

135 1475 239 1503 tismus
254 1475 322 1503 facit
340 1475 494 1503 hominem
512 1475 634 1511 Spiritus
654 1473 746 1502 sancti
762 1473 916 1509 templum.

137 1523 263 1558 Quarto,
279 1530 331 1550 υοω
346 1523 440 1550 Patris
458 1524 534 1555 facta
555 1523 615 1549 est:
632 1522 684 1548 Hic
702 1523 740 1549 est
758 1522 831 1555 filius
845 1528 917 1548 meus

136 1570 263 1602 dilectum
280 1569 310 1597 in
331 1577 392 1605 quo
413 1571 530 1596 notatur
555 1568 638 1604 quod
662 1575 715 1603 per
734 1567 917 1602 baptismum

136 1616 173 1644 de
188 1616 251 1644 filio
266 1616 317 1644 irae
333 1615 365 1643 fit
379 1615 457 1642 filius
472 1615 580 1650 gratiae.
599 1616 629 1642 ln
644 1614 794 1649 baptismo
813 1613 916 1642 Christi

136 1665 274 1690 notantur
292 1661 497 1690 substantialia
518 1661 657 1697 baptismi
679 1661 786 1694 nostri,
808 1660 917 1687 scilicet

135 1708 299 1744 baptizans,
315 1708 493 1744 baptizatus,
509 1707 643 1741 materia,
659 1707 765 1740 forma,
782 1709 809 1734 et
824 1707 916 1734 inten-

135 1757 186 1785 tio.
202 1756 353 1792 Baptizans
367 1755 421 1782 fuit
430 1756 568 1787 loannes,
580 1754 610 1781 in
622 1762 682 1789 quo
695 1753 819 1781 ministri
831 1761 915 1781 sanc-

135 1804 201 1832 titas
222 1803 403 1838 designatur.
427 1801 590 1837 Baptizatus
608 1800 661 1828 suit
681 1801 828 1834 Christus,
847 1808 916 1828 nos-

136 1852 214 1879 trum
240 1849 422 1885 baptismum
446 1855 638 1880 consecranS‚
659 1847 730 1882 quia
751 1849 829 1874 tactu
854 1855 914 1874 suaa

136 1896 337 1925 mundissimae
353 1895 448 1923 carnis
462 1895 524 1922 vim
543 1893 777 1929 regenerativam
793 1892 916 1921 eontulit

135 1943 230 1979 aquis.
251 1942 366 1970 Materia
385 1942 438 1969 tuit
460 1949 556 1976 aqua,
575 1940 670 1976 magis
689 1939 867 1968 conveniens
888 1942 916 1967 et

136 1989 302 2017 communis
332 1988 440 2016 caeteris
469 1987 636 2023 liquoribus
666 1987 705 2014 ad
733 1986 915 2022 baptismum

135 2037 271 2064 existens.
289 2037 394 2063 Forma
408 2037 525 2062 notatur
540 2042 592 2070 per
612 2034 811 2062 testimonium
825 2034 915 2061 Trini-

136 2083 214 2110 tatis:
231 2083 285 2110 fuit
299 2082 378 2110 enim
391 2081 432 2108 ibi
443 2083 525 2109 Pater
538 2081 568 2108 in
579 2089 662 2114 voce,
675 2080 762 2107 Filius
774 2080 803 2107 ιιι
815 2088 912 2114 carne,

135 2130 257 2165 Spiritus
282 2131 399 2156 sanctus
425 2128 455 2156 in
486 2127 632 2155 columbte
657 2127 763 2162 specie.
792 2127 914 2155 intentio

136 2176 325 2211 consequitur
340 2175 485 2203 formam:
506 2186 519 2199 «
534 2176 625 2202 Voces
640 2174 729 2208 enim,
746 2175 777 2201 ut
793 2173 832 2201 ait
847 2173 913 2201 Phi-

136 2221 279 2257 losophus
295 2221 317 2254 ²¹,
333 2221 418 2256 signa
433 2222 499 2248 sunt
514 2228 629 2254 earum,
642 2228 708 2255 quae
723 2222 790 2247 sunt
805 2220 835 2247 in
850 2219 914 2247 ani-

136 2276 196 2299 ma,
211 2267 395 2303 passionum.
409 2277 423 2292 »

172 2315 224 2342 Per
236 2321 341 2341 vocem
356 2313 455 2346 Patris,
468 2320 534 2347 quse
549 2311 650 2339 audita
664 2313 705 2338 est
720 2312 749 2338 in
764 2312 913 2347 baptismo

136 2360 254 2394 Christi,
275 2360 414 2387 notantur
435 2358 568 2394 quinque
589 2357 744 2392 dignitates
767 2361 794 2385 et
817 2358 913 2386 excel-

137 2406 232 2435 lentiae
247 2405 381 2441 ejusdem
395 2404 510 2432 Domini
526 2404 616 2432 nostri
627 2405 689 2431 Jrzsu
703 2405 827 2431 Cunisri.
842 2406 914 2432 Cum

138 2454 217 2482 enim
231 2452 337 2480 dicitur
353 2461 359 2479 ι
376 2452 427 2478 llic
443 2454 498 2484 est,
515 2449 741 2478 commendatur
754 2450 882 2478 Christus
897 2458 914 2478 a

137 2508 207 2528 vera
223 2498 359 2532 essentia,
371 2497 423 2533 qui
437 2497 518 2524 solus
534 2498 608 2524 Deus
622 2496 712 2523 habet
722 2504 825 2523 verum
840 2504 912 2524 esse.

137 2546 229 2574 Omne
245 2545 324 2573 enim
339 2551 401 2572 esse
412 2551 430 2571 a
441 2542 537 2571 forma
549 2544 604 2569 est:
622 2543 696 2570 Deus
707 2544 804 2570 autem
818 2541 914 2570 forma

138 2592 256 2621 estsine
274 2590 396 2620 materia
405 2610 414 2624 ‚
428 2592 461 2618 ut
475 2589 544 2618 dicit
559 2588 684 2618 Boetius.
700 2591 773 2618 Cum
787 2589 912 2617 dicitur:

171 2691 179 2706 ¹
195 2689 297 2718 Manli„
315 2694 354 2718 ιιι,
371 2689 409 2718 16,
426 2689 471 2718 1‘1;
488 2687 555 2717 Luc„
566 2691 605 2716 ιιι,
620 2687 659 2716 2¹,
673 2687 711 2710 22.
725 2699 754 2704 —
767 2686 914 2717 ²Arist.‚de

465 239 727 273 COMPENDIUM
748 239 1010 273 THEOLOGICAE
1030 242 1255 276 VERITATlS.
1279 244 1354 276 LIB.
1379 221 1430 278 IV.

972 309 1078 346 Filius,
1102 311 1331 341 commendatur
1354 312 1484 342 Christus
1506 319 1526 342 a
1551 313 1753 344 similitudinis

972 359 1103 394 paternae
1125 359 1350 388 convenientia:
1374 367 1411 388 ex
1432 367 1468 388 eo
1491 367 1623 397 namque
1646 361 1753 392 dicitur

973 403 1078 440 Filius,
1094 405 1166 441 quia
1179 405 1216 434 sit
1228 407 1261 434 ut
1280 405 1330 434 ille
1343 414 1350 433 :
1373 407 1496 442 propter
1510 406 1594 443 quod
1607 406 1697 436 Filius
1709 408 1752 437 sic

974 449 1080 480 dicitur
1093 453 1182 487 imaqo
1195 453 1301 488 Patris,
1309 452 1409 489 potius
1423 453 1512 482 etiam
1522 461 1614 490 quam
1629 454 1752 491 Spiritus

973 497 1080 533 sancti,
1095 500 1216 535 propter
1230 498 1376 527 rationem
1395 507 1486 536 quam
1505 499 1599 528 habes
1617 508 1708 537 supra
1721 501 1752 529 in

972 542 1051 572 libro
1066 544 1164 580 primo
1172 545 1192 573 ³.
1206 545 1280 574 Cum
1293 545 1401 574 dicitur
1413 554 1419 574 ε
1429 547 1515 581 Meus,
1527 546 1753 576 commendatur

973 598 992 618 a
1012 590 1182 619 substantiae
1201 591 1416 627 indifferenti-³3
1437 592 1544 621 dicitur
1567 593 1647 621 enim
1663 601 1752 628 meus,

972 636 1006 664 id
1021 639 1073 672 est,
1094 638 1164 665 mihi
1182 639 1429 667 consubstantialis.
1444 639 1517 667 Cum
1532 639 1657 668 dicitur:
1673 640 1754 668 dilec-

974 686 1034 718 tus,
1055 685 1281 714 commendatur
1304 685 1343 713 ab
1365 685 1476 714 amoris
1498 686 1752 715 benevolentia⁴z

974 730 1056 758 Pater
1074 731 1171 767 diligit
1185 732 1301 766 Filium,
1318 734 1343 760 et
1357 734 1448 760 omnia
1461 741 1521 768 quoe
1532 733 1620 767 habet,
1635 733 1711 761 dedit
1724 735 1755 761 in

973 785 1055 805 manu
1070 778 1136 812 ejus.
1153 778 1227 806 Cum
1249 778 1373 806 dicitur:
1394 780 1427 806 ln
1441 787 1493 814 quo
1511 780 1580 807 mihi
1593 781 1753 816 complacui,

974 824 1201 852 commendatur
1212 832 1230 852 a
1243 824 1364 860 speciali
1375 825 1601 861 complacentia.
1614 826 1671 854 Sed
1685 829 1757 856 nota

974 870 1058 905 quod
1071 870 1215 906 placitum
1230 873 1273 899 est
1293 871 1393 907 quieta
1408 871 1566 900 voluntas:
1588 872 1669 901 unde
1684 880 1756 904 com-

973 917 1077 951 placui,
1090 916 1122 944 id
1136 919 1189 952 est,
1203 924 1271 945 cum
1287 917 1395 954 Spiritu
1408 920 1510 946 sancto
1522 918 1553 946 in
1566 919 1638 948 Filio
1653 927 1756 948 secun-

976 962 1050 991 dum
1064 965 1202 992 naturam
1215 966 1399 1000 assumptam
1415 964 1524 1001 quievi.

1236 1058 1380 1092 CAPUT
1403 1059 1495 1093 XIV.

1129 1129 1166 1156 De
1181 1129 1353 1164 plenitudine
1371 1131 1470 1164 qratiae
1491 1129 1602 1159 Christi.

1010 1196 1076 1223 Post
1091 1195 1148 1223 hoc
1163 1195 1415 1224 considerandum
1426 1199 1469 1225 est
1479 1197 1608 1225 Verbum
1622 1197 1756 1228 incarna-

974 1243 1037 1269 tum
1065 1244 1210 1278 quantum
1237 1242 1276 1270 ad
1304 1243 1522 1279 plenitudinem
1546 1244 1756 1274 charismatum

973 1288 1185 1324 spiritualium,
1208 1297 1275 1325 quae
1294 1293 1361 1318 sunt
1380 1290 1535 1326 plenitudo
1557 1291 1657 1326 gratiae
1671 1292 1701 1320 in
1717 1292 1756 1320 cl-

973 1334 1065 1369 fectu,
1081 1334 1237 1371 plenitudo
1250 1337 1399 1372 sapientire
1415 1337 1446 1364 in
1461 1337 1627 1372 intellectu,
1643 1346 1677 1366 ac
1693 1338 1755 1374 ple-

973 1381 1077 1409 nitudo
1093 1382 1188 1410 meriti
1204 1382 1234 1410 in
1251 1391 1340 1419 opere
1355 1385 1383 1411 et
1397 1383 1538 1423 effectu„

1008 1428 1090 1456 Circa
1106 1428 1238 1464 primum
1252 1429 1419 1457 notandum
1439 1432 1482 1458 est
1497 1430 1580 1466 quod
1597 1431 1628 1458 in
1643 1430 1756 1460 Christo

973 1482 990 1502 a
1009 1475 1053 1502 sui
1075 1475 1268 1511 conceptione
1287 1475 1342 1503 suit
1360 1476 1515 1511 plenitudo
1536 1477 1637 1513 gratioe
1660 1485 1755 1514 quan-

973 1522 1037 1549 tum
1052 1521 1091 1549 ad
1105 1522 1230 1557 gratiam
1244 1530 1380 1558 personae
1391 1523 1558 1558 singularis,
1571 1526 1599 1551 et
1611 1526 1756 1560 quantum

973 1568 1012 1596 ad
1026 1569 1152 1603 gratiam
1167 1569 1281 1605 capitis,
1293 1572 1321 1597 et
1331 1572 1477 1606 quantum
1487 1569 1526 1598 ad
1537 1570 1661 1605 gratiam
1672 1571 1755 1599 unio-

973 1615 1033 1642 nis:
1052 1618 1079 1643 et
1094 1616 1155 1643 liaec
1169 1615 1276 1651 triplex
1287 1615 1381 1651 gratia
1393 1619 1434 1644 est
1449 1616 1555 1644 eadem
1568 1617 1598 1644 in
1613 1617 1738 1645 essentia
1744 1627 1752 1652 ;

971 1661 1024 1688 sed
1047 1661 1187 1690 differunt
1211 1663 1240 1689 in
1265 1662 1381 1690 effectu.
1403 1663 1501 1690 Gratia
1522 1663 1601 1690 enim
1619 1671 1754 1699 personoe

971 1707 1130 1742 singularis
1155 1710 1196 1735 est
1221 1708 1314 1743 gratia
1338 1708 1513 1743 habitualis,
1538 1717 1630 1745 quam
1651 1710 1754 1738 habuit

970 1753 1098 1781 Christus
1118 1754 1348 1789 completissime
1370 1757 1397 1782 et
1418 1755 1604 1790 plenissime,
1630 1758 1752 1792 excepta

970 1800 1030 1827 side
1046 1803 1074 1828 et
1087 1808 1151 1836 spe,
1168 1808 1242 1836 quas
1258 1801 1378 1828 virtutes
1394 1809 1455 1828 non
1470 1801 1584 1835 habuit,
1604 1802 1656 1829 sed
1670 1801 1753 1838 quod

971 1847 1012 1874 eis
1031 1847 1062 1874 in
1083 1847 1179 1883 patria
1198 1846 1349 1874 succedit:
1374 1847 1444 1883 quia
1463 1847 1533 1875 fidei
1555 1848 1684 1876 succedit
1704 1857 1752 1877 co-

970 1893 1079 1928 gnitio,
1106 1894 1168 1929 spei
1192 1901 1264 1921 vero
1289 1893 1423 1921 succedit
1447 1894 1674 1929 comprehensio
1697 1895 1749 1924 rei.

970 1940 1128 1967 Sciendum
1143 1942 1241 1967 autem
1254 1940 1337 1975 quod
1352 1940 1492 1976 praedicta
1507 1940 1601 1975 gratia
1617 1948 1751 1976 pei-sonte

971 1986 1130 2021 singularis
1143 1986 1285 2014 exuberat
1303 1986 1333 2014 in
1351 1986 1478 2021 Christo,
1494 1986 1534 2014 ita
1558 1987 1641 2022 quod
1656 1987 1752 2016 influit

971 2032 1001 2060 in
1016 2032 1153 2060 membra
1167 2033 1301 2068 corporis
1316 2033 1361 2060 sui
1376 2033 1492 2068 mystici
1508 2041 1626 2061 sensum
1643 2036 1670 2061 et
1686 2042 1750 2063 mo-

970 2081 1032 2107 tum
1051 2079 1249 2114 spiritualem,
1275 2079 1439 2107 secundum
1457 2080 1599 2107 fontalem
1624 2080 1749 2116 plenitu-

971 2125 1071 2153 dinem
1086 2126 1182 2153 omnis
1197 2125 1296 2160 gratioe
1312 2126 1342 2153 in
1357 2126 1421 2161 ipso
1437 2125 1604 2154 habitantis.

1006 2172 1114 2199 Dicitur
1142 2172 1235 2207 gratia
1264 2172 1365 2207 capitis
1393 2172 1505 2199 Christo
1532 2172 1640 2206 inesse;
1668 2172 1747 2200 uude

969 2220 1040 2246 nota
1060 2218 1143 2254 quod
1162 2218 1290 2245 Christus
1310 2217 1475 2245 secundum
1495 2220 1650 2253 utramque
1666 2221 1749 2246 natu-

969 2272 1034 2292 ram
1050 2264 1157 2291 dicitur
1178 2266 1265 2298 caput
1279 2263 1428 2293 Ecclesiae.
1446 2263 1516 2299 quia
1531 2272 1592 2291 non
1606 2264 1704 2292 solum
1718 2264 1748 2292 in

970 2313 1115 2347 quantum
1138 2312 1227 2344 DeuS,
1247 2310 1298 2337 sed
1322 2310 1409 2337 etiam
1434 2310 1463 2337 in
1486 2313 1630 2346 quantum
1656 2311 1747 2339 homo

970 2357 1065 2385 inssuit
1088 2364 1207 2384 sensum
1227 2358 1254 2383 ct
1272 2358 1387 2384 motum
1409 2356 1528 2391 spiritus
1550 2359 1577 2385 et
1597 2358 1696 2391 gratioe
1717 2357 1747 2384 in

970 2411 1073 2431 omnes
1088 2402 1139 2439 qui
1154 2402 1305 2430 adhaerent
1326 2402 1367 2436 ei,
1384 2402 1430 2430 vel
1450 2411 1503 2438 per
1518 2403 1609 2431 fidem
1623 2406 1745 2437 rectam,

969 2451 1016 2479 vel
1041 2459 1093 2486 per
1119 2450 1189 2477 fidei
1217 2451 1442 2477 sacramentum.
1470 2449 1525 2477 Sed
1549 2450 1580 2477 in
1603 2451 1746 2485 quantum

969 2498 1076 2531 homo,
1092 2496 1187 2525 influit
1202 2503 1268 2524 eam
1284 2504 1336 2531 per
1351 2495 1476 2524 modum
1491 2496 1600 2529 meriti;
1617 2498 1643 2523 et
1658 2495 1746 2523 meri-

969 2545 1031 2572 tum
1046 2542 1129 2579 quod
1140 2550 1202 2570 non
1217 2542 1315 2570 solum
1329 2550 1365 2569 ex
1381 2549 1524 2576 congruo,
1541 2541 1593 2568 sed
1608 2541 1695 2569 etiam
1709 2549 1746 2570 ex

969 2589 1118 2625 condigno
1133 2588 1239 2617 meruit
1252 2588 1395 2616 membris
1413 2587 1553 2623 gratiam,
1572 2587 1629 2615 hoe
1642 2587 1746 2616 hahuit

970 2653 1089 2683 Interpr„
1105 2651 1150 2675 lib.
1165 2652 1183 2681 l,
1195 2658 1217 2675 c.
1237 2657 1293 2675 i.—
1308 2650 1318 2667 ³
1331 2651 1388 2675 vm.
1401 2657 1459 2680 sup.
1471 2649 1515 2674 lib.
1531 2650 1550 2680 l,
1563 2657 1585 2673 c.
1606 2655 1641 2680 vr,
1663 2657 1687 2681 p.
1704 2651 1743 2681 65,

969 2689 1019 2712 col.
1033 2690 1055 2712 2.
1071 2701 1101 2706 —
1113 2688 1121 2701 Α
1133 2687 1213 2715 donn..
1231 2692 1256 2717 v,
1269 2689 1316 2716 2⁰3
1333 2692 1392 2716 xvi,
1410 2688 1446 2711 15.
