2004 3037
727 191 818 224 CAP.v
838 190 892 224 ΙΙΙ.
916 191 1142 225 PARTICULA
1164 194 1215 227 lv.
1742 201 1782 231 43

162 262 209 291 rio
221 283 229 298 ,
253 261 392 290 subditur
408 262 446 306 dp
467 261 534 299 ipsa
555 259 796 290 consurrectione
818 259 942 288 unitiva.

163 309 217 338 Ubi
232 309 331 346 primo
346 309 465 338 notatur
476 307 608 337 conditio
624 306 840 343 consurgentis,
852 314 944 342 quan-

163 356 203 384 do
217 364 267 392 per
279 357 466 392 ignorantiam
481 355 589 383 dicitur
594 364 603 390 3
617 356 645 383 et
659 354 724 391 ipsa
742 353 943 382 consurrectio

162 403 324 438 extensive,
338 402 392 430 ubi
407 402 516 430 dicitur
532 410 539 430 ε
555 401 706 436 Οοηειινρος
722 401 751 429 et
763 400 842 428 illud
857 400 943 436 quod

162 450 228 486 ipsa
245 449 446 478 consurrectio
466 448 565 476 solum
579 449 608 476 et
621 447 770 484 praecipue
790 447 941 482 ascendat,

163 504 231 524 cum
243 496 368 524 dicitur:
385 496 429 524 Ad
440 496 498 531 ejus
512 497 664 523 unitionem
677 503 736 530 quoe
751 496 802 530 est,
819 495 874 522 etc.
886 493 943 522 Sed

162 551 230 571 cum
258 543 356 571 omnis
383 542 583 579 apprehensio
606 542 670 578 jam
696 541 776 570 dicta
800 540 836 570 sit
861 543 944 569 extra

161 590 317 627 mysticam
331 589 622 624 consurrectionem,
644 596 712 616 cum
727 588 758 616 in
779 587 832 616 illa
853 595 943 624 opor-

162 638 221 665 teat
245 645 307 665 esse
327 636 529 673 ignorantiam
550 636 643 664 :ideo
670 635 798 664 totaliter
820 634 943 663 oculum

161 683 326 712 intellectus
354 683 522 711 rescindere
550 684 692 719 oportet,
722 682 794 719 quia
819 682 850 709 in
879 681 943 717 ipsa

161 730 402 759 consurrectione
430 737 548 766 semper
575 729 640 756 vult
668 728 745 757 illud
774 729 942 765 apprehen-

161 777 249 812 dere,
269 777 308 805 ad
329 777 414 814 quod
432 776 526 804 tendit
547 775 674 804 affectio.
691 775 788 811 Unde,
811 775 943 803 maxima

161 823 328 852 adversatio
343 823 375 851 in
393 824 448 851 ista
469 823 710 851 consurrectione
725 825 768 850 est
781 823 942 850 vehemens

161 871 333 898 inhaerentia
356 870 521 898 intellectus
545 878 615 898 cum
639 869 762 903 affectu,
787 878 879 905 quam
903 871 944 897 ta-

161 927 231 947 men
243 919 411 948 rescindere
425 926 546 947 necesse
567 920 610 946 est
623 927 677 955 per
691 927 838 954 magnum
859 927 944 946 exer-

161 966 273 994 citium.
289 967 377 1001 Cujus
392 974 488 994 causoe
507 965 592 993 dictae
611 966 680 992 sunt
703 965 858 1001 superius,
873 965 945 1001 quia

164 1013 212 1041 vel
235 1012 420 1048 phantastice
439 1034 447 1047 ,
477 1012 526 1040 vel
546 1011 872 1048 circumscriptibiliter‚
897 1012 944 1040 vel

163 1059 256 1087 modo
279 1059 404 1087 limitato
427 1059 626 1096 apprehendit
641 1068 648 1087 :
665 1060 694 1086 et
707 1059 865 1095 quomodo
886 1060 944 1087 hoc

164 1105 258 1142 possit
272 1105 354 1140 fieri,
370 1105 441 1134 dicit
461 1105 493 1133 in
510 1107 627 1140 Mystico
645 1107 789 1141 Theoloqz'a
808 1114 897 1142 super
911 1106 945 1134 il-

162 1152 216 1180 lud
233 1161 239 1179 :
258 1153 392 1187 Consurqe
409 1154 499 1187 iynote
514 1161 524 1180 :
540 1153 611 1188 quia
633 1153 675 1180 ibi
698 1153 825 1181 elevatio
841 1154 883 1180 est
894 1161 945 1181 ve-

161 1199 310 1227 hementia
331 1199 488 1227 tendentiee
511 1199 650 1234 affectus,
672 1207 739 1235 quae
759 1199 945 1228 intellectum

160 1248 229 1282 post
248 1254 278 1274 se
299 1246 449 1282 relinquit.
466 1248 542 1274 Pura
565 1254 637 1282 ergo
663 1246 801 1274 affectiva
822 1255 943 1275 consur-

162 1292 255 1320 rectio
278 1300 434 1328 nunquam
451 1295 507 1328 est,
522 1293 578 1320 nisi
601 1292 728 1321 totaliter
748 1293 944 1322 intellect1vus

162 1339 266 1367 oculus
287 1339 472 1368 rescindatur
491 1350 499 1367 :
520 1342 548 1368 et
570 1340 628 1368 hoc
653 1342 696 1368 est
719 1340 803 1376 quod
826 1341 856 1368 in
878 1341 943 1377 ipso

162 1387 285 1420 Mysticae
312 1387 462 1422 Theoloqz'oe
491 1387 639 1422 principio
669 1387 786 1415 dicitur.
816 1388 943 1416 Omnino

161 1434 260 1460 autem
283 1433 418 1468 ignorata
443 1433 557 1461 notatio
582 1434 679 1461 omnis
703 1434 902 1469 cognitionis,
917 1437 945 1462 et

161 1479 268 1506 melius
281 1480 381 1507 unitur
392 1488 429 1507 ex
439 1488 486 1514 eo,
498 1480 582 1516 quod
597 1481 672 1507 nihil
689 1481 840 1515 cognoscit
854 1490 943 1517 super

163 1528 294 1553 mentem
310 1526 424 1554 elevata
446 1527 588 1562 cognitio.
605 1527 686 1554 Unde
706 1527 768 1555 haec
784 1529 827 1555 est
845 1536 945 1555 neces-

161 1572 238 1600 saria
259 1572 390 1600 conditio
411 1573 450 1600 ad
474 1573 562 1600 istam
587 1573 819 1602 elevatissimam
839 1582 944 1611 appre-

159 1619 351 1654 hensionem,
368 1619 453 1655 quod
471 1620 502 1647 in
520 1620 584 1655 ipsa
602 1620 768 1648 elevatione
780 1624 865 1649 vacet
880 1630 944 1649 om-

160 1666 206 1694 nis
222 1666 352 1701 cognitio
374 1666 558 1702 speculativa
575 1677 581 1694 :
597 1667 668 1702 quia
689 1668 754 1703 ipsa
776 1670 819 1696 est
842 1669 944 1704 ignota

161 1713 342 1748 intellectui,
367 1715 394 1740 et
417 1713 514 1749 ipsam
528 1713 566 1749 (a)
587 1714 718 1750 relinqui
738 1723 856 1743 necesse
880 1718 941 1751 cst,

164 1761 188 1788 si
215 1761 254 1789 ad
281 1761 484 1796 cognitionem
517 1770 606 1798 super
635 1765 764 1791 mentem
794 1763 943 1793 desiderat

159 1807 325 1843 pervenire.
346 1810 378 1835 Et
393 1809 540 1844 quantum
561 1809 593 1836 in
614 1809 678 1845 ipsa
701 1811 942 1839 consurrectione

160 1854 324 1882 intellectus
347 1863 377 1882 se
403 1855 575 1882 commiscet
600 1855 737 1891 affectui,
764 1859 881 1885 tantum
900 1861 943 1886 est

160 1901 208 1928 hic
230 1901 267 1929 de
287 1901 474 1937 impuritate3
492 1903 520 1929 et
542 1903 573 1929 in
595 1905 743 1938 quantum
766 1904 834 1939 plus
858 1905 942 1933 intel-

161 1948 284 1975 lectivus
308 1948 412 1975 oculus
438 1948 566 1976 totaliter
590 1952 752 1978 excaecatur
776 1952 783 1987 (
804 1952 887 1987 quod
910 1952 942 1980 fit

161 2002 222 2021 non
238 1995 294 2021 nisi
305 2002 359 2029 per
374 2002 519 2029 magnum
536 1996 708 2024 exercitium
730 1999 758 2024 et
773 1997 910 2025 laborem
921 1999 941 2033 ),

162 2041 192 2068 in
207 2042 323 2068 tantum
339 2041 445 2068 oculus
465 2042 618 2069 affectivus
634 2043 664 2069 in
686 2044 746 2070 suis
766 2045 942 2072 extensioni-

161 2088 218 2115 bus
251 2087 375 2115 liberius
404 2088 432 2114 et
461 2087 736 2124 incomparabiliter
764 2091 941 2119 eminentius

161 2134 301 2162 elevatur.
317 2136 350 2161 Et
368 2142 422 2169 per
442 2134 662 2170 qualecumque
684 2137 856 2172 exemplum
878 2146 940 2165 ma-

160 2181 278 2214 teriale,
301 2180 378 2208 illud
399 2183 496 2216 potest
518 2182 614 2210 videri
638 2183 669 2210 in
692 2184 890 2220 aspiratione,
914 2188 942 2213 et

160 2227 353 2263 respiratione
369 2227 534 2262 anhelitus,
550 2229 621 2265 quia
638 2230 712 2258 sicut
732 2239 768 2258 ex
790 2232 939 2260 interiori·-

161 2273 218 2301 bus
230 2273 291 2301 sine
307 2274 389 2301 omni
405 2274 619 2303 deliberatione
634 2277 769 2312 procedit
784 2278 838 2306 ista
853 2279 939 2307 emis-

162 2320 221 2354 sio,
235 2321 275 2347 sic
291 2320 353 2347 sine
368 2320 582 2350 deliberatione
602 2323 722 2351 affectus
736 2324 848 2360 ignitus
861 2347 868 2359 ,
886 2327 938 2362 qui

163 2369 206 2394 est
226 2375 315 2402 super
336 2375 457 2394 omnem
475 2368 674 2405 intellectum,
692 2371 784 2399 tendit
799 2372 838 2399 ad
853 2373 939 2400 illum

162 2413 209 2441 cui
235 2413 291 2441 soli
318 2413 474 2448 perfectius
502 2415 580 2442 uniri
604 2416 771 2452 desiderat,
796 2421 823 2446 et
848 2419 940 2447 habet

161 2468 245 2487 suam
261 2460 408 2487 actionem
428 2461 466 2488 ab
491 2461 573 2489 omni
595 2462 788 2499 intelligentia
813 2466 938 2494 totaliter

160 2508 343 2542 separatam,
357 2508 440 2534 tanta
460 2507 614 2536 latitudine
630 2518 647 2538 a
667 2513 751 2546 parte
773 2513 936 2548 superiori,

161 2555 188 2580 et
200 2553 435 2589 promptitudine
450 2555 622 2591 coadjutus,
637 2559 669 2584 ut
687 2558 763 2586 mira
781 2559 936 2588 velocitate

192 2650 226 2680 (a)
241 2651 316 2674 Forte
330 2651 376 2682 leq.
391 2651 484 2682 ipsum.
505 2666 536 2670 —-
552 2652 582 2684 (b)
599 2653 641 2677 Al.
656 2655 691 2680 fit.

999 261 1138 289 motuum
1153 282 1163 297 ‚
1188 261 1274 291 citius
1301 264 1390 293 etiam
1413 272 1507 301 quam
1531 265 1662 302 cogitare
1685 266 1783 295 valeat

998 307 1132 343 ratione,
1146 309 1186 337 ad
1203 309 1294 338 instar
1308 311 1465 348 aspirantis
1481 314 1510 340 et
1523 313 1695 349 respirantis
1709 321 1780 342 con-

999 356 1109 390 surgat.
1125 355 1215 392 Cujus
1228 357 1238 393 (
1252 358 1285 384 ut
1299 365 1391 394 supra
1415 358 1529 387 dictum
1549 359 1609 395 est)
1624 359 1782 389 velocitate

999 403 1136 430 motuum
1148 423 1157 438 ,
1181 403 1289 431 ardore
1312 405 1464 433 extensivo
1480 407 1508 434 et
1522 405 1778 442 importunissimo

999 449 1175 477 corumdem
1191 469 1200 483 ,
1228 449 1303 478 sicut
1326 451 1501 480 mendicans
1526 453 1640 481 nullius
1668 454 1781 482 valoris

998 497 1168 532 reputatur,
1189 497 1217 524 et
1237 497 1415 526 rescinditur
1430 520 1438 533 ,
1462 499 1531 526 licet
1556 499 1724 536 importune
1750 509 1780 530 se

998 543 1120 571 misceat
1141 543 1239 571 omnis
1264 545 1452 580 speculativae
1471 546 1648 581 cognitionis
1670 547 1781 576 exerci-

998 590 1082 618 tium.
1099 590 1187 624 Quod
1201 591 1272 627 quia
1286 599 1348 619 non
1363 594 1459 628 potest
1473 592 1546 627 dici,
1562 601 1617 621 nec
1635 593 1781 622 sufficien-

998 638 1042 664 ter
1053 637 1147 665 verbo
1163 639 1248 666 tenus
1263 638 1416 675 explicari,
1431 639 1598 667 secundum
1612 640 1688 668 illud
1703 642 1780 675 Mys-

1000 686 1061 711 ticoe
1081 685 1245 720 Theoloqz'oe,
1261 693 1326 722 cap.
1348 693 1400 713 iu:
1418 695 1430 711 ι(
1447 687 1529 714 Nunc
1553 688 1651 714 autem
1676 687 1714 715 ab
1735 688 1781 716 in-

998 731 1156 759 ferioribus
1170 732 1210 760 ad
1225 741 1400 769 supremum
1415 734 1580 762 ascendens
1591 756 1599 769 ,
1613 735 1779 763 secundum

998 786 1170 806 mensuram
1190 780 1370 808 ascensionis
1385 781 1580 815 contrahitur,
1594 784 1620 809 et
1634 784 1701 818 post
1713 790 1779 810 om-

998 833 1068 853 nem
1085 826 1292 854 ascensionem
1307 829 1384 855 totus
1399 827 1460 855 sine
1474 835 1548 856 voce
1569 828 1641 863 erit,
1659 831 1686 856 et
1701 831 1780 856 totus

1000 872 1117 900 unietur
1139 874 1167 900 et
1188 873 1395 909 ineffabiliter,
1413 885 1426 900 ι)
1446 876 1500 903 etc.
1517 875 1591 908 Quia
1613 875 1780 903 doctrinam

1001 919 1089 955 hujus
1103 920 1252 956 praeclarae
1266 921 1416 957 sapientiae
1437 922 1493 949 sibi
1516 922 1571 950 soli
1593 922 1724 950 increata
1738 931 1782 950 sa-

999 966 1113 1001 pientia
1125 975 1277 995 reservare
1291 968 1406 1002 voluit,
1421 970 1453 996 ut
1467 969 1539 996 sciat
1557 969 1655 996 omnis
1670 972 1781 997 morta-

1000 1013 1037 1040 lis
1049 1016 1193 1047 creatura,
1204 1014 1286 1050 quod
1299 1017 1341 1042 est
1355 1017 1461 1043 Doctor
1475 1015 1506 1043 in
1522 1016 1608 1050 coelo,
1619 1016 1671 1052 qui
1682 1017 1779 1044 solam

1001 1060 1177 1096 sapientiam
1192 1068 1293 1088 veram
1308 1062 1368 1089 suis
1381 1062 1568 1090 scholaribus
1582 1071 1636 1099 per
1651 1063 1781 1091 coelestes

1000 1107 1199 1135 immissiones
1211 1129 1220 1142 ,
1235 1110 1263 1136 et
1277 1116 1337 1136 suze
1359 1109 1498 1137 claritatis
1518 1109 1619 1137 radios
1641 1110 1781 1138 manifes-

1000 1155 1048 1181 tet.
1079 1155 1216 1182 Secunda
1243 1155 1319 1183 ratio
1350 1158 1392 1184 est
1406 1177 1415 1190 ,
1443 1159 1474 1184 ut
1502 1164 1606 1184 omnes
1634 1157 1780 1193 sapientes

999 1201 1105 1229 mundi
1125 1201 1272 1236 confutet,
1288 1210 1357 1230 cum
1377 1203 1504 1239 simplex
1519 1203 1636 1238 vetula,
1656 1203 1704 1231 vel
1718 1212 1781 1231 rus-

999 1247 1072 1275 ticus
1086 1248 1250 1283 pascualis,
1266 1249 1305 1277 ad
1329 1249 1413 1277 istius
1437 1250 1586 1286 sapientise
1609 1258 1781 1278 consurrec-

999 1295 1111 1322 tionem
1135 1295 1263 1331 perfecte
1286 1297 1381 1332 possit
1406 1296 1566 1331 attingere,
1588 1297 1661 1325 dum
1681 1299 1781 1325 tamen

999 1342 1092 1370 modo
1106 1342 1248 1378 praedicto
1273 1352 1303 1370 se
1318 1346 1481 1379 praeparet,
1499 1344 1582 1380 quod
1603 1344 1687 1372 nulla
1705 1353 1781 1380 prce-

998 1389 1101 1416 habita
1125 1389 1267 1424 scientia,
1288 1390 1337 1418 vel
1361 1390 1479 1418 mortali
1504 1391 1651 1418 industria
1674 1399 1780 1427 appre-

999 1436 1111 1463 hendit.
1128 1437 1223 1464 Tertia
1248 1437 1337 1464 etiam
1361 1438 1436 1465 ratio
1461 1439 1492 1465 in
1513 1438 1592 1466 libro
1611 1438 1778 1473 Sapientioe¹

1000 1483 1116 1517 dicitur,
1133 1484 1205 1518 quia
1222 1485 1340 1511 omnium
1353 1485 1525 1519 superborum
1540 1485 1698 1512 sublimium
1713 1486 1780 1512 colla

997 1531 1114 1564 propria
1131 1532 1234 1557 virtute
1253 1532 1367 1558 calcavit
1388 1539 1397 1557 :
1412 1531 1483 1566 quia
1503 1534 1779 1567 quantumcumque

998 1576 1175 1611 praeclarus,
1193 1579 1470 1613 quantumcumque
1493 1578 1618 1605 clericus
1640 1578 1780 1605 omnibus

999 1623 1064 1650 aliis
1080 1623 1240 1659 gloriosior
1254 1623 1368 1658 existat,
1380 1624 1516 1652 fimbrias
1526 1625 1614 1659 hujus
1629 1625 1779 1660 sapientiae

998 1677 1060 1697 non
1080 1671 1213 1705 attingit,
1229 1678 1296 1706 quae
1311 1679 1400 1707 super
1421 1674 1551 1699 mentem
1575 1671 1690 1699 elevata
1711 1680 1779 1707 cog-

998 1717 1148 1751 noscitur,
1164 1717 1220 1744 nisi
1236 1726 1289 1753 per
1310 1717 1393 1745 viam
1405 1718 1567 1754 puerilem,
1584 1718 1694 1745 scilicet
1708 1727 1779 1753 pur-

998 1764 1143 1799 gativam,
1158 1764 1311 1800 supposito
1326 1764 1409 1800 quod
1423 1765 1586 1792 mortaliter
1600 1765 1778 1800 peccaverit,

998 1811 1038 1838 ad
1061 1811 1206 1839 unitivam
1232 1820 1262 1838 se
1286 1814 1454 1847 praeparet:
1476 1812 1582 1839 dolens
1604 1813 1632 1839 et
1656 1820 1778 1847 gemeus

998 1858 1082 1893 quod
1101 1858 1277 1886 collatorem
1299 1858 1387 1885 totius
1409 1858 1574 1894 sapientise,
1597 1860 1625 1886 ct
1644 1859 1779 1886 omnium

997 1906 1159 1938 bonorum,
1177 1905 1216 1932 ad
1231 1905 1470 1940 indignationem
1486 1907 1590 1933 contra
1605 1914 1635 1933 se
1650 1905 1778 1942 peccatis

998 1952 1196 1980 anterioribus
1216 1952 1402 1987 provocavit.
1429 1952 1512 1980 Colla
1537 1960 1608 1987 ergo
1633 1953 1777 1988 superbo-

997 2008 1064 2028 rum
1077 2001 1104 2027 et
1118 1999 1309 2033 sublimium,
1324 2007 1419 2035 usque
1435 1999 1474 2026 ad
1494 1999 1690 2026 humilitatem
1704 2007 1777 2034 pue-

997 2054 1100 2074 rorum
1114 2046 1331 2081 incipientium,
1342 2054 1461 2073 necesse
1477 2046 1686 2073 estincurvari.
1696 2046 1776 2072 Unde

997 2095 1039 2120 est
1062 2093 1104 2119 ibi
1125 2092 1200 2119 illud
1226 2092 1435 2127 propheticum
1449 2091 1460 2106 ²
1474 2091 1644 2127 impletum,
1664 2092 1695 2119 in
1716 2100 1776 2127 quo

997 2139 1141 2174 sapientia
1161 2138 1339 2174 sapientium
1361 2138 1557 2174 reprobatur,
1573 2140 1601 2166 et
1621 2139 1686 2166 sola
1707 2147 1777 2174 pur<

996 2185 1101 2220 gativae
1114 2185 1261 2212 inferioris
1273 2184 1425 2212 humilitas
1441 2185 1479 2212 ab
1494 2185 1546 2212 illo
1562 2193 1702 2220 supremo
1718 2186 1776 2213 exi-

995 2232 1090 2266 gitur,
1110 2232 1183 2267 qui³
1204 2232 1315 2267 deponit
1327 2234 1448 2266 potentes
1465 2232 1496 2258 de
1521 2232 1581 2259 secte
1594 2253 1603 2265 ,
1626 2235 1651 2259 et
1673 2234 1776 2259 exaltat

996 2279 1118 2306 humiles.

1031 2325 1172 2353 Subditur
1187 2325 1275 2352 etiam
1289 2327 1424 2360 respectu
1440 2326 1523 2360 cujus
1536 2326 1572 2353 sit
1587 2327 1620 2361 (b)
1637 2326 1687 2353 illa
1706 2334 1775 2353 con-

995 2372 1154 2405 surrectio,
1168 2380 1236 2399 cum
1251 2371 1359 2399 dicitur
1376 2381 1381 2398 :
1397 2373 1531 2407 Consurqc
1546 2375 1652 2407 ignote,
1666 2373 1775 2400 scilicet

995 2419 1035 2446 ad
1055 2419 1221 2446 unitionem
1239 2418 1319 2446 illius
1338 2418 1475 2446 Altissimi
1487 2441 1496 2454 ,
1513 2420 1564 2455 qui
1587 2428 1675 2455 super
1691 2424 1774 2446 men-

994 2468 1054 2493 tem
1067 2467 1094 2493 et
1109 2465 1324 2499 cognitionem3
1341 2468 1369 2492 et
1380 2465 1442 2492 haec
1457 2474 1547 2493 causa
1560 2466 1668 2502 partim
1684 2474 1774 2502 supra

994 2512 1073 2539 dicta
1088 2515 1144 2546 est,
1161 2512 1231 2547 quia
1255 2519 1309 2538 nec
1329 2512 1371 2539 ibi
1386 2512 1480 2546 gratia
1492 2534 1500 2546 ,
1518 2521 1572 2539 nee
1595 2513 1709 2547 gloria,
1725 2513 1773 2540 vel

994 2552 1126 2587 dimissio
1149 2567 1244 2595 poenae
1258 2579 1268 2592 ,
1290 2559 1340 2586 vel
1363 2559 1478 2594 aliquid
1508 2559 1590 2586 aliud
1613 2560 1773 2595 requiritur

1026 2625 1031 2636 “
1050 2622 1139 2652 Εσείί,,
1161 2627 1234 2651 sxw,
1259 2623 1296 2645 10.
1316 2621 1370 2645 Lib.
1394 2621 1564 2646 &eclesiastici
1584 2623 1675 2647 dicitur
1695 2623 1771 2647 etiam

992 2658 1120 2689 Sapientia
1134 2657 1233 2682 Sirach.
1250 2671 1277 2675 -—
1299 2658 1307 2671 ²
1322 2658 1379 2687 Iso„
1396 2663 1458 2681 xxix
1469 2676 1476 2687 ‚
1491 2658 1528 2682 14.
1541 2672 1567 2675 -
1584 2659 1594 2675 ³
1615 2659 1683 2689 Luc„
1699 2665 1717 2689 1,
1730 2660 1769 2684 52.
