2004 3037
199 217 260 250 498

465 328 610 364 CAPUT
632 329 707 366 VII.

203 392 206 395 ’
251 403 290 430 De
310 401 496 430 benedictione
514 410 569 437 qua
587 402 662 431 homo
681 403 813 431 benedicit
831 404 926 431 Deum.

235 470 451 499 Melchisedech
464 479 517 499 rex
538 471 636 500 Salem
650 480 810 501 occurrens
826 471 977 501 Abraham

197 517 356 547 revertenti
371 526 389 546 a
407 518 487 546 caede
502 520 631 555 quatuor
649 527 764 555 regum,
779 519 820 548 ait·
835 528 842 547 :
861 530 874 546 ιι
888 521 978 547 Bene-

200 565 296 593 dictus
310 566 386 593 Deus
401 565 545 601 excelsus,
562 574 624 602 quo
645 569 818 603 protegente
830 566 931 595 hostes
944 566 976 594 in

197 612 337 641 manibus
351 611 408 640 tuis
422 613 499 640 sunt.
512 623 526 639 »
542 613 618 648 Gen„
631 620 688 641 nv.

235 659 359 688 Obtenta
372 659 496 687 victoria
510 659 548 688 de
569 660 676 695 Sisara,
692 659 831 689 Debbora
845 661 873 688 et
885 662 976 689 Barac

198 707 368 734 cecinerunt
385 706 515 734 dicentes
530 716 538 734 :
558 716 571 733 α
585 707 640 741 Qui
659 709 762 744 sponte
778 707 924 736 obtulistis
938 707 976 735 de

197 753 286 782 Israel
304 753 418 783 animas
434 755 544 782 vestras
559 754 599 782 ad
616 754 794 791 periculum,
809 754 976 783 benedicite

197 800 333 829 Domino.
349 811 362 827 »
379 800 483 836 Judic„
498 809 527 829 v.

232 849 299 875 Post
317 847 482 883 victoriam,
508 855 601 884 quam
626 847 708 875 dedit
723 847 863 875 Dominus
883 847 976 876 David

197 893 235 921 de
247 894 363 922 Goliath
377 894 533 928 Philistaeo,
546 896 566 922 ll
577 896 653 929 Rea„
669 902 738 929 xxii,
754 894 862 922 dicitur
873 893 976 923 fecisse

197 942 346 970 Psalmum
363 951 370 970 ε
391 953 404 968 α
419 942 592 970 Benedictus
611 942 752 970 Dominus
776 943 852 969 Deus
875 950 975 978 meus,

197 989 249 1024 qui
265 989 352 1027 dolcet
364 997 471 1017 manus
486 997 568 1017 meas
582 989 621 1017 ad
635 989 785 1025 praelium,
802 999 815 1014 ι)
830 991 884 1017 etc.

232 1039 305 1065 Cum
326 1036 488 1064 audivisset
508 1036 607 1064 iliram
622 1035 715 1064 verba
734 1035 912 1071 Salomonis,
928 1036 977 1066 lae-

197 1084 272 1111 tatus
287 1085 329 1110 est
350 1083 456 1117 valde,
474 1085 501 1110 et
515 1083 555 1110 ait
571 1092 577 1111 :
598 1092 611 1108 α
628 1082 801 1111 Benedictus
822 1083 975 1119 Dominus,

197 1131 248 1167 qui
270 1130 353 1158 dedit
379 1130 468 1159 David
494 1130 589 1158 filium
614 1130 864 1167 sapientissimum
887 1139 977 1168 super

196 1178 343 1214 populum
355 1178 435 1206 hunc
450 1177 621 1214 plurimum.
639 1188 652 1204 »
669 1179 689 1206 ll
706 1179 782 1213 neq„
794 1186 821 1206 v.

232 1225 385 1253 AEdificato
402 1225 527 1261 templo,
545 1225 618 1253 dixit
632 1225 772 1253 Salomon
791 1233 893 1253 coram
911 1226 977 1254 uni-

197 1282 283 1302 verso
295 1273 426 1309 populo:
440 1272 635 1300 «Benedictus
645 1273 785 1300 Dominus
795 1274 868 1300 Deus
877 1273 975 1309 lsrael,

198 1321 249 1356 qui
262 1320 378 1348 locutus
389 1322 430 1347 est
441 1328 491 1347 ore
507 1328 560 1347 suo
572 1319 611 1347 ad
627 1319 718 1348 David
734 1322 847 1355 patrem
863 1327 975 1355 meum,

197 1368 262 1396 etin
273 1367 412 1395 manibus
421 1366 482 1401 ejus
490 1365 620 1403 perfecit,
630 1376 642 1391 »
656 1368 710 1394 etc.
723 1367 752 1394 ΙΙΙ
766 1368 842 1402 Rea„
855 1375 916 1402 vm,
930 1369 975 1396 15.

235 1425 250 1440 «
265 1414 340 1442 Fecit
361 1413 452 1441 David
473 1413 620 1449 principes
641 1413 681 1441 ad
702 1412 906 1441 confitendum
923 1416 977 1442 Do-

195 1461 278 1490 mino
293 1460 392 1497 Asaph
406 1463 433 1488 et
448 1460 550 1488 sralres
560 1460 622 1495 ejus
638 1468 670 1487 :u
689 1461 822 1496 sequitur
837 1470 844 1489 ε
861 1470 874 1487 ι(
889 1462 977 1490 Benc-

196 1508 291 1536 diclus
308 1507 448 1536 Dominus
463 1509 536 1535 Deus
552 1506 640 1535 lsrael
655 1506 693 1535 ab
709 1509 828 1543 aetcrno,
840 1510 866 1536 et
881 1516 976 1545 usque

196 1556 226 1584 in
241 1557 393 1587 aeternum,
410 1565 424 1580 ι)
442 1556 496 1582 etc.
514 1556 522 1582 l
539 1555 644 1587 Parui„
662 1562 719 1582 xvi.

232 1602 324 1630 David
340 1610 392 1629 rex
408 1601 522 1629 laetatus
543 1603 585 1629 est
605 1601 715 1637 gaudio
732 1609 855 1637 magno,
871 1603 899 1630 et
922 1602 976 1630 be-

197 1649 310 1678 nedixit
334 1649 460 1677 Domino
487 1656 590 1676 coram
612 1648 753 1677 universa
775 1649 975 1678 multitudine.

198 1699 208 1726 1
224 1698 327 1728 Pural„
342 1703 418 1724 xxix.

234 1743 343 1771 Videns
358 1742 463 1770 Esdras
478 1742 612 1770 animum
633 1741 814 1770 Arthaxersis
830 1742 908 1778 regis
923 1743 977 1771 bo-

198 1799 271 1819 num
287 1799 349 1818 esse
366 1799 436 1825 erga
449 1790 577 1824 Judteos,
593 1789 667 1817 dixit
683 1799 690 1817 ε
710 1800 723 1815 «
739 1790 909 1817 Benedictus
926 1792 978 1817 Do-

198 1838 296 1866 minus
321 1839 394 1864 Deus
418 1838 535 1871 patrum
559 1838 745 1870 nostrorum,
770 1837 822 1871 qui
841 1836 923 1864 dedit
947 1836 977 1864 in

199 1884 288 1913 corde
298 1884 386 1919 regis,
397 1885 429 1910 ut
441 1883 619 1918 glorificaret
630 1882 755 1910 domum
770 1883 897 1918 Domini,
911 1891 977 1919 quae

199 1932 285 1960 estin
301 1930 490 1958 Hierusalem.
508 1940 520 1955 n
540 1929 655 1961 lEsdr.,
670 1937 720 1957 vit.

235 1977 387 2014 Completo
397 1985 483 2004 muro
494 1976 618 2003 civitatis
627 1975 806 2004 Hierusalem
819 1977 875 2004 sub
887 1976 978 2005 Esdra

199 2028 227 2054 ct
236 2025 386 2059 Neliemia,
399 2023 647 2051 dixerunthvitae
658 2032 664 2051 :
677 2032 690 2049 (ι
703 2023 825 2058 surgite,
841 2025 869 2052 et
883 2023 976 2051 bene-

199 2073 286 2100 dicito
302 2074 360 2100 Deo
376 2074 477 2099 nostro
494 2071 532 2098 ab
554 2072 663 2097 seterno
683 2072 710 2098 et
732 2078 826 2106 usque
847 2070 877 2097 in
899 2072 979 2098 {eter-

199 2128 283 2154 num,
306 2121 333 2147 et
347 2118 525 2146 benedicant
539 2117 652 2145 nomini
668 2117 769 2152 glorise
792 2120 847 2144 luae
860 2117 977 2145 excelso

200 2167 230 2194 in
245 2165 326 2193 omni
341 2165 548 2193 benedictione
564 2167 590 2191 et
604 2164 727 2191 laude.»
745 2164 866 2198 Nehem,
883 2171 922 2191 lx.

235 2214 309 2240 Cum
336 2211 497 2248 aperuisset
518 2211 623 2239 Esdras
652 2210 762 2238 librum
790 2209 880 2245 legis,
902 2211 978 2238 stetit

200 2259 297 2288 omnis
306 2259 445 2295 popquS,
458 2261 485 2285 et
499 2258 649 2285 benedixit
664 2257 769 2285 Esdras
780 2257 903 2285 Domino
919 2259 977 2286 Deo

199 2316 272 2336 voce
300 2315 427 2342 magna,
453 2310 481 2334 ct
507 2306 659 2342 respondit
685 2306 783 2334 omnis
810 2306 940 2342 populus
968 2316 974 2335 :

204 2367 215 2380 (ι
227 2359 331 2388 Amen,
347 2358 448 2382 Amen.
463 2364 476 2379 ι)
492 2355 614 2386 Νι·1ιειῃ.,
630 2362 689 2380 vui.

236 2404 321 2430 Sarra
342 2402 404 2429 iilia
419 2401 568 2435 flagitem,
594 2409 661 2427 eum
683 2400 846 2436 compleret
866 2401 977 2429 oratio·

199 2451 286 2477 nem,
310 2442 406 2470 dixit:
433 2453 446 2467 a
466 2441 656 2468 Benedictum
683 2443 725 2468 est
748 2449 858 2468 nomen
882 2444 976 2476 tuum,

201 2492 273 2517 Deus
289 2492 405 2526 patrum
422 2492 606 2522 nostrornm,
622 2487 672 2524 qui
688 2496 756 2515 cum
772 2488 862 2516 iratus
876 2488 976 2523 fucris,

199 2536 433 2565 misericordium
449 2535 549 2570 facies,
562 2545 576 2560 »
594 2537 648 2562 ete.
667 2536 740 2569 Tub„
757 2543 797 2563 ιιῐ.

235 2582 339 2609 Filium
355 2590 441 2609 suum
456 2581 600 2609 instruens
615 2580 732 2615 Tobias,
750 2580 824 2608 dixit
838 2580 912 2608 inter
924 2588 977 2608 cae-

199 2630 280 2656 tera:
301 2638 314 2653 «
328 2628 413 2655 omni
436 2629 570 2664 tempore
591 2626 717 2655 benedic
739 2628 840 2660 Deum,
861 2629 889 2655 et
910 2630 976 2663 pete

199 2675 238 2704 ab
251 2683 297 2709 co,
312 2678 344 2703 ut
355 2675 417 2703 vias
432 2678 495 2703 tuas
511 2674 628 2710 dirigat,
644 2684 657 2701 n
672 2676 725 2702 etc.
745 2675 820 2709 Tot„
836 2683 874 2703 iv.

810 214 950 248 BlBhlA*
959 204 1195 248 *ravennon

1067 282 1180 319 Raguel
1201 283 1229 311 et
1243 290 1321 311 uxor
1339 282 1418 319 eim,
1438 282 1574 313 videntes
1587 284 1672 321 quod
1684 285 1809 316 'tobiam

1028 329 1181 366 iuniorem
1204 338 1267 359 non
1291 330 1408 359 laeserat
1431 329 1625 367 daemonium,
1646 331 1808 362 dixerunt:

1035 385 1049 402 α
1069 377 1275 406 Benedicimus
1299 379 1337 413 te,
1361 378 1485 407 Domine
1508 379 1584 408 Deus
1610 379 1715 415 lsrael,
1738 380 1811 417 quia

1031 431 1094 452 non
1123 425 1246 460 contigit
1277 425 1367 454 nobis
1393 425 1651 463 quemadmodum
1683 427 1811 464 putaba-

1031 479 1109 500 mus.
1125 482 1139 498 ιι
1153 473 1231 508 Tob.,
1247 480 1309 501 vm.

1067 518 1196 547 Sollicite
1218 519 1338 547 monuit
1358 519 1482 548 'sobiam
1505 522 1534 548 et
1551 519 1648 548 filium
1669 520 1732 557 ejus
1755 522 1811 550 Ra-

1030 563 1121 601 phael
1142 565 1278 601 angelus,
1302 567 1335 595 ut
1356 566 1568 595 benedicerent
1585 568 1678 595 Deum
1692 567 1769 604 eceli,
1783 568 1814 596 et

1031 616 1186 641 narrarent
1201 613 1303 640 omnia
1318 612 1467 642 mirabilia
1482 613 1556 649 ejus.
1575 615 1649 650 Tob.,
1662 623 1715 643 ιιι.

1067 659 1252 696 Recuperato
1275 659 1354 694 visu,
1378 661 1407 688 et
1420 660 1530 688 auditis
1550 661 1740 689 sermonibus
1753 662 1812 690 Ra·

1031 705 1164 742 phaelis,
1188 706 1325 742 aperiens
1352 706 1460 735 Tobias
1489 715 1523 736 os
1550 715 1638 736 suum
1661 708 1814 738 benedixit

1031 753 1136 787 Deum,
1150 755 1179 781 et
1193 752 1269 780 dixit
1281 762 1290 780 :
1309 762 1323 779 α
1335 755 1458 788 Magnus
1471 761 1512 789 es,
1529 754 1664 789 Domine,
1678 755 1709 783 in
1723 757 1810 784 aeter-

1031 807 1116 828 num.
1132 809 1146 825 »
1162 800 1235 832 Τοὸ.,
1248 807 1310 828 xm.
1558 804 1562 809 '

1067 845 1150 874 Ozias
1171 846 1310 882 princeps
1334 845 1440 883 populi
1465 846 1564 881 lsrael,
1585 847 1692 876 videns
1711 848 1812 878 Judith

1032 900 1100 920 cum
1115 892 1209 929 capite
1225 892 1405 928 HoloferniS,
1421 893 1497 922 dixit
1510 902 1520 922 .-
1538 905 1551 921 u
1566 895 1739 923 Benedictus
1753 896 1811 924 Do-

1031 939 1142 975 minus,
1157 939 1210 976 qui
1225 940 1335 968 creavit
1353 939 1462 968 coelum
1474 942 1502 969 et
1514 942 1638 978 terram;
1655 941 1707 978 qui
1722 944 1750 971 te
1765 942 1811 971 di-

1030 987 1116 1021 rexit,
1131 997 1144 1014 n
1163 989 1219 1015 etc.
1234 987 1341 1019 Judz'th,
1358 995 1420 1015 χιιι.

1068 1033 1179 1062 Danieli
1204 1036 1289 1062 nocte
1303 1042 1358 1070 per
1372 1034 1518 1063 visionem
1539 1035 1714 1071 mysterium
1729 1044 1811 1066 reve-

1031 1081 1123 1110 latum
1140 1084 1200 1116 est,
1224 1084 1252 1110 et
1267 1082 1419 1111 benedixit
1441 1084 1498 1111 Deo
1514 1083 1598 1118 coeli,
1613 1085 1641 1112 et
1659 1084 1699 1112 ait
1716 1092 1724 1112 :
1741 1094 1754 1110 α
1769 1085 1811 1112 Sit

1031 1137 1141 1157 nomen
1158 1129 1273 1157 Domini
1295 1129 1486 1158 benedictum
1502 1138 1520 1158 a
1542 1130 1661 1166 saeculo,
1677 1131 1749 1168 quia
1763 1139 1809 1160 sa-

1031 1176 1142 1212 pientia
1157 1178 1185 1204 et
1199 1175 1341 1204 fortitudo
1357 1176 1420 1211 ejus
1434 1179 1512 1210 sunt,
1526 1186 1540 1202 n
1557 1179 1611 1205 etc.
1632 1178 1713 1211 Dan„
1728 1185 1760 1206 11.

1067 1223 1194 1251 Ananias
1205 1226 1233 1251 et
1246 1223 1319 1251 socii
1337 1223 1400 1259 ejus
1415 1223 1497 1251 missi
1511 1223 1542 1251 in
1557 1224 1709 1252 caminum
1723 1224 1811 1260 ignis,

1031 1270 1227 1298 ambulabant
1237 1270 1266 1298 in
1275 1270 1375 1298 medio
1387 1270 1533 1306 ssammae,
1548 1270 1704 1299 laudantes
1719 1274 1747 1300 et
1758 1271 1811 1301 be-

1031 1317 1202 1345 nedicenlcs
1217 1317 1351 1345 Domino.
1370 1319 1454 1352 Dan„
1474 1326 1516 1346 ιιι.
1534 1319 1565 1346 Et
1587 1325 1640 1346 rex
1654 1318 1811 1347 Nabucho-

1032 1363 1165 1392 donosor
1179 1367 1293 1400 postea,
1309 1364 1374 1392 viso
1389 1366 1469 1392 tanto
1485 1365 1639 1400 miraculo,
1657 1365 1713 1394 ait:
1733 1377 1746 1392 «
1760 1367 1812 1394 Be-

1031 1410 1166 1439 nedictus
1181 1412 1255 1439 Deus
1267 1411 1409 1447 Sydrach‚
1426 1411 1552 1448 mysach,
1566 1422 1580 1438 »
1599 1414 1652 1440 etc.

1067 1458 1194 1486 Obtenta
1209 1458 1246 1486 de
1261 1458 1396 1486 hostibus
1412 1458 1546 1493 victoria,
1569 1461 1597 1487 et
1611 1458 1756 1487 aedificato
1771 1458 1811 1488 al-

1031 1505 1085 1533 tari
1106 1505 1161 1533 sub
1175 1506 1252 1533 Juda
1275 1506 1454 1540 Machabaeo,
1471 1506 1524 1533 filii
1551 1506 1638 1534 lsrael
1664 1506 1809 1535 adorave-

1031 1553 1100 1579 runt
1110 1554 1137 1580 et
1148 1551 1367 1580 benedixerunt
1377 1553 1405 1580 in
1419 1552 1526 1580 coelum
1537 1560 1606 1580 eum
1623 1553 1674 1589 qui
1689 1562 1811 1590 prospe-

1030 1599 1106 1627 ravit
1120 1607 1180 1627 eos.
1197 1601 1205 1627 1
1220 1600 1320 1630 ΜασΙι..
1338 1606 1375 1627 ιν.

1069 1647 1190 1682 Propter
1211 1645 1402 1673 Heliodorum
1424 1645 1574 1673 volentem
1589 1645 1718 1682 spoliare
1739 1649 1810 1675 tem-

1031 1692 1126 1728 plum,
1144 1692 1194 1728 qui
1210 1691 1312 1720 divina
1326 1692 1432 1719 virtute
1448 1692 1617 1719 terribiliter
1632 1692 1808 1728 flagellatur,

1031 1738 1249 1766 benedixerunt
1265 1745 1368 1766 omnes
1392 1738 1548 1765 Dominum
1559 1759 1568 1772 ,
1591 1738 1662 1774 quia
1676 1739 1810 1774 magnifi-

1033 1785 1119 1812 cabat
1134 1785 1234 1812 locum
1250 1792 1347 1811 suum.
1363 1784 1384 1811 ll
1400 1784 1502 1818 Maeli„
1518 1791 1559 1812 ιιι.

1069 1831 1263 1865 machabaeus,
1284 1832 1312 1859 et
1333 1830 1385 1866 qui
1408 1838 1477 1858 cum
1502 1838 1537 1858 co
1561 1833 1655 1866 crant,
1677 1831 1811 1860 videntes

1032 1878 1177 1907 auxilium
1188 1886 1205 1905 a
1217 1879 1275 1905 Deo
1286 1877 1342 1905 sibi
1353 1877 1486 1912 missum,
1496 1876 1712 1906 benedixerunt
1722 1879 1811 1907 simul

1032 1924 1256 1953 misericordem
1280 1925 1315 1960 (α)
1341 1924 1517 1960 Dominum,
1542 1925 1570 1952 et
1595 1925 1812 1955 convaluerunt

1032 1971 1150 2006 animis,
1166 1974 1219 1999 etc.
1237 1973 1258 2000 ll
1274 1971 1377 2005 Mach.,
1394 1978 1433 1999 xi.

1068 2021 1139 2046 Nato
1154 2020 1267 2046 Joanue
1288 2018 1425 2053 Baptista,
1442 2018 1578 2054 apertum
1597 2020 1640 2046 est
1655 2026 1688 2046 os
1702 2018 1811 2048 Zacha—

1032 2066 1099 2101 riae,
1120 2067 1148 2093 et
1162 2065 1360 2102 prophetavit,
1385 2065 1509 2093 dicens:
1531 2066 1731 2095 «Benedictus
1755 2068 1811 2096 Do-

1033 2113 1131 2140 minus
1146 2114 1220 2140 Deus
1235 2112 1332 2147 lsrael,
1347 2122 1360 2139 u
1377 2115 1430 2140 etc.
1446 2113 1524 2148 Luc„
1539 2121 1560 2142 1.

1069 2161 1142 2188 Cum
1157 2159 1330 2187 inducerent
1346 2166 1472 2194 puerum
1485 2161 1583 2187 lesum
1598 2161 1734 2197 parentes
1749 2161 1811 2197 ejus

1032 2207 1062 2234 in
1078 2206 1233 2242 templum,
1248 2206 1366 2233 Simeon
1381 2207 1493 2242 accepit
1513 2214 1593 2242 eum,
1617 2210 1646 2235 et
1659 2207 1812 2236 benedixit

1034 2255 1144 2288 Deum,
1160 2253 1261 2280 dicens
1277 2261 1284 2279 :
1305 2262 1317 2278 «
1332 2254 1413 2281 Nunc
1429 2252 1560 2287 dimittis,
1578 2264 1591 2279 »
1609 2256 1662 2282 elc.
1684 2255 1759 2289 Luc„
1778 2261 1809 2282 ιι.

1070 2301 1137 2327 rost
1170 2298 1374 2327 ascensionem
1395 2299 1512 2326 Domini
1535 2303 1619 2328 erant
1640 2300 1671 2328 in
1699 2300 1810 2336 templo

1034 2345 1172 2382 discipuli
1187 2345 1343 2374 laudantes
1354 2347 1382 2373 et
1394 2345 1604 2375 benedicentes
1615 2348 1716 2375 Deum.
1732 2348 1808 2380 Luc„

1033 2401 1109 2421 xxiv.

1069 2439 1283 2467 Tribulationes
1297 2438 1412 2475 patiens
1432 2439 1585 2475 apostolus
1601 2438 1706 2467 Paulus
1730 2439 1809 2468 dice·

1032 2487 1084 2514 bat
1101 2496 1107 2514 ε
1126 2497 1140 2512 «
1153 2485 1325 2513 Benedictus
1339 2487 1422 2519 Deus,
1439 2488 1467 2514 et
1482 2487 1564 2514 Pater
1579 2487 1695 2514 Domini
1717 2487 1808 2515 nostri

1032 2535 1098 2561 iesu
1113 2532 1226 2561 Christi.
1244 2542 1258 2558 ι)
1276 2534 1296 2560 ll
1315 2533 1387 2566 Cor„
1403 2540 1422 2560 1.
1439 2532 1576 2561 Similiter
1590 2534 1689 2561 Petrus
1703 2542 1709 2561 :
1729 2544 1743 2559 u
1755 2534 1808 2562 Be-

1032 2580 1165 2608 nedictus
1179 2581 1266 2613 Deus,
1281 2589 1295 2606 »
1313 2581 1366 2607 etc.
1381 2579 1392 2608 1
1406 2580 1478 2612 Pet„
1493 2587 1513 2607 ι.

1063 2682 1096 2712 (ιι)
1113 2681 1175 2706 Coet.
1189 2679 1249 2705 edil.
1265 2678 1474 2704 misericorditer.
