2004 3037
212 246 272 277 344
742 224 917 278 *mmai
938 245 1105 280 Simus
1122 246 1202 281 ΤΙΤ.
1222 247 1261 280 x.

210 313 261 342 nia
270 311 413 350 mysteria
421 312 536 349 gratim
549 314 578 342 et
590 313 653 342 haeo
663 312 812 343 cantilena
825 315 869 343 est
877 313 988 350 specia-

208 359 276 388 liter
297 358 522 396 prophetarum.
553 361 586 389 Et
606 360 687 389 eritis
707 360 782 390 mihi
803 359 837 390 in
858 367 988 397 regnum

209 405 405 446 sacerdotale,
418 406 490 444 quia
503 415 523 436 a
534 407 672 444 patribus
684 407 816 436 Christus
834 407 988 436 descendit

208 452 240 482 in
261 446 413 490 Virginem
426 454 548 484 Mariam
567 454 618 492 (a),
632 463 701 493 quae
714 454 771 484 fuit
789 454 828 484 de
849 455 930 484 tribu
943 462 987 484 sa-

154 539 158 544 ,
207 500 350 530 cei-dotali
371 503 401 531 et
417 503 510 539 regia,
535 502 607 540 quia
618 504 703 539 pater
723 502 854 531 nominee
867 503 985 538 nostrae,

207 548 318 577 scilicet
331 549 475 584 Joachim‚
495 549 551 578 fuit
571 549 610 578 de
632 549 712 578 tribu
732 549 819 585 suda,
841 551 870 578 et
891 551 988 579 mater

207 595 271 632 ejus
283 597 368 624 Anna
380 596 436 624 fuit
449 596 487 625 de
500 596 581 626 tribu
594 596 732 632 Levitica,
743 598 778 625 ut
789 597 870 633 patet
883 596 914 624 in
927 595 987 625 his-

206 642 284 672 toria
299 652 306 671 :
322 645 351 672 et
363 642 426 672 haec
441 645 485 672 est
499 643 646 673 cantilena
669 643 838 672 communis
859 643 986 680 patriar-

207 690 341 720 charum.
365 691 399 720 Et
420 691 492 728 quia
516 692 691 728 patriarchae
710 691 830 721 suerunt
847 699 934 728 reges
959 693 987 721 et

206 737 308 773 duces,
318 738 393 767 sicut
401 738 518 775 patetin
529 737 622 768 David
633 740 661 767 et
670 739 739 767 filiis
748 739 820 775 suis,
832 739 986 776 prophetas

206 792 278 813 vero
293 784 412 814 fuerunt
425 786 611 822 sacerdotes,
633 787 708 815 sicut
722 785 856 822 Samuel,
879 785 984 815 Zacha-

205 831 265 861 rias
279 833 307 861 et
319 833 448 862 loannes
462 833 590 870 Baptista
595 843 603 870 ς
620 833 660 862 ad
669 833 749 862 istud
758 833 907 862 canticum
919 840 986 868 gra-

206 879 315 908 tiosum
335 881 363 908 et
385 880 551 916 gloriosum
573 880 800 918 respondebunt
822 879 915 909 sancti
934 886 985 915 pa-

204 926 339 955 triarchae
358 929 387 956 et
407 928 561 964 prophetae
579 927 656 956 illud
670 927 828 962 canticum,
845 926 929 964 quod
943 928 986 956 est

204 974 346 1011 scriptum
359 975 390 1003 in
405 976 583 1012 Apocalypsi,
597 974 650 1003 ubi
666 974 772 1003 dicitur
783 976 804 1010 ¹,
819 974 904 1011 quod
919 981 985 1010 qua-

205 1025 267 1050 tuor
279 1023 424 1055 animalia,
436 1025 463 1051 et
471 1024 573 1058 viginti
582 1025 698 1059 quatuor
709 1024 825 1051 seniores
837 1023 984 1052 cantabant

203 1071 338 1098 canticum
353 1077 450 1098 novum
461 1070 580 1098 dicentes
595 1078 605 1098 .·
616 1071 720 1105 Diqnus
730 1078 767 1104 es,
778 1071 900 1104 Domine,
911 1072 983 1098 acci-

203 1124 266 1152 pere
287 1116 404 1152 librum,
428 1119 455 1144 et
473 1118 574 1145 solvere
595 1118 737 1152 signacula
759 1117 832 1152 ejus,
856 1119 983 1152 quoniam

203 1164 305 1191 occisus
323 1171 360 1198 es,
375 1166 401 1191 et
414 1163 556 1192 redemisti
570 1172 617 1192 nos
632 1165 661 1192 in
676 1166 807 1199 sanquine
822 1168 876 1192 tuo.
896 1167 928 1193 Et
941 1172 983 1194 sc-

204 1210 322 1247 quitur²
337 1220 344 1238 :
357 1211 393 1238 Et
401 1212 494 1245 fecisti
510 1218 557 1239 uos
572 1212 625 1239 Deo
638 1214 727 1240 nostro
738 1220 847 1247 reanum
858 1214 884 1240 et
897 1221 984 1240 sacer-

204 1258 288 1286 dotes.
298 1259 349 1293 'l'u,
360 1258 494 1293 Domine,
503 1259 585 1287 solus
592 1259 700 1295 dignus
710 1267 741 1288 es
750 1259 983 1296 aperirelibrum

203 1305 252 1334 Dei
273 1304 381 1340 Patris,
405 1305 547 1341 scriptum
568 1313 621 1342 per
643 1306 785 1343 Spiritum
803 1309 937 1335 sanctum
951 1307 982 1335 in

201 1359 384 1388 pergameno
399 1352 533 1388 virgineo
556 1355 611 1381 tuoe
624 1353 729 1382 carnis.
755 1355 796 1382 Tu
811 1354 891 1382 enim
910 1362 982 1391 ape-

202 1400 284 1428 ruisti
295 1402 409 1436 septem
419 1400 573 1436 signacula
583 1400 663 1435 libri,
679 1400 716 1429 dc
732 1401 845 1437 virgine
861 1409 981 1430 carnem

201 1447 393 1483 assumendo,
407 1450 435 1476 et
449 1447 487 1476 de
504 1448 617 1484 virgine
632 1448 797 1483 nascendo,
811 1451 839 1477 ct
851 1449 882 1477 iu
897 1458 980 1478 cruce

172 1518 173 1523 ,
200 1501 256 1531 pro
279 1495 368 1523 nobis
388 1495 564 1530 moriendo,
582 1497 611 1524 et
630 1495 670 1524 ad
692 1495 840 1525 internum
859 1496 981 1525 descen-

202 1541 314 1576 dendo,
335 1543 363 1570 et
382 1549 400 1570 a
415 1542 539 1570 mortuis
553 1543 750 1578 resurgendo,
775 1546 803 1572 et
817 1543 857 1572 ad
872 1544 980 1572 coelum

201 1588 402 1623 ascendendo,
419 1592 447 1617 et
467 1589 668 1625 adjudicium
684 1590 841 1618 veniendo.
867 1592 905 1618 ne
920 1591 981 1619 istis

200 1638 313 1673 septem
341 1637 471 1664 articulis
500 1639 554 1665 tuse
574 1637 764 1666 humanitatis
789 1638 980 1666 manifestasti

201 1683 286 1712 nobis
301 1691 445 1711 arcanum
459 1686 512 1711 tuse
526 1684 633 1711 dirime
648 1685 855 1720 miserationis,
871 1686 981 1713 seilicet

201 1730 374 1766 mysterium
397 1729 535 1758 humanse
556 1731 778 1767 redemptionis.
804 1733 837 1759 Et
851 1733 919 1760 ideo
935 1741 980 1760 sc-

202 1777 301 1813 quitur
322 1777 489 1806 cantilena:
508 1778 639 1810 Quoniam
660 1780 761 1806 occisus
784 1787 826 1813 es,
849 1782 874 1806 et
888 1781 980 1812 feristi

202 1832 249 1852 nos
272 1825 326 1852 Deo
350 1828 441 1852 nostro
465 1833 575 1860 refluum
603 1830 625 1853 ct
649 1826 821 1853 sacerdotes:
853 1835 977 1861 refluum,

201 1871 271 1907 quia
289 1870 380 1899 fecisti
405 1879 459 1899 nos
484 1871 607 1900 obedire
630 1872 783 1908 praeceptis
807 1873 878 1907 tuis,
903 1873 977 1901 sicut

199 1926 326 1955 regnum
350 1919 487 1946 observat
510 1919 621 1947 dicium
643 1919 735 1955 regis3
759 1922 786 1948 vt
810 1920 977 1956 sacerdotes,

200 1965 271 2002 quia
292 1965 323 1993 in
344 1966 458 1994 mundo
482 1966 574 1994 fecisti
595 1975 650 1994 uos
670 1966 775 1995 offerre
799 1967 978 1996 sacrificium

199 2012 318 2049 spiritus
334 2013 479 2048 tribulati,
504 2016 530 2041 et
554 2015 621 2041 tunc
642 2013 672 2041 iu
697 2014 772 2042 coelo
800 2015 976 2043 sacrificium

199 2061 348 2096 perpetuae
363 2060 456 2088 laudis
473 2069 527 2097 pro
543 2061 695 2090 beneficiis
716 2062 771 2089 tuis
790 2062 979 2091 immolamus

201 2108 263 2136 tibi.

235 2156 344 2188 Quarto
355 2155 489 2183 Salvator
500 2155 627 2183 cantabit
638 2156 744 2184 sanclis
756 2157 902 2193 Apostolis
913 2158 977 2185 dul-

201 2202 348 2230 cissimam
359 2202 548 2236 cantilenam,
560 2211 625 2239 quae
636 2203 743 2239 scripta
754 2206 796 2231 est
807 2206 834 2231 ³:
852 2205 903 2232 l'os
915 2207 979 2232 estis

202 2251 249 2283 qui
263 2251 451 2284 permansistis
473 2258 570 2277 mecum
593 2252 622 2276 iu
638 2251 829 2278 tentationibus
854 2254 931 2286 meis,
954 2256 977 2280 et

202 2305 247 2332 eqo
262 2297 375 2332 dispono
392 2298 462 2325 vobis
478 2306 603 2332 regnum,
618 2300 686 2325 sicut
703 2300 784 2326 Pater
800 2308 870 2327 meus
886 2301 977 2336 dispo-

204 2345 258 2370 suit
279 2344 348 2370 milti
365 2352 486 2379 requam,
502 2347 531 2371 ut
548 2345 637 2372 eclulis
653 2348 677 2371 et
697 2346 794 2373 bibulis
813 2354 893 2381 super
908 2356 977 2374 meu-

201 2398 258 2418 sam
273 2399 356 2418 meam
372 2392 401 2418 in
416 2399 495 2425 regno
510 2399 575 2424 meo,
587 2395 611 2419 et
627 2392 753 2419 sedebitis
765 2393 797 2427 (h)
812 2401 892 2428 super
902 2394 976 2422 setles

202 2437 356 2472 duodecim,
376 2438 532 2473 judicantes
550 2438 689 2466 duodecim
704 2440 789 2466 tribus
810 2441 903 2467 lsrael.
921 2442 978 2468 Vos

201 2484 267 2513 estis
282 2492 343 2513 non
365 2485 452 2519 servi,
474 2485 527 2512 sed
548 2485 635 2512 amici
658 2485 734 2520 mei,
756 2488 783 2513 et
807 2494 861 2521 ego
884 2491 978 2516 vester

201 2532 306 2560 socius.
324 2532 381 2560 Vos
397 2531 533 2568 discipuli
553 2531 611 2559 mei
627 2533 704 2567 estis,
719 2534 747 2560 et
761 2540 817 2568 ogo
839 2534 978 2569 magister

203 2581 229 2606 et
243 2578 434 2615 paedagogus.
455 2579 512 2606 Vos
531 2578 633 2606 tratres
655 2579 729 2613 mei,
750 2582 778 2607 et
800 2588 856 2615 ego
882 2583 976 2609 vester

202 2625 341 2654 charitate
357 2634 526 2662 germanus.
546 2625 618 2660 Quia
642 2626 734 2654 fuistis
755 2627 912 2663 participes
930 2628 977 2656 tri-

235 2691 266 2721 (a)
283 2692 343 2715 Fere.
359 2692 421 2715 edit.
441 2693 544 2723 Virgine
565 2692 652 2716 Mul-ia<
673 2706 701 2709 —
719 2692 751 2722 (b)
768 2693 841 2723 Vulg.
864 2693 976 2717 sedeatis

203 2740 231 2748 --
246 2728 273 2757 (c)
286 2728 345 2752 Coet.
362 2727 421 2751 edit.
433 2728 485 2758 qui.

1042 314 1206 344 bulationis
1218 324 1304 352 meae,
1319 316 1360 346 do
1373 317 1462 349 vobis
1482 317 1629 356 triplicem
1647 319 1819 358 dignitatem

1042 361 1144 398 gloriae
1157 371 1302 400 supernoe.
1318 364 1406 393 Facio
1427 365 1508 394 enim
1526 373 1583 395 vos
1598 369 1819 403 reges,'omni-

1041 411 1192 446 potentes,
1207 411 1349 447 coelestes,
1363 412 1404 448 (et
1418 412 1476 441 hoc
1496 414 1540 442 est:
1553 414 1638 450 quod
1650 413 1744 444 dicit:
1758 416 1821 445 Din-

1040 463 1111 492 pono
1120 458 1194 486 vobis
1203 466 1326 494 regnum,
1338 461 1410 488 sicut
1424 461 1562 496 disposuit
1571 461 1641 489 mihi
1649 463 1734 490 Pater
1746 469 1820 492 meus

1041 503 1174 540 requam).
1191 505 1248 534 Vos
1255 514 1309 542 per
1319 507 1455 543 gratiam,
1470 515 1533 536 non
1546 515 1600 545 per
1613 510 1761 544 naturam,
1775 509 1820 538 fa-

1043 551 1090 580 cio
1104 560 1159 580 vos
1170 553 1312 582 convivas
1320 554 1446 583 coelestis
1457 563 1577 591 mensae,
1588 555 1642 584 uhi
1651 555 1820 586 humanitas

1041 600 1085 627 est
1103 599 1198 640 cibus,
1214 603 1243 629 et
1260 601 1354 631 deitas
1368 605 1411 631 est
1431 605 1533 639 potus;
1555 604 1594 639 (et
1606 603 1665 632 hoc
1678 606 1722 632 est
1735 603 1820 640 quod

1042 645 1136 675 dicit:
1165 649 1199 676 Ut
1221 648 1310 677 edatis
1331 652 1359 678 et
1380 650 1481 678 bibatis
1499 658 1579 686 super
1595 659 1714 682 mensam
1733 659 1820 680 meam

1041 694 1072 722 in
1084 702 1166 729 regno
1174 695 1251 731 meo).
1265 696 1351 724 Facio
1361 704 1415 725 vos
1427 697 1621 726 nihilominus
1633 698 1749 734 judices
1760 706 1819 728 οω-

1041 739 1121 769 lestis
1136 741 1234 770 curiae.
1249 742 1331 772 Unde
1340 744 1492 780 sequitur:
1507 745 1640 774 Sedebitis
1652 753 1734 781 super
1745 747 1819 774 sedes

1041 787 1194 823 duodecim,
1203 789 1370 824 judicantes,
1387 793 1454 826 etc„
1470 790 1504 819 id
1517 794 1570 827 est,
1588 792 1725 821 divinum
1736 793 1818 829 judi-

1041 833 1121 862 cium
1135 836 1345 872 approbantes,
1355 837 1537 867 sicutoeterni
1546 832 1711 868 'consistorii
1723 847 1818 869 asses-

1041 888 1123 910 sores
1128 891 1136 917 ;
1145 882 1313 917 judicantes
1325 883 1487 913 duodecim
1496 885 1592 914 tribus
1606 886 1705 921 lsrael,
1719 885 1752 915 id
1764 889 1819 921 est,

1041 928 1242 957 universalem
1261 930 1483 960 multitudinem
1497 932 1645 967 fidelium,
1665 933 1736 970 quia
1751 933 1819 962 infi-

1041 973 1124 1003 deles
1135 975 1199 1011 jam
1218 977 1342 1012 judicati
1357 980 1434 1013 sunt,
1454 980 1487 1006 ut
1501 978 1607 1008 dicitur
1627 979 1658 1008 in
1671 981 1774 1009 Joanne
1787 980 1816 1016 *ς

1040 1022 1093 1058 qui
1112 1022 1265 1058 signantur
1283 1024 1374 1053 hodie
1395 1033 1450 1062 per
1473 1034 1634 1055 numerum
1657 1026 1818 1056 duodecim

1039 1069 1172 1098 tribuum
1186 1071 1294 1106 lsrael,
1307 1080 1375 1108 quae
1389 1072 1422 1108 (c)
1437 1073 1534 1102 solum
1551 1072 1708 1102 coluerunt
1721 1081 1816 1102 unum

1039 1117 1141 1145 Deum.
1157 1117 1201 1146 Ad
1209 1118 1286 1146 hanc
1297 1119 1476 1148 cantilenam
1485 1120 1710 1157 respondebunt
1724 1122 1816 1150 sancti

1038 1164 1170 1201 Apostoli
1183 1166 1371 1201 cantilenam,
1385 1175 1452 1203 quae
1465 1167 1574 1204 scripta
1587 1170 1639 1202 est,
1655 1176 1746 1204 quam
1760 1176 1815 1205 pro

1040 1212 1180 1240 omnibus
1193 1213 1321 1241 cantavit
1339 1216 1466 1249 Petrum,
1478 1214 1600 1243 dicens‘
1616 1223 1623 1242 ε
1641 1217 1764 1248 Domine,
1779 1216 1816 1244 ad

1037 1266 1115 1294 quem
1129 1260 1226 1287 ibimus
1237 1263 1250 1287 ί)
1264 1261 1344 1288 verba
1356 1263 1421 1289 vitoe
1433 1265 1539 1290 (εἰει-πω
1553 1262 1645 1295 habes5
1658 1265 1684 1290 et
1702 1270 1749 1290 nos
1762 1271 1816 1291 cre-

1038 1307 1128 1335 dimus
1142 1311 1168 1335 et
1180 1309 1361 1343 cognovimus,
1375 1311 1443 1344 quia
1456 1312 1486 1336 eu
1500 1316 1527 1337 es
1541 1309 1663 1338 Clu-istus
1676 1310 1750 1345 filius
1765 1311 1816 1338 Dei

1037 1355 1102 1382 vivi.
1126 1354 1279 1383 Credimus
1293 1355 1324 1383 in
1339 1346 1432 1384 vei‘bo
1456 1358 1484 1384 et
1498 1351 1594 1390 radio,
1609 1356 1680 1385 fidei
1695 1357 1812 1392 merito,

1038 1403 1066 1429 et
1081 1402 1290 1437 cognoscimus
1310 1402 1472 1431 claritatem
1493 1403 1524 1431 in
1539 1403 1630 1438 coelo,
1647 1403 1719 1440 quia
1737 1405 1769 1432 tu
1783 1411 1814 1432 es

1036 1448 1177 1483 Christus,
1199 1448 1231 1477 id
1245 1451 1298 1483 cst,
1314 1452 1419 1478 unctus
1438 1450 1505 1479 oleo
1521 1450 1629 1478 divinae
1651 1450 1815 1478 miseratio-

1036 1495 1093 1531 nis,
1118 1496 1253 1524 balsamo
1277 1496 1432 1526 odoriferae
1455 1498 1702 1533 conversationis,
1726 1498 1815 1526 chris-

1037 1545 1115 1571 mate
1130 1543 1310 1579 dignissimae
1325 1545 1570 1581 consecrationis,
1595 1545 1682 1581 regioe
1704 1545 1814 1574 scilicet

1037 1593 1065 1619 et
1079 1591 1280 1626 sacerdotalis,
1300 1591 1380 1620 filius
1395 1592 1460 1627 Dei,
1478 1594 1632 1629 potestate,
1655 1592 1813 1621 aeternitate

1037 1640 1065 1665 et
1078 1638 1228 1673 maiestate
1245 1640 1303 1667 Deo
1318 1640 1394 1667 l‘alri
1409 1640 1542 1676 aequalis.

1072 1685 1178 1719 Quinto
1206 1685 1335 1713 Christus
1356 1695 1408 1714 rex
1432 1689 1531 1715 noster
1555 1687 1685 1715 cantabit
1704 1687 1812 1715 sanctis

1037 1732 1216 1768 martyribus
1230 1733 1408 1760 cantilenam
1418 1733 1512 1768 illam,
1529 1742 1595 1770 quae
1605 1733 1712 1770 scripta
1727 1736 1769 1762 est
1783 1735 1812 1760 ⁶.-

1037 1779 1116 1806 Beati
1136 1780 1185 1813 qui
1204 1781 1414 1814 persecutionem
1431 1782 1577 1816 patiuntur
1598 1784 1712 1816 propter
1732 1781 1812 1816 justi-

1036 1827 1112 1860 tium,
1124 1827 1251 1861 quoniam
1263 1828 1382 1861 ipsorum
1398 1830 1435 1855 est
1447 1836 1557 1863 regnum
1572 1829 1694 1855 coelorum
1703 1838 1711 1863 ;
1727 1828 1812 1864 quasi

1037 1873 1146 1901 diceret
1161 1873 1268 1901 sanctis
1282 1873 1464 1910 martyribus
1479 1883 1486 1902 :
1503 1876 1595 1903 Grave
1610 1874 1664 1903 fuit
1679 1875 1812 1912 martyrii

1036 1920 1165 1956 pondus,
1187 1928 1249 1957 quo
1266 1921 1502 1956 persecutionem
1516 1922 1593 1958 passi
1608 1922 1685 1950 estis.
1703 1922 1812 1958 Dignus

1036 1967 1089 1996 suit
1099 1966 1233 2003 martyrii
1247 1966 1358 2002 titulus,
1373 1968 1443 2004 quia
1457 1971 1568 2004 propter
1583 1969 1736 2004 justitiam,
1751 1977 1811 1998 non

1036 2019 1156 2054 propter
1180 2018 1299 2054 culpam
1319 2017 1505 2045 sustinuistis.
1532 2019 1563 2045 Et
1589 2017 1658 2045 ideo
1685 2025 1812 2053 magnus

1035 2064 1089 2093 fuit
1102 2065 1234 2101 martyrii
1255 2064 1380 2098 fructus,
1395 2064 1538 2100 quoniam
1558 2066 1688 2092 vostrum
1709 2067 1751 2092 est
1764 2072 1811 2092 re-

1037 2120 1129 2147 gnum
1144 2112 1297 2140 coelorum.
1313 2111 1355 2140 Ad
1368 2111 1445 2139 hanc
1459 2110 1637 2139 cantilenam
1648 2111 1810 2147 responde-

1036 2159 1110 2187 bunt
1130 2162 1274 2195 martyres
1295 2159 1432 2194 gloriosi,
1453 2160 1482 2186 ct
1495 2158 1593 2186 dicent
1616 2158 1810 2193 cantilenam,

1036 2215 1127 2243 quam
1143 2207 1172 2233 in
1182 2214 1310 2242 persona
1323 2205 1456 2241 ipsorum
1471 2207 1636 2241 martyrum
1651 2205 1721 2233 dicit
1733 2208 1810 2241 Apo-

1036 2254 1144 2282 stolus⁷
1161 2263 1167 2280 ε
1183 2254 1218 2280 Et
1236 2255 1261 2280 si
1283 2254 1441 2280 commortui
1455 2260 1563 2287 sumus,
1579 2256 1604 2280 et
1626 2254 1808 2286 convivemus;

1034 2302 1060 2328 si
1073 2301 1261 2334 sustinuimus,
1277 2302 1373 2326 etcum
1388 2307 1416 2326 eo
1428 2300 1616 2334 regnabimus,
1633 2299 1717 2334 quasi
1733 2298 1810 2327 dice-

1035 2349 1079 2376 ret
1095 2357 1101 2375 ;
1118 2347 1213 2375 Labor
1236 2347 1335 2374 noster
1359 2348 1402 2373 est
1420 2346 1546 2374 modica)
1571 2345 1730 2382 passionis,
1755 2345 1808 2374 sed

1036 2402 1162 2430 magnus
1175 2396 1216 2422 est
1228 2393 1337 2421 fructus
1353 2393 1460 2421 divinae
1474 2392 1629 2427 fruitioniS,
1645 2392 1716 2429 quia
1730 2391 1740 2408 ⁸
1754 2400 1807 2420 non

1034 2444 1097 2469 sunt
1111 2442 1248 2474 condiqnoe
1260 2442 1397 2475 passiones
1406 2440 1487 2474 hujus
1500 2441 1626 2474 temporis
1640 2439 1808 2471 adfuturam

1035 2490 1163 2523 (storiam,
1180 2495 1239 2523 quae
1255 2487 1417 2515 revelabitur
1432 2488 1462 2514 in
1480 2487 1568 2520 nobis,
1586 2488 1616 2513 ut
1641 2485 1710 2514 dicit
1725 2489 1808 2522 Apo-

1035 2535 1136 2564 stolus.

1071 2584 1172 2617 Sexto,
1189 2581 1316 2609 Christus
1331 2581 1461 2609 cantabit
1473 2580 1580 2608 sanctis
1600 2580 1807 2616 pontificibus,

1069 2659 1172 2688 Ripae„
1186 2663 1208 2687 v,
1220 2661 1243 2688 ὅ,
1256 2660 1278 2680 [⁸.
1292 2670 1313 2673 --
1330 2656 1423 2683 ι11)ἰι1.,
1439 2658 1477 2679 10.
1492 2668 1522 2674 -
1533 2655 1543 2671 ³
1559 2656 1626 2683 Luc..
1643 2661 1709 2685 xxm,
1724 2656 1806 2680 2:3-30.

1035 2708 1064 2712 -
1082 2696 1086 2707 ·
1102 2695 1183 2721 joan„
1202 2699 1243 2719 111.
1266 2693 1299 2716 18.
1317 2705 1346 2710 -
1360 2693 1370 2709 ¹
1386 2691 1459 2722 ibid„
1482 2698 1519 2721 ⁸1,
1539 2694 1618 2716 09-70.
1636 2705 1662 2710 —
1678 2692 1688 2706 ⁶
1703 2690 1806 2715 Matth..

1036 2736 1059 2757 v,
1079 2731 1105 2753 tt>
1130 2728 1183 2747 —³
1205 2729 1222 2752 ll
1244 2729 1314 2756 Tim„
1332 2729 1411 2757 11‚¹l.
1426 2739 1457 2745 —
1473 2727 1482 2741 ⁸
1499 2728 1577 2756 Rom„
1592 2733 1650 2757 vlit,
1666 2728 1703 2751 tii.

1857 5 1866 12 ,
1877 0 1996 25 ‘'stt'wz'*
