2004 3037
80 937 186 957 Exaeutio

88 969 178 989 senten-

79 999 115 1019 tiae
130 999 185 1020 fina-

79 1029 107 1050 lis
124 1030 186 1057 judi-

82 1061 119 1083 eii.

103 2424 135 2443 De
145 2429 189 2449 poe·

97 2454 131 2473 nis
141 2460 176 2474 re-

97 2486 174 2511 probo-

112 2523 162 2536 rum

87 2547 183 2574 quinque

88 2579 184 2599 notanda

83 2612 143 2631 sunt.

451 248 501 280 DE
523 248 659 281 1>OEle
682 246 858 286 lNFERNl,
885 246 1019 285 ATQUE
1040 246 1187 278 GLomA
1209 246 1405 281 PARADISI.
1430 249 1516 282 CAP.
1542 250 1565 281 l.

197 323 270 353 para
289 316 442 351 justitiam.
460 317 555 345 Tertio
573 316 604 344 in
627 315 679 344 illo
697 314 812 351 ¹iudicio
836 316 896 343 tam
920 316 975 343 tre-

201 363 329 399 mendo,
350 363 398 392 vel
422 363 564 392 sententia
586 362 741 391 tremenda
757 362 865 398 judicis
880 384 887 397 ,
906 364 978 390 nota

201 411 385 438 severitatem
403 431 412 445 ‚
435 411 484 439 vel
510 409 756 439 inflexibilitatem
771 419 779 445 3
797 409 877 438 unde
907 409 980 437 diei-

201 457 266 484 tur¹
282 465 289 485 ε
307 459 341 485 Et
358 459 419 493 quis
431 459 533 494 poterit
548 458 666 491 comeare
681 457 752 484 diem
768 457 898 484 adventus
910 457 978 491 ejus,

201 507 249 532 aut
264 506 324 540 quis
338 506 422 532 stabit
438 505 474 532 ad
488 504 635 532 videndum
651 496 728 532 eum?
742 505 833 532 Tanta
847 511 978 540 namque

201 551 254 579 erit
268 553 337 579 tunc
348 551 457 587 judicis
469 551 607 579 severitas
622 551 650 578 et
660 550 878 585 inflexibilitas,
896 550 979 587 quod

200 598 224 626 si
243 598 331 626 beata
350 598 438 634 Virgo
463 599 490 626 et
514 605 617 626 omnes
643 591 757 633 angeli,
789 599 816 626 ct
839 598 929 626 sancti
952 599 980 626 et

203 647 309 674 sanctae
329 653 426 681 genua
441 644 602 680 flecterent,
619 647 729 673 etcum
749 645 890 681 lacrymis
911 653 978 673 ora-

199 694 265 721 rent
277 700 332 728 pro
349 692 469 728 aliquo,
486 692 537 728 qui
553 694 627 721 esset
648 692 679 720 in
704 692 822 721 mortali
836 694 958 729 peccato
970 713 980 727 ,

197 739 291 775 judex
305 747 367 767 non
383 739 537 768 exaudiret
557 747 608 768 eos
619 760 628 774 ‚
645 739 716 776 quia
731 739 839 767 dieitur
852 739 862 755 ²
879 748 885 767 :
903 740 979 767 Zetus

200 789 226 815 et
240 787 320 821 furor
330 787 386 814 viri
395 795 449 814 non
458 789 550 822 parcet
563 789 592 813 in
608 787 653 814 die
662 787 769 821 judicit
779 809 786 819 ,
801 795 847 814 nec
861 789 980 822 acquies-

200 836 240 861 cet
263 833 451 869 cujuscumque
473 835 598 869 precibus
613 855 621 869 ,
644 842 690 861 nec
709 835 839 869 suscipiet
860 842 910 869 pro
935 842 979 862 re-

200 880 353 916 demptione
367 881 438 908 dona
452 882 583 915 plurima.

236 927 344 960 Quarto
366 929 393 955 et
415 926 535 962 ultimo,
556 927 585 954 in
609 927 664 955 isto
688 927 843 955 tremendo
865 927 979 962 judicio

201 976 264 1002 acta
284 973 322 1010 (a)
338 974 435 1002 statim
451 974 617 1002 executioni
636 974 797 1002 dabuntur.
820 976 857 1002 Dc
878 982 980 1002 execu-

201 1021 280 1048 tione
290 1020 369 1048 illius
383 1021 533 1049 sententiae
540 1023 611 1049 nota
621 1021 787 1057 specialiter
802 1021 866 1049 tria.
882 1021 979 1049 Primo

200 1066 422 1095 multitudinem
443 1069 470 1095 et
491 1067 656 1104 potentiam
679 1067 899 1102 ministrorum,
929 1068 980 1103 qui

200 1113 295 1149 parati
317 1116 401 1142 erunt
421 1114 461 1142 ad
475 1115 602 1142 verbum
619 1115 728 1150 judicis
754 1115 979 1151 exequendum,

201 1160 272 1197 quia
291 1160 397 1188 dicitur
412 1161 422 1178 ³
439 1170 445 1188 z
462 1163 495 1190 In
512 1163 739 1189 consummatione
762 1163 854 1189 saeculz'
871 1162 981 1189 eaeibunt

200 1207 308 1242 anqeli,
324 1210 348 1235 et
363 1209 521 1244 separabunt
536 1209 620 1236 malos
636 1209 668 1236 de
684 1209 772 1236 medio
784 1209 921 1243 justorum
931 1229 940 1243 ,
957 1211 982 1235 et

200 1256 304 1282 mittent
325 1263 367 1283 eos
392 1257 422 1283 in
445 1257 580 1283 caminum
599 1257 688 1290 iyni3;
710 1257 749 1283 ibi
773 1257 822 1283 erit
845 1257 935 1290 fletus,
957 1258 982 1283 et

199 1302 302 1329 stridor
326 1303 453 1330 dentium.
484 1303 635 1336 Secundo,
663 1302 695 1330 in
722 1302 777 1330 ista
807 1302 981 1330 executione

199 1350 270 1376 nota
290 1348 495 1385 impotentiam
517 1351 544 1377 et
568 1349 735 1385 angustiam
760 1350 960 1386 reproborum
973 1371 981 1384 ,

200 1395 271 1431 quia
285 1395 369 1423 nulla
388 1396 442 1424 erit
459 1396 510 1424 via
531 1396 570 1424 ad
590 1396 788 1424 evadendum.
806 1397 888 1424 Unde
912 1397 983 1425 dicit

1756 250 1815 280 333

1033 315 1213 351 Augustinus
1230 324 1236 343 :
1260 325 1273 341 «
1293 316 1314 345 Ο
1330 324 1422 354 quam
1437 319 1568 353 angustae
1584 318 1668 345 erunt
1681 316 1815 354 undique

1033 362 1235 398 reproborum
1249 362 1318 391 viaet
1335 364 1475 400 Superius
1494 364 1548 392 erit
1569 366 1638 392 tunc
1652 363 1745 400 judex
1759 363 1816 392 ira·

1033 411 1097 445 tus3
1114 409 1251 445 inferius,
1268 411 1358 440 chaos
1374 411 1479 439 inferni
1495 412 1693 447 horrendum3
1712 420 1730 439 a
1745 411 1815 440 dex-

1034 458 1100 493 tris,
1125 459 1294 487 accusantia
1321 461 1459 496 peccata3
1489 468 1506 488 a
1534 459 1673 493 sinistris,
1702 459 1816 488 infinita

1035 504 1183 533 daemonia
1205 506 1244 533 ad
1264 505 1445 542 supplicium
1460 506 1619 542 trahentia3
1636 506 1728 541 intus,
1748 515 1816 535 con-

1034 551 1156 580 scientia
1177 560 1282 587 urens;
1304 552 1392 588 foris,
1416 553 1547 581 mundus
1571 553 1700 581 ardens:
1727 553 1817 582 miser

1034 601 1172 635 peccator
1191 599 1232 627 sic
1252 599 1454 636 deprehensus
1476 608 1537 636 quo
1562 599 1701 636 effugiet?
1717 601 1816 630 Latere

1033 646 1088 674 erit
1103 646 1307 682 impossibile,
1324 655 1468 683 apparere
1482 647 1689 683 intolerabile;
1707 649 1734 675 et
1747 647 1816 677 ideo

1035 692 1143 721 dicitur
1157 693 1167 710 ⁴
1177 714 1186 727 ,
1202 693 1286 729 quod
1300 694 1514 722 desiderabunt
1527 695 1665 723 homines
1679 697 1816 731 mortem,

1035 742 1063 767 et
1074 739 1166 775 fugiet
1181 748 1262 768 mors
1277 741 1315 768 ab
1331 741 1381 769 eis.
1404 751 1416 767 n
1434 742 1529 769 Tertio
1545 743 1616 769 nota
1634 741 1665 769 in
1682 741 1737 769 ista
1751 750 1818 770 exe-

1036 787 1153 815 cutione
1174 786 1322 815 defectum
1343 789 1371 816 et
1393 788 1554 816 carentiam
1577 789 1712 816 omnium
1734 789 1817 817 auxi-

1034 833 1155 861 liorum.
1178 836 1256 862 Tunc
1272 834 1351 862 enim
1366 834 1512 869 Christus,
1529 835 1581 871 qui
1600 837 1714 863 tantum
1729 836 1818 863 mise-

1035 880 1127 908 ricors
1150 882 1211 913 est,
1235 881 1318 917 quod
1339 889 1394 916 pro
1413 882 1621 918 peccatoribus
1637 882 1759 910 tradidit
1773 891 1818 911 se-

1036 927 1206 963 metipsum,
1235 928 1345 956 ridebit
1373 929 1404 956 in
1429 929 1620 957 damnatione
1650 937 1771 963 eorum3
1788 929 1818 957 in

1037 974 1122 1009 cujus
1136 983 1264 1010 persona
1281 975 1388 1003 dicitur
1402 976 1412 992 ⁵
1430 985 1436 1003 ε
1463 977 1514 1011 Εῃο
1531 985 1634 1012 quoque
1652 979 1682 1004 in
1703 978 1818 1004 interitu

1036 1024 1121 1049 vestro
1145 1022 1247 1049 ridebo.
1271 1022 1367 1050 Sancti
1384 1022 1490 1058 etiam,
1515 1024 1566 1060 qui
1590 1032 1619 1051 se
1645 1032 1700 1060 pro
1726 1024 1818 1052 salute

1037 1068 1172 1096 omnium
1187 1069 1274 1097 morti
1291 1072 1504 1105 exposuerunt,
1524 1078 1586 1098 non
1603 1070 1820 1106 compatientur

1036 1116 1106 1142 tune
1137 1115 1262 1144 miseriae
1290 1117 1509 1153 reprol)orum;
1535 1117 1587 1145 sed
1616 1117 1715 1154 potius
1745 1126 1819 1153 gau-

1038 1161 1152 1189 debunt
1175 1163 1206 1190 in
1228 1163 1419 1192 damnatione
1445 1172 1565 1199 eorum,
1586 1165 1671 1199 juxta
1692 1164 1769 1192 illud
1783 1165 1817 1194 ⁶:

1037 1209 1185 1236 Laecabz'tur
1208 1210 1319 1245 justus,
1345 1219 1402 1238 cum
1428 1211 1530 1239 viderit
1559 1211 1726 1244 vinidictam,
1763 1213 1816 1240 etc.

1037 1255 1115 1283 Sicut
1132 1256 1210 1284 enim
1224 1265 1303 1285 nunc
1318 1259 1361 1285 est
1373 1259 1491 1293 tempus
1512 1257 1688 1293 clementiae,
1708 1258 1750 1285 sic
1765 1258 1819 1286 erit

1037 1304 1106 1330 tunc
1129 1305 1244 1340 tempus
1266 1304 1386 1332 ultionis
1411 1307 1438 1332 et
1458 1305 1615 1339 vindictae,
1631 1305 1745 1333 dicente
1761 1307 1818 1333 Do-

1038 1350 1119 1378 mino
1134 1351 1143 1367 ⁷
1159 1360 1165 1378 ;
1184 1351 1248 1378 Cum
1269 1360 1389 1387 accepero
1406 1355 1528 1387 tempus,
1549 1360 1595 1386 eqo
1604 1353 1731 1386 justitias
1740 1353 1819 1387 judi·

1038 1399 1109 1425 cabo.
1132 1399 1164 1425 Et
1178 1397 1242 1426 haec
1258 1398 1294 1427 dc
1312 1398 1426 1433 judicio
1445 1399 1549 1426 ultimo
1570 1399 1648 1426 dicta
1662 1399 1818 1428 sufficiant.

923 1517 1089 1524 ...—

755 1650 982 1692 TITULUS
1018 1650 1256 1693 DECIMUS

513 1759 562 1785 DE
596 1757 733 1787 POENIS
762 1759 951 1795 lNFERNl,
982 1759 1113 1794 ATQUE
1140 1760 1288 1789 GLORlA
1318 1761 1508 1790 PARADISI

366 1957 542 1991 CAPUT
580 1959 811 1992 PRIMUM.

453 2031 490 2057 De
505 2031 593 2057 Poenis
609 2031 726 2064 Inferni.

237 2099 303 2125 Post
321 2099 473 2126 tractatum
490 2099 635 2133 generalis
650 2099 754 2134 judicii
765 2120 773 2133 ,
789 2100 922 2135 sequitur
938 2100 981 2127 vi-

202 2145 271 2174 dere
292 2146 328 2173 de
349 2146 444 2182 poenis
460 2145 581 2180 inferni,
603 2148 630 2173 ct
653 2146 748 2181 gloria
768 2147 908 2182 paradisi.
927 2148 981 2176 Ista

201 2196 243 2221 est
259 2194 337 2222 enim
352 2193 457 2221 ultima
472 2193 576 2227 Diaeta,
595 2193 703 2221 scilicet
722 2202 739 2221 a
752 2194 865 2229 judicio
882 2195 920 2222 ad
936 2195 979 2222 in-

200 2240 338 2275 fernum,
354 2240 402 2268 vel
425 2240 463 2267 ad
488 2240 604 2268 coslum.
631 2242 703 2268 Nam
725 2241 845 2277 reprobi
871 2241 981 2269 faciunt

199 2287 359 2323 pessimam
379 2287 498 2314 diaetam
518 2288 554 2315 (le
567 2287 680 2322 judicio
697 2287 735 2315 ad
755 2290 895 2315 ceternum
911 2297 981 2324 sup-

199 2334 336 2370 plicium3
352 2334 421 2369 justi
444 2342 515 2361 vcro
534 2334 645 2361 faciunt
664 2335 807 2371 optimam
831 2335 948 2363 diaetam
963 2344 980 2363 a

199 2380 312 2414 judicio
324 2380 362 2407 ad
373 2388 499 2415 regnum
513 2382 666 2408 [eternum.

239 2427 335 2454 Primo
358 2427 445 2462 igitur
463 2428 624 2455 dicendum
644 2430 685 2455 est
700 2428 737 2456 de
756 2429 851 2464 poenis
867 2431 894 2457 et
908 2437 978 2465 sup-

201 2473 296 2508 pliciis
320 2475 536 2510 reproborum:
563 2475 599 2502 de
624 2475 733 2510 quibus
759 2476 891 2504 notanda
914 2478 981 2504 sunt

203 2519 352 2555 quinque,
379 2521 488 2549 scilicet
513 2521 611 2557 primo
636 2530 793 2557 poenarum
819 2523 977 2558 acerbitas,

203 2567 334 2594 secundo
354 2575 511 2603 poenarum
532 2568 704 2603 diversitas,
723 2569 808 2597 tertio
823 2577 980 2606 poenarum

238 2640 242 2653 ¹
256 2640 357 2670 Malae„
373 2647 412 2671 111,
427 2643 451 2666 2.
462 2654 490 2660 —
506 2642 514 2657 ²
527 2642 610 2672 Prae„
627 2648 662 2672 VJ,
677 2643 715 2667 34.
731 2655 761 2661 —-
774 2644 784 2660 ³
797 2644 904 2675 Mutila,
920 2651 979 2674 xm,

202 2677 286 2700 40-42.
301 2689 332 2695 —-
346 2677 354 2691 ⁵
371 2678 514 2709 Apoc.‚1x‚
532 2680 556 2702 6.
571 2692 597 2696 --
614 2678 624 2696 ⁸
638 2679 722 2709 Prov„
739 2685 762 2710 t,
783 2681 821 2704 26.
837 2693 867 2698 —
884 2681 894 2696 ὃ
910 2681 977 2705 Psal.

202 2717 254 2736 Lvti
266 2730 273 2742 ‚
298 2714 377 2737 11.—
395 2714 402 2727 ⁷
421 2714 486 2737 psal.
508 2720 601 2743 Lxxw,
625 2715 648 2739 3.
663 2728 695 2732 -
713 2716 721 2729 ¹¹
736 2716 812 2746 Aug„
829 2716 938 2740 Ennarr.
954 2717 979 2739 in

1038 1961 1224 1996 diuturnitas,
1238 1963 1344 1998 quarto
1359 1970 1516 1998 poenarum
1531 1963 1717 2000 universitas,
1732 1965 1816 2001 quin-

1037 2009 1066 2035 to
1076 2016 1233 2044 poenarum
1244 2009 1394 2037 inutilitas.

1073 2055 1170 2082 Primo
1185 2055 1274 2090 igitur
1294 2064 1389 2091 psenfe
1411 2056 1610 2091 reproborum
1633 2060 1717 2086 erunt
1737 2067 1816 2087 acer-

1851 2072 1938 2094 Acerbi-

1037 2099 1165 2127 bissimae
1178 2102 1205 2127 et
1216 2100 1427 2127 intolerabiles.
1441 2101 1616 2130 Gravissima
1628 2103 1706 2130 enim
1717 2112 1815 2140 poena,
1831 2105 1864 2124 2³⁵
1874 2106 1937 2124 ΜΕΓ-

1038 2155 1103 2182 quae
1126 2147 1157 2174 in
1180 2147 1237 2174 hoc
1257 2147 1371 2175 mundo
1392 2149 1488 2183 potest
1511 2148 1647 2183 tolerari,
1663 2150 1760 2178 minor
1775 2153 1817 2179 est

1037 2201 1125 2228 poena
1137 2194 1311 2229 purgatorii,
1323 2196 1355 2221 ut
1366 2194 1437 2222 dicit
1447 2196 1626 2230 Augustinus
1641 2196 1671 2224 in
1683 2198 1817 2233 quodam

1037 2248 1174 2268 sermone
1196 2241 1206 2257 ⁸
1229 2249 1235 2267 :
1265 2243 1376 2276 quanto
1400 2242 1494 2276 magis
1517 2250 1607 2278 poena
1629 2243 1764 2272 inferni?
1786 2247 1817 2273 In

1037 2286 1154 2322 signum
1169 2287 1257 2323 hujus
1272 2288 1453 2316 vehementis
1469 2289 1581 2317 doloris
1597 2290 1667 2317 dicit
1682 2291 1816 2320 Salvator

1037 2333 1067 2361 in
1082 2334 1242 2369 Evangelio
1258 2335 1287 2362 ⁹:
1304 2336 1346 2363 Ibi
1359 2337 1410 2362 erit
1424 2337 1512 2370 fletus,
1529 2339 1554 2363 et
1565 2338 1667 2364 stridor
1682 2339 1813 2366 (lentium.

1072 2381 1225 2416 Secundo,
1240 2390 1336 2417 poenae
1352 2382 1457 2410 inferni
1478 2384 1563 2410 eruut
1579 2383 1719 2417 diversae3
1736 2386 1814 2412 unde

1843 2136 1864 2155 ni
1877 2142 1927 2156 cru-

1841 2166 1918 2187 cimus.

1856 2396 1934 2417 Diver-

1036 2431 1107 2456 nota
1119 2450 1127 2461 ,
1143 2429 1225 2464 quod
1247 2429 1277 2456 in
1298 2437 1380 2457 sacra
1399 2430 1543 2465 scriptura
1559 2430 1748 2458 inveniuntur
1762 2431 1815 2458 no·
1829 2427 1882 2447 Sim
1892 2434 1936 2453 PR·

1036 2483 1104 2503 vem
1128 2484 1234 2511 poenae.
1260 2476 1355 2504 Prima
1382 2478 1424 2504 est
1447 2485 1535 2512 poena
1558 2477 1653 2511 ignis;
1684 2478 1814 2506 secunda

1036 2530 1126 2559 poena
1149 2525 1190 2551 est
1208 2523 1318 2551 vermis
1335 2533 1341 2550 :
1357 2523 1434 2559 ignis
1456 2524 1572 2551 ardebit
1591 2532 1725 2559 carnem3
1747 2533 1814 2553 ver-

1036 2569 1092 2597 mis
1119 2570 1235 2599 ardebit
1258 2572 1397 2598 mentem.
1425 2572 1462 2599 De
1489 2570 1549 2598 istis
1578 2571 1697 2599 duobus
1725 2571 1814 2600 simul

1037 2617 1143 2646 dicitur
1163 2618 1184 2635 ¹⁰
1201 2626 1207 2645 z
1229 2618 1334 2645 Vermz‘s
1349 2626 1438 2646 eorum
1456 2625 1509 2646 non
1528 2619 1666 2652 morietur,
1691 2620 1717 2646 et
1741 2620 1813 2654 ignis

1037 2680 1102 2704 Psal.
1128 2686 1229 2710 xxxvn,
1251 2688 1278 2704 n.
1294 2682 1316 2704 3.
1335 2694 1365 2700 —
1385 2682 1393 2695 ‘³
1416 2680 1516 2710 Mami..
1539 2687 1597 2711 xm,
1620 2682 1658 2705 42.
1676 2694 1706 2700 —
1720 2682 1739 2699 ¹⁰
1753 2682 1812 2713 isa„

1037 2722 1109 2746 wa,
1123 2718 1162 2740 24.
1178 2730 1208 2734 —-
1225 2717 1259 2748 (ιι)
1274 2716 1334 2741 Ccet.
1348 2716 1407 2741 edit.
1424 2716 1498 2740 tacta.

1843 2464 1921 2479 narum

1843 2489 1930 2511 interni.
