2004 3037
517 269 567 302 ΒΕ
590 266 944 301 SACRAMENTORUM
967 267 1152 300 vltt‘rurtc.
1176 269 1261 302 CM).
1287 271 1354 304 ΧΗ.

132 336 164 372 in
183 337 326 374 potestate
346 335 482 365 ministri.
506 336 534 366 8.
559 335 743 372 pugnantem
766 335 907 363 coronat:

132 382 216 420 quod
230 384 350 412 notatur
367 383 399 412 in
415 383 502 419 vitta,
522 391 589 420 quae
607 382 684 411 circa
698 383 787 419 caput
802 381 910 410 confir-

131 431 202 460 mati
217 431 334 468 ligatur.

167 478 308 513 Quaedam
322 479 390 507 sunt
403 478 480 507 circa
493 478 751 507 confirmationem
766 485 834 515 quoe
848 485 910 506 non

132 528 200 554 sunt
214 525 251 554 de
266 533 328 554 esse
342 525 528 561 sacramenti,
544 525 597 554 sed
609 526 646 554 de
661 525 737 554 bene
752 533 829 560 essc;
844 532 911 561 quae

133 575 201 602 sunt
224 573 285 601 haec
306 572 413 609 :quod
433 573 557 609 jejunis,
578 574 606 601 et
629 581 647 601 a
667 572 782 609 jejunio
807 572 909 608 detur;

133 619 218 655 quod
239 627 293 656 pcr
315 619 446 656 aliquem
471 619 612 657 episcopo
636 621 836 656 praesentetur,
859 619 911 656 qui

133 666 222 696 etiam
241 667 375 704 patrinus
394 668 534 704 efficitur;
555 668 639 706 quod
658 668 730 697 vitta
748 667 837 704 capiti
856 667 912 695 cir-

134 713 319 750 cumligetur.

169 761 222 789 Per
251 760 331 790 istud
355 763 575 790 sacramentum
598 762 673 790 fiunt
700 761 805 790 fideles
831 761 912 798 pleni

134 806 299 843 christiani,
318 808 503 845 plenitudine
524 809 591 837 dico
611 809 718 844 copiae,
741 807 793 844 qui
813 809 913 836 tamen

132 853 164 882 in
182 853 332 891 baptiSmo
349 855 430 892 pleni
449 855 517 884 sacti
536 857 604 884 sunt
623 855 807 892 plenitudine
830 855 913 882 suffi-

134 901 256 930 cientiae.

170 948 358 978 Sacramenta
376 957 406 977 se
424 948 536 978 habent
554 949 585 977 in
604 949 760 985 dignitate,
779 950 812 977 ut
829 956 914 977 exce-

136 994 251 1031 denua,
266 997 294 1023 et
308 1003 444 1024 excessa:
459 1004 530 1024 nam
549 996 728 1024 Eueharistia
741 995 915 1032 praecminet

134 1041 238 1070 inesse
255 1042 442 1078 3Baptismus,
454 1042 486 1070 in
500 1042 621 1076 effectu;
639 1042 868 1077 Matrimonium,
883 1042 914 1070 in

133 1088 290 1124 mysterio,
306 1089 378 1125 quia
392 1089 539 1124 significat
553 1089 795 1125 conjunctionem
810 1089 914 1117 Christi

135 1136 163 1163 et
181 1134 326 1170 Ecclesiae;
348 1136 538 1164 Confirmatio
557 1136 589 1164 in
611 1136 752 1172 dignitate
771 1136 914 1171 ministri,

135 1181 206 1218 quia
219 1189 280 1210 non
294 1182 442 1211 confertur
452 1182 508 1211 nisi
519 1183 557 1211 ab
569 1183 729 1219 episcopis;
742 1182 914 1211 Paenitentia

133 1227 166 1257 in
184 1227 330 1266 frequenti
347 1231 538 1266 peccatorum
555 1229 745 1264 remissione,
767 1231 796 1258 et
815 1229 856 1257 sic
876 1229 914 1258 de

135 1274 201 1304 aliis
213 1276 414 1305 sacramentis·

402 1370 545 1405 CAPUT
568 1371 643 1406 XII.

304 1443 341 1470 De
358 1446 525 1470 sacramento
545 1444 734 1472 Eucharistiae.

173 1511 353 1541 Eucharistia
375 1514 418 1541 est
443 1514 659 1541 sacramentum
681 1514 828 1542 charitatis
856 1517 916 1543 tam

137 1557 256 1593 divinae,
272 1567 365 1595 quam
379 1561 486 1587 nostrae
500 1568 507 1587 ε
530 1559 600 1595 quia
617 1561 690 1587 Deus
704 1560 735 1588 in
749 1561 806 1588 hoc
821 1569 916 1589 sacra-

137 1606 234 1633 mento
255 1613 372 1641 maguae
395 1605 559 1633 dilectionis
578 1606 666 1633 nobis
684 1606 803 1642 signum
818 1609 915 1635 osten-

138 1650 191 1686 dit,
207 1653 235 1680 et
249 1654 354 1680 nostrae
371 1651 537 1680 dilectionis
552 1652 691 1680 affectum
706 1661 759 1689 per
775 1653 856 1682 idem
871 1662 916 1682 sa-

138 1700 320 1727 cramentum
338 1698 504 1735 specialiter
523 1707 595 1734 erga
609 1707 639 1727 se
654 1699 860 1728 inflammavit.
878 1703 916 1729 De

138 1744 301 1773 substantia
318 1745 406 1780 hujus
422 1746 598 1773 sacramenti
612 1748 679 1774 sunt
694 1749 840 1782 quatuor:
856 1747 916 1783 pri-

137 1798 221 1819 mum
236 1793 293 1826 est,
309 1792 391 1828 quod
407 1800 582 1820 consecrans
596 1792 807 1821 Eucharistiam
821 1794 856 1821 sit
872 1802 917 1822 sa·

138 1837 260 1873 cerdos;
281 1838 460 1873 secundum,
476 1838 588 1875 species
606 1839 692 1875 panis
712 1842 740 1868 et
760 1840 836 1875 vini;
860 1842 916 1869 ter-

137 1884 222 1920 tium,
239 1885 360 1913 intentio
376 1886 589 1921 consecrantis;
609 1889 749 1923 quartum
765 1889 806 1915 est
821 1887 917 1916 forma

137 1931 310 1966 verborum,
325 1931 480 1960 videlicet:
497 1934 553 1960 Hoc
567 1936 605 1960 est
620 1935 690 1960 enim
705 1942 799 1970 corpus
814 1943 899 1963 meum
905 1944 914 1970 3

138 1978 167 2005 et
180 1976 234 2005 ista
247 1986 335 2014 super
349 1978 472 2006 calicem
487 1988 494 2006 :
510 1981 561 2007 Ht'c
577 1982 615 2007 est
631 1982 703 2008 enim
718 1983 801 2013 caliae,
817 1983 871 2009 etc.

174 2023 219 2052 Ad
233 2024 349 2060 plenius
363 2025 591 2060 intelligendum
608 2026 678 2060 ista,
693 2029 764 2056 nota
779 2028 856 2055 circa
870 2028 915 2056 in-

138 2070 316 2105 tentionem,
332 2071 414 2106 quod
428 2071 511 2099 aliud
523 2074 565 2100 est
578 2072 711 2107 intentio,
727 2073 810 2101 aliud
824 2076 916 2102 atten—

139 2116 179 2146 tio
197 2125 204 2145 :
229 2116 300 2153 quia
319 2117 441 2145 intentio
466 2126 582 2154 semper
603 2120 646 2146 est
668 2120 847 2153 necessaria,
871 2121 917 2149 vel

139 2163 285 2200 specialis,
298 2164 347 2192 vel
357 2164 513 2199 generalis,
524 2165 598 2192 sicut
611 2165 722 2193 dictum
734 2168 777 2194 est
791 2166 828 2194 de
843 2167 917 2203 bap-

139 2210 244 2239 tismo:
267 2211 388 2239 attentio
409 2214 508 2240 autem
528 2219 589 2239 non
615 2214 657 2240 est
681 2212 718 2240 de
739 2212 917 2248 substantia,

139 2256 214 2286 sieut
237 2257 359 2294 quando
379 2266 464 2286 mens
482 2258 596 2295 rapitur
616 2258 647 2286 in
668 2258 833 2295 prolatione
852 2268 919 2288 ver-

140 2304 249 2334 borum
268 2305 308 2333 ad
322 2305 398 2334 alia:
420 2306 503 2342 quod
524 2306 707 2342 quandoque
727 2307 869 2343 contingit
884 2316 920 2336 ex

140 2351 323 2387 infirmitate3
341 2352 524 2389 quandoque
545 2361 582 2381 ex
600 2352 797 2389 negligentia,
815 2354 863 2382 vel
877 2354 920 2382 in-

142 2399 234 2434 curia,
247 2401 276 2427 et
287 2401 355 2427 tunc
366 2401 409 2427 est
424 2401 587 2436 peccatum.
603 2399 763 2428 Sciendum
776 2402 921 2437 praeterea

142 2445 226 2481 quod
239 2454 301 2474 non
319 2445 417 2474 solum
435 2445 595 2482 requiritur
610 2446 732 2475 intentio
748 2455 920 2476 consecran-

143 2491 193 2527 tis,
207 2492 260 2520 sed
275 2492 364 2521 etiam
379 2492 501 2521 intentio
516 2492 595 2520 istud
609 2496 826 2522 sacramentum
841 2494 921 2522 insti-

143 2538 260 2567 tuentis.
275 2539 356 2568 Unde
371 2539 396 2567 si
411 2539 518 2576 aliquis
537 2539 677 2567 sacerdos
697 2542 786 2569 staret
799 2541 830 2569 in
844 2541 921 2576 soro,

145 2586 172 2612 et
188 2592 276 2621 super
293 2594 397 2614 omnes
417 2594 510 2623 panes
531 2585 660 2614 formam
675 2587 838 2616 verborum
852 2596 922 2624 pro-

144 2629 247 2665 ferret,
267 2631 356 2660 etiam
370 2640 438 2661 cum
458 2632 618 2662 intentione
633 2634 840 2670 consecrandi,
860 2642 922 2663 non

145 2676 228 2706 fieret
249 2677 291 2706 ibi
308 2679 612 2708 transsubstantiatio:
637 2682 666 2708 et
688 2680 745 2709 hoc
766 2689 828 2709 non
848 2683 923 2710 esset

145 2726 267 2761 propter
286 2724 433 2754 defectum
450 2726 565 2756 virtutis
583 2727 761 2764 verborum,
780 2736 850 2758 cum
864 2736 924 2757 una

285 2782 362 2806 ΤΟΜ.
387 2783 452 2806 Vlu-

1684 280 1742 310 200

964 333 1029 364 vice
1040 335 1180 364 sacerdos
1190 337 1284 374 possit
1297 346 1470 370 consecrare
1484 344 1526 371 tot
1536 343 1657 379 hostias,
1669 347 1744 381 quot

963 382 1015 410 toti
1039 382 1154 412 mundo
1181 384 1363 422 sufficerent,
1392 388 1416 416 si
1444 390 1520 418 esset
1545 391 1745 421 necessarium

964 429 1113 466 Ecclesiae;
1133 431 1186 459 sed
1206 434 1328 470 propter
1349 434 1496 464 defectum
1518 436 1687 467 intentionis
1705 438 1743 467 il-

963 475 1021 504 lius
1036 477 1087 513 qui
1102 478 1160 506 hoe
1173 483 1390 509 sacramentum
1404 482 1543 520 instituit,
1558 485 1610 521 qui
1624 493 1686 514 non
1700 485 1746 515 in·

966 523 1059 552 tendit
1086 525 1170 561 quod
1198 534 1266 554 cum
1290 527 1340 556 tali
1365 528 1512 564 ludibrio,
1540 531 1589 559 vel
1610 531 1745 568 stultitia,

965 569 1048 599 fieret
1062 574 1258 610 consecrati03
1274 575 1328 603 sed
1341 583 1397 612 pro
1411 577 1544 613 utilitate,
1560 577 1609 607 vel
1622 580 1747 609 necessi-

966 618 1023 646 tate
1038 619 1172 647 Ecclesiae
1186 621 1346 658 generalis,
1362 623 1411 652 vel
1425 624 1621 660 particularis.

1002 665 1085 693 Circa
1105 666 1234 696 sormam
1254 677 1376 706 quoque
1400 670 1562 700 verborum
1577 673 1747 709 sciendum,

967 712 1052 748 quod
1073 721 1142 741 cum
1163 713 1290 743 dicitur:
1313 717 1369 745 Hoc
1388 720 1427 745 est
1446 721 1515 746 enim
1534 727 1630 755 corpus
1650 729 1746 755 meum,

967 757 1023 787 ista
1037 760 1206 795 conjunctio
1222 764 1293 790 enim
1315 771 1376 792 non
1397 766 1440 793 est
1459 765 1496 793 de
1516 766 1679 796 substantia
1692 768 1749 797 sor-

969 813 1040 840 mae,
1059 806 1112 834 sed
1128 807 1165 836 de
1179 807 1257 837 bene
1276 817 1338 838 esse
1354 811 1462 847 ipsius:
1480 812 1559 841 unde
1579 814 1673 842 omitti
1688 822 1750 844 nou

969 851 1066 881 debet.
1081 853 1169 882 Aliud
1183 863 1315 892 namque
1331 859 1374 885 est
1386 858 1483 887 forma
1496 861 1672 896 necessaria,
1687 862 1749 891 sine

970 907 1030 935 qua
1047 908 1108 928 non
1132 903 1228 937 potest
1251 904 1537 935 transsubstantiatio
1560 907 1641 944 fieri3
1666 908 1750 938 aliud

969 944 1066 974 forma
1081 947 1197 982 debita,
1213 949 1276 978 sine
1292 959 1352 987 qua
1365 959 1427 980 non
1448 953 1537 982 debet
1548 953 1623 982 fieri.
1639 956 1751 985 Eodem

970 994 1063 1022 modo
1077 995 1237 1025 dicendum
1255 1000 1297 1026 cst
1311 999 1348 1027 de
1363 1000 1519 1036 speciebus
1536 1003 1622 1038 panis
1636 1005 1663 1032 et
1676 1004 1749 1033 vini.

970 1041 1051 1069 Unde
1070 1045 1141 1071 nota
1161 1044 1245 1080 quod
1269 1047 1391 1075 materia
1416 1047 1602 1077 Eucharistiae
1627 1050 1686 1079 alia
1709 1053 1753 1079 est

970 1089 1148 1124 necessaria,
1164 1090 1224 1118 alia
1240 1093 1283 1119 est
1303 1092 1422 1122 dehita:
1442 1095 1566 1124 materia
1587 1098 1753 1126 necessaria

970 1135 1156 1164 Eucharistiae
1171 1140 1213 1166 est
1223 1139 1308 1174 panis
1320 1139 1529 1177 frumentitius,
1541 1143 1613 1179 quia
1623 1144 1685 1172 sine
1699 1144 1751 1173 illo

970 1188 1032 1209 non
1050 1184 1147 1218 potest
1167 1183 1232 1212 ficri
1247 1186 1390 1215 confectio
1397 1197 1405 1222 ;
1422 1189 1544 1217 materia
1558 1198 1630 1218 vero
1651 1190 1753 1220 debita

970 1231 1026 1263 est,
1050 1230 1134 1265 quod
1153 1232 1239 1266 panis
1254 1232 1304 1260 ille
1327 1233 1363 1261 sit
1382 1242 1520 1270 azymus,
1545 1237 1616 1273 quia
1634 1237 1702 1266 licet
1722 1239 1753 1268 in

969 1274 1144 1305 fermentato
1160 1281 1259 1314 posset
1273 1280 1394 1317 confici,
1409 1283 1508 1311 tamen
1522 1283 1580 1312 hoc
1591 1292 1653 1313 non
1665 1286 1754 1316 debet

970 1322 1051 1357 ficri,
1072 1323 1185 1360 duplici
1204 1325 1241 1354 de
1256 1335 1365 1356 causa:
1386 1329 1483 1364 prima
1499 1332 1557 1366 est,
1578 1332 1650 1368 quia
1667 1334 1754 1370 panis

971 1377 1094 1406 azymus
1112 1373 1250 1401 convenit
1264 1374 1448 1412 institutioni,
1465 1377 1594 1406 Christus
1608 1380 1688 1408 enim
1703 1380 1754 1409 de-

972 1415 1015 1444 dit
1038 1411 1191 1455 discipulis
1214 1429 1322 1457 corpus
1345 1431 1433 1451 suum
1457 1424 1624 1454 confectum
1648 1427 1679 1455 in
1702 1428 1754 1457 tali

971 1464 1108 1500 materia5
1125 1467 1255 1495 secunda
1271 1470 1326 1503 est,
1344 1470 1416 1505 quia
1433 1471 1499 1499 talis
1516 1473 1602 1508 panis
1616 1476 1755 1503 convenit

971 1509 1154 1547 significato,
1171 1513 1299 1542 Christus
1322 1516 1401 1544 enim
1419 1518 1481 1546 sine
1503 1520 1584 1547 omni
1608 1520 1753 1551 fermento

972 1558 1083 1593 peccati
1098 1559 1162 1587 fuit.
1179 1561 1317 1590 Similiter
1336 1563 1497 1593 dicendum
1511 1569 1554 1594 est
1573 1567 1610 1596 de
1632 1569 1755 1598 materia

973 1605 1087 1639 canen,
1109 1607 1179 1642 quia
1202 1607 1261 1636 alia
1284 1611 1326 1636 est
1347 1611 1471 1639 materia
1491 1614 1670 1650 necessaria,
1695 1615 1755 1644 alia

973 1651 1092 1680 debita:
1118 1654 1242 1682 materia
1264 1657 1429 1686 necessaria
1453 1659 1552 1687 calicis
1572 1663 1614 1689 est
1634 1662 1753 1697 vinum,

973 1698 1045 1734 quia
1060 1700 1180 1735 sanguis
1196 1701 1299 1729 Christi
1318 1710 1380 1731 non
1398 1706 1495 1740 potest
1512 1706 1544 1734 in
1558 1707 1616 1736 alia
1631 1710 1754 1738 materia

973 1745 1090 1780 confici,
1107 1754 1199 1783 quam
1213 1748 1244 1775 in
1257 1748 1345 1784 vin03
1363 1751 1485 1779 materia
1497 1760 1568 1781 vero
1584 1753 1686 1783 debita
1700 1758 1752 1792 est,

973 1792 1057 1828 quod
1074 1801 1153 1829 aqua
1167 1794 1237 1822 vino
1259 1795 1430 1832 misceatur,
1451 1801 1479 1826 et
1497 1799 1554 1827 hoc
1575 1800 1686 1838 duplici
1706 1811 1753 1832 ra-

972 1838 1072 1867 tione:
1087 1840 1198 1875 prima,
1215 1842 1286 1877 quia
1303 1843 1368 1870 talis
1384 1845 1508 1874 materia
1520 1849 1659 1876 convenit
1672 1849 1754 1879 insti-

972 1887 1088 1922 tutioni,
1102 1888 1230 1917 Christus
1245 1890 1323 1918 enim
1338 1894 1515 1928 sanguinem
1530 1903 1617 1924 suum
1632 1897 1688 1925 sub
1704 1898 1754 1927 tali

972 1935 1069 1970 specie
1094 1935 1190 1971 dedit,
1210 1938 1357 1973 secunda,
1376 1940 1446 1975 quia
1467 1941 1531 1969 talis
1546 1944 1670 1972 materia
1684 1953 1753 1974 con-

972 1981 1053 2010 venit
1073 1982 1161 2010 etiam
1176 1983 1355 2019 significato,
1369 1986 1441 2022 quia
1459 1988 1600 2027 Ecclesia,
1620 1998 1686 2026 quae
1701 2000 1754 2028 per

973 2036 1084 2064 aquam
1099 2028 1292 2066 significatur,
1306 2031 1418 2061 Christo
1437 2042 1491 2070 per
1505 2035 1597 2064 fidem
1613 2039 1641 2065 et
1655 2038 1752 2067 chari-

973 2076 1063 2102 tatem
1071 2076 1216 2112 jungitur.
1725 2100 1728 2104 t

1010 2122 1168 2150 Sciendum
1183 2126 1341 2160 praeterea,
1358 2126 1442 2161 quod
1456 2127 1488 2155 in
1503 2131 1585 2158 aceto
1598 2132 1626 2158 et
1638 2135 1754 2167 agresta

975 2175 1036 2195 non
1057 2169 1226 2204 conficitur,
1243 2171 1315 2206 quia
1337 2175 1453 2201 acetum
1477 2182 1539 2203 non
1562 2178 1605 2204 est
1628 2178 1752 2216 vinum,

975 2214 1029 2241 sed
1042 2214 1112 2249 suit,
1132 2216 1206 2243 sicut
1231 2219 1259 2244 et
1277 2221 1392 2253 agresta
1413 2227 1475 2248 non
1499 2224 1541 2249 est
1560 2223 1681 2259 vinum,
1701 2227 1754 2255 sed

976 2261 1038 2288 erit.
1055 2263 1086 2290 In
1098 2262 1282 2292 confectione
1298 2267 1398 2293 autem
1412 2268 1564 2303 sanguinis
1579 2272 1639 2298 tam
1653 2273 1752 2300 modi-

977 2315 1044 2335 cum
1062 2316 1147 2345 aquae
1167 2309 1256 2338 debet
1276 2311 1432 2341 admisceri
1447 2314 1517 2343 vino
1528 2336 1537 2349 ,
1554 2317 1638 2352 quod
1652 2318 1754 2348 absor-

977 2353 1041 2382 beri
1060 2356 1155 2391 possit
1174 2357 1212 2384 ab
1228 2357 1281 2385 illo
1298 2367 1305 2386 :
1321 2359 1456 2396 alioquin
1473 2361 1634 2398 impeditur
1654 2373 1754 2393 conse-

977 2401 1077 2436 oratio,
1086 2402 1111 2429 si
1121 2402 1224 2431 vinum
1235 2404 1272 2432 ab
1284 2413 1363 2441 aqua
1373 2406 1509 2436 vincitur.
1520 2410 1598 2437 istud
1609 2410 1752 2447 designat,

977 2447 1048 2483 quia
1070 2457 1139 2477 cum
1158 2458 1214 2478 nos
1234 2451 1273 2479 ad
1296 2451 1442 2481 Christum
1463 2457 1678 2492 convertimur,
1694 2466 1754 2487 non

977 2494 1040 2530 ipse
1063 2495 1094 2524 in
1108 2504 1178 2531 nos,
1197 2497 1251 2526 sed
1269 2505 1324 2526 nos
1339 2499 1370 2527 in
1391 2499 1488 2536 ipsum
1503 2505 1668 2539 mutamur,
1686 2505 1755 2541 quia

978 2543 1096 2578 corpori
1112 2544 1176 2579 ejus
1189 2544 1317 2580 mystico
1332 2545 1571 2582 incorporamur.

1013 2589 1043 2617 Si
1057 2597 1116 2618 una
1131 2592 1211 2626 gutta
1226 2591 1287 2619 vini
1302 2591 1466 2628 imponitur
1485 2604 1521 2623 ex
1542 2596 1645 2633 aliqua
1663 2599 1757 2635 negli-

979 2636 1077 2671 gentia
1097 2637 1252 2673 sanguini,
1270 2646 1332 2666 non
1347 2641 1469 2676 propter
1491 2642 1548 2671 hoe
1569 2643 1675 2673 desinit
1693 2654 1757 2676 esse

980 2683 1120 2719 sanguis,
1141 2692 1196 2713 nec
1218 2687 1341 2721 propter
1360 2686 1575 2718 admixtionem
1600 2692 1704 2722 vinum
1727 2694 1757 2723 in

982 2730 1159 2764 sanguinem
1171 2733 1314 2766 mutatur,
1325 2732 1379 2760 sed
1394 2735 1517 2770 utraque
1531 2738 1643 2773 speeies
1657 2739 1688 2768 in
1702 2748 1757 2769 sua

1578 2790 1616 2818 14
