2004 3037
648 247 698 280 DE
720 245 880 279 ULTlMlS
903 244 1167 278 TEMPORIBUS.
1190 245 1278 278 CAP.
1301 246 1338 278 X.

188 313 317 351 apostoli
329 313 508 350 Antichristi,
522 322 560 344 ne
575 314 724 352 Scriptura
738 314 904 344 secundum
916 322 964 343 ve-

187 361 303 389 ritatem
321 363 487 397 exponatur
505 369 523 390 a
541 361 692 391 catholicis
710 362 900 398 doctoribus,
916 361 965 390 vel

188 416 206 436 a
217 408 253 445 (a)
262 407 403 437 fidelibus
417 409 555 438 audiatur
563 419 571 445 3
585 409 641 446 ipsi
654 411 754 438 autem
768 410 866 439 bonos
879 417 909 437 se
923 409 963 437 si-

188 455 362 491 mulabunt,
379 457 406 484 et
421 458 520 484 tamen
532 456 613 485 mala
627 457 806 486 suadebunt.

224 502 376 531 Secundus
389 503 498 531 modus
512 503 703 532 subvertendi
721 504 774 533 erit
784 513 838 541 per
848 504 965 533 fallacia

188 549 347 586 miracula,
363 550 434 586 quia
446 558 500 586 per
518 552 611 580 artem
630 552 778 588 magicam
800 552 852 581 illa
867 552 962 581 faciet.

189 596 269 624 Unde
291 596 391 625 Glossa
414 605 504 634 super
517 599 698 636 Apocalypsi
716 609 723 627 :
742 610 754 626 α
770 599 883 635 Magica
904 601 965 627 arte

188 645 313 672 statuam
339 643 426 672 faciet
451 644 536 682 loqui
566 647 594 674 et
618 646 717 674 futura
738 646 918 682 praedicere,
938 647 966 673 et

189 691 285 727 saciet,
301 691 375 719 sicut
397 691 503 720 dicitur
526 691 557 720 in
580 693 800 730 Apocalypsi1,
821 695 909 729 ignem
934 694 966 721 de

189 739 250 766 coelo
264 738 421 766 descendere
439 740 469 766 tn
485 741 593 767 terram.
611 740 712 769 Glossa
728 750 734 768 :
752 751 766 767 «
782 741 812 769 1d
829 743 891 775 est,
905 749 967 769 ma-

188 784 304 821 lignum
318 785 454 821 spiritum
468 785 555 814 faciet
577 795 666 823 super
689 795 739 815 eos
765 787 966 822 descendere,

189 834 221 861 ut
247 832 409 869 loquantur
435 833 523 861 variis
547 834 666 870 linguis.
695 845 709 861 »
737 834 859 871 Spiritus
887 834 966 863 enim

189 879 337 915 malignus
353 879 512 909 descendet
532 881 563 909 in
582 889 633 909 eos
652 881 683 909 in
699 883 859 918 conspectu
873 881 967 909 homi-

190 934 279 961 num,
295 926 369 954 sicut
383 927 505 963 Spiritus
527 929 643 956 sanctus
666 928 819 956 descendit
832 928 863 956 in
879 936 967 964 apos-

190 973 267 1002 tolos
281 973 395 1002 Christi.
419 974 500 1002 Unde
519 975 673 1010 jactabunt
695 984 725 1003 se
748 983 809 1004 esse
829 975 967 1004 meliores

190 1021 332 1057 apostolis
356 1021 477 1056 Christi,
505 1021 556 1058 qui
575 1022 714 1058 Spiritum
738 1025 916 1059 acceperunt
938 1022 968 1049 in

190 1067 336 1096 conclavi.
350 1069 422 1096 Item
437 1076 490 1104 per
502 1070 595 1096 artem
608 1069 755 1104 magicam
771 1069 923 1097 simulabit
937 1077 967 1096 se

189 1116 358 1149 mortuum,
385 1117 413 1143 et
439 1115 547 1143 feretur
573 1124 591 1144 a
615 1115 802 1144 daemonibus
826 1116 857 1143 10
881 1124 967 1150 aera,

191 1161 276 1198 quasi
298 1161 439 1190 ascendat
462 1162 493 1190 in
514 1162 623 1190 coelum
641 1172 646 1191 :
665 1165 692 1190 et
707 1163 748 1190 sic
762 1163 913 1199 putabitur
929 1163 967 1191 ab

190 1208 364 1236 hominibus
378 1209 586 1244 resurrexisse,
601 1209 652 1245 qui
667 1209 749 1246 prius
764 1211 900 1238 mortuus
916 1219 969 1247 pu-

192 1255 329 1283 tabatur:
354 1257 381 1284 et
400 1257 469 1284 tunc
492 1256 681 1284 mirabuntur
702 1257 822 1293 populi,
844 1258 872 1285 et
895 1257 968 1285 ado-

191 1302 300 1330 rabunt
324 1310 409 1337 eum,
433 1305 522 1339 atque
547 1303 723 1332 laudabunt.
749 1303 876 1332 Ecclesia
897 1311 968 1332 vero

192 1357 254 1377 non
268 1349 354 1378 faciet
375 1352 444 1378 tunc
465 1350 619 1378 miracula.
638 1352 675 1378 De
690 1351 748 1379 hoc
771 1351 863 1379 modo
889 1350 968 1379 deci-

193 1397 295 1433 piendi
310 1397 417 1426 dicitur
431 1398 462 1426 in
476 1398 590 1426 Psalmo
604 1397 615 1412 ²
631 1407 637 1426 z
655 1398 809 1426 insidiatur
823 1400 852 1426 τη
863 1399 970 1426 abscen-

194 1443 270 1478 dito,
286 1446 366 1479 quasi
380 1446 418 1472 leo
439 1446 468 1472 in
488 1446 613 1480 spelunca
628 1453 687 1473 sua.
712 1445 813 1473 Glossa
829 1454 836 1473 :
856 1456 870 1472 «
885 1446 970 1474 Recte

194 1490 384 1519 Antichristus
401 1493 590 1528 comparatur
609 1492 689 1520 leoni
710 1492 843 1520 existenti
858 1492 888 1519 in
902 1499 969 1528 spe-

194 1538 297 1573 lunca,
313 1538 383 1574 quia
406 1539 438 1566 in
462 1547 497 1567 eo
521 1539 565 1567 vis
588 1542 614 1568 et
637 1539 725 1567 dolus
750 1541 890 1576 operatur
907 1539 971 1567 :vis

196 1585 275 1613 enim
291 1593 344 1621 per
357 1585 491 1620 leonem,
508 1586 596 1614 dolus
617 1594 671 1622 per
692 1587 866 1623 speluncam
887 1586 972 1614 intel-

195 1632 305 1668 ligitur.
327 1643 340 1659 »
370 1633 526 1669 Gregorius
548 1635 558 1651 ³
582 1643 588 1662 :
611 1643 625 1659 «
646 1635 802 1662 pensemus
827 1643 893 1670 quae
919 1634 973 1662 erit

196 1679 333 1707 humanae
359 1680 465 1707 mentis
493 1680 545 1708 illa
576 1680 699 1708 tentatio
719 1702 728 1716 ,
758 1681 879 1717 quando
906 1681 973 1717 pius

196 1729 308 1762 martyr
335 1735 442 1763 corpus
470 1727 625 1755 tormentis
649 1728 802 1764 subjiciet,
822 1731 849 1756 et
875 1731 973 1756 tamen

196 1775 290 1802 tortor
308 1776 374 1802 ante
400 1775 462 1810 ejus
484 1775 588 1803 oculos
610 1775 756 1803 miracula
775 1776 871 1804 saciet.
897 1777 974 1805 Sicut

198 1821 277 1849 enim
291 1821 482 1849 Antichristus
496 1822 587 1858 finget
597 1831 626 1850 se
639 1831 657 1850 a
669 1824 793 1851 mortuis
807 1832 972 1860 resurgere,

198 1869 239 1896 ita
254 1868 342 1896 etiam
362 1869 453 1904 tinget
472 1878 502 1897 se
517 1870 556 1898 ad
578 1870 686 1898 coelum
702 1871 872 1899 ascendere.
889 1882 902 1898 »
918 1873 926 1888 v.
937 1873 974 1899 Et

196 1917 281 1951 playa
295 1918 390 1943 mortis
405 1917 461 1951 ejus
476 1920 572 1944 curata
588 1921 646 1951 est3
662 1918 764 1946 Glossa
777 1927 782 1946 :
805 1928 818 1944 α
833 1920 899 1946 Arte
913 1927 974 1946 ma-

200 1961 265 1997 gica
280 1963 418 1990 ascendet
432 1963 622 1991 Antichristus
645 1965 677 1992 in
700 1973 788 2000 aera,
813 1965 974 1993 ferentibus

201 2017 269 2037 eum
284 2009 479 2038 daemonibus.
505 2011 601 2038 Faciet
624 2011 746 2039 arbores
769 2012 825 2039 cito
848 2012 972 2047 florere,

201 2065 353 2091 arescere,
377 2065 458 2085 mare
481 2057 618 2093 turbari,
643 2060 764 2086 naturas
788 2059 819 2086 in
843 2059 975 2087 diversas

201 2104 310 2139 figuras
329 2104 436 2131 mutari
460 2113 466 2132 ε
491 2106 624 2133 mortuos
648 2104 736 2133 etiam
761 2105 791 2132 in
816 2108 975 2141 conspectu

199 2149 356 2178 hominum
371 2150 531 2179 suscitabit.
546 2161 559 2178 »

234 2197 328 2225 Tertio
344 2197 468 2233 decipiet
482 2206 536 2234 per
550 2206 684 2227 munera.
701 2201 763 2235 lpse
776 2207 905 2235 namque
919 2201 974 2227 An-

199 2245 346 2273 tichristus
360 2245 490 2273 inveniet
512 2246 666 2274 thesauros
690 2246 896 2281 absconditos,
922 2254 975 2282 per

199 2300 275 2328 quos
300 2292 339 2320 ad
363 2293 551 2328 sequendum
571 2301 601 2320 se
626 2292 780 2320 inclinabit
795 2293 940 2328 plurimos
966 2303 972 2320 :

200 2338 305 2366 ditabit
319 2339 398 2366 enim
411 2338 498 2366 bonis
514 2339 618 2366 divites
633 2339 722 2374 hujus
737 2339 851 2374 saeculi,
868 2342 895 2366 ct
908 2342 975 2367 tunc

199 2393 303 2413 eorum
317 2385 422 2413 falsam
438 2385 605 2413 felicitatem
620 2385 659 2414 ad
675 2385 885 2422 decipiendum
901 2386 975 2414 alios

200 2432 342 2460 ostendet.

236 2479 343 2512 Quarto
369 2479 528 2516 compellet
554 2487 607 2515 per
637 2480 732 2508 minas
758 2482 786 2508 et
809 2482 974 2515 tormenta,

202 2532 276 2559 quos
292 2525 375 2553 aliter
389 2526 505 2554 vincere
521 2534 582 2553 non
597 2527 713 2562 poterit.
728 2528 817 2554 Tanta
831 2535 903 2555 vero
914 2549 922 2561 ,
940 2527 976 2554 si—

203 2573 251 2598 cut
265 2571 304 2599 ait
320 2572 459 2600 Dominus
469 2573 489 2607 ⁵,
507 2575 568 2600 tunc
579 2575 631 2600 erit
644 2574 785 2601 tribulatio
797 2595 805 2609 ,
819 2577 848 2601 ut
862 2576 892 2601 z'n
906 2582 977 2601 erro-

236 2634 339 2664 ¹Apoc.,
351 2640 408 2666 1111,
426 2636 463 2659 13.
481 2648 507 2652 -
523 2636 533 2651 ²
550 2635 619 2659 Psal.
634 2641 661 2665 x,
677 2637 699 2659 9.
710 2649 739 2653 —
754 2636 857 2667 361οιοῑἾ
874 2637 976 2666 ΜοναΙ.,

202 2668 246 2693 lib.
263 2670 366 2700 xxxu,
387 2677 408 2694 c.
433 2676 479 2694 xn,
496 2683 524 2689 -
544 2670 554 2687 δ
570 2671 655 2701 Aper„
672 2676 735 2701 xm,
752 2674 775 2695 3.
796 2685 826 2690 -—-
845 2674 855 2689 ⁵
876 2673 976 2703 Mutila,

1741 247 1800 278 233

1022 322 1080 342 rem
1095 314 1239 349 ducantur,
1261 316 1288 342 si
1301 315 1362 349 fieri
1372 317 1462 350 potest
1472 336 1481 350 ,
1497 316 1579 344 etiam
1593 315 1679 343 electi.
1697 315 1729 343 Et
1742 314 1800 343 hoc

1021 361 1153 390 innuitur
1173 362 1204 389 in
1228 362 1425 399 Apocalypsi,
1449 362 1501 391 ubi
1524 362 1631 391 dicitur
1650 363 1660 380 ⁶
1683 371 1690 391 z
1718 362 1800 390 Pedes

1022 409 1078 443 eJ'us
1096 409 1199 436 similes
1218 410 1392 444 aurichalco,
1416 411 1486 437 sicut
1505 411 1535 437 in
1554 411 1658 437 camino
1680 409 1798 438 ardenti.

1021 457 1074 484 Per
1088 455 1180 492 pedes
1195 455 1301 484 ultima
1323 455 1427 484 Christi
1452 455 1606 490 membra,
1632 464 1686 492 per
1709 456 1800 484 cami·

1021 510 1095 530 num
1109 510 1181 530 vero
1196 502 1356 531 vehemens
1371 502 1523 531 tribulatio
1540 502 1721 538 designatur.
1743 504 1798 531 Ex-

1019 549 1134 578 hibcbit
1162 549 1242 577 enim
1268 551 1390 584 cuncta,
1413 557 1479 586 quae
1506 549 1538 577 in
1565 549 1800 586 praecedentibus

1021 596 1202 632 martyribus
1217 596 1339 632 impleta
1354 598 1422 624 sunt
1435 604 1546 632 genera
1564 598 1798 630 tormentorum;

1022 643 1074 671 sed
1098 643 1128 671 in
1154 643 1213 671 illis
1235 643 1428 679 regionibus,
1452 644 1522 671 tunc
1543 642 1648 671 fideles
1670 643 1800 672 maxime

1022 691 1089 718 sunt
1108 690 1257 725 vexandi,
1282 692 1310 718 et
1337 690 1559 725 vehementius,
1582 690 1635 718 ubi
1660 690 1801 718 Dominus

1021 736 1076 765 suit
1097 737 1264 765 crucifixus
1292 738 1324 765 Et
1346 737 1417 765 dicit
1440 739 1554 774 flaymo
1575 745 1664 774 super
1686 739 1800 773 Apoca-

1022 784 1100 821 lypsi
1115 793 1122 812 :
1143 794 1156 810 α
1172 784 1222 813 illa
1236 784 1357 812 tentatio
1373 792 1434 813 non
1448 792 1502 821 per
1516 786 1628 821 partes,
1644 784 1697 812 sed
1711 784 1801 813 simul

1023 833 1118 860 totum
1137 831 1321 860 examinabit
1337 832 1497 860 mundum.
1516 842 1528 858 »
1548 831 1706 860 Solventur
1721 832 1800 859 enim

1024 877 1174 906 daemones
1184 900 1192 913 ,
1209 878 1261 914 qui
1276 879 1369 907 modo
1384 878 1467 914 ligati
1482 881 1549 907 sunt
1562 887 1599 906 ne
1619 879 1733 915 possint
1746 886 1800 907 no-

1024 934 1089 953 cere
1103 927 1248 961 quantum
1263 926 1381 954 vellent.
1398 925 1511 954 Fideles
1527 934 1648 962 quoque
1662 926 1714 954 illo
1730 928 1801 954 tem-

1023 980 1096 1008 pore
1111 980 1172 1000 non
1187 972 1410 1009 praedicabunt,
1426 973 1497 1009 quia
1521 975 1664 1009 tanquam
1681 981 1800 1001 excom-

1024 1019 1166 1047 municati
1179 1019 1370 1048 habebuntur
1387 1022 1456 1048 tunc
1470 1020 1552 1048 boni.
1570 1020 1647 1048 Nihil
1657 1021 1801 1048 vendetur

1025 1067 1085 1101 eis,
1100 1075 1155 1094 nec
1169 1068 1282 1094 emetur
1297 1067 1335 1095 ab
1352 1067 1412 1102 eis,
1428 1067 1485 1095 nisi
1503 1067 1634 1095 habeant
1652 1067 1801 1096 characte-

1024 1121 1087 1141 rem
1099 1135 1109 1148 ,
1124 1113 1156 1141 id
1171 1115 1229 1149 est,
1245 1113 1365 1149 signum
1380 1113 1504 1150 aliquod
1514 1135 1524 1148 ,
1548 1114 1588 1142 ad
1602 1114 1745 1149 litteram,
1771 1115 1802 1142 ut

1024 1160 1206 1188 adhaerentes
1231 1160 1287 1188 sibi
1313 1162 1545 1196 cognoscantur,
1571 1162 1598 1189 et
1619 1161 1668 1189 alii
1691 1159 1802 1188 interfi-

1025 1207 1153 1235 ciantur:
1165 1209 1333 1236 autnomen
1343 1207 1457 1242 bestiae,
1469 1207 1501 1235 id
1514 1210 1567 1243 est,
1584 1207 1802 1236 consessionem

1025 1254 1102 1289 oris;
1119 1256 1169 1282 aut
1184 1262 1342 1282 numerum
1356 1254 1486 1282 nominis
1502 1255 1565 1289 ejus
1576 1276 1585 1290 ,
1605 1254 1638 1282 id
1653 1256 1709 1289 est,
1725 1254 1803 1282 mul-

1024 1300 1235 1337 tiplicationem
1263 1309 1406 1337 operum,
1427 1304 1459 1329 ut
1480 1301 1606 1330 habetur
1628 1302 1659 1330 in
1687 1304 1803 1338 Apoca-

1025 1348 1112 1384 lypsi.
1142 1348 1333 1376 Antichristus
1359 1349 1459 1376 autem
1480 1349 1554 1376 sicut
1577 1348 1631 1376 erit
1655 1348 1804 1376 crudelior

1026 1395 1165 1423 omnibus
1189 1395 1447 1431 persecutoribus,
1467 1395 1508 1423 ita
1532 1395 1624 1423 sancti
1646 1397 1715 1423 tunc
1730 1397 1803 1423 tem-

1027 1442 1106 1478 poris
1121 1442 1258 1470 fortiores
1269 1444 1355 1470 erunt
1367 1442 1509 1470 omnibus
1520 1444 1599 1471 retro
1612 1442 1801 1478 martyribus.

1308 1558 1450 1592 CAPUT
1479 1559 1520 1591 X.

1186 1646 1224 1671 De
1246 1645 1414 1680 sequentibus·
1437 1645 1646 1672 Antichristum.

1065 1728 1209 1756 Praedictis
1225 1730 1353 1764 quatuor
1374 1728 1472 1756 modis
1491 1728 1683 1757 Antichristus
1697 1729 1806 1757 multos

1029 1776 1068 1803 ad
1090 1783 1121 1803 se
1144 1775 1283 1809 attrahet;
1308 1775 1389 1803 unde
1409 1775 1441 1803 in
1464 1776 1643 1812 Apocalypsi
1657 1777 1690 1803 ⁷:
1712 1777 1807 1804 Gauda

1029 1822 1084 1857 ejus
1111 1823 1232 1849 trahebat
1252 1824 1362 1850 tertiam
1384 1825 1492 1857 partem
1520 1824 1660 1850 stellarum
1682 1824 1758 1857 coetz‘,
1782 1826 1807 1851 et

1028 1870 1105 1896 misit
1121 1877 1164 1897 eas
1184 1870 1213 1896 in
1237 1871 1344 1896 terram.
1367 1869 1496 1897 Attrahet
1520 1871 1618 1897 autem
1636 1870 1732 1897 malos
1754 1878 1808 1906 per

1030 1924 1169 1949 munera,
1191 1916 1288 1943 bonos
1314 1924 1366 1952 per
1391 1918 1557 1950 tormenta,
1584 1916 1731 1952 simplices
1754 1925 1808 1952 per

1029 1962 1271 1998 praedicationem
1286 1965 1313 1990 et
1327 1963 1481 1991 miracula.
1507 1963 1561 1997 Qui
1583 1963 1662 1990 enim
1677 1964 1767 1991 sancti
1782 1965 1808 1991 et

1027 2010 1096 2045 justi
1112 2010 1318 2043 credebantur,
1335 2010 1529 2038 adhaerebunt
1543 2010 1568 2037 ei
1584 2018 1638 2046 pro
1654 2018 1713 2038 suae
1728 2010 1807 2037 arbi-

1030 2057 1086 2084 trio
1102 2057 1271 2084 voluntatis.
1293 2056 1418 2084 Habebit
1438 2065 1538 2084 secum
1553 2065 1658 2091 magos
1677 2059 1704 2084 et
1718 2057 1809 2085 male-

1030 2103 1103 2130 ficos
1114 2124 1121 2137 ,
1138 2111 1222 2138 reges
1238 2111 1358 2138 quoque
1376 2104 1403 2130 et
1418 2103 1576 2138 principes.
1595 2103 1674 2131 Unde
1688 2104 1719 2131 10
1733 2106 1808 2140 Apo·

1030 2151 1143 2186 calypsi
1154 2150 1165 2167 ⁸
1178 2159 1183 2177 :
1197 2151 1264 2177 Vidi
1277 2150 1309 2178 de
1323 2152 1392 2178 mari
1403 2151 1515 2178 bestiam
1529 2152 1719 2183 ascendentem,
1735 2153 1788 2179 etc.
1797 2161 1805 2186 ;

1030 2197 1130 2225 Glossa
1148 2207 1154 2225 :
1174 2207 1187 2223 «
1202 2197 1233 2225 Id
1257 2199 1317 2231 cst,
1343 2197 1550 2225 Antichristum
1562 2207 1570 2231 3
1583 2207 1595 2223 »
1613 2198 1750 2224 habentem
1764 2206 1808 2225 ca-

1027 2247 1089 2280 pita
1104 2247 1219 2280 septem,
1234 2244 1265 2272 id
1281 2246 1341 2278 est,
1360 2244 1508 2280 principes
1520 2244 1692 2279 universos3
1708 2252 1808 2272 cornua

1031 2292 1132 2323 decem,
1150 2292 1181 2319 id
1198 2293 1254 2326 est,
1279 2299 1329 2319 eos
1353 2291 1405 2327 qui
1420 2291 1598 2327 impugnant
1619 2291 1805 2326 decalogum.

1030 2341 1101 2367 Nota
1111 2339 1210 2373 igitur,
1221 2338 1304 2374 quod
1314 2338 1505 2366 Antichristus
1512 2338 1609 2373 primo
1617 2337 1714 2365 veniet
1721 2338 1751 2364 in
1759 2338 1809 2365 be-

1030 2386 1189 2421 nignitate,
1199 2388 1226 2413 et
1238 2385 1450 2413 miraculorum
1467 2385 1650 2420 operatione,
1666 2387 1693 2412 et
1708 2387 1775 2412 tunc
1791 2392 1808 2412 a

1030 2434 1136 2462 Judaeis
1158 2434 1344 2470 suscipietur,
1368 2434 1419 2468 qui
1441 2433 1467 2460 ei
1491 2433 1656 2468 specialiter
1676 2433 1807 2460 adhaere-

1031 2481 1106 2509 bunt
1122 2490 1128 2508 z
1143 2481 1182 2508 ad
1198 2488 1326 2516 quorum
1342 2479 1568 2507 conversionem
1583 2479 1718 2506 116010οῑΒ
1731 2479 1807 2506 Elias

1031 2530 1058 2556 et
1076 2527 1192 2562 Enoch,
1209 2528 1236 2554 et
1252 2529 1320 2554 tunc
1337 2526 1527 2554 Antichristus
1543 2526 1572 2553 in
1589 2528 1722 2562 apertam
1737 2533 1805 2562 per-

1031 2575 1211 2603 secutionem
1226 2576 1392 2609 consurget.

1031 2643 1104 2668 xxw,
1126 2638 1164 2661 24.
1187 2650 1213 2654 -
1235 2637 1244 2653 θ
1263 2636 1346 2667 Apoc„
1370 2643 1387 2666 1,
1411 2638 1449 2660 15.
1471 2649 1496 2652 —
1520 2635 1527 2650 ⁷
1553 2635 1638 2666 Apoc„
1661 2641 1711 2665 xn,
1732 2636 1755 2659 4.
1776 2648 1807 2654 —-

1032 2673 1042 2690 Β
1056 2676 1141 2704 Αροε.,
1158 2674 1295 2703 x111‚t.—
1309 2672 1319 2689 ⁹
1334 2673 1420 2703 Apoc„
1434 2677 1469 2702 xl,
1485 2672 1507 2696 3.
1519 2684 1549 2689 -
1562 2671 1593 2701 (a)
1604 2670 1646 2696 Al.
1656 2670 1721 2696 deest
1734 2678 1758 2697 a.
