2004 3037
649 257 699 290 DE
720 256 898 290 SECUNDO
919 257 1093 290 lTiNERE.
1118 257 1218 290 DlST.
1243 258 1296 290 ΙΙΙ.

163 324 235 354 dicit
255 324 319 353 sic:
338 333 352 352 α
367 324 417 354 Dei
438 324 550 354 locutio
565 326 608 354 est
625 324 741 354 occulta
765 324 939 361 inspiratio,

163 379 224 408 qua
237 371 387 400 mentibus
402 379 488 400 suam
501 371 686 400 voluntatem
695 393 704 407 ‚
721 373 749 400 et
766 379 851 399 suam
862 371 940 400 veri-

162 421 250 448 tatem
273 419 402 448 ostendit
421 419 585 448 visibiliter.
607 429 621 446 »
643 418 689 447 Sic
713 421 741 447 et
762 419 939 454 Gregorius,

161 467 293 498 secundo
315 466 486 495 Moralium·
508 465 654 501 ostendit,
677 465 761 502 quod
787 468 860 493 Deus
885 473 940 494 nos

161 514 325 551 alloquitur
346 522 400 550 per
427 513 652 549 inspirationem
675 513 783 541 mentis
808 512 940 541 intrinse-

161 568 236 590 carn.
253 560 334 589 Unde
350 562 377 589 et
393 559 541 595 trigesimo
557 559 661 596 quinto
680 561 830 588 Moralium
842 561 853 578 ²
869 560 940 588 dicit

161 608 221 637 sie:
240 616 254 634 α
269 607 411 643 Loquitur
424 606 535 643 quippe
551 608 626 634 Deus
646 606 822 635 intrinsecus
849 607 939 635 silen-

160 657 217 690 ter,
232 663 341 683 sonans
361 653 503 682 invisibili
517 653 619 689 lingua
638 654 876 690 compunctionis
887 676 895 690 ,
912 657 940 683 et

160 703 271 739 quanto
285 701 402 738 plenius
417 701 495 729 intus
511 701 645 736 auditur,
662 702 744 729 tanto
760 701 798 729 ab
815 701 938 730 exterio-

159 757 226 778 rum
250 747 468 776 desideriorum
491 747 614 784 strepitu
636 748 794 784 perfectius
814 749 939 777 audiens

159 795 315 830 avertitur,
327 797 360 823 ut
374 803 443 823 cum
457 795 602 831 Propheta
623 795 717 823 David
731 795 811 823 dicat
826 796 836 813 ³
852 804 859 823 :
879 796 939 823 Au-

159 844 235 871 diam
250 843 318 878 quid
332 844 460 878 loquatur
474 845 505 870 in
518 851 558 871 me
573 844 703 871 Dominus
721 845 792 871 Deus
802 865 810 875 ,
828 844 895 878 etc„
909 845 939 871 in

159 892 201 918 ltz's
214 892 262 926 qui
278 892 468 918 convertuntur
484 890 521 918 ad
542 898 603 924 cor,
619 890 652 918 id
671 891 728 925 est,
744 892 874 918 mentem
885 910 894 925 ,
907 889 940 917 in

161 946 219 974 qua
235 939 324 970 Deus,
341 940 485 974 tanquam
506 938 538 966 in
560 937 691 973 imagine
712 946 781 971 sua,
802 937 939 965 habitare

161 985 311 1020 dignatur.
328 984 486 1019 Quomodo
503 986 602 1013 autem
624 984 666 1012 ibi
684 984 832 1013 habitaret
846 986 938 1012 AEter-

160 1040 232 1067 nus,
247 1034 275 1061 et
288 1040 350 1060 non
364 1033 538 1068 loqueretur
552 1032 590 1060 de
604 1032 718 1060 aeternis
728 1033 742 1059 ἱ)

197 1079 334 1108 Secundo
349 1080 422 1107 nota
435 1079 501 1115 quis
516 1079 649 1107 divinam
664 1079 875 1107 allocutionem
889 1087 940 1107 au-

160 1125 231 1154 diat.
247 1126 291 1154 Ad
305 1126 363 1154 hoc
377 1126 532 1162 respondit
546 1125 702 1161 Dominus,
719 1126 821 1154 dicens
833 1127 844 1143 ⁶
860 1135 867 1154 ε
885 1127 940 1159 Qui

160 1174 239 1201 habet
255 1177 336 1201 aures
347 1173 494 1208 audiendi,
507 1173 615 1200 audiat.
628 1173 661 1200 Et
675 1172 706 1200 in
716 1173 896 1209 Apocalypsi
908 1173 918 1190 ὅ
930 1182 937 1201 :

161 1222 215 1254 Qui
226 1221 312 1255 ihabct
335 1229 412 1248 aures
435 1221 582 1255 audiendi,
602 1221 700 1248 audiat
725 1221 792 1256 quid
817 1222 939 1256 Spiritus

161 1268 235 1295 dicat
243 1269 380 1295 Ecclesiis.
393 1268 478 1302 Quod
488 1276 641 1304 exponens
650 1268 815 1295 Richardus
825 1268 938 1296 ibidem

161 1314 248 1342 dicit:
266 1323 280 1340 «
293 1316 385 1342 Aures
400 1314 541 1342 audiendi
555 1314 646 1342 habet
659 1314 725 1349 ille,
736 1315 788 1350 qui
803 1314 939 1350 spiritum

159 1361 251 1390 habet
277 1361 464 1396 intelligendi
477 1382 487 1396 ,
506 1363 534 1389 et
559 1362 696 1389 affectum
723 1361 886 1397 diligendi,
912 1364 940 1390 et

159 1408 351 1445 promerendi
363 1415 397 1436 ea
408 1416 474 1445 quae
486 1409 623 1436 dicuntur
635 1408 684 1436 vel
691 1408 912 1444 promittuntur.
922 1419 936 1435 η

161 1456 241 1484 Unde
258 1455 398 1484 Dominus
412 1455 540 1492 loquens
555 1455 663 1483 Judaeis
679 1455 779 1483 surdis
793 1457 939 1491 quantum

160 1502 200 1530 ad
221 1503 357 1531 auditum
375 1502 561 1537 interiorem,
575 1502 637 1530 sive
660 1510 779 1530 sensum
801 1502 938 1538 spiritua-

160 1550 229 1584 lem,
242 1549 316 1577 dixit
326 1551 351 1577 ⁸:
363 1551 451 1583 Quare
460 1558 512 1577 non
522 1543 680 1584 cognoscitis
692 1551 823 1584 loquelam
832 1557 917 1577 meam
925 1551 939 1577 ?

162 1597 233 1630 Quia
247 1605 300 1624 non
316 1598 432 1632 potestis
455 1597 552 1624 audire
576 1604 721 1624 sermonem
741 1604 845 1631 meum,
867 1597 939 1633 quia

161 1652 198 1672 ex
211 1646 270 1672 Deo
285 1652 347 1673 non
362 1645 444 1679 estis,
460 1644 514 1672 sed
528 1652 561 1672 ea>
573 1646 651 1679 patre
666 1645 773 1672 diabolo
789 1647 868 1680 estis,
886 1645 939 1681 qui

159 1694 190 1719 in
212 1693 326 1719 veritate
346 1700 399 1720 ηοη
419 1693 514 1726 stetit,
538 1693 566 1719 et
587 1691 656 1719 ideo
671 1692 790 1719 mendae:
811 1695 870 1720 est:
886 1693 939 1720 sed

160 1740 209 1774 qui
222 1747 256 1766 ea:
270 1740 323 1766 Deo
339 1741 378 1766 est
388 1759 398 1773 ,
410 1739 490 1766 verba
504 1740 555 1766 Dei
569 1738 667 1772 auda,
683 1741 710 1766 et
724 1741 749 1766 si
763 1742 824 1774 quis
839 1747 938 1767 sermo-

160 1794 218 1813 nem
230 1794 318 1813 meum
332 1787 477 1813 servaverit
481 1806 491 1820 ,
501 1788 612 1814 mortem
622 1794 675 1813 non
689 1787 809 1820 qustabi‘t
819 1788 849 1813 in
865 1789 940 1814 aeter—

160 1841 233 1860 mtm.
259 1832 316 1860 Sed
338 1833 390 1868 qui
417 1832 492 1861 vivit
507 1854 517 1868 ‚
541 1833 631 1860 habet
657 1841 760 1860 sensus
782 1833 939 1862 interiores

161 1879 328 1914 spirituales
348 1879 465 1907 vivaces
474 1889 483 1914 3
499 1879 553 1907 sed
575 1881 674 1907 tamen
692 1888 753 1907 non
769 1888 873 1908 omnes
888 1881 940 1909 ha-

161 1925 233 1954 bent
247 1933 297 1953 eos
313 1926 487 1954 exercitatos
508 1928 536 1954 et
553 1930 670 1962 apertos
692 1927 732 1955 ad
754 1927 939 1956 audiendum

161 1973 289 2000 verbum
305 1972 363 2002 Dei.
379 1972 438 2001 Nisi
458 1972 539 2000 enim
559 1981 662 2001 sensus
686 1974 804 2001 auditus
819 1975 940 2002 interior

162 2019 319 2054 excitetur,
336 2020 364 2048 et
385 2028 402 2046 a
424 2020 491 2047 Jesu
514 2020 678 2055 aperiatur,
696 2021 815 2056 spiritus
839 2024 938 2049 noster

161 2066 268 2093 surdus
287 2068 315 2094 et
329 2068 428 2094 mutus
448 2066 489 2094 ad
503 2066 688 2094 audiendum
704 2067 839 2101 efficitur,
855 2069 887 2095 ut
902 2068 939 2095 de

163 2112 269 2140 talibus
284 2113 400 2140 dicatur
418 2113 495 2141 illud
516 2113 624 2141 Psalmi
637 2114 647 2131 ⁷
663 2122 670 2140 ε
688 2114 775 2141 Aures
790 2115 900 2148 habent,
915 2117 940 2142 et

162 2167 214 2187 non
236 2160 348 2187 audient
363 2161 455 2187 Deum
474 2160 554 2188 intus
574 2160 748 2196 loquentem
767 2169 773 2188 :
790 2168 844 2188 nec
860 2161 940 2188 enim

163 2208 205 2234 est
219 2206 336 2242 spiritus
356 2206 387 2234 in
408 2215 459 2234 ore
473 2207 608 2243 ipsorum
623 2207 663 2235 ad
679 2209 771 2234 Deum
787 2207 941 2243 alloquen-

163 2253 246 2282 dum.
263 2253 309 2282 His
324 2254 486 2282 concordat
500 2254 658 2289 Gregorius
668 2275 675 2289 ‚
691 2255 836 2289 vigesimo
852 2255 941 2291 septi-

162 2309 212 2328 mo
228 2301 376 2328 Moralium
388 2301 409 2336 ⁸,
424 2301 477 2333 ubi,
492 2301 562 2328 dicit
576 2301 616 2329 sic
630 2310 636 2328 :
656 2311 670 2327 «
682 2303 743 2329 Vox
760 2302 875 2329 Domini
891 2310 942 2329 au-

164 2348 257 2382 ditur,
274 2356 343 2375 cum
368 2348 468 2382 gratiae
482 2348 545 2383 ejus
560 2348 700 2384 aspiratio
721 2351 820 2376 mente
842 2349 941 2376 conci-

163 2394 255 2430 pitur:
269 2402 337 2422 cum
351 2394 524 2422 sensualitas
539 2395 659 2423 occultae
675 2397 782 2423 nostrae
792 2395 941 2423 surditatis

163 2441 320 2476 rumpitur,
330 2443 400 2469 tunc
413 2441 531 2469 auditus
541 2444 705 2478 reparatur.
717 2453 730 2469 »
742 2444 781 2471 De
798 2443 856 2471 hoc
870 2445 941 2470 nota

165 2487 255 2523 infra,
270 2488 300 2515 in
316 2490 398 2516 sexto
413 2488 516 2517 itinere
526 2509 535 2523 ‚
552 2489 679 2517 distinct.
697 2498 736 2518 lv.

200 2586 207 2602 ¹
220 2586 304 2616 Greg.⁵
320 2586 363 2610 ubi
378 2593 433 2617 sup.
449 2593 525 2617 prox.
537 2599 567 2603 —
579 2586 734 2616 ²1bid.‚tit).
749 2589 849 2618 XXXV,
863 2595 883 2612 c.
903 2594 942 2617 iix,

168 2622 193 2644 ct
207 2621 250 2644 lib.
267 2622 366 2652 xxvn,
381 2629 403 2646 e.
419 2628 480 2652 xnt,
496 2624 554 2652 post
567 2623 646 2653 med,
662 2623 687 2646 in
702 2630 787 2647 sensu.
803 2637 834 2641 -
849 2624 859 2639 ³
875 2625 942 2648 anl.

169 2663 276 2687 mxxiv,
294 2659 317 2682 9.
332 2671 363 2676 —
381 2660 389 2673 ⁴
407 2659 510 2690 Manli„
530 2665 566 2686 XI,
589 2660 626 2683 15.
643 2672 671 2676 —-
690 2661 699 2677 ⁵
714 2661 800 2691 Ama,
817 2666 845 2689 ii,
864 2662 899 2684 tt.
913 2674 943 2679 —

169 2695 178 2708 ⁶
194 2696 277 2725 Joan„
288 2696 389 2723 vi11‚43
404 2697 429 2719 et
444 2702 498 2727 seq.
513 2708 540 2713 —-
559 2696 566 2709 ⁷
579 2696 645 2719 Psal.
663 2702 736 2727 cxiii,
748 2698 771 2721 6.
784 2710 816 2715 —
830 2698 840 2713 ⁸
855 2698 944 2729 Greg„

170 2729 271 2760 Moral„
297 2729 340 2754 lib.
365 2731 469 2761 xxvii,
491 2738 514 2756 c.
539 2737 602 2761 x111,
627 2731 703 2762 paulo
726 2734 785 2763 post
810 2732 891 2763 princ.
914 2746 942 2751 -

1715 261 1771 291 411

1033 325 1090 353 Sed
1110 326 1238 362 qualiter
1257 333 1361 355 sensus
1381 326 1535 355 interiores
1554 327 1730 362 reparantur
1747 327 1777 354 et

996 372 1183 401 excitantur?
1203 361 1294 401 nocet
1314 372 1473 410 Apostolus
1496 373 1534 401 ad
1556 375 1706 405 Romanos,
1722 372 1776 401 ubi

997 419 1067 448 dicit
1085 420 1118 447 ⁹:
1138 420 1171 447 Si
1192 421 1296 455 spiritu
1316 421 1394 454 facta
1416 421 1506 448 carnis
1530 422 1775 455 mortificaveritiS,

995 468 1112 502 vivetis,
1128 466 1238 495 scilicet
1259 466 1427 495 secundum
1448 466 1596 503 spiritum.
1613 468 1669 501 Qui
1688 470 1776 495 autem

995 514 1139 542 secundum
1153 516 1282 550 spiritum
1295 515 1389 542 vivunt
1402 514 1454 550 (a),
1475 522 1534 549 quoe
1554 516 1670 549 spiritus
1693 516 1775 548 sunt,

996 562 1135 596 sentiunt,
1150 561 1181 588 id
1196 563 1257 596 est,
1272 560 1438 597 spiritualia
1457 561 1521 596 ejus
1539 561 1668 597 sapiunt.
1687 561 1776 597 Cujus

995 608 1070 636 ratio
1086 609 1144 643 est,
1159 607 1248 644 quia,
1264 608 1415 636 vivificato
1430 607 1550 644 spiritu,
1566 607 1732 636 vivificatur
1747 610 1775 636 et

995 663 1099 684 sensus
1113 655 1247 691 spiritus,
1257 656 1290 683 ut
1304 655 1335 683 in
1350 655 1553 691 spiritualibus
1569 655 1774 689 exercitentur,

996 703 1024 730 et
1048 702 1230 730 delectentur
1253 702 1283 730 in
1306 702 1366 737 eis,
1382 702 1491 730 scilicet
1505 702 1536 730 in
1551 702 1772 738 spiritualibus:

995 749 1080 786 quod
1093 757 1155 777 non
1176 749 1275 777 solum
1288 757 1394 778 verum
1409 751 1452 777 est
1472 749 1510 777 de
1532 757 1622 777 sensu
1642 749 1776 777 interiori

996 797 1129 831 auditus,
1143 797 1196 825 sed
1210 797 1298 824 etiam
1316 797 1353 824 de
1375 796 1515 824 omnibus
1538 796 1674 824 sensibus
1698 796 1774 824 iute—

995 844 1134 872 rioribus.
1151 844 1237 878 Quod
1251 844 1342 872 etiam
1364 844 1511 880 probatur
1526 843 1556 871 in
1571 843 1650 871 libro
1666 843 1699 871 de
1712 843 1776 879 Spi-

995 893 1050 918 ritu
1063 893 1088 918 et
1102 892 1216 925 Anima,
1233 891 1284 918 ubi
1301 891 1407 919 dicitur
1421 891 1462 918 sic
1478 891 1516 918 ¹⁰:
1533 900 1547 917 ι
1561 891 1635 918 Cum
1650 891 1776 918 exterior

995 946 1098 966 sensus
1121 939 1217 966 carnis
1237 938 1319 966 bono
1341 947 1396 966 suo
1421 938 1521 971 utitur,
1536 938 1659 966 interior
1673 945 1777 965 sensus

996 986 1082 1021 quasi
1096 985 1257 1013 obdormit.
1274 987 1337 1014 Non
1357 985 1437 1013 enim
1458 985 1610 1020 cognoscit
1632 985 1714 1013 bona
1730 985 1776 1012 in-

995 1032 1110 1060 terioris
1136 1040 1238 1060 sensus
1261 1054 1269 1067 ‚
1300 1033 1352 1068 qni
1377 1032 1563 1068 jucunditate
1593 1032 1775 1060 exteriorum

995 1079 1147 1107 bonorum
1160 1079 1283 1115 eapitur.
1299 1081 1372 1107 Nam
1394 1079 1447 1115 qui
1467 1079 1497 1106 in
1521 1087 1608 1107 carne
1632 1079 1721 1113 vivit,
1745 1078 1776 1105 in

996 1134 1083 1154 carne
1100 1127 1199 1162 sentit,
1216 1128 1243 1154 et
1267 1127 1388 1154 dolores
1411 1125 1507 1154 carnis
1531 1125 1618 1161 sugit,
1630 1128 1774 1162 quantum

995 1175 1106 1209 potest,
1137 1175 1165 1201 et
1193 1173 1412 1201 consolationes
1441 1173 1544 1209 quierit
1571 1172 1667 1200 carnis
1684 1181 1692 1207 ;
1723 1172 1776 1200 sed

994 1220 1062 1249 talis
1077 1221 1204 1248 vulnera
1222 1221 1329 1249 animae
1343 1228 1465 1256 prorsus
1480 1220 1598 1256 ignorat
1615 1229 1621 1248 ;
1638 1220 1706 1247 ideo
1722 1227 1776 1247 nec

995 1267 1176 1296 medicinam
1205 1269 1309 1304 quaertt
1333 1268 1384 1295 eis.
1413 1269 1487 1296 Cum
1515 1269 1614 1295 autem
1640 1269 1776 1294 mortuus

994 1314 1082 1343 fuerit
1095 1323 1198 1343 sensus
1213 1315 1334 1349 animae,
1350 1323 1410 1351 quo
1432 1315 1504 1343 vivit
1518 1315 1549 1342 in
1572 1322 1660 1342 carne
1672 1334 1681 1348 ,
1696 1321 1776 1341 nunc

994 1363 1139 1391 vivificari
1165 1362 1285 1399 incipiet
1311 1370 1414 1390 sensus
1440 1362 1572 1394 interior,
1602 1369 1662 1397 quo
1692 1361 1777 1389 sentit

995 1409 1186 1446 semetipsum
1195 1430 1203 1444 ,
1215 1412 1244 1438 et
1257 1411 1327 1438 tunc
1342 1410 1414 1437 sciet
1426 1409 1546 1437 dolores
1561 1417 1631 1436 suos
1646 1408 1775 1444 spiritus,

995 1457 1102 1485 sentire
1124 1457 1245 1493 incipiet
1259 1465 1312 1486 sua
1327 1458 1467 1490 vulnera,
1484 1459 1512 1484 et
1533 1456 1622 1485 etiam
1646 1455 1776 1483 oblecta-

994 1506 1095 1532 menta
1118 1512 1188 1538 sua,
1211 1507 1239 1532 et
1264 1506 1346 1532 tanto
1370 1504 1546 1540 perfectius,
1569 1504 1682 1539 quanto
1709 1502 1776 1529 inti—

995 1551 1084 1579 mius.
1100 1561 1114 1578 >³
1132 1553 1196 1579 Haec
1219 1551 1278 1579 ille.
1295 1551 1378 1580 Tales
1393 1559 1481 1586 ergo,
1497 1558 1566 1578 cnm
1584 1550 1647 1585 jam
1665 1549 1777 1577 habent

994 1598 1166 1627 interiorem
1181 1598 1318 1626 auditum
1332 1600 1480 1634 apertum,
1498 1597 1624 1625 audiunt
1638 1598 1731 1624 Deum
1745 1596 1776 1624 in

994 1654 1024 1674 se
1046 1646 1218 1682 loquentem
1230 1665 1238 1680 ,
1254 1646 1287 1673 ut
1301 1645 1401 1673 dicant
1415 1644 1491 1672 illud
1515 1643 1623 1671 Psalmi
1641 1644 1659 1662 ¹²
1676 1652 1683 1671 :
1699 1644 1775 1677 anz'-

996 1695 1051 1721 tum
1066 1694 1199 1728 eloquiam
1215 1695 1290 1720 tuum
1306 1693 1471 1719 veliementer
1481 1713 1488 1723 .
1507 1694 1531 1718 et
1553 1698 1642 1718 servus
1657 1693 1718 1717 tuus
1733 1690 1776 1716 di-

994 1741 1061 1767 Ieoea't
1084 1739 1165 1767 illud.
1189 1741 1221 1767 Et
1245 1739 1282 1766 de
1306 1739 1363 1767 hoc
1383 1738 1476 1772 inira,
1499 1738 1530 1766 in
1554 1739 1636 1765 sexto
1652 1737 1774 1771 itinere,

994 1787 1061 1816 dist.
1078 1795 1121 1815 1¹1.

1029 1833 1123 1862 Tertio
1139 1833 1229 1862 etiam
1242 1834 1328 1867 nota,
1346 1832 1447 1868 quod,
1462 1832 1536 1859 sieut
1547 1832 1627 1867 patet
1641 1838 1695 1867 per
1709 1831 1775 1858 Gre-

994 1881 1128 1916 gorium,
1145 1880 1277 1908 secundo
1294 1881 1441 1907 Moralium
1457 1880 1489 1913 ¹²,
1509 1888 1523 1904 (ι
1538 1880 1612 1906 Deus
1627 1886 1689 1906 non
1712 1885 1776 1905 om·

993 1936 1046 1957 nes
1060 1928 1212 1964 aequaliter
1223 1928 1386 1964 alloquitur
1401 1927 1432 1954 in
1445 1926 1688 1954 meditationibus
1702 1925 1773 1958 suiS,

993 1983 1048 2003 nec
1074 1983 1322 2010 unumquemque
1351 1974 1506 2002 hominem
1530 1973 1613 2000 omni
1641 1975 1774 2007 tempore

995 2021 1148 2058 aequaliter
1164 2022 1338 2058 alloquitur,
1351 2020 1404 2048 sed
1418 2022 1508 2056 prout
1524 2019 1684 2054 unicuique
1700 2026 1775 2053 opus

995 2071 1045 2096 est.
1072 2079 1085 2095 »
1116 2069 1212 2101 Quare
1242 2070 1269 2095 et
1297 2067 1438 2095 Dominus
1462 2066 1614 2101 discipulis
1639 2065 1712 2092 dixit
1731 2065 1750 2081 ¹⁵
1766 2074 1772 2092 :

995 2117 1085 2143 Multa
1100 2116 1180 2142 habeo
1195 2116 1271 2142 vobis
1292 2115 1396 2147 dicere,
1412 2114 1458 2142 secl
1474 2122 1525 2140 non
1539 2115 1653 2148 potestis
1667 2115 1775 2149 portare

995 2163 1083 2190 modo.

1031 2211 1102 2237 Item
1117 2208 1272 2237 sciendum
1287 2210 1346 2242 est,
1363 2207 1446 2244 quod
1461 2207 1604 2235 Dominus
1627 2206 1774 2242 multipli-

995 2257 1065 2285 citer
1078 2257 1212 2293 loquitur
1228 2257 1316 2284 nobis
1333 2266 1340 2284 z
1355 2256 1469 2292 primo,
1487 2255 1651 2291 aliquando
1673 2254 1777 2282 aeriter

996 2304 1161 2339 arguendo,
1180 2303 1281 2331 dicens
1295 2303 1333 2330 ¹²0:
1349 2303 1420 2336 Quos
1435 2310 1510 2333 amo,
1523 2309 1606 2336 arque
1622 2304 1647 2329 et
1663 2303 1775 2335 cascz'yo.

997 2351 1083 2384 Quod
1112 2350 1277 2379 Richardus
1302 2353 1331 2378 et
1358 2352 1472 2386 flaymo
1503 2350 1701 2384 exponentes,
1731 2348 1776 2375 di·

997 2400 1085 2426 cunt:
1105 2407 1119 2424 α
1137 2400 1169 2426 Ut
1190 2397 1229 2426 ad
1252 2397 1327 2425 illud
1342 2418 1350 2430 ,
1374 2396 1457 2432 quod
1483 2395 1622 2423 Dominus
1645 2395 1774 2428 suadet,

996 2453 1051 2473 nos
1073 2445 1239 2481 perducat,
1265 2443 1406 2480 proponit
1430 2451 1554 2478 arguere
1579 2445 1607 2470 et
1630 2433 1775 2476 castigare

997 2501 1073 2528 quos
1096 2494 1193 2526 amat;
1210 2491 1278 2518 ideo
1303 2491 1428 2519 libenter
1452 2490 1607 2518 toleranda
1627 2491 1695 2516 sunt
1728 2489 1776 2522 jus

997 2540 1090 2567 verba
1106 2541 1134 2567 et
1153 2538 1288 2566 verbera.
1305 2548 1319 2564 i)
1341 2537 1494 2571 Secundo,
1512 2536 1679 2564 terribiliter
1694 2543 1776 2563 com-

998 2616 1006 2627 ²'
1027 2614 1102 2641 nom„
1121 2619 1181 2642 vni,
1204 2614 1241 2636 1:1³.
1256 2625 1286 2629 -—
1308 2613 1324 2628 '⁰
1345 2613 1380 2635 De
1399 2613 1467 2643 Sper.
1490 2614 1513 2635 et
1532 2612 1627 2638 Arum„
1650 2618 1671 2633 c,
1695 2616 1729 2633 ΙΧ.
1747 2622 1778 2627 -

1001 2650 1018 2665 ¹¹
1037 2649 1105 2672 Psal.
1120 2654 1211 2677 Civili,
1228 2650 1281 2672 ΗΟ.
1295 2661 1323 2665 —-
1345 2648 1363 2663 ¹2
1378 2648 1464 2677 (ἶπες,
1481 2646 1563 2670 tuos-al
1575 2665 1582 2677 ‚
1599 2646 1641 2669 titi.
1657 2646 1688 2676 ii,
1704 2653 1726 2669 c.
1740 2651 1776 2669 IV.

997 2684 1510 2714 ——¹⁸.looez.,xV1,12.-¹⁸Apoc.,ni‚
1529 2684 1566 2706 19.

1031 2732 1066 2763 (a)
1083 2731 1157 2762 Vulg.
1177 2731 1221 2762 qm·
1236 2738 1293 2754 vero
1306 2738 1352 2754 sec.
1370 2738 1405 2761 sp.
1422 2732 1488 2754 sunt.
