<?xml version="1.0" encoding="UTF-8"?>
<!DOCTYPE html PUBLIC "-//W3C//DTD XHTML 1.0 Transitional//EN"
    "http://www.w3.org/TR/xhtml1/DTD/xhtml1-transitional.dtd">
<html xmlns="http://www.w3.org/1999/xhtml" xml:lang="en" lang="en">
 <head>
  <title>
</title>
<meta http-equiv="Content-Type" content="text/html;charset=utf-8" />
  <meta name='ocr-system' content='tesseract 3.04.00' />
  <meta name='ocr-capabilities' content='ocr_page ocr_carea ocr_par ocr_line ocrx_word'/>
</head>
<body>
  <div class='ocr_page' id='page_1' title='image "./operaomniasixtiv08bonauoft/operaomniasixtiv08bonauoft_0446.png"; bbox 0 0 2004 3037; ppageno 0'>
   <div class='ocr_carea' id='block_1_1' title="bbox 159 208 219 240">
    <p class='ocr_par' dir='ltr' id='par_1_1' title="bbox 159 208 219 240">
     <span class='ocr_line' id='line_1_1' title="bbox 159 208 219 240; baseline -0.017 0"><span class='ocrx_word' id='word_1_1' title='bbox 159 208 219 240; x_wconf 68' lang='lat'>424</span> 
     </span>
    </p>
   </div>
   <div class='ocr_carea' id='block_1_2' title="bbox 158 271 939 494">
    <p class='ocr_par' dir='ltr' id='par_1_2' title="bbox 158 271 939 494">
     <span class='ocr_line' id='line_1_2' title="bbox 160 271 937 314; baseline -0.006 -9"><span class='ocrx_word' id='word_1_2' title='bbox 160 274 369 314; x_wconf 82' lang='lat' dir='ltr'>dispositiones</span> <span class='ocrx_word' id='word_1_3' title='bbox 382 272 422 302; x_wconf 85' lang='lat' dir='ltr'>ad</span> <span class='ocrx_word' id='word_1_4' title='bbox 436 271 726 309; x_wconf 85' lang='lat' dir='ltr'>contemplationem.</span> <span class='ocrx_word' id='word_1_5' title='bbox 739 272 854 301; x_wconf 88' lang='lat' dir='ltr'>Gradus</span> <span class='ocrx_word' id='word_1_6' title='bbox 868 279 937 300; x_wconf 88' lang='lat' dir='ltr'>con-</span> 
     </span>
     <span class='ocr_line' id='line_1_3' title="bbox 159 318 937 358; baseline -0.006 -7"><span class='ocrx_word' id='word_1_7' title='bbox 159 320 360 358; x_wconf 88' lang='lat' dir='ltr'>templationis</span> <span class='ocrx_word' id='word_1_8' title='bbox 382 320 450 348; x_wconf 88' lang='lat' dir='ltr'>sunt</span> <span class='ocrx_word' id='word_1_9' title='bbox 473 318 598 356; x_wconf 84' lang='lat' dir='ltr'>quidam</span> <span class='ocrx_word' id='word_1_10' title='bbox 618 326 793 356; x_wconf 81' lang='lat' dir='ltr'>progressus</span> <span class='ocrx_word' id='word_1_11' title='bbox 817 320 845 347; x_wconf 89' lang='lat' dir='ltr'>et</span> <span class='ocrx_word' id='word_1_12' title='bbox 866 326 937 356; x_wconf 88' lang='lat' dir='ltr'>pro-</span> 
     </span>
     <span class='ocr_line' id='line_1_4' title="bbox 158 365 936 402; baseline -0.006 -4"><span class='ocrx_word' id='word_1_13' title='bbox 158 369 251 398; x_wconf 80' lang='lat' dir='ltr'>fectus</span> <span class='ocrx_word' id='word_1_14' title='bbox 277 365 480 396; x_wconf 86' lang='lat' dir='ltr'>intellectualis</span> <span class='ocrx_word' id='word_1_15' title='bbox 504 365 682 402; x_wconf 77' lang='lat' dir='ltr'>cognitionis</span> <span class='ocrx_word' id='word_1_16' title='bbox 697 385 707 400; x_wconf 90' lang='lat'><em>‚</em></span> <span class='ocrx_word' id='word_1_17' title='bbox 731 366 760 394; x_wconf 92' lang='lat' dir='ltr'>et</span> <span class='ocrx_word' id='word_1_18' title='bbox 786 373 936 402; x_wconf 81' lang='lat' dir='ltr'>saporosae</span> 
     </span>
     <span class='ocr_line' id='line_1_5' title="bbox 162 412 939 449; baseline -0.006 -5"><span class='ocrx_word' id='word_1_19' title='bbox 162 414 342 448; x_wconf 78' lang='lat' dir='ltr'>dilectionis,</span> <span class='ocrx_word' id='word_1_20' title='bbox 359 413 398 442; x_wconf 89' lang='lat' dir='ltr'>ad</span> <span class='ocrx_word' id='word_1_21' title='bbox 420 412 685 449; x_wconf 87' lang='lat' dir='ltr'>contemplandum</span> <span class='ocrx_word' id='word_1_22' title='bbox 706 413 797 440; x_wconf 88' lang='lat' dir='ltr'>Deum</span> <span class='ocrx_word' id='word_1_23' title='bbox 817 412 873 440; x_wconf 88' lang='lat' dir='ltr'>sub</span> <span class='ocrx_word' id='word_1_24' title='bbox 892 420 939 440; x_wconf 89' lang='lat' dir='ltr'>ra-</span> 
     </span>
     <span class='ocr_line' id='line_1_6' title="bbox 163 458 938 494; baseline -0.006 -4"><span class='ocrx_word' id='word_1_25' title='bbox 163 462 244 491; x_wconf 89' lang='lat' dir='ltr'>tione</span> <span class='ocrx_word' id='word_1_26' title='bbox 258 460 322 489; x_wconf 84' lang='lat' dir='ltr'>veri</span> <span class='ocrx_word' id='word_1_27' title='bbox 337 461 365 488; x_wconf 87' lang='lat' dir='ltr'>et</span> <span class='ocrx_word' id='word_1_28' title='bbox 384 459 468 488; x_wconf 90' lang='lat' dir='ltr'>boni.</span> <span class='ocrx_word' id='word_1_29' title='bbox 489 459 570 487; x_wconf 85' lang='lat' dir='ltr'>Unde</span> <span class='ocrx_word' id='word_1_30' title='bbox 585 458 756 494; x_wconf 83' lang='lat' dir='ltr'>Gregorius,</span> <span class='ocrx_word' id='word_1_31' title='bbox 776 458 938 494; x_wconf 85' lang='lat' dir='ltr'>vigesimo-</span> 
     </span>
    </p>
   </div>
   <div class='ocr_carea' id='block_1_3' title="bbox 162 498 958 542">
    <p class='ocr_par' dir='ltr' id='par_1_3' title="bbox 162 498 958 542">
     <span class='ocr_line' id='line_1_7' title="bbox 162 498 958 542; baseline -0.005 -5"><span class='ocrx_word' id='word_1_32' title='bbox 162 507 294 537; x_wconf 89' lang='lat' dir='ltr'>secundo</span> <span class='ocrx_word' id='word_1_33' title='bbox 320 507 466 536; x_wconf 71' lang='lat' dir='ltr'>Moralium</span> <span class='ocrx_word' id='word_1_34' title='bbox 488 506 507 542; x_wconf 92' lang='lat'>¹,</span> <span class='ocrx_word' id='word_1_35' title='bbox 524 506 595 535; x_wconf 88' lang='lat' dir='ltr'>dicit</span> <span class='ocrx_word' id='word_1_36' title='bbox 613 515 620 534; x_wconf 89' lang='lat'><strong>:</strong></span> <span class='ocrx_word' id='word_1_37' title='bbox 641 506 781 535; x_wconf 89' lang='lat' dir='ltr'>«Gradus</span> <span class='ocrx_word' id='word_1_38' title='bbox 802 498 958 534; x_wconf 70' lang='lat' dir='ltr'>dicuntur&#39;</span> 
     </span>
    </p>
   </div>
   <div class='ocr_carea' id='block_1_4' title="bbox 164 552 967 2512">
    <p class='ocr_par' dir='ltr' id='par_1_4' title="bbox 164 552 967 2512">
     <span class='ocr_line' id='line_1_8' title="bbox 165 552 940 584; baseline -0.005 0"><span class='ocrx_word' id='word_1_39' title='bbox 165 562 312 584; x_wconf 65' lang='lat' dir='ltr'>mensurae</span> <span class='ocrx_word' id='word_1_40' title='bbox 336 553 529 582; x_wconf 88' lang='lat' dir='ltr'>crescentium</span> <span class='ocrx_word' id='word_1_41' title='bbox 550 553 702 581; x_wconf 88' lang='lat' dir='ltr'>virtutum.</span> <span class='ocrx_word' id='word_1_42' title='bbox 729 552 812 580; x_wconf 89' lang='lat' dir='ltr'>Tales</span> <span class='ocrx_word' id='word_1_43' title='bbox 840 553 940 580; x_wconf 86' lang='lat' dir='ltr'>autem</span> 
     </span>
     <span class='ocr_line' id='line_1_9' title="bbox 167 598 941 639; baseline -0.006 -8"><span class='ocrx_word' id='word_1_44' title='bbox 167 602 278 639; x_wconf 85' lang='lat' dir='ltr'>gradus</span> <span class='ocrx_word' id='word_1_45' title='bbox 289 601 477 638; x_wconf 85' lang='lat' dir='ltr'>profectuum</span> <span class='ocrx_word' id='word_1_46' title='bbox 491 601 559 628; x_wconf 90' lang='lat' dir='ltr'>sunt</span> <span class='ocrx_word' id='word_1_47' title='bbox 571 599 812 628; x_wconf 87' lang='lat' dir='ltr'>innumerabiles.</span> <span class='ocrx_word' id='word_1_48' title='bbox 828 598 941 628; x_wconf 86' lang='lat' dir='ltr'>Gradus</span> 
     </span>
     <span class='ocr_line' id='line_1_10' title="bbox 165 646 942 684; baseline -0.006 -6"><span class='ocrx_word' id='word_1_49' title='bbox 165 651 265 678; x_wconf 90' lang='lat' dir='ltr'>autem</span> <span class='ocrx_word' id='word_1_50' title='bbox 283 648 323 677; x_wconf 87' lang='lat' dir='ltr'>ad</span> <span class='ocrx_word' id='word_1_51' title='bbox 337 647 620 684; x_wconf 86' lang='lat' dir='ltr'>contemplationem</span> <span class='ocrx_word' id='word_1_52' title='bbox 637 646 828 683; x_wconf 84' lang='lat' dir='ltr'>disponentes</span> <span class='ocrx_word' id='word_1_53' title='bbox 841 668 849 682; x_wconf 95' lang='lat'>‚</span> <span class='ocrx_word' id='word_1_54' title='bbox 874 647 942 674; x_wconf 85' lang='lat' dir='ltr'>sunt</span> 
     </span>
     <span class='ocr_line' id='line_1_11' title="bbox 167 692 941 733; baseline -0.005 -8"><span class='ocrx_word' id='word_1_55' title='bbox 167 697 221 725; x_wconf 88' lang='lat' dir='ltr'>illa</span> <span class='ocrx_word' id='word_1_56' title='bbox 236 704 303 733; x_wconf 80' lang='lat' dir='ltr'>quoe</span> <span class='ocrx_word' id='word_1_57' title='bbox 319 695 462 731; x_wconf 85' lang='lat' dir='ltr'>adjuvant</span> <span class='ocrx_word' id='word_1_58' title='bbox 476 696 503 722; x_wconf 91' lang='lat' dir='ltr'>et</span> <span class='ocrx_word' id='word_1_59' title='bbox 517 694 680 731; x_wconf 86' lang='lat' dir='ltr'>disponunt</span> <span class='ocrx_word' id='word_1_60' title='bbox 695 693 843 729; x_wconf 83' lang='lat' dir='ltr'>gradatim</span> <span class='ocrx_word' id='word_1_61' title='bbox 856 692 941 721; x_wconf 90' lang='lat' dir='ltr'>intel-</span> 
     </span>
     <span class='ocr_line' id='line_1_12' title="bbox 164 740 942 778; baseline -0.005 -6"><span class='ocrx_word' id='word_1_62' title='bbox 164 743 273 772; x_wconf 88' lang='lat' dir='ltr'>lectum</span> <span class='ocrx_word' id='word_1_63' title='bbox 293 745 321 771; x_wconf 92' lang='lat' dir='ltr'>et</span> <span class='ocrx_word' id='word_1_64' title='bbox 338 742 475 771; x_wconf 84' lang='lat' dir='ltr'>affectum</span> <span class='ocrx_word' id='word_1_65' title='bbox 495 741 534 770; x_wconf 89' lang='lat' dir='ltr'>ad</span> <span class='ocrx_word' id='word_1_66' title='bbox 553 741 836 778; x_wconf 88' lang='lat' dir='ltr'>contemplandum,</span> <span class='ocrx_word' id='word_1_67' title='bbox 859 741 887 768; x_wconf 90' lang='lat' dir='ltr'>et</span> <span class='ocrx_word' id='word_1_68' title='bbox 900 740 942 768; x_wconf 88' lang='lat' dir='ltr'>sic</span> 
     </span>
     <span class='ocr_line' id='line_1_13' title="bbox 165 788 944 825; baseline -0.005 -6"><span class='ocrx_word' id='word_1_69' title='bbox 165 791 262 820; x_wconf 90' lang='lat' dir='ltr'>omnis</span> <span class='ocrx_word' id='word_1_70' title='bbox 285 791 420 818; x_wconf 86' lang='lat' dir='ltr'>creatura</span> <span class='ocrx_word' id='word_1_71' title='bbox 441 790 483 817; x_wconf 87' lang='lat' dir='ltr'>est</span> <span class='ocrx_word' id='word_1_72' title='bbox 504 788 589 825; x_wconf 86' lang='lat' dir='ltr'>quasi</span> <span class='ocrx_word' id='word_1_73' title='bbox 609 788 748 824; x_wconf 83' lang='lat' dir='ltr'>quaedam</span> <span class='ocrx_word' id='word_1_74' title='bbox 769 788 864 822; x_wconf 84' lang='lat' dir='ltr'>scala,</span> <span class='ocrx_word' id='word_1_75' title='bbox 890 794 944 824; x_wconf 86' lang='lat' dir='ltr'>per</span> 
     </span>
     <span class='ocr_line' id='line_1_14' title="bbox 170 834 944 874; baseline -0.005 -8"><span class='ocrx_word' id='word_1_76' title='bbox 170 846 262 874; x_wconf 83' lang='lat' dir='ltr'>quam</span> <span class='ocrx_word' id='word_1_77' title='bbox 282 836 430 873; x_wconf 88' lang='lat' dir='ltr'>gradatim</span> <span class='ocrx_word' id='word_1_78' title='bbox 444 835 612 864; x_wconf 81' lang='lat' dir='ltr'>ascenditur</span> <span class='ocrx_word' id='word_1_79' title='bbox 627 834 666 863; x_wconf 85' lang='lat' dir='ltr'>ad</span> <span class='ocrx_word' id='word_1_80' title='bbox 680 834 944 870; x_wconf 88' lang='lat' dir='ltr'>contemplandum</span> 
     </span>
     <span class='ocr_line' id='line_1_15' title="bbox 168 881 944 920; baseline -0.005 -7"><span class='ocrx_word' id='word_1_81' title='bbox 168 887 260 914; x_wconf 84' lang='lat' dir='ltr'>Deum</span> <span class='ocrx_word' id='word_1_82' title='bbox 271 905 280 920; x_wconf 92' lang='lat'>,</span> <span class='ocrx_word' id='word_1_83' title='bbox 296 892 365 912; x_wconf 90' lang='lat' dir='ltr'>cum</span> <span class='ocrx_word' id='word_1_84' title='bbox 389 884 529 912; x_wconf 75' lang='lat' dir='ltr'>creaturae</span> <span class='ocrx_word' id='word_1_85' title='bbox 545 882 602 910; x_wconf 85' lang='lat' dir='ltr'>sint</span> <span class='ocrx_word' id='word_1_86' title='bbox 616 884 718 910; x_wconf 85' lang='lat' dir='ltr'>ercatae</span> <span class='ocrx_word' id='word_1_87' title='bbox 732 884 855 919; x_wconf 90' lang='lat' dir='ltr'>propter</span> <span class='ocrx_word' id='word_1_88' title='bbox 869 881 944 909; x_wconf 90' lang='lat' dir='ltr'>elec-</span> 
     </span>
     <span class='ocr_line' id='line_1_16' title="bbox 166 929 944 967; baseline -0.005 -7"><span class='ocrx_word' id='word_1_89' title='bbox 166 935 221 960; x_wconf 92' lang='lat' dir='ltr'>tos.</span> <span class='ocrx_word' id='word_1_90' title='bbox 234 930 397 967; x_wconf 82' lang='lat' dir='ltr'>Loquendo</span> <span class='ocrx_word' id='word_1_91' title='bbox 411 931 509 958; x_wconf 89' lang='lat' dir='ltr'>tamen</span> <span class='ocrx_word' id='word_1_92' title='bbox 519 929 683 958; x_wconf 91' lang='lat' dir='ltr'>secundum</span> <span class='ocrx_word' id='word_1_93' title='bbox 695 931 869 957; x_wconf 88' lang='lat' dir='ltr'>consuetum</span> <span class='ocrx_word' id='word_1_94' title='bbox 880 936 944 956; x_wconf 89' lang='lat' dir='ltr'>mo·</span> 
     </span>
     <span class='ocr_line' id='line_1_17' title="bbox 172 975 946 1014; baseline -0.005 -7"><span class='ocrx_word' id='word_1_95' title='bbox 172 979 244 1007; x_wconf 89' lang='lat' dir='ltr'>dum</span> <span class='ocrx_word' id='word_1_96' title='bbox 256 999 266 1014; x_wconf 94' lang='lat'>‚</span> <span class='ocrx_word' id='word_1_97' title='bbox 281 977 391 1013; x_wconf 86' lang='lat' dir='ltr'>gradus</span> <span class='ocrx_word' id='word_1_98' title='bbox 413 975 670 1012; x_wconf 81' lang='lat' dir='ltr'>contemplationis</span> <span class='ocrx_word' id='word_1_99' title='bbox 685 975 824 1003; x_wconf 82' lang='lat' dir='ltr'>dicuntur</span> <span class='ocrx_word' id='word_1_100' title='bbox 838 975 890 1003; x_wconf 86' lang='lat' dir='ltr'>illa</span> <span class='ocrx_word' id='word_1_101' title='bbox 905 975 946 1003; x_wconf 92' lang='lat' dir='ltr'>in-</span> 
     </span>
     <span class='ocr_line' id='line_1_18' title="bbox 169 1021 947 1059; baseline -0.004 -5"><span class='ocrx_word' id='word_1_102' title='bbox 169 1026 320 1054; x_wconf 88' lang='lat' dir='ltr'>crementa</span> <span class='ocrx_word' id='word_1_103' title='bbox 334 1022 592 1059; x_wconf 78' lang='lat' dir='ltr'>contemplationis</span> <span class='ocrx_word' id='word_1_104' title='bbox 602 1043 611 1057; x_wconf 93' lang='lat'><em>‚</em></span> <span class='ocrx_word' id='word_1_105' title='bbox 625 1024 652 1050; x_wconf 87' lang='lat' dir='ltr'>et</span> <span class='ocrx_word' id='word_1_106' title='bbox 667 1022 725 1050; x_wconf 82' lang='lat' dir='ltr'>iltae</span> <span class='ocrx_word' id='word_1_107' title='bbox 739 1021 947 1058; x_wconf 82' lang='lat' dir='ltr'>dispositiones</span> 
     </span>
     <span class='ocr_line' id='line_1_19' title="bbox 171 1068 948 1108; baseline -0.003 -9"><span class='ocrx_word' id='word_1_108' title='bbox 171 1080 238 1108; x_wconf 78' lang='lat' dir='ltr'>quae</span> <span class='ocrx_word' id='word_1_109' title='bbox 252 1071 348 1107; x_wconf 83' lang='lat' dir='ltr'>magis</span> <span class='ocrx_word' id='word_1_110' title='bbox 365 1070 547 1098; x_wconf 87' lang='lat' dir='ltr'>intellectum</span> <span class='ocrx_word' id='word_1_111' title='bbox 562 1071 590 1097; x_wconf 90' lang='lat' dir='ltr'>et</span> <span class='ocrx_word' id='word_1_112' title='bbox 609 1069 746 1097; x_wconf 79' lang='lat' dir='ltr'>affectum</span> <span class='ocrx_word' id='word_1_113' title='bbox 768 1068 948 1104; x_wconf 80' lang='lat' dir='ltr'>coadjuvant</span> 
     </span>
     <span class='ocr_line' id='line_1_20' title="bbox 170 1116 948 1153; baseline -0.004 -6"><span class='ocrx_word' id='word_1_114' title='bbox 170 1119 209 1147; x_wconf 82' lang='lat' dir='ltr'>acl</span> <span class='ocrx_word' id='word_1_115' title='bbox 232 1117 513 1153; x_wconf 86' lang='lat' dir='ltr'>contemplandum,</span> <span class='ocrx_word' id='word_1_116' title='bbox 537 1118 564 1144; x_wconf 87' lang='lat' dir='ltr'>ct</span> <span class='ocrx_word' id='word_1_117' title='bbox 585 1125 651 1153; x_wconf 81' lang='lat' dir='ltr'>quae</span> <span class='ocrx_word' id='word_1_118' title='bbox 674 1116 810 1144; x_wconf 86' lang='lat' dir='ltr'>distincta</span> <span class='ocrx_word' id='word_1_119' title='bbox 831 1118 898 1144; x_wconf 87' lang='lat' dir='ltr'>sunt</span> <span class='ocrx_word' id='word_1_120' title='bbox 920 1117 948 1144; x_wconf 90' lang='lat' dir='ltr'>et.</span> 
     </span>
     <span class='ocr_line' id='line_1_21' title="bbox 169 1162 947 1198; baseline -0.005 -4"><span class='ocrx_word' id='word_1_121' title='bbox 169 1165 309 1194; x_wconf 75' lang='lat' dir='ltr'>traditae</span> <span class='ocrx_word' id='word_1_122' title='bbox 324 1164 434 1192; x_wconf 88' lang='lat' dir='ltr'>sanctis</span> <span class='ocrx_word' id='word_1_123' title='bbox 458 1163 641 1192; x_wconf 78' lang='lat' dir='ltr'>doctoribus.</span> <span class='ocrx_word' id='word_1_124' title='bbox 666 1163 747 1191; x_wconf 85' lang='lat' dir='ltr'>Unde</span> <span class='ocrx_word' id='word_1_125' title='bbox 772 1162 947 1198; x_wconf 82' lang='lat' dir='ltr'>Gregorius,</span> 
     </span>
     <span class='ocr_line' id='line_1_22' title="bbox 170 1209 950 1249; baseline -0.005 -9"><span class='ocrx_word' id='word_1_126' title='bbox 170 1211 449 1249; x_wconf 78' lang='lat' dir='ltr'>vigesimosccundo</span> <span class='ocrx_word' id='word_1_127' title='bbox 475 1211 620 1238; x_wconf 76' lang='lat' dir='ltr'>Moralium</span> <span class='ocrx_word' id='word_1_128' title='bbox 638 1210 660 1242; x_wconf 75' lang='lat'>²,</span> <span class='ocrx_word' id='word_1_129' title='bbox 680 1209 751 1237; x_wconf 87' lang='lat' dir='ltr'>dicit</span> <span class='ocrx_word' id='word_1_130' title='bbox 774 1219 780 1237; x_wconf 88' lang='lat'><strong>:</strong></span> <span class='ocrx_word' id='word_1_131' title='bbox 801 1220 814 1235; x_wconf 75' lang='lat' dir='ltr'>t&lt;</span> <span class='ocrx_word' id='word_1_132' title='bbox 836 1209 950 1238; x_wconf 83' lang='lat' dir='ltr'>Gradus</span> 
     </span>
     <span class='ocr_line' id='line_1_23' title="bbox 171 1256 950 1288; baseline -0.005 -1"><span class='ocrx_word' id='word_1_133' title='bbox 171 1261 316 1288; x_wconf 83' lang='lat' dir='ltr'>vocantur</span> <span class='ocrx_word' id='word_1_134' title='bbox 332 1258 513 1286; x_wconf 77' lang='lat' dir='ltr'>incrementa</span> <span class='ocrx_word' id='word_1_135' title='bbox 526 1257 677 1288; x_wconf 79' lang='lat' dir='ltr'>virtutum,</span> <span class='ocrx_word' id='word_1_136' title='bbox 695 1256 828 1284; x_wconf 76' lang='lat' dir='ltr'>distincte</span> <span class='ocrx_word' id='word_1_137' title='bbox 845 1256 950 1284; x_wconf 84' lang='lat' dir='ltr'>tradita</span> 
     </span>
     <span class='ocr_line' id='line_1_24' title="bbox 173 1303 951 1339; baseline -0.006 -4"><span class='ocrx_word' id='word_1_138' title='bbox 173 1315 191 1335; x_wconf 84' lang='lat' dir='ltr'>a</span> <span class='ocrx_word' id='word_1_139' title='bbox 215 1305 360 1334; x_wconf 77' lang='lat' dir='ltr'>Sanctis.»</span> <span class='ocrx_word' id='word_1_140' title='bbox 389 1304 592 1333; x_wconf 80' lang='lat' dir='ltr'>Necessitatem</span> <span class='ocrx_word' id='word_1_141' title='bbox 615 1307 712 1331; x_wconf 90' lang='lat' dir='ltr'>autem</span> <span class='ocrx_word' id='word_1_142' title='bbox 737 1303 861 1331; x_wconf 77' lang='lat' dir='ltr'>istorum</span> <span class='ocrx_word' id='word_1_143' title='bbox 884 1311 951 1339; x_wconf 81' lang='lat' dir='ltr'>gra-</span> 
     </span>
     <span class='ocr_line' id='line_1_25' title="bbox 174 1349 948 1388; baseline -0.006 -7"><span class='ocrx_word' id='word_1_144' title='bbox 174 1353 268 1381; x_wconf 88' lang='lat' dir='ltr'>duum</span> <span class='ocrx_word' id='word_1_145' title='bbox 284 1351 542 1388; x_wconf 79' lang='lat' dir='ltr'>contemplationis</span> <span class='ocrx_word' id='word_1_146' title='bbox 557 1350 684 1379; x_wconf 83' lang='lat' dir='ltr'>ostendit</span> <span class='ocrx_word' id='word_1_147' title='bbox 705 1349 861 1386; x_wconf 81' lang='lat' dir='ltr'>Gregorius</span> <span class='ocrx_word' id='word_1_148' title='bbox 873 1371 881 1385; x_wconf 95' lang='lat'><em>‚</em></span> <span class='ocrx_word' id='word_1_149' title='bbox 905 1350 948 1376; x_wconf 89' lang='lat' dir='ltr'>vi—</span> 
     </span>
     <span class='ocr_line' id='line_1_26' title="bbox 174 1397 950 1436; baseline -0.004 -8"><span class='ocrx_word' id='word_1_150' title='bbox 174 1399 422 1436; x_wconf 87' lang='lat' dir='ltr'>gesimosecundo</span> <span class='ocrx_word' id='word_1_151' title='bbox 435 1399 581 1427; x_wconf 70' lang='lat' dir='ltr'>Moralium</span> <span class='ocrx_word' id='word_1_152' title='bbox 597 1399 618 1430; x_wconf 79' lang='lat'>³,</span> <span class='ocrx_word' id='word_1_153' title='bbox 637 1397 737 1426; x_wconf 84' lang='lat' dir='ltr'>dicens</span> <span class='ocrx_word' id='word_1_154' title='bbox 752 1397 794 1424; x_wconf 87' lang='lat' dir='ltr'>sic</span> <span class='ocrx_word' id='word_1_155' title='bbox 810 1406 815 1425; x_wconf 95' lang='lat'><strong>:</strong></span> <span class='ocrx_word' id='word_1_156' title='bbox 831 1407 844 1423; x_wconf 86' lang='lat'>«</span> <span class='ocrx_word' id='word_1_157' title='bbox 860 1399 950 1425; x_wconf 88' lang='lat' dir='ltr'>Nemo</span> 
     </span>
     <span class='ocr_line' id='line_1_27' title="bbox 174 1444 951 1482; baseline -0.003 -8"><span class='ocrx_word' id='word_1_158' title='bbox 174 1448 277 1475; x_wconf 82' lang='lat' dir='ltr'>intima</span> <span class='ocrx_word' id='word_1_159' title='bbox 292 1447 445 1482; x_wconf 79' lang='lat' dir='ltr'>deserens,</span> <span class='ocrx_word' id='word_1_160' title='bbox 461 1447 580 1481; x_wconf 89' lang='lat' dir='ltr'>repente</span> <span class='ocrx_word' id='word_1_161' title='bbox 595 1444 627 1472; x_wconf 87' lang='lat' dir='ltr'>fit</span> <span class='ocrx_word' id='word_1_162' title='bbox 642 1452 776 1472; x_wconf 84' lang='lat' dir='ltr'>summus</span> <span class='ocrx_word' id='word_1_163' title='bbox 799 1454 805 1472; x_wconf 72' lang='grc' dir='ltr'>ε</span> <span class='ocrx_word' id='word_1_164' title='bbox 826 1445 897 1480; x_wconf 87' lang='lat' dir='ltr'>quia</span> <span class='ocrx_word' id='word_1_165' title='bbox 912 1444 951 1472; x_wconf 88' lang='lat' dir='ltr'>ad</span> 
     </span>
     <span class='ocr_line' id='line_1_28' title="bbox 175 1492 954 1529; baseline -0.004 -7"><span class='ocrx_word' id='word_1_166' title='bbox 175 1493 373 1522; x_wconf 88' lang='lat' dir='ltr'>obtinendum</span> <span class='ocrx_word' id='word_1_167' title='bbox 393 1492 579 1529; x_wconf 83' lang='lat' dir='ltr'>perfectionis</span> <span class='ocrx_word' id='word_1_168' title='bbox 603 1492 759 1526; x_wconf 82' lang='lat' dir='ltr'>meritum,</span> <span class='ocrx_word' id='word_1_169' title='bbox 785 1493 901 1528; x_wconf 62' lang='lat' dir='ltr'>opertet</span> <span class='ocrx_word' id='word_1_170' title='bbox 922 1493 954 1519; x_wconf 88' lang='lat' dir='ltr'>ut</span> 
     </span>
     <span class='ocr_line' id='line_1_29' title="bbox 176 1538 953 1577; baseline -0.004 -9"><span class='ocrx_word' id='word_1_171' title='bbox 176 1549 260 1569; x_wconf 88' lang='lat' dir='ltr'>mens</span> <span class='ocrx_word' id='word_1_172' title='bbox 282 1540 415 1577; x_wconf 85' lang='lat' dir='ltr'>quotidie</span> <span class='ocrx_word' id='word_1_173' title='bbox 435 1540 464 1567; x_wconf 94' lang='lat' dir='ltr'>in</span> <span class='ocrx_word' id='word_1_174' title='bbox 485 1539 576 1567; x_wconf 87' lang='lat' dir='ltr'>altum</span> <span class='ocrx_word' id='word_1_175' title='bbox 598 1539 681 1575; x_wconf 76' lang='lat' dir='ltr'>quasi</span> <span class='ocrx_word' id='word_1_176' title='bbox 701 1538 881 1574; x_wconf 66' lang='lat' dir='ltr'>quibusdam</span> <span class='ocrx_word' id='word_1_177' title='bbox 907 1547 953 1565; x_wconf 80' lang='lat' dir='ltr'>as-</span> 
     </span>
     <span class='ocr_line' id='line_1_30' title="bbox 179 1585 954 1623; baseline -0.004 -7"><span class='ocrx_word' id='word_1_178' title='bbox 179 1587 324 1616; x_wconf 75' lang='lat' dir='ltr'>censionis</span> <span class='ocrx_word' id='word_1_179' title='bbox 347 1587 490 1623; x_wconf 74' lang='lat' dir='ltr'>gradibus</span> <span class='ocrx_word' id='word_1_180' title='bbox 510 1586 671 1622; x_wconf 75' lang='lat' dir='ltr'>perveniat.</span> <span class='ocrx_word' id='word_1_181' title='bbox 699 1596 712 1611; x_wconf 77' lang='grc'>1)</span> <span class='ocrx_word' id='word_1_182' title='bbox 731 1585 811 1613; x_wconf 85' lang='lat' dir='ltr'>Unde</span> <span class='ocrx_word' id='word_1_183' title='bbox 832 1587 859 1612; x_wconf 89' lang='lat' dir='ltr'>ct</span> <span class='ocrx_word' id='word_1_184' title='bbox 878 1587 954 1613; x_wconf 82' lang='lat' dir='ltr'>recte</span> 
     </span>
     <span class='ocr_line' id='line_1_31' title="bbox 178 1633 953 1666; baseline -0.006 -2"><span class='ocrx_word' id='word_1_185' title='bbox 178 1635 330 1664; x_wconf 78' lang='lat' dir='ltr'>Psalmista</span> <span class='ocrx_word' id='word_1_186' title='bbox 346 1634 416 1662; x_wconf 75' lang='lat' dir='ltr'>(licit</span> <span class='ocrx_word' id='word_1_187' title='bbox 429 1634 438 1650; x_wconf 60' lang='lat'><strong>4</strong></span> <span class='ocrx_word' id='word_1_188' title='bbox 455 1642 462 1661; x_wconf 72' lang='grc' dir='ltr'>ε</span> <span class='ocrx_word' id='word_1_189' title='bbox 479 1635 557 1661; x_wconf 76' lang='lat' dir='ltr'>Ibunt</span> <span class='ocrx_word' id='word_1_190' title='bbox 572 1633 604 1660; x_wconf 78' lang='lat' dir='ltr'>de</span> <span class='ocrx_word' id='word_1_191' title='bbox 627 1635 728 1660; x_wconf 67' lang='lat' dir='ltr'>virtute</span> <span class='ocrx_word' id='word_1_192' title='bbox 754 1634 782 1659; x_wconf 72' lang='lat' dir='ltr'>in</span> <span class='ocrx_word' id='word_1_193' title='bbox 805 1634 932 1660; x_wconf 67' lang='lat' dir='ltr'>virtulem</span> <span class='ocrx_word' id='word_1_194' title='bbox 945 1654 953 1666; x_wconf 90' lang='lat'>‚</span> 
     </span>
     <span class='ocr_line' id='line_1_32' title="bbox 179 1679 951 1717; baseline -0.003 -8"><span class='ocrx_word' id='word_1_195' title='bbox 179 1683 259 1710; x_wconf 77' lang='lat' dir='ltr'>donec</span> <span class='ocrx_word' id='word_1_196' title='bbox 270 1682 395 1709; x_wconf 71' lang='lat' dir='ltr'>videatur</span> <span class='ocrx_word' id='word_1_197' title='bbox 406 1681 443 1717; x_wconf 83' lang='lat' dir='ltr'>(a)</span> <span class='ocrx_word' id='word_1_198' title='bbox 457 1682 524 1707; x_wconf 77' lang='lat' dir='ltr'>Deus</span> <span class='ocrx_word' id='word_1_199' title='bbox 536 1682 648 1707; x_wconf 80' lang='lat' dir='ltr'>Deorum</span> <span class='ocrx_word' id='word_1_200' title='bbox 659 1681 687 1706; x_wconf 80' lang='lat' dir='ltr'>in</span> <span class='ocrx_word' id='word_1_201' title='bbox 698 1680 772 1707; x_wconf 70' lang='lat' dir='ltr'>Sfon.</span> <span class='ocrx_word' id='word_1_202' title='bbox 791 1681 821 1707; x_wconf 80' lang='lat' dir='ltr'>Et</span> <span class='ocrx_word' id='word_1_203' title='bbox 836 1679 951 1707; x_wconf 72' lang='lat' dir='ltr'>idem-⁷³:</span> 
     </span>
     <span class='ocr_line' id='line_1_33' title="bbox 185 1726 957 1762; baseline -0.003 -6"><span class='ocrx_word' id='word_1_204' title='bbox 185 1730 256 1756; x_wconf 76' lang='lat' dir='ltr'>Deus</span> <span class='ocrx_word' id='word_1_205' title='bbox 282 1731 310 1756; x_wconf 75' lang='lat' dir='ltr'>in</span> <span class='ocrx_word' id='word_1_206' title='bbox 334 1728 462 1762; x_wconf 62' lang='lat' dir='ltr'>aradibus</span> <span class='ocrx_word' id='word_1_207' title='bbox 484 1727 518 1762; x_wconf 77' lang='lat'>(11)</span> <span class='ocrx_word' id='word_1_208' title='bbox 548 1727 604 1760; x_wconf 74' lang='lat' dir='ltr'>ejus</span> <span class='ocrx_word' id='word_1_209' title='bbox 626 1729 794 1760; x_wconf 63' lang='lat' dir='ltr'>coquoscctur</span> <span class='ocrx_word' id='word_1_210' title='bbox 810 1747 818 1760; x_wconf 90' lang='lat'>,</span> <span class='ocrx_word' id='word_1_211' title='bbox 848 1726 957 1754; x_wconf 67' lang='lat' dir='ltr'>scilicet</span> 
     </span>
     <span class='ocr_line' id='line_1_34' title="bbox 181 1773 957 1811; baseline -0.005 -7"><span class='ocrx_word' id='word_1_212' title='bbox 181 1775 454 1811; x_wconf 79' lang='lat' dir='ltr'>contemplationis,</span> <span class='ocrx_word' id='word_1_213' title='bbox 475 1782 533 1800; x_wconf 70' lang='lat' dir='ltr'>«rum</span> <span class='ocrx_word' id='word_1_214' title='bbox 554 1775 683 1808; x_wconf 70' lang='lat' dir='ltr'>suscipiet</span> <span class='ocrx_word' id='word_1_215' title='bbox 704 1781 759 1800; x_wconf 80' lang='lat' dir='ltr'>cam</span> <span class='ocrx_word' id='word_1_216' title='bbox 777 1773 957 1808; x_wconf 86' lang='lat' dir='ltr'>contempla-</span> 
     </span>
     <span class='ocr_line' id='line_1_35' title="bbox 181 1820 957 1855; baseline -0.005 -5"><span class='ocrx_word' id='word_1_217' title='bbox 181 1824 236 1850; x_wconf 87' lang='lat' dir='ltr'>tor.</span> <span class='ocrx_word' id='word_1_218' title='bbox 253 1822 388 1849; x_wconf 81' lang='lat' dir='ltr'>Similiter</span> <span class='ocrx_word' id='word_1_219' title='bbox 398 1820 606 1853; x_wconf 64' lang='lat' dir='ltr'>Linconicnsis,</span> <span class='ocrx_word' id='word_1_220' title='bbox 622 1827 710 1855; x_wconf 88' lang='lat' dir='ltr'>super</span> <span class='ocrx_word' id='word_1_221' title='bbox 721 1821 879 1853; x_wconf 52' lang='lat' dir='ltr'>Anaeticam</span> <span class='ocrx_word' id='word_1_222' title='bbox 895 1820 957 1846; x_wconf 69' lang='lat' dir='ltr'>llic-</span> 
     </span>
     <span class='ocr_line' id='line_1_36' title="bbox 182 1866 958 1902; baseline -0.003 -6"><span class='ocrx_word' id='word_1_223' title='bbox 182 1870 334 1902; x_wconf 72' lang='lat' dir='ltr'>rarrhi&#39;am,</span> <span class='ocrx_word' id='word_1_224' title='bbox 357 1867 483 1895; x_wconf 82' lang='lat' dir='ltr'>ostendit</span> <span class='ocrx_word' id='word_1_225' title='bbox 511 1866 713 1894; x_wconf 67' lang='lat' dir='ltr'>necessitatem</span> <span class='ocrx_word' id='word_1_226' title='bbox 744 1866 867 1894; x_wconf 69' lang='lat' dir='ltr'>istorum</span> <span class='ocrx_word' id='word_1_227' title='bbox 893 1874 958 1901; x_wconf 82' lang='lat' dir='ltr'>gra-</span> 
     </span>
     <span class='ocr_line' id='line_1_37' title="bbox 183 1913 958 1951; baseline -0.004 -8"><span class='ocrx_word' id='word_1_228' title='bbox 183 1916 276 1943; x_wconf 87' lang='lat' dir='ltr'>duum</span> <span class='ocrx_word' id='word_1_229' title='bbox 291 1923 343 1951; x_wconf 88' lang='lat' dir='ltr'>per</span> <span class='ocrx_word' id='word_1_230' title='bbox 358 1914 527 1950; x_wconf 87' lang='lat' dir='ltr'>exemplum</span> <span class='ocrx_word' id='word_1_231' title='bbox 540 1934 548 1947; x_wconf 86' lang='lat'><em>‚</em></span> <span class='ocrx_word' id='word_1_232' title='bbox 567 1914 667 1941; x_wconf 84' lang='lat' dir='ltr'>dicens</span> <span class='ocrx_word' id='word_1_233' title='bbox 682 1913 741 1940; x_wconf 85' lang='lat' dir='ltr'>sic:</span> <span class='ocrx_word' id='word_1_234' title='bbox 763 1924 776 1937; x_wconf 78' lang='grc'>11</span> <span class='ocrx_word' id='word_1_235' title='bbox 792 1913 869 1941; x_wconf 84' lang='lat' dir='ltr'>Sicut</span> <span class='ocrx_word' id='word_1_236' title='bbox 880 1913 958 1940; x_wconf 85' lang='lat' dir='ltr'>oculi</span> 
     </span>
     <span class='ocr_line' id='line_1_38' title="bbox 184 1959 959 1996; baseline -0.005 -6"><span class='ocrx_word' id='word_1_237' title='bbox 184 1963 279 1990; x_wconf 79' lang='lat' dir='ltr'>carnis</span> <span class='ocrx_word' id='word_1_238' title='bbox 295 1961 471 1989; x_wconf 82' lang='lat' dir='ltr'>infirmiores</span> <span class='ocrx_word' id='word_1_239' title='bbox 490 1960 572 1996; x_wconf 86' lang='lat' dir='ltr'>prius</span> <span class='ocrx_word' id='word_1_240' title='bbox 594 1960 757 1995; x_wconf 86' lang='lat' dir='ltr'>suscipiunt</span> <span class='ocrx_word' id='word_1_241' title='bbox 772 1959 873 1987; x_wconf 79' lang='lat' dir='ltr'>luiucn</span> <span class='ocrx_word' id='word_1_242' title='bbox 889 1959 959 1986; x_wconf 81' lang='lat' dir='ltr'>solis</span> 
     </span>
     <span class='ocr_line' id='line_1_39' title="bbox 185 2006 959 2043; baseline -0.004 -6"><span class='ocrx_word' id='word_1_243' title='bbox 185 2009 367 2043; x_wconf 74' lang='lat' dir='ltr'>obscurum,</span> <span class='ocrx_word' id='word_1_244' title='bbox 397 2010 424 2036; x_wconf 87' lang='lat' dir='ltr'>et</span> <span class='ocrx_word' id='word_1_245' title='bbox 448 2008 542 2043; x_wconf 81' lang='lat' dir='ltr'>magis</span> <span class='ocrx_word' id='word_1_246' title='bbox 567 2007 719 2034; x_wconf 85' lang='lat' dir='ltr'>coloribus</span> <span class='ocrx_word' id='word_1_247' title='bbox 745 2006 959 2041; x_wconf 76' lang='lat' dir='ltr'>superfusum;</span> 
     </span>
     <span class='ocr_line' id='line_1_40' title="bbox 185 2053 961 2090; baseline -0.005 -6"><span class='ocrx_word' id='word_1_248' title='bbox 185 2056 293 2084; x_wconf 83' lang='lat' dir='ltr'>deiude</span> <span class='ocrx_word' id='word_1_249' title='bbox 308 2055 403 2090; x_wconf 79' lang='lat' dir='ltr'>magis</span> <span class='ocrx_word' id='word_1_250' title='bbox 424 2055 595 2089; x_wconf 81' lang='lat' dir='ltr'>confortati,</span> <span class='ocrx_word' id='word_1_251' title='bbox 612 2053 775 2090; x_wconf 82' lang='lat' dir='ltr'>suscipiunt</span> <span class='ocrx_word' id='word_1_252' title='bbox 790 2053 864 2081; x_wconf 87' lang='lat' dir='ltr'>illud</span> <span class='ocrx_word' id='word_1_253' title='bbox 880 2061 896 2081; x_wconf 80' lang='lat' dir='ltr'>a</span> <span class='ocrx_word' id='word_1_254' title='bbox 913 2061 961 2081; x_wconf 84' lang='lat' dir='ltr'>co-</span> 
     </span>
     <span class='ocr_line' id='line_1_41' title="bbox 185 2100 960 2137; baseline -0.004 -6"><span class='ocrx_word' id='word_1_255' title='bbox 185 2103 285 2131; x_wconf 84' lang='lat' dir='ltr'>loratis</span> <span class='ocrx_word' id='word_1_256' title='bbox 301 2102 406 2130; x_wconf 87' lang='lat' dir='ltr'>mediis</span> <span class='ocrx_word' id='word_1_257' title='bbox 427 2102 592 2133; x_wconf 80' lang='lat' dir='ltr'>coloribus,</span> <span class='ocrx_word' id='word_1_258' title='bbox 616 2103 641 2128; x_wconf 85' lang='lat' dir='ltr'>ct</span> <span class='ocrx_word' id='word_1_259' title='bbox 663 2102 766 2137; x_wconf 68' lang='lat' dir='ltr'>postca</span> <span class='ocrx_word' id='word_1_260' title='bbox 786 2100 848 2126; x_wconf 70' lang='lat' dir='ltr'>visu</span> <span class='ocrx_word' id='word_1_261' title='bbox 870 2100 960 2128; x_wconf 82' lang='lat' dir='ltr'>robo-</span> 
     </span>
     <span class='ocr_line' id='line_1_42' title="bbox 186 2147 961 2185; baseline -0.004 -8"><span class='ocrx_word' id='word_1_262' title='bbox 186 2152 266 2183; x_wconf 87' lang='lat' dir='ltr'>rato,</span> <span class='ocrx_word' id='word_1_263' title='bbox 280 2150 347 2185; x_wconf 78' lang='lat' dir='ltr'>plus</span> <span class='ocrx_word' id='word_1_264' title='bbox 362 2148 524 2184; x_wconf 81' lang='lat' dir='ltr'>suscipiunt</span> <span class='ocrx_word' id='word_1_265' title='bbox 539 2148 614 2175; x_wconf 87' lang='lat' dir='ltr'>illud</span> <span class='ocrx_word' id='word_1_266' title='bbox 630 2147 866 2183; x_wconf 70' lang='lat' dir='ltr'>superfulgidum</span> <span class='ocrx_word' id='word_1_267' title='bbox 882 2147 961 2174; x_wconf 91' lang='lat' dir='ltr'>colo-</span> 
     </span>
     <span class='ocr_line' id='line_1_43' title="bbox 187 2194 961 2230; baseline -0.004 -7"><span class='ocrx_word' id='word_1_268' title='bbox 187 2197 269 2223; x_wconf 80' lang='lat' dir='ltr'>ribus</span> <span class='ocrx_word' id='word_1_269' title='bbox 288 2196 383 2230; x_wconf 82' lang='lat' dir='ltr'>albis;</span> <span class='ocrx_word' id='word_1_270' title='bbox 407 2195 513 2222; x_wconf 83' lang='lat' dir='ltr'>deinde</span> <span class='ocrx_word' id='word_1_271' title='bbox 536 2202 606 2221; x_wconf 74' lang='lat' dir='ltr'>vcro</span> <span class='ocrx_word' id='word_1_272' title='bbox 630 2194 696 2229; x_wconf 81' lang='lat' dir='ltr'>plus</span> <span class='ocrx_word' id='word_1_273' title='bbox 716 2195 802 2221; x_wconf 74' lang='lat' dir='ltr'>aucta</span> <span class='ocrx_word' id='word_1_274' title='bbox 821 2194 961 2229; x_wconf 70' lang='lat' dir='ltr'>sanitate,</span> 
     </span>
     <span class='ocr_line' id='line_1_44' title="bbox 188 2240 963 2278; baseline -0.003 -9"><span class='ocrx_word' id='word_1_275' title='bbox 188 2242 349 2278; x_wconf 76' lang='lat' dir='ltr'>suscipiunt</span> <span class='ocrx_word' id='word_1_276' title='bbox 365 2242 437 2269; x_wconf 88' lang='lat' dir='ltr'>illud</span> <span class='ocrx_word' id='word_1_277' title='bbox 455 2241 636 2277; x_wconf 67' lang='lat' dir='ltr'>fulgentibus</span> <span class='ocrx_word' id='word_1_278' title='bbox 656 2240 807 2268; x_wconf 79' lang='lat' dir='ltr'>coloribus</span> <span class='ocrx_word' id='word_1_279' title='bbox 829 2240 963 2276; x_wconf 82' lang='lat' dir='ltr'>superfu-</span> 
     </span>
     <span class='ocr_line' id='line_1_45' title="bbox 189 2287 965 2324; baseline -0.001 -8"><span class='ocrx_word' id='word_1_280' title='bbox 189 2298 274 2323; x_wconf 82' lang='lat' dir='ltr'>sum,</span> <span class='ocrx_word' id='word_1_281' title='bbox 296 2291 327 2315; x_wconf 90' lang='lat' dir='ltr'>ut</span> <span class='ocrx_word' id='word_1_282' title='bbox 347 2288 491 2324; x_wconf 76' lang='lat' dir='ltr'>speculis;</span> <span class='ocrx_word' id='word_1_283' title='bbox 519 2288 638 2315; x_wconf 81' lang='lat' dir='ltr'>tandem</span> <span class='ocrx_word' id='word_1_284' title='bbox 659 2287 754 2315; x_wconf 73' lang='lat' dir='ltr'>oculis·</span> <span class='ocrx_word' id='word_1_285' title='bbox 772 2287 898 2323; x_wconf 80' lang='lat' dir='ltr'>perfecte</span> <span class='ocrx_word' id='word_1_286' title='bbox 921 2295 965 2315; x_wconf 81' lang='lat' dir='ltr'>sa-</span> 
     </span>
     <span class='ocr_line' id='line_1_46' title="bbox 190 2334 965 2371; baseline -0.003 -8"><span class='ocrx_word' id='word_1_287' title='bbox 190 2336 286 2370; x_wconf 80' lang='lat' dir='ltr'>natis,</span> <span class='ocrx_word' id='word_1_288' title='bbox 302 2335 464 2371; x_wconf 84' lang='lat' dir='ltr'>suscipiunt</span> <span class='ocrx_word' id='word_1_289' title='bbox 485 2334 612 2362; x_wconf 80' lang='lat' dir='ltr'>solarem</span> <span class='ocrx_word' id='word_1_290' title='bbox 633 2334 767 2365; x_wconf 79' lang='lat' dir='ltr'>radium,</span> <span class='ocrx_word' id='word_1_291' title='bbox 785 2342 845 2360; x_wconf 89' lang='lat' dir='ltr'>non</span> <span class='ocrx_word' id='word_1_292' title='bbox 866 2337 965 2361; x_wconf 73' lang='lat' dir='ltr'>autem</span> 
     </span>
     <span class='ocr_line' id='line_1_47' title="bbox 192 2380 966 2418; baseline -0.003 -8"><span class='ocrx_word' id='word_1_293' title='bbox 192 2382 278 2410; x_wconf 83' lang='lat' dir='ltr'>alicui</span> <span class='ocrx_word' id='word_1_294' title='bbox 294 2381 496 2418; x_wconf 80' lang='lat' dir='ltr'>superfusum,</span> <span class='ocrx_word' id='word_1_295' title='bbox 520 2380 571 2407; x_wconf 83' lang='lat' dir='ltr'>sed</span> <span class='ocrx_word' id='word_1_296' title='bbox 589 2380 618 2407; x_wconf 91' lang='lat' dir='ltr'>in</span> <span class='ocrx_word' id='word_1_297' title='bbox 634 2388 664 2407; x_wconf 86' lang='lat' dir='ltr'>sc</span> <span class='ocrx_word' id='word_1_298' title='bbox 680 2388 788 2416; x_wconf 84' lang='lat' dir='ltr'>purum</span> <span class='ocrx_word' id='word_1_299' title='bbox 804 2380 900 2415; x_wconf 74' lang='lat' dir='ltr'>ipsum</span> <span class='ocrx_word' id='word_1_300' title='bbox 920 2389 966 2408; x_wconf 81' lang='lat' dir='ltr'>so-</span> 
     </span>
     <span class='ocr_line' id='line_1_48' title="bbox 192 2426 965 2464; baseline -0.001 -7"><span class='ocrx_word' id='word_1_301' title='bbox 192 2430 251 2457; x_wconf 81' lang='lat' dir='ltr'>lem</span> <span class='ocrx_word' id='word_1_302' title='bbox 272 2429 302 2456; x_wconf 90' lang='lat' dir='ltr'>in</span> <span class='ocrx_word' id='word_1_303' title='bbox 322 2428 387 2464; x_wconf 60' lang='lat' dir='ltr'>ipeo</span> <span class='ocrx_word' id='word_1_304' title='bbox 407 2436 483 2464; x_wconf 87' lang='lat' dir='ltr'>puro</span> <span class='ocrx_word' id='word_1_305' title='bbox 506 2427 595 2454; x_wconf 80' lang='lat' dir='ltr'>solari</span> <span class='ocrx_word' id='word_1_306' title='bbox 619 2426 730 2454; x_wconf 84' lang='lat' dir='ltr'>lumine</span> <span class='ocrx_word' id='word_1_307' title='bbox 753 2427 965 2456; x_wconf 83' lang='lat' dir='ltr'>irreverberate</span> 
     </span>
     <span class='ocr_line' id='line_1_49' title="bbox 193 2474 967 2512; baseline -0.001 -8"><span class='ocrx_word' id='word_1_308' title='bbox 193 2475 423 2512; x_wconf 83' lang='lat' dir='ltr'>conspicientes:</span> <span class='ocrx_word' id='word_1_309' title='bbox 437 2474 477 2502; x_wconf 86' lang='lat' dir='ltr'>sic</span> <span class='ocrx_word' id='word_1_310' title='bbox 489 2474 577 2502; x_wconf 88' lang='lat' dir='ltr'>etiam</span> <span class='ocrx_word' id='word_1_311' title='bbox 591 2474 716 2509; x_wconf 81' lang='lat' dir='ltr'>oportet,</span> <span class='ocrx_word' id='word_1_312' title='bbox 729 2474 834 2501; x_wconf 81' lang='lat' dir='ltr'>mentis</span> <span class='ocrx_word' id='word_1_313' title='bbox 846 2475 967 2503; x_wconf 74' lang='lat' dir='ltr'>oculum</span> 
     </span>
    </p>
   </div>
   <div class='ocr_carea' id='block_1_5' title="bbox 193 2559 969 2699">
    <p class='ocr_par' dir='ltr' id='par_1_5' title="bbox 193 2559 969 2699">
     <span class='ocr_line' id='line_1_50' title="bbox 226 2559 967 2591; baseline -0.005 -7"><span class='ocrx_word' id='word_1_314' title='bbox 226 2563 231 2575; x_wconf 90' lang='lat'><strong>¹</strong></span> <span class='ocrx_word' id='word_1_315' title='bbox 251 2562 339 2591; x_wconf 55' lang='lat' dir='ltr'>(li-og„</span> <span class='ocrx_word' id='word_1_316' title='bbox 359 2559 459 2589; x_wconf 61' lang='lat' dir='ltr'>illm-al„</span> <span class='ocrx_word' id='word_1_317' title='bbox 482 2559 526 2582; x_wconf 81' lang='grc'><strong>111).</strong></span> <span class='ocrx_word' id='word_1_318' title='bbox 547 2559 628 2587; x_wconf 69' lang='lat' dir='ltr'>xxm,</span> <span class='ocrx_word' id='word_1_319' title='bbox 651 2566 672 2581; x_wconf 64' lang='lat' dir='ltr'>c.</span> <span class='ocrx_word' id='word_1_320' title='bbox 698 2564 749 2588; x_wconf 63' lang='grc' dir='ltr'>ΚΝ,</span> <span class='ocrx_word' id='word_1_321' title='bbox 775 2561 832 2582; x_wconf 76' lang='lat' dir='ltr'>ante</span> <span class='ocrx_word' id='word_1_322' title='bbox 856 2559 922 2583; x_wconf 73' lang='lat' dir='ltr'>nic-d.</span> <span class='ocrx_word' id='word_1_323' title='bbox 938 2573 967 2577; x_wconf 85' lang='lat'><strong>—</strong></span> 
     </span>
     <span class='ocr_line' id='line_1_51' title="bbox 193 2594 966 2626; baseline -0.005 -5"><span class='ocrx_word' id='word_1_324' title='bbox 193 2598 203 2613; x_wconf 74' lang='lat'>²</span> <span class='ocrx_word' id='word_1_325' title='bbox 220 2597 292 2626; x_wconf 56' lang='grc'><strong>111111,</strong></span> <span class='ocrx_word' id='word_1_326' title='bbox 317 2596 383 2620; x_wconf 79' lang='lat' dir='ltr'>circa</span> <span class='ocrx_word' id='word_1_327' title='bbox 405 2596 447 2619; x_wconf 82' lang='lat' dir='ltr'>siu.</span> <span class='ocrx_word' id='word_1_328' title='bbox 472 2608 501 2613; x_wconf 90' lang='lat'><em>-</em></span> <span class='ocrx_word' id='word_1_329' title='bbox 518 2595 526 2609; x_wconf 79' lang='lat'><strong>³</strong></span> <span class='ocrx_word' id='word_1_330' title='bbox 552 2594 625 2624; x_wconf 65' lang='lat' dir='ltr'>thid„</span> <span class='ocrx_word' id='word_1_331' title='bbox 649 2596 707 2618; x_wconf 85' lang='lat' dir='ltr'>ante</span> <span class='ocrx_word' id='word_1_332' title='bbox 731 2594 789 2617; x_wconf 80' lang='lat' dir='ltr'>med</span> <span class='ocrx_word' id='word_1_333' title='bbox 816 2606 845 2611; x_wconf 92' lang='lat'>—</span> <span class='ocrx_word' id='word_1_334' title='bbox 868 2594 879 2610; x_wconf 51' lang='grc' dir='ltr'><em>ὅ</em></span> <span class='ocrx_word' id='word_1_335' title='bbox 900 2596 966 2619; x_wconf 65' lang='lat' dir='ltr'>[sal.</span> 
     </span>
     <span class='ocr_line' id='line_1_52' title="bbox 195 2629 968 2663; baseline -0.004 -7"><span class='ocrx_word' id='word_1_336' title='bbox 195 2638 310 2663; x_wconf 61' lang='lat' dir='ltr'>mmm,</span> <span class='ocrx_word' id='word_1_337' title='bbox 334 2633 356 2654; x_wconf 64' lang='grc' dir='ltr'>ὃ.</span> <span class='ocrx_word' id='word_1_338' title='bbox 377 2645 403 2649; x_wconf 94' lang='grc'>-</span> <span class='ocrx_word' id='word_1_339' title='bbox 427 2631 436 2647; x_wconf 77' lang='lat'>¹⁵</span> <span class='ocrx_word' id='word_1_340' title='bbox 455 2630 523 2654; x_wconf 75' lang='lat' dir='ltr'>Psnl.</span> <span class='ocrx_word' id='word_1_341' title='bbox 546 2636 630 2660; x_wconf 61' lang='lat' dir='ltr'>nvn,</span> <span class='ocrx_word' id='word_1_342' title='bbox 652 2631 680 2658; x_wconf 76' lang='lat'>4,</span> <span class='ocrx_word' id='word_1_343' title='bbox 703 2629 842 2652; x_wconf 85' lang='lat' dir='ltr'>secundum</span> <span class='ocrx_word' id='word_1_344' title='bbox 864 2636 922 2654; x_wconf 53' lang='lat' dir='ltr'>Lxx.</span> <span class='ocrx_word' id='word_1_345' title='bbox 938 2644 968 2648; x_wconf 96' lang='lat'>—</span> 
     </span>
     <span class='ocr_line' id='line_1_53' title="bbox 196 2664 969 2699; baseline -0.003 -7"><span class='ocrx_word' id='word_1_346' title='bbox 196 2668 204 2681; x_wconf 85' lang='lat'><strong>⁶</strong></span> <span class='ocrx_word' id='word_1_347' title='bbox 220 2668 296 2699; x_wconf 56' lang='lat' dir='ltr'>llug„</span> <span class='ocrx_word' id='word_1_348' title='bbox 310 2667 335 2691; x_wconf 93' lang='lat' dir='ltr'>in</span> <span class='ocrx_word' id='word_1_349' title='bbox 350 2668 414 2698; x_wconf 85' lang='lat' dir='ltr'>sept.</span> <span class='ocrx_word' id='word_1_350' title='bbox 431 2673 487 2698; x_wconf 88' lang='lat' dir='ltr'>cap.</span> <span class='ocrx_word' id='word_1_351' title='bbox 505 2665 564 2690; x_wconf 87' lang='lat' dir='ltr'>Coel.</span> <span class='ocrx_word' id='word_1_352' title='bbox 581 2666 663 2696; x_wconf 32' lang='lat' dir='ltr'>[liet-i,</span> <span class='ocrx_word' id='word_1_353' title='bbox 679 2664 722 2689; x_wconf 89' lang='lat' dir='ltr'>lib.</span> <span class='ocrx_word' id='word_1_354' title='bbox 740 2665 782 2695; x_wconf 81' lang='lat' dir='ltr'>tx,</span> <span class='ocrx_word' id='word_1_355' title='bbox 799 2665 866 2689; x_wconf 85' lang='lat' dir='ltr'>circa</span> <span class='ocrx_word' id='word_1_356' title='bbox 881 2666 924 2691; x_wconf 83' lang='lat' dir='ltr'>tin.</span> <span class='ocrx_word' id='word_1_357' title='bbox 939 2680 969 2684; x_wconf 89' lang='lat'>—</span> 
     </span>
    </p>
   </div>
   <div class='ocr_carea' id='block_1_6' title="bbox 571 201 1355 245">
    <p class='ocr_par' dir='ltr' id='par_1_6' title="bbox 571 201 1355 245">
     <span class='ocr_line' id='line_1_54' title="bbox 571 201 1355 245; baseline -0.001 -8"><span class='ocrx_word' id='word_1_358' title='bbox 571 204 623 237; x_wconf 87' lang='lat' dir='ltr'>DE</span> <span class='ocrx_word' id='word_1_359' title='bbox 644 201 803 245; x_wconf 66' lang='lat' dir='ltr'>SEPTEM,</span> <span class='ocrx_word' id='word_1_360' title='bbox 825 201 1048 237; x_wconf 82' lang='lat' dir='ltr'>ITlNERlBUS</span> <span class='ocrx_word' id='word_1_361' title='bbox 1067 202 1355 237; x_wconf 84' lang='lat' dir='ltr'>AE&#39;TERNITATIS.</span> 
     </span>
    </p>
   </div>
   <div class='ocr_carea' id='block_1_7' title="bbox 989 270 1796 2509">
    <p class='ocr_par' dir='ltr' id='par_1_7' title="bbox 989 270 1771 534">
     <span class='ocr_line' id='line_1_55' title="bbox 989 270 1766 309; baseline 0.004 -10"><span class='ocrx_word' id='word_1_362' title='bbox 989 270 1185 300; x_wconf 86' lang='lat' dir='ltr'>infirmiorem</span> <span class='ocrx_word' id='word_1_363' title='bbox 1202 271 1286 308; x_wconf 85' lang='lat' dir='ltr'>prius</span> <span class='ocrx_word' id='word_1_364' title='bbox 1299 271 1450 300; x_wconf 85' lang='lat' dir='ltr'>assuefieri</span> <span class='ocrx_word' id='word_1_365' title='bbox 1465 271 1506 300; x_wconf 87' lang='lat' dir='ltr'>ad</span> <span class='ocrx_word' id='word_1_366' title='bbox 1519 271 1766 309; x_wconf 84' lang='lat' dir='ltr'>conspiciendum</span> 
     </span>
     <span class='ocr_line' id='line_1_56' title="bbox 989 317 1767 356; baseline 0.003 -10"><span class='ocrx_word' id='word_1_367' title='bbox 989 317 1092 347; x_wconf 88' lang='lat' dir='ltr'>lumen</span> <span class='ocrx_word' id='word_1_368' title='bbox 1106 318 1177 346; x_wconf 87' lang='lat' dir='ltr'>solis</span> <span class='ocrx_word' id='word_1_369' title='bbox 1189 317 1392 354; x_wconf 86' lang='lat' dir='ltr'>intelligentiae</span> <span class='ocrx_word' id='word_1_370' title='bbox 1405 318 1437 355; x_wconf 84' lang='lat' dir='ltr'>(c)</span> <span class='ocrx_word' id='word_1_371' title='bbox 1452 318 1483 347; x_wconf 87' lang='lat' dir='ltr'>in</span> <span class='ocrx_word' id='word_1_372' title='bbox 1496 319 1707 356; x_wconf 78' lang='lat' dir='ltr'>grossioribus,</span> <span class='ocrx_word' id='word_1_373' title='bbox 1714 319 1767 349; x_wconf 88' lang='lat' dir='ltr'>de—</span> 
     </span>
     <span class='ocr_line' id='line_1_57' title="bbox 990 364 1768 403; baseline 0.003 -11"><span class='ocrx_word' id='word_1_374' title='bbox 990 364 1062 393; x_wconf 87' lang='lat' dir='ltr'>inde</span> <span class='ocrx_word' id='word_1_375' title='bbox 1075 365 1106 393; x_wconf 91' lang='lat' dir='ltr'>in</span> <span class='ocrx_word' id='word_1_376' title='bbox 1118 364 1324 393; x_wconf 87' lang='lat' dir='ltr'>subtilioribus</span> <span class='ocrx_word' id='word_1_377' title='bbox 1333 386 1342 401; x_wconf 93' lang='lat'>‚</span> <span class='ocrx_word' id='word_1_378' title='bbox 1354 365 1450 394; x_wconf 89' lang='lat' dir='ltr'>donec</span> <span class='ocrx_word' id='word_1_379' title='bbox 1462 365 1583 394; x_wconf 89' lang='lat' dir='ltr'>tandem</span> <span class='ocrx_word' id='word_1_380' title='bbox 1593 374 1631 394; x_wconf 80' lang='lat' dir='ltr'>ex</span> <span class='ocrx_word' id='word_1_381' title='bbox 1645 365 1711 403; x_wconf 83' lang='lat' dir='ltr'>ipsa</span> <span class='ocrx_word' id='word_1_382' title='bbox 1723 366 1768 395; x_wconf 90' lang='lat' dir='ltr'>lu-</span> 
     </span>
     <span class='ocr_line' id='line_1_58' title="bbox 991 411 1768 450; baseline 0.003 -10"><span class='ocrx_word' id='word_1_383' title='bbox 991 411 1080 440; x_wconf 89' lang='lat' dir='ltr'>minis</span> <span class='ocrx_word' id='word_1_384' title='bbox 1103 411 1222 441; x_wconf 87' lang='lat' dir='ltr'>datione</span> <span class='ocrx_word' id='word_1_385' title='bbox 1244 412 1346 440; x_wconf 84' lang='lat' dir='ltr'>multis</span> <span class='ocrx_word' id='word_1_386' title='bbox 1369 412 1570 449; x_wconf 88' lang='lat' dir='ltr'>multipliciter</span> <span class='ocrx_word' id='word_1_387' title='bbox 1594 411 1768 450; x_wconf 77' lang='lat' dir='ltr'>superfusa,</span> 
     </span>
     <span class='ocr_line' id='line_1_59' title="bbox 993 458 1771 497; baseline 0 -9"><span class='ocrx_word' id='word_1_388' title='bbox 993 458 1198 494; x_wconf 78' lang='lat' dir='ltr'>extendamur,</span> <span class='ocrx_word' id='word_1_389' title='bbox 1213 461 1242 487; x_wconf 81' lang='lat' dir='ltr'>et</span> <span class='ocrx_word' id='word_1_390' title='bbox 1253 458 1444 488; x_wconf 82' lang='lat' dir='ltr'>restituamur</span> <span class='ocrx_word' id='word_1_391' title='bbox 1454 459 1485 488; x_wconf 89' lang='lat' dir='ltr'>in</span> <span class='ocrx_word' id='word_1_392' title='bbox 1499 458 1665 496; x_wconf 85' lang='lat' dir='ltr'>simplicem</span> <span class='ocrx_word' id='word_1_393' title='bbox 1678 459 1771 497; x_wconf 84' lang='lat' dir='ltr'>ipsius</span> 
     </span>
     <span class='ocr_line' id='line_1_60' title="bbox 992 505 1307 534; baseline 0.003 -1"><span class='ocrx_word' id='word_1_394' title='bbox 992 505 1122 534; x_wconf 82' lang='lat' dir='ltr'>radium.</span> <span class='ocrx_word' id='word_1_395' title='bbox 1136 515 1150 532; x_wconf 94' lang='lat'>»</span> <span class='ocrx_word' id='word_1_396' title='bbox 1168 506 1232 534; x_wconf 83' lang='lat' dir='ltr'>Haec</span> <span class='ocrx_word' id='word_1_397' title='bbox 1247 505 1307 534; x_wconf 89' lang='lat' dir='ltr'>ille.</span> 
     </span>
    </p>

    <p class='ocr_par' dir='ltr' id='par_1_8' title="bbox 994 552 1796 2509">
     <span class='ocr_line' id='line_1_61' title="bbox 1029 552 1768 589; baseline 0.001 -9"><span class='ocrx_word' id='word_1_398' title='bbox 1029 554 1070 581; x_wconf 86' lang='lat' dir='ltr'>Ex</span> <span class='ocrx_word' id='word_1_399' title='bbox 1083 552 1231 589; x_wconf 79' lang='lat' dir='ltr'>proedictis</span> <span class='ocrx_word' id='word_1_400' title='bbox 1251 554 1392 589; x_wconf 87' lang='lat' dir='ltr'>apparet,</span> <span class='ocrx_word' id='word_1_401' title='bbox 1415 553 1498 589; x_wconf 89' lang='lat' dir='ltr'>quod</span> <span class='ocrx_word' id='word_1_402' title='bbox 1517 554 1578 581; x_wconf 87' lang='lat' dir='ltr'>tam</span> <span class='ocrx_word' id='word_1_403' title='bbox 1592 552 1625 581; x_wconf 92' lang='lat' dir='ltr'>in</span> <span class='ocrx_word' id='word_1_404' title='bbox 1647 552 1768 581; x_wconf 83' lang='lat' dir='ltr'>radioso</span> 
     </span>
     <span class='ocr_line' id='line_1_62' title="bbox 994 599 1772 637; baseline 0.001 -10"><span class='ocrx_word' id='word_1_405' title='bbox 994 599 1107 628; x_wconf 89' lang='lat' dir='ltr'>lumine</span> <span class='ocrx_word' id='word_1_406' title='bbox 1128 600 1386 636; x_wconf 83' lang='lat' dir='ltr'>contemplationis</span> <span class='ocrx_word' id='word_1_407' title='bbox 1407 600 1614 637; x_wconf 75' lang='lat' dir='ltr'>speculativae,</span> <span class='ocrx_word' id='word_1_408' title='bbox 1635 608 1726 636; x_wconf 89' lang='lat' dir='ltr'>quam</span> <span class='ocrx_word' id='word_1_409' title='bbox 1741 599 1772 628; x_wconf 91' lang='lat' dir='ltr'>iu</span> 
     </span>
     <span class='ocr_line' id='line_1_63' title="bbox 995 648 1773 685; baseline 0.001 -10"><span class='ocrx_word' id='word_1_410' title='bbox 995 654 1139 683; x_wconf 79' lang='lat' dir='ltr'>saporose</span> <span class='ocrx_word' id='word_1_411' title='bbox 1152 649 1239 683; x_wconf 86' lang='lat' dir='ltr'>gustu</span> <span class='ocrx_word' id='word_1_412' title='bbox 1249 648 1507 685; x_wconf 85' lang='lat' dir='ltr'>contemplationis</span> <span class='ocrx_word' id='word_1_413' title='bbox 1525 648 1670 684; x_wconf 68' lang='lat' dir='ltr'>practicae,</span> <span class='ocrx_word' id='word_1_414' title='bbox 1686 655 1773 684; x_wconf 87' lang='lat' dir='ltr'>opor-</span> 
     </span>
     <span class='ocr_line' id='line_1_64' title="bbox 995 693 1774 734; baseline 0.001 -13"><span class='ocrx_word' id='word_1_415' title='bbox 995 695 1035 722; x_wconf 87' lang='lat' dir='ltr'>tet</span> <span class='ocrx_word' id='word_1_416' title='bbox 1048 693 1207 734; x_wconf 83' lang='lat' dir='ltr'>paulatim,</span> <span class='ocrx_word' id='word_1_417' title='bbox 1228 695 1256 722; x_wconf 91' lang='lat' dir='ltr'>et</span> <span class='ocrx_word' id='word_1_418' title='bbox 1275 694 1423 730; x_wconf 80' lang='lat' dir='ltr'>gradatim</span> <span class='ocrx_word' id='word_1_419' title='bbox 1440 694 1642 731; x_wconf 79' lang='lat' dir='ltr'>proficiendo,</span> <span class='ocrx_word' id='word_1_420' title='bbox 1665 695 1774 723; x_wconf 87' lang='lat' dir='ltr'>clarius</span> 
     </span>
     <span class='ocr_line' id='line_1_65' title="bbox 997 735 1774 777; baseline 0 -9"><span class='ocrx_word' id='word_1_421' title='bbox 997 735 1177 776; x_wconf 78' lang='lat' dir='ltr'>cognoscere</span> <span class='ocrx_word' id='word_1_422' title='bbox 1192 741 1302 768; x_wconf 89' lang='lat' dir='ltr'>Deum:</span> <span class='ocrx_word' id='word_1_423' title='bbox 1319 741 1402 777; x_wconf 89' lang='lat' dir='ltr'>quia,</span> <span class='ocrx_word' id='word_1_424' title='bbox 1413 740 1489 769; x_wconf 87' lang='lat' dir='ltr'>sieut</span> <span class='ocrx_word' id='word_1_425' title='bbox 1502 741 1572 769; x_wconf 91' lang='lat' dir='ltr'>dicit</span> <span class='ocrx_word' id='word_1_426' title='bbox 1585 743 1670 777; x_wconf 84' lang='lat' dir='ltr'>Hugo</span> <span class='ocrx_word' id='word_1_427' title='bbox 1685 748 1774 777; x_wconf 86' lang='lat' dir='ltr'>super</span> 
     </span>
     <span class='ocr_line' id='line_1_66' title="bbox 997 787 1775 823; baseline 0.003 -9"><span class='ocrx_word' id='word_1_428' title='bbox 997 787 1154 822; x_wconf 73' lang='lat' dir='ltr'>Anqelicam</span> <span class='ocrx_word' id='word_1_429' title='bbox 1164 788 1355 815; x_wconf 79' lang='lat' dir='ltr'>Hierarehiam</span> <span class='ocrx_word' id='word_1_430' title='bbox 1365 787 1394 815; x_wconf 81' lang='lat'>⁶:</span> <span class='ocrx_word' id='word_1_431' title='bbox 1411 797 1424 814; x_wconf 79' lang='grc' dir='ltr'>α</span> <span class='ocrx_word' id='word_1_432' title='bbox 1436 788 1551 822; x_wconf 79' lang='lat' dir='ltr'>Quanto</span> <span class='ocrx_word' id='word_1_433' title='bbox 1567 788 1662 823; x_wconf 84' lang='lat' dir='ltr'>magis</span> <span class='ocrx_word' id='word_1_434' title='bbox 1673 787 1775 816; x_wconf 86' lang='lat' dir='ltr'>crescit</span> 
     </span>
     <span class='ocr_line' id='line_1_67' title="bbox 997 833 1776 870; baseline 0.003 -9"><span class='ocrx_word' id='word_1_435' title='bbox 997 833 1144 868; x_wconf 86' lang='lat' dir='ltr'>ascensio,</span> <span class='ocrx_word' id='word_1_436' title='bbox 1168 835 1249 862; x_wconf 87' lang='lat' dir='ltr'>tanto</span> <span class='ocrx_word' id='word_1_437' title='bbox 1268 833 1362 870; x_wconf 85' lang='lat' dir='ltr'>magis</span> <span class='ocrx_word' id='word_1_438' title='bbox 1385 834 1487 863; x_wconf 84' lang='lat' dir='ltr'>crescit</span> <span class='ocrx_word' id='word_1_439' title='bbox 1508 834 1653 870; x_wconf 89' lang='lat' dir='ltr'>cognitio,</span> <span class='ocrx_word' id='word_1_440' title='bbox 1679 834 1776 863; x_wconf 86' lang='lat' dir='ltr'>donec</span> 
     </span>
     <span class='ocr_line' id='line_1_68' title="bbox 999 880 1777 917; baseline 0.001 -9"><span class='ocrx_word' id='word_1_441' title='bbox 999 880 1102 908; x_wconf 89' lang='lat' dir='ltr'>oculus</span> <span class='ocrx_word' id='word_1_442' title='bbox 1117 880 1323 909; x_wconf 84' lang='lat' dir='ltr'>intellectualis</span> <span class='ocrx_word' id='word_1_443' title='bbox 1335 881 1431 917; x_wconf 79' lang='lat' dir='ltr'>magis</span> <span class='ocrx_word' id='word_1_444' title='bbox 1445 889 1480 909; x_wconf 89' lang='lat' dir='ltr'>ae</span> <span class='ocrx_word' id='word_1_445' title='bbox 1487 881 1582 917; x_wconf 86' lang='lat' dir='ltr'>magis</span> <span class='ocrx_word' id='word_1_446' title='bbox 1594 881 1777 909; x_wconf 82' lang='lat' dir='ltr'>illuminetur</span> 
     </span>
     <span class='ocr_line' id='line_1_69' title="bbox 999 926 1776 964; baseline 0.001 -9"><span class='ocrx_word' id='word_1_447' title='bbox 999 929 1028 956; x_wconf 90' lang='lat' dir='ltr'>et</span> <span class='ocrx_word' id='word_1_448' title='bbox 1041 926 1232 963; x_wconf 81' lang='lat' dir='ltr'>confortetur,</span> <span class='ocrx_word' id='word_1_449' title='bbox 1250 929 1278 956; x_wconf 89' lang='lat' dir='ltr'>et</span> <span class='ocrx_word' id='word_1_450' title='bbox 1292 927 1414 956; x_wconf 80' lang='lat' dir='ltr'>affectus</span> <span class='ocrx_word' id='word_1_451' title='bbox 1432 928 1567 956; x_wconf 85' lang='lat' dir='ltr'>mentalis</span> <span class='ocrx_word' id='word_1_452' title='bbox 1586 928 1682 964; x_wconf 81' lang='lat' dir='ltr'>magis</span> <span class='ocrx_word' id='word_1_453' title='bbox 1696 927 1776 964; x_wconf 84' lang='lat' dir='ltr'>puri-</span> 
     </span>
     <span class='ocr_line' id='line_1_70' title="bbox 999 973 1777 1010; baseline 0 -8"><span class='ocrx_word' id='word_1_454' title='bbox 999 973 1104 1002; x_wconf 86' lang='lat' dir='ltr'>ficetur</span> <span class='ocrx_word' id='word_1_455' title='bbox 1118 976 1146 1002; x_wconf 89' lang='lat' dir='ltr'>et</span> <span class='ocrx_word' id='word_1_456' title='bbox 1159 974 1370 1010; x_wconf 82' lang='lat' dir='ltr'>inflammetur,</span> <span class='ocrx_word' id='word_1_457' title='bbox 1385 976 1414 1002; x_wconf 90' lang='lat' dir='ltr'>et</span> <span class='ocrx_word' id='word_1_458' title='bbox 1432 977 1508 1003; x_wconf 87' lang='lat' dir='ltr'>totus</span> <span class='ocrx_word' id='word_1_459' title='bbox 1522 975 1614 1003; x_wconf 88' lang='lat' dir='ltr'>homo</span> <span class='ocrx_word' id='word_1_460' title='bbox 1625 996 1634 1010; x_wconf 94' lang='lat'>‚</span> <span class='ocrx_word' id='word_1_461' title='bbox 1650 973 1777 1002; x_wconf 84' lang='lat' dir='ltr'>exterior</span> 
     </span>
     <span class='ocr_line' id='line_1_71' title="bbox 1001 1020 1776 1056; baseline -0.003 -6"><span class='ocrx_word' id='word_1_462' title='bbox 1001 1023 1028 1050; x_wconf 82' lang='lat' dir='ltr'>et</span> <span class='ocrx_word' id='word_1_463' title='bbox 1042 1020 1173 1056; x_wconf 87' lang='lat' dir='ltr'>interior,</span> <span class='ocrx_word' id='word_1_464' title='bbox 1189 1021 1219 1049; x_wconf 90' lang='lat' dir='ltr'>in</span> <span class='ocrx_word' id='word_1_465' title='bbox 1235 1022 1327 1049; x_wconf 91' lang='lat' dir='ltr'>Deum</span> <span class='ocrx_word' id='word_1_466' title='bbox 1342 1021 1493 1050; x_wconf 83' lang='lat' dir='ltr'>ordinetur</span> <span class='ocrx_word' id='word_1_467' title='bbox 1507 1031 1514 1050; x_wconf 88' lang='lat'><strong>:</strong></span> <span class='ocrx_word' id='word_1_468' title='bbox 1528 1032 1541 1048; x_wconf 87' lang='lat'>»</span> <span class='ocrx_word' id='word_1_469' title='bbox 1559 1024 1586 1050; x_wconf 89' lang='lat' dir='ltr'>ct</span> <span class='ocrx_word' id='word_1_470' title='bbox 1599 1021 1657 1050; x_wconf 90' lang='lat' dir='ltr'>hoc</span> <span class='ocrx_word' id='word_1_471' title='bbox 1677 1021 1776 1048; x_wconf 87' lang='lat' dir='ltr'>verius</span> 
     </span>
     <span class='ocr_line' id='line_1_72' title="bbox 1002 1067 1777 1105; baseline -0.001 -9"><span class='ocrx_word' id='word_1_472' title='bbox 1002 1069 1030 1096; x_wconf 86' lang='lat' dir='ltr'>et</span> <span class='ocrx_word' id='word_1_473' title='bbox 1043 1068 1198 1104; x_wconf 85' lang='lat' dir='ltr'>perfectius</span> <span class='ocrx_word' id='word_1_474' title='bbox 1212 1068 1330 1096; x_wconf 88' lang='lat' dir='ltr'>videtur</span> <span class='ocrx_word' id='word_1_475' title='bbox 1344 1067 1408 1096; x_wconf 88' lang='lat' dir='ltr'>fieri</span> <span class='ocrx_word' id='word_1_476' title='bbox 1423 1076 1475 1105; x_wconf 89' lang='lat' dir='ltr'>per</span> <span class='ocrx_word' id='word_1_477' title='bbox 1499 1068 1610 1104; x_wconf 83' lang='lat' dir='ltr'>gradus</span> <span class='ocrx_word' id='word_1_478' title='bbox 1624 1067 1709 1102; x_wconf 90' lang='lat' dir='ltr'>illos,</span> <span class='ocrx_word' id='word_1_479' title='bbox 1725 1067 1777 1103; x_wconf 87' lang='lat' dir='ltr'>qui</span> 
     </span>
     <span class='ocr_line' id='line_1_73' title="bbox 1001 1114 1778 1144; baseline -0.001 -1"><span class='ocrx_word' id='word_1_480' title='bbox 1001 1117 1131 1143; x_wconf 88' lang='lat' dir='ltr'>mentem</span> <span class='ocrx_word' id='word_1_481' title='bbox 1155 1115 1194 1143; x_wconf 91' lang='lat' dir='ltr'>ad</span> <span class='ocrx_word' id='word_1_482' title='bbox 1217 1115 1442 1144; x_wconf 86' lang='lat' dir='ltr'>similitudinem</span> <span class='ocrx_word' id='word_1_483' title='bbox 1460 1115 1584 1143; x_wconf 67' lang='lat' dir='ltr'>coelestis</span> <span class='ocrx_word' id='word_1_484' title='bbox 1607 1114 1778 1143; x_wconf 68' lang='lat' dir='ltr'>hierarchias</span> 
     </span>
     <span class='ocr_line' id='line_1_74' title="bbox 1001 1161 1778 1198; baseline -0.001 -8"><span class='ocrx_word' id='word_1_485' title='bbox 1001 1164 1141 1198; x_wconf 84' lang='lat' dir='ltr'>purgant,</span> <span class='ocrx_word' id='word_1_486' title='bbox 1150 1162 1319 1190; x_wconf 88' lang='lat' dir='ltr'>illuminant</span> <span class='ocrx_word' id='word_1_487' title='bbox 1333 1161 1538 1198; x_wconf 57' lang='lat' dir='ltr'>cuperficiunt.</span> <span class='ocrx_word' id='word_1_488' title='bbox 1551 1161 1682 1190; x_wconf 85' lang='lat' dir='ltr'>Aitcnim</span> <span class='ocrx_word' id='word_1_489' title='bbox 1694 1162 1778 1196; x_wconf 76' lang='lat' dir='ltr'>nugo</span> 
     </span>
     <span class='ocr_line' id='line_1_75' title="bbox 1004 1209 1778 1245; baseline -0.005 -7"><span class='ocrx_word' id='word_1_490' title='bbox 1004 1211 1219 1238; x_wconf 82' lang='lat' dir='ltr'>commentator</span> <span class='ocrx_word' id='word_1_491' title='bbox 1245 1217 1333 1245; x_wconf 89' lang='lat' dir='ltr'>super</span> <span class='ocrx_word' id='word_1_492' title='bbox 1356 1209 1474 1237; x_wconf 87' lang='lat' dir='ltr'>tertium</span> <span class='ocrx_word' id='word_1_493' title='bbox 1500 1209 1637 1243; x_wconf 67' lang='lat' dir='ltr'>Anqelc&#39;cae</span> <span class='ocrx_word' id='word_1_494' title='bbox 1664 1209 1778 1236; x_wconf 75' lang='lat' dir='ltr'>Hieran·-</span> 
     </span>
     <span class='ocr_line' id='line_1_76' title="bbox 1004 1254 1780 1292; baseline -0.003 -8"><span class='ocrx_word' id='word_1_495' title='bbox 1004 1257 1069 1284; x_wconf 84' lang='lat' dir='ltr'>chiae</span> <span class='ocrx_word' id='word_1_496' title='bbox 1083 1257 1093 1274; x_wconf 90' lang='lat'>⁷</span> <span class='ocrx_word' id='word_1_497' title='bbox 1110 1265 1116 1284; x_wconf 76' lang='grc' dir='ltr'><strong><em>ε</em></strong></span> <span class='ocrx_word' id='word_1_498' title='bbox 1137 1266 1149 1282; x_wconf 80' lang='grc'>11</span> <span class='ocrx_word' id='word_1_499' title='bbox 1161 1258 1192 1284; x_wconf 84' lang='lat' dir='ltr'>Et</span> <span class='ocrx_word' id='word_1_500' title='bbox 1208 1258 1324 1292; x_wconf 90' lang='lat' dir='ltr'>oportet</span> <span class='ocrx_word' id='word_1_501' title='bbox 1338 1255 1421 1292; x_wconf 85' lang='lat' dir='ltr'>quod</span> <span class='ocrx_word' id='word_1_502' title='bbox 1435 1263 1518 1283; x_wconf 84' lang='lat' dir='ltr'>mens</span> <span class='ocrx_word' id='word_1_503' title='bbox 1531 1263 1598 1291; x_wconf 62' lang='lat' dir='ltr'>quae</span> <span class='ocrx_word' id='word_1_504' title='bbox 1614 1256 1705 1282; x_wconf 89' lang='lat' dir='ltr'>Deum</span> <span class='ocrx_word' id='word_1_505' title='bbox 1718 1254 1780 1282; x_wconf 88' lang='lat' dir='ltr'>vult</span> 
     </span>
     <span class='ocr_line' id='line_1_77' title="bbox 1006 1300 1780 1339; baseline -0.004 -8"><span class='ocrx_word' id='word_1_506' title='bbox 1006 1302 1218 1339; x_wconf 80' lang='lat' dir='ltr'>contemplari,</span> <span class='ocrx_word' id='word_1_507' title='bbox 1239 1302 1369 1339; x_wconf 88' lang='lat' dir='ltr'>primum</span> <span class='ocrx_word' id='word_1_508' title='bbox 1384 1304 1536 1338; x_wconf 81' lang='lat' dir='ltr'>purgetur,</span> <span class='ocrx_word' id='word_1_509' title='bbox 1557 1303 1657 1338; x_wconf 83' lang='lat' dir='ltr'>postca</span> <span class='ocrx_word' id='word_1_510' title='bbox 1670 1300 1780 1328; x_wconf 86' lang='lat' dir='ltr'>illumi-</span> 
     </span>
     <span class='ocr_line' id='line_1_78' title="bbox 1006 1347 1781 1385; baseline -0.003 -8"><span class='ocrx_word' id='word_1_511' title='bbox 1006 1351 1101 1384; x_wconf 85' lang='lat' dir='ltr'>netur,</span> <span class='ocrx_word' id='word_1_512' title='bbox 1117 1350 1144 1377; x_wconf 91' lang='lat' dir='ltr'>ct</span> <span class='ocrx_word' id='word_1_513' title='bbox 1159 1348 1267 1377; x_wconf 87' lang='lat' dir='ltr'>deinde</span> <span class='ocrx_word' id='word_1_514' title='bbox 1283 1348 1462 1385; x_wconf 84' lang='lat' dir='ltr'>perficiatur,</span> <span class='ocrx_word' id='word_1_515' title='bbox 1478 1348 1549 1384; x_wconf 84' lang='lat' dir='ltr'>quia</span> <span class='ocrx_word' id='word_1_516' title='bbox 1567 1348 1621 1375; x_wconf 87' lang='lat' dir='ltr'>nisi</span> <span class='ocrx_word' id='word_1_517' title='bbox 1637 1347 1781 1384; x_wconf 63' lang='lat' dir='ltr'>praecede-</span> 
     </span>
     <span class='ocr_line' id='line_1_79' title="bbox 1006 1393 1782 1432; baseline -0.004 -8"><span class='ocrx_word' id='word_1_518' title='bbox 1006 1398 1050 1424; x_wconf 88' lang='lat' dir='ltr'>ret</span> <span class='ocrx_word' id='word_1_519' title='bbox 1064 1396 1210 1432; x_wconf 82' lang='lat' dir='ltr'>purgatio,</span> <span class='ocrx_word' id='word_1_520' title='bbox 1226 1404 1287 1424; x_wconf 91' lang='lat' dir='ltr'>non</span> <span class='ocrx_word' id='word_1_521' title='bbox 1297 1398 1468 1432; x_wconf 84' lang='lat' dir='ltr'>sequeretur</span> <span class='ocrx_word' id='word_1_522' title='bbox 1479 1394 1673 1429; x_wconf 83' lang='lat' dir='ltr'>illuminati03</span> <span class='ocrx_word' id='word_1_523' title='bbox 1687 1396 1715 1422; x_wconf 88' lang='lat' dir='ltr'>et</span> <span class='ocrx_word' id='word_1_524' title='bbox 1726 1393 1782 1421; x_wconf 88' lang='lat' dir='ltr'>nisi</span> 
     </span>
     <span class='ocr_line' id='line_1_80' title="bbox 1008 1440 1782 1476; baseline -0.003 -6"><span class='ocrx_word' id='word_1_525' title='bbox 1008 1445 1082 1471; x_wconf 81' lang='lat' dir='ltr'>esset</span> <span class='ocrx_word' id='word_1_526' title='bbox 1096 1442 1285 1476; x_wconf 87' lang='lat' dir='ltr'>illuminatio,</span> <span class='ocrx_word' id='word_1_527' title='bbox 1296 1449 1357 1470; x_wconf 91' lang='lat' dir='ltr'>non</span> <span class='ocrx_word' id='word_1_528' title='bbox 1367 1441 1479 1470; x_wconf 80' lang='lat' dir='ltr'>veniret</span> <span class='ocrx_word' id='word_1_529' title='bbox 1489 1440 1706 1469; x_wconf 82' lang='lat' dir='ltr'>consummatio</span> <span class='ocrx_word' id='word_1_530' title='bbox 1721 1440 1782 1468; x_wconf 88' lang='lat' dir='ltr'>sive</span> 
     </span>
     <span class='ocr_line' id='line_1_81' title="bbox 1007 1487 1782 1525; baseline -0.003 -8"><span class='ocrx_word' id='word_1_531' title='bbox 1007 1489 1148 1525; x_wconf 83' lang='lat' dir='ltr'>perfectio</span> <span class='ocrx_word' id='word_1_532' title='bbox 1172 1498 1178 1516; x_wconf 92' lang='lat'>:</span> <span class='ocrx_word' id='word_1_533' title='bbox 1202 1491 1230 1516; x_wconf 84' lang='lat' dir='ltr'>et</span> <span class='ocrx_word' id='word_1_534' title='bbox 1253 1488 1324 1517; x_wconf 87' lang='lat' dir='ltr'>tales</span> <span class='ocrx_word' id='word_1_535' title='bbox 1346 1490 1457 1525; x_wconf 86' lang='lat' dir='ltr'>quanto</span> <span class='ocrx_word' id='word_1_536' title='bbox 1482 1488 1577 1524; x_wconf 84' lang='lat' dir='ltr'>magis</span> <span class='ocrx_word' id='word_1_537' title='bbox 1601 1487 1782 1522; x_wconf 83' lang='lat' dir='ltr'>ascendunt,</span> 
     </span>
     <span class='ocr_line' id='line_1_82' title="bbox 1009 1535 1784 1573; baseline -0.001 -9"><span class='ocrx_word' id='word_1_538' title='bbox 1009 1540 1089 1565; x_wconf 78' lang='lat' dir='ltr'>tanto</span> <span class='ocrx_word' id='word_1_539' title='bbox 1114 1537 1208 1572; x_wconf 87' lang='lat' dir='ltr'>magis</span> <span class='ocrx_word' id='word_1_540' title='bbox 1225 1536 1467 1573; x_wconf 86' lang='lat' dir='ltr'>appropinquant</span> <span class='ocrx_word' id='word_1_541' title='bbox 1489 1535 1651 1571; x_wconf 71' lang='lat' dir='ltr'>divinitati,</span> <span class='ocrx_word' id='word_1_542' title='bbox 1672 1537 1784 1572; x_wconf 87' lang='lat' dir='ltr'>quanto</span> 
     </span>
     <span class='ocr_line' id='line_1_83' title="bbox 1010 1581 1787 1619; baseline -0.003 -8"><span class='ocrx_word' id='word_1_543' title='bbox 1010 1586 1110 1612; x_wconf 82' lang='lat' dir='ltr'>autem</span> <span class='ocrx_word' id='word_1_544' title='bbox 1126 1583 1221 1618; x_wconf 79' lang='lat' dir='ltr'>magis</span> <span class='ocrx_word' id='word_1_545' title='bbox 1235 1583 1488 1619; x_wconf 80' lang='lat' dir='ltr'>appropinquant,</span> <span class='ocrx_word' id='word_1_546' title='bbox 1508 1584 1588 1610; x_wconf 82' lang='lat' dir='ltr'>tanto</span> <span class='ocrx_word' id='word_1_547' title='bbox 1607 1581 1704 1609; x_wconf 87' lang='lat' dir='ltr'>verius</span> <span class='ocrx_word' id='word_1_548' title='bbox 1719 1589 1787 1609; x_wconf 92' lang='lat' dir='ltr'>con-</span> 
     </span>
     <span class='ocr_line' id='line_1_84' title="bbox 1011 1629 1786 1667; baseline -0.003 -9"><span class='ocrx_word' id='word_1_549' title='bbox 1011 1630 1199 1667; x_wconf 83' lang='lat' dir='ltr'>templantur.</span> <span class='ocrx_word' id='word_1_550' title='bbox 1216 1640 1229 1655; x_wconf 75' lang='grc'>»</span> <span class='ocrx_word' id='word_1_551' title='bbox 1245 1630 1328 1658; x_wconf 84' lang='lat' dir='ltr'>Tales</span> <span class='ocrx_word' id='word_1_552' title='bbox 1343 1632 1441 1657; x_wconf 87' lang='lat' dir='ltr'>autem</span> <span class='ocrx_word' id='word_1_553' title='bbox 1463 1629 1573 1665; x_wconf 80' lang='lat' dir='ltr'>gradus</span> <span class='ocrx_word' id='word_1_554' title='bbox 1587 1629 1742 1665; x_wconf 77' lang='lat' dir='ltr'>Dionysius</span> <span class='ocrx_word' id='word_1_555' title='bbox 1756 1629 1786 1656; x_wconf 91' lang='lat' dir='ltr'>in</span> 
     </span>
     <span class='ocr_line' id='line_1_85' title="bbox 1011 1677 1787 1712; baseline -0.001 -6"><span class='ocrx_word' id='word_1_556' title='bbox 1011 1680 1143 1712; x_wconf 63' lang='lat' dir='ltr'>Anyetteu</span> <span class='ocrx_word' id='word_1_557' title='bbox 1157 1679 1319 1706; x_wconf 73' lang='lat' dir='ltr'>Hiemi-chia</span> <span class='ocrx_word' id='word_1_558' title='bbox 1334 1677 1403 1705; x_wconf 86' lang='lat' dir='ltr'>dicit</span> <span class='ocrx_word' id='word_1_559' title='bbox 1425 1686 1486 1705; x_wconf 83' lang='lat' dir='ltr'>csse</span> <span class='ocrx_word' id='word_1_560' title='bbox 1502 1680 1561 1704; x_wconf 85' lang='lat' dir='ltr'>tam</span> <span class='ocrx_word' id='word_1_561' title='bbox 1582 1677 1612 1704; x_wconf 90' lang='lat' dir='ltr'>in</span> <span class='ocrx_word' id='word_1_562' title='bbox 1628 1680 1724 1705; x_wconf 82' lang='lat' dir='ltr'>mente</span> <span class='ocrx_word' id='word_1_563' title='bbox 1737 1685 1787 1705; x_wconf 84' lang='lat' dir='ltr'>an-</span> 
     </span>
     <span class='ocr_line' id='line_1_86' title="bbox 1013 1725 1786 1762; baseline 0 -9"><span class='ocrx_word' id='word_1_564' title='bbox 1013 1726 1118 1762; x_wconf 82' lang='lat' dir='ltr'>gelica,</span> <span class='ocrx_word' id='word_1_565' title='bbox 1135 1734 1226 1761; x_wconf 81' lang='lat' dir='ltr'>quam</span> <span class='ocrx_word' id='word_1_566' title='bbox 1241 1726 1270 1753; x_wconf 90' lang='lat' dir='ltr'>in</span> <span class='ocrx_word' id='word_1_567' title='bbox 1286 1726 1382 1752; x_wconf 90' lang='lat' dir='ltr'>mente</span> <span class='ocrx_word' id='word_1_568' title='bbox 1397 1725 1529 1752; x_wconf 83' lang='lat' dir='ltr'>humana</span> <span class='ocrx_word' id='word_1_569' title='bbox 1549 1725 1625 1752; x_wconf 79' lang='lat' dir='ltr'>hene</span> <span class='ocrx_word' id='word_1_570' title='bbox 1641 1725 1786 1753; x_wconf 80' lang='lat' dir='ltr'>ordinata.</span> 
     </span>
     <span class='ocr_line' id='line_1_87' title="bbox 1014 1771 1787 1806; baseline -0.003 -6"><span class='ocrx_word' id='word_1_571' title='bbox 1014 1773 1093 1800; x_wconf 78' lang='lat' dir='ltr'>l&#39;ndc</span> <span class='ocrx_word' id='word_1_572' title='bbox 1101 1772 1266 1799; x_wconf 88' lang='lat' dir='ltr'>secundum</span> <span class='ocrx_word' id='word_1_573' title='bbox 1278 1773 1541 1799; x_wconf 75' lang='lat' dir='ltr'>commentatorem</span> <span class='ocrx_word' id='word_1_574' title='bbox 1554 1771 1787 1806; x_wconf 85' lang='lat' dir='ltr'>Linconienscm,</span> 
     </span>
     <span class='ocr_line' id='line_1_88' title="bbox 1014 1817 1789 1854; baseline -0.003 -7"><span class='ocrx_word' id='word_1_575' title='bbox 1014 1821 1041 1847; x_wconf 90' lang='lat' dir='ltr'>et</span> <span class='ocrx_word' id='word_1_576' title='bbox 1056 1820 1220 1854; x_wconf 72' lang='lat' dir='ltr'>nugonem,</span> <span class='ocrx_word' id='word_1_577' title='bbox 1236 1820 1261 1845; x_wconf 91' lang='lat' dir='ltr'>ct</span> <span class='ocrx_word' id='word_1_578' title='bbox 1279 1817 1493 1845; x_wconf 64' lang='lat' dir='ltr'>vercellensem</span> <span class='ocrx_word' id='word_1_579' title='bbox 1504 1839 1511 1852; x_wconf 93' lang='lat'>‚</span> <span class='ocrx_word' id='word_1_580' title='bbox 1529 1817 1599 1845; x_wconf 84' lang='lat' dir='ltr'>dicit</span> <span class='ocrx_word' id='word_1_581' title='bbox 1613 1817 1766 1854; x_wconf 72' lang='lat' dir='ltr'>Dionysius</span> <span class='ocrx_word' id='word_1_582' title='bbox 1783 1827 1789 1845; x_wconf 91' lang='lat'>:</span> 
     </span>
     <span class='ocr_line' id='line_1_89' title="bbox 1017 1863 1792 1900; baseline -0.001 -8"><span class='ocrx_word' id='word_1_583' title='bbox 1017 1877 1030 1892; x_wconf 87' lang='lat'>«</span> <span class='ocrx_word' id='word_1_584' title='bbox 1041 1865 1156 1894; x_wconf 74' lang='lat' dir='ltr'>Addam</span> <span class='ocrx_word' id='word_1_585' title='bbox 1168 1873 1236 1900; x_wconf 84' lang='lat' dir='ltr'>ego,</span> <span class='ocrx_word' id='word_1_586' title='bbox 1248 1867 1275 1892; x_wconf 91' lang='lat' dir='ltr'>et</span> <span class='ocrx_word' id='word_1_587' title='bbox 1291 1873 1325 1891; x_wconf 84' lang='lat' dir='ltr'>ex</span> <span class='ocrx_word' id='word_1_588' title='bbox 1341 1863 1505 1891; x_wconf 80' lang='lat' dir='ltr'>abundanti</span> <span class='ocrx_word' id='word_1_589' title='bbox 1515 1872 1574 1891; x_wconf 92' lang='lat' dir='ltr'>non</span> <span class='ocrx_word' id='word_1_590' title='bbox 1583 1864 1792 1892; x_wconf 79' lang='lat' dir='ltr'>inconvenien-</span> 
     </span>
     <span class='ocr_line' id='line_1_90' title="bbox 1016 1910 1791 1948; baseline -0.003 -8"><span class='ocrx_word' id='word_1_591' title='bbox 1016 1914 1069 1947; x_wconf 85' lang='lat' dir='ltr'>ter,</span> <span class='ocrx_word' id='word_1_592' title='bbox 1087 1912 1169 1948; x_wconf 89' lang='lat' dir='ltr'>quod</span> <span class='ocrx_word' id='word_1_593' title='bbox 1192 1919 1378 1947; x_wconf 79' lang='lat' dir='ltr'>unaquaeque</span> <span class='ocrx_word' id='word_1_594' title='bbox 1400 1919 1498 1945; x_wconf 82' lang='lat' dir='ltr'>mens,</span> <span class='ocrx_word' id='word_1_595' title='bbox 1516 1910 1649 1946; x_wconf 78' lang='lat' dir='ltr'>angelica</span> <span class='ocrx_word' id='word_1_596' title='bbox 1666 1910 1714 1938; x_wconf 87' lang='lat' dir='ltr'>vel</span> <span class='ocrx_word' id='word_1_597' title='bbox 1736 1911 1791 1938; x_wconf 87' lang='lat' dir='ltr'>hu-</span> 
     </span>
     <span class='ocr_line' id='line_1_91' title="bbox 1016 1957 1792 1993; baseline -0.003 -6"><span class='ocrx_word' id='word_1_598' title='bbox 1016 1966 1120 1993; x_wconf 81' lang='lat' dir='ltr'>mana,</span> <span class='ocrx_word' id='word_1_599' title='bbox 1144 1958 1220 1986; x_wconf 78' lang='lat' dir='ltr'>hene</span> <span class='ocrx_word' id='word_1_600' title='bbox 1243 1957 1396 1991; x_wconf 86' lang='lat' dir='ltr'>ordinata,</span> <span class='ocrx_word' id='word_1_601' title='bbox 1412 1957 1501 1985; x_wconf 78' lang='lat' dir='ltr'>hahet</span> <span class='ocrx_word' id='word_1_602' title='bbox 1526 1957 1557 1985; x_wconf 87' lang='lat' dir='ltr'>iu</span> <span class='ocrx_word' id='word_1_603' title='bbox 1576 1965 1629 1985; x_wconf 85' lang='lat' dir='ltr'>sua</span> <span class='ocrx_word' id='word_1_604' title='bbox 1651 1957 1792 1993; x_wconf 78' lang='lat' dir='ltr'>singulari</span> 
     </span>
     <span class='ocr_line' id='line_1_92' title="bbox 1015 2003 1793 2042; baseline -0.003 -9"><span class='ocrx_word' id='word_1_605' title='bbox 1015 2013 1142 2042; x_wconf 81' lang='lat' dir='ltr'>persona</span> <span class='ocrx_word' id='word_1_606' title='bbox 1154 2005 1277 2041; x_wconf 73' lang='lat' dir='ltr'>primas,</span> <span class='ocrx_word' id='word_1_607' title='bbox 1294 2003 1407 2031; x_wconf 83' lang='lat' dir='ltr'>medias</span> <span class='ocrx_word' id='word_1_608' title='bbox 1420 2007 1446 2031; x_wconf 90' lang='lat' dir='ltr'>et</span> <span class='ocrx_word' id='word_1_609' title='bbox 1461 2003 1578 2031; x_wconf 86' lang='lat' dir='ltr'>ultimas</span> <span class='ocrx_word' id='word_1_610' title='bbox 1593 2003 1793 2032; x_wconf 83' lang='lat' dir='ltr'>ordinationes</span> 
     </span>
     <span class='ocr_line' id='line_1_93' title="bbox 1018 2051 1793 2086; baseline -0.003 -5"><span class='ocrx_word' id='word_1_611' title='bbox 1018 2055 1045 2081; x_wconf 90' lang='lat' dir='ltr'>ct</span> <span class='ocrx_word' id='word_1_612' title='bbox 1061 2053 1194 2086; x_wconf 78' lang='lat' dir='ltr'>virtutes,</span> <span class='ocrx_word' id='word_1_613' title='bbox 1214 2054 1241 2080; x_wconf 87' lang='lat' dir='ltr'>et</span> <span class='ocrx_word' id='word_1_614' title='bbox 1260 2060 1377 2079; x_wconf 83' lang='lat' dir='ltr'>sursum</span> <span class='ocrx_word' id='word_1_615' title='bbox 1393 2051 1538 2085; x_wconf 72' lang='lat' dir='ltr'>actiones,</span> <span class='ocrx_word' id='word_1_616' title='bbox 1562 2051 1793 2079; x_wconf 87' lang='lat' dir='ltr'>hierarchiarum</span> 
     </span>
     <span class='ocr_line' id='line_1_94' title="bbox 1018 2098 1794 2128; baseline -0.003 -1"><span class='ocrx_word' id='word_1_617' title='bbox 1018 2099 1248 2128; x_wconf 79' lang='lat' dir='ltr'>illuminationes</span> <span class='ocrx_word' id='word_1_618' title='bbox 1270 2098 1421 2126; x_wconf 70' lang='lat' dir='ltr'>manifeste</span> <span class='ocrx_word' id='word_1_619' title='bbox 1444 2098 1600 2125; x_wconf 62' lang='lat' dir='ltr'>distinctas.</span> <span class='ocrx_word' id='word_1_620' title='bbox 1618 2108 1631 2124; x_wconf 71' lang='lat' dir='ltr'>n</span> <span class='ocrx_word' id='word_1_621' title='bbox 1650 2099 1713 2126; x_wconf 79' lang='lat' dir='ltr'>llaec</span> <span class='ocrx_word' id='word_1_622' title='bbox 1729 2098 1794 2126; x_wconf 87' lang='lat' dir='ltr'>Dio-</span> 
     </span>
     <span class='ocr_line' id='line_1_95' title="bbox 1019 2145 1794 2182; baseline -0.003 -8"><span class='ocrx_word' id='word_1_623' title='bbox 1019 2147 1130 2182; x_wconf 67' lang='lat' dir='ltr'>nysius.</span> <span class='ocrx_word' id='word_1_624' title='bbox 1148 2148 1210 2174; x_wconf 58' lang='lat' dir='ltr'>lluic</span> <span class='ocrx_word' id='word_1_625' title='bbox 1226 2145 1318 2173; x_wconf 79' lang='lat' dir='ltr'>verba</span> <span class='ocrx_word' id='word_1_626' title='bbox 1330 2152 1482 2180; x_wconf 78' lang='lat' dir='ltr'>exponens</span> <span class='ocrx_word' id='word_1_627' title='bbox 1496 2146 1715 2172; x_wconf 77' lang='lat' dir='ltr'>Commentator</span> <span class='ocrx_word' id='word_1_628' title='bbox 1728 2145 1794 2172; x_wconf 67' lang='lat' dir='ltr'>Ver-</span> 
     </span>
     <span class='ocr_line' id='line_1_96' title="bbox 1020 2191 1796 2228; baseline -0.004 -7"><span class='ocrx_word' id='word_1_629' title='bbox 1020 2193 1164 2228; x_wconf 74' lang='lat' dir='ltr'>cellensis,</span> <span class='ocrx_word' id='word_1_630' title='bbox 1181 2192 1318 2220; x_wconf 74' lang='lat' dir='ltr'>dicitsic⁸</span> <span class='ocrx_word' id='word_1_631' title='bbox 1331 2201 1337 2218; x_wconf 91' lang='lat'><strong>:</strong></span> <span class='ocrx_word' id='word_1_632' title='bbox 1351 2202 1363 2217; x_wconf 78' lang='grc'>11</span> <span class='ocrx_word' id='word_1_633' title='bbox 1375 2191 1502 2224; x_wconf 81' lang='lat' dir='ltr'>Qualiter</span> <span class='ocrx_word' id='word_1_634' title='bbox 1513 2191 1542 2218; x_wconf 88' lang='grc'>111</span> <span class='ocrx_word' id='word_1_635' title='bbox 1558 2191 1680 2226; x_wconf 81' lang='lat' dir='ltr'>singulis</span> <span class='ocrx_word' id='word_1_636' title='bbox 1694 2191 1796 2219; x_wconf 84' lang='lat' dir='ltr'>menti-</span> 
     </span>
     <span class='ocr_line' id='line_1_97' title="bbox 1020 2237 1796 2274; baseline -0.003 -7"><span class='ocrx_word' id='word_1_637' title='bbox 1020 2240 1077 2267; x_wconf 76' lang='lat' dir='ltr'>bus</span> <span class='ocrx_word' id='word_1_638' title='bbox 1091 2238 1280 2267; x_wconf 70' lang='lat' dir='ltr'>hierarchicis</span> <span class='ocrx_word' id='word_1_639' title='bbox 1294 2238 1489 2274; x_wconf 84' lang='lat' dir='ltr'>disponantur</span> <span class='ocrx_word' id='word_1_640' title='bbox 1502 2239 1558 2265; x_wconf 79' lang='lat' dir='ltr'>tres</span> <span class='ocrx_word' id='word_1_641' title='bbox 1573 2237 1752 2271; x_wconf 62' lang='lat' dir='ltr'>hierarchae,</span> <span class='ocrx_word' id='word_1_642' title='bbox 1769 2238 1796 2265; x_wconf 83' lang='lat' dir='ltr'>et</span> 
     </span>
     <span class='ocr_line' id='line_1_98' title="bbox 1020 2283 1795 2321; baseline -0.004 -8"><span class='ocrx_word' id='word_1_643' title='bbox 1020 2286 1051 2314; x_wconf 89' lang='lat' dir='ltr'>in</span> <span class='ocrx_word' id='word_1_644' title='bbox 1067 2285 1188 2321; x_wconf 79' lang='lat' dir='ltr'>singulis</span> <span class='ocrx_word' id='word_1_645' title='bbox 1204 2293 1306 2313; x_wconf 80' lang='lat' dir='ltr'>earum</span> <span class='ocrx_word' id='word_1_646' title='bbox 1321 2286 1378 2312; x_wconf 79' lang='lat' dir='ltr'>tres</span> <span class='ocrx_word' id='word_1_647' title='bbox 1394 2284 1514 2312; x_wconf 82' lang='lat' dir='ltr'>ordines</span> <span class='ocrx_word' id='word_1_648' title='bbox 1531 2285 1616 2319; x_wconf 73' lang='lat' dir='ltr'>juxta</span> <span class='ocrx_word' id='word_1_649' title='bbox 1630 2283 1795 2319; x_wconf 83' lang='lat' dir='ltr'>angelicam</span> 
     </span>
     <span class='ocr_line' id='line_1_99' title="bbox 1023 2330 1794 2368; baseline -0.004 -8"><span class='ocrx_word' id='word_1_650' title='bbox 1023 2332 1263 2368; x_wconf 73' lang='lat' dir='ltr'>dispositionem,</span> <span class='ocrx_word' id='word_1_651' title='bbox 1279 2331 1414 2358; x_wconf 76' lang='lat' dir='ltr'>videlicet</span> <span class='ocrx_word' id='word_1_652' title='bbox 1437 2330 1467 2358; x_wconf 91' lang='lat' dir='ltr'>in</span> <span class='ocrx_word' id='word_1_653' title='bbox 1491 2330 1593 2358; x_wconf 83' lang='lat' dir='ltr'>infima</span> <span class='ocrx_word' id='word_1_654' title='bbox 1608 2330 1725 2365; x_wconf 69' lang='lat' dir='ltr'>Augen,</span> <span class='ocrx_word' id='word_1_655' title='bbox 1744 2333 1794 2357; x_wconf 80' lang='lat' dir='ltr'>Ar-</span> 
     </span>
     <span class='ocr_line' id='line_1_100' title="bbox 1023 2376 1796 2414; baseline -0.005 -7"><span class='ocrx_word' id='word_1_656' title='bbox 1023 2379 1158 2414; x_wconf 80' lang='lat' dir='ltr'>changeli</span> <span class='ocrx_word' id='word_1_657' title='bbox 1174 2381 1200 2406; x_wconf 87' lang='lat' dir='ltr'>ct</span> <span class='ocrx_word' id='word_1_658' title='bbox 1215 2378 1405 2413; x_wconf 69' lang='lat' dir='ltr'>Principatus,</span> <span class='ocrx_word' id='word_1_659' title='bbox 1423 2377 1587 2405; x_wconf 78' lang='lat' dir='ltr'>videndum</span> <span class='ocrx_word' id='word_1_660' title='bbox 1602 2378 1652 2404; x_wconf 86' lang='lat' dir='ltr'>est.</span> <span class='ocrx_word' id='word_1_661' title='bbox 1676 2378 1727 2404; x_wconf 82' lang='lat' dir='ltr'>Per</span> <span class='ocrx_word' id='word_1_662' title='bbox 1741 2376 1796 2404; x_wconf 86' lang='lat' dir='ltr'>hos</span> 
     </span>
     <span class='ocr_line' id='line_1_101' title="bbox 1024 2423 1795 2457; baseline -0.006 -2"><span class='ocrx_word' id='word_1_663' title='bbox 1024 2427 1103 2455; x_wconf 88' lang='lat' dir='ltr'>enim</span> <span class='ocrx_word' id='word_1_664' title='bbox 1126 2434 1206 2454; x_wconf 86' lang='lat' dir='ltr'>mens</span> <span class='ocrx_word' id='word_1_665' title='bbox 1229 2425 1305 2453; x_wconf 86' lang='lat' dir='ltr'>bene</span> <span class='ocrx_word' id='word_1_666' title='bbox 1329 2425 1484 2453; x_wconf 86' lang='lat' dir='ltr'>ordinatur</span> <span class='ocrx_word' id='word_1_667' title='bbox 1508 2424 1546 2451; x_wconf 88' lang='lat' dir='ltr'>ad</span> <span class='ocrx_word' id='word_1_668' title='bbox 1571 2423 1726 2457; x_wconf 80' lang='lat' dir='ltr'>exteriora,</span> <span class='ocrx_word' id='word_1_669' title='bbox 1747 2423 1795 2451; x_wconf 82' lang='lat' dir='ltr'>vel</span> 
     </span>
     <span class='ocr_line' id='line_1_102' title="bbox 1023 2470 1795 2509; baseline -0.006 -7"><span class='ocrx_word' id='word_1_670' title='bbox 1023 2475 1157 2509; x_wconf 81' lang='lat' dir='ltr'>respectu</span> <span class='ocrx_word' id='word_1_671' title='bbox 1183 2472 1372 2500; x_wconf 83' lang='lat' dir='ltr'>exteriorum.</span> <span class='ocrx_word' id='word_1_672' title='bbox 1396 2473 1426 2498; x_wconf 89' lang='lat' dir='ltr'>ln</span> <span class='ocrx_word' id='word_1_673' title='bbox 1448 2470 1545 2498; x_wconf 73' lang='lat' dir='ltr'>media</span> <span class='ocrx_word' id='word_1_674' title='bbox 1567 2472 1666 2497; x_wconf 85' lang='lat' dir='ltr'>autem</span> <span class='ocrx_word' id='word_1_675' title='bbox 1689 2470 1795 2498; x_wconf 89' lang='lat' dir='ltr'>mentis</span> 
     </span>
    </p>
   </div>
   <div class='ocr_carea' id='block_1_8' title="bbox 1024 2544 1797 2697">
    <p class='ocr_par' dir='ltr' id='par_1_9' title="bbox 1024 2544 1796 2614">
     <span class='ocr_line' id='line_1_103' title="bbox 1025 2544 1796 2577; baseline -0.008 -5"><span class='ocrx_word' id='word_1_676' title='bbox 1025 2551 1028 2554; x_wconf 93' lang='lat'>&#39;</span> <span class='ocrx_word' id='word_1_677' title='bbox 1046 2549 1118 2575; x_wconf 72' lang='lat' dir='ltr'>thid,</span> <span class='ocrx_word' id='word_1_678' title='bbox 1134 2547 1159 2571; x_wconf 92' lang='lat' dir='ltr'>in</span> <span class='ocrx_word' id='word_1_679' title='bbox 1175 2549 1231 2571; x_wconf 73' lang='lat' dir='ltr'>tert.</span> <span class='ocrx_word' id='word_1_680' title='bbox 1247 2554 1301 2577; x_wconf 78' lang='lat' dir='ltr'>cap.</span> <span class='ocrx_word' id='word_1_681' title='bbox 1319 2547 1363 2570; x_wconf 76' lang='grc'><strong>1111.</strong></span> <span class='ocrx_word' id='word_1_682' title='bbox 1380 2547 1445 2576; x_wconf 72' lang='grc' dir='ltr'>ΠΗ,</span> <span class='ocrx_word' id='word_1_683' title='bbox 1461 2547 1515 2576; x_wconf 81' lang='lat' dir='ltr'>post</span> <span class='ocrx_word' id='word_1_684' title='bbox 1533 2544 1643 2568; x_wconf 64' lang='grc'><strong>1111311-</strong></span> <span class='ocrx_word' id='word_1_685' title='bbox 1657 2546 1665 2558; x_wconf 73' lang='lat'><strong>⁸</strong></span> <span class='ocrx_word' id='word_1_686' title='bbox 1679 2544 1796 2576; x_wconf 79' lang='lat' dir='ltr'>Vercell.‚</span> 
     </span>
     <span class='ocr_line' id='line_1_104' title="bbox 1024 2580 1610 2614; baseline -0.009 -7"><span class='ocrx_word' id='word_1_687' title='bbox 1024 2592 1078 2614; x_wconf 60' lang='lat' dir='ltr'>sup.</span> <span class='ocrx_word' id='word_1_688' title='bbox 1095 2585 1153 2613; x_wconf 60' lang='lat' dir='ltr'>Istc,</span> <span class='ocrx_word' id='word_1_689' title='bbox 1169 2592 1193 2606; x_wconf 78' lang='lat' dir='ltr'>c.</span> <span class='ocrx_word' id='word_1_690' title='bbox 1209 2588 1254 2613; x_wconf 39' lang='lat' dir='ltr'>v11,</span> <span class='ocrx_word' id='word_1_691' title='bbox 1271 2587 1295 2606; x_wconf 70' lang='grc' dir='ltr'>εἰ</span> <span class='ocrx_word' id='word_1_692' title='bbox 1311 2583 1336 2606; x_wconf 85' lang='grc'>111</span> <span class='ocrx_word' id='word_1_693' title='bbox 1353 2582 1453 2612; x_wconf 77' lang='lat' dir='ltr'>l‘rolog.</span> <span class='ocrx_word' id='word_1_694' title='bbox 1469 2588 1521 2611; x_wconf 76' lang='lat' dir='ltr'>sup.</span> <span class='ocrx_word' id='word_1_695' title='bbox 1539 2580 1610 2604; x_wconf 71' lang='lat' dir='ltr'>cnut.</span> 
     </span>
    </p>

    <p class='ocr_par' dir='ltr' id='par_1_10' title="bbox 1026 2626 1797 2697">
     <span class='ocr_line' id='line_1_105' title="bbox 1058 2626 1797 2662; baseline -0.003 -10"><span class='ocrx_word' id='word_1_696' title='bbox 1058 2632 1092 2662; x_wconf 70' lang='grc' dir='ltr'>(ιι)</span> <span class='ocrx_word' id='word_1_697' title='bbox 1111 2630 1184 2661; x_wconf 74' lang='lat' dir='ltr'>Vulg.</span> <span class='ocrx_word' id='word_1_698' title='bbox 1201 2629 1334 2653; x_wconf 47' lang='lat' dir='ltr'>valebam:</span> <span class='ocrx_word' id='word_1_699' title='bbox 1349 2641 1378 2646; x_wconf 94' lang='lat'>—</span> <span class='ocrx_word' id='word_1_700' title='bbox 1395 2627 1429 2658; x_wconf 71' lang='lat' dir='ltr'>(b)</span> <span class='ocrx_word' id='word_1_701' title='bbox 1445 2627 1508 2651; x_wconf 80' lang='lat' dir='ltr'>Lxx</span> <span class='ocrx_word' id='word_1_702' title='bbox 1523 2628 1638 2659; x_wconf 67' lang='grc' dir='ltr'>βάρεσινς</span> <span class='ocrx_word' id='word_1_703' title='bbox 1665 2627 1738 2659; x_wconf 74' lang='lat' dir='ltr'>Vulg.</span> <span class='ocrx_word' id='word_1_704' title='bbox 1753 2626 1797 2650; x_wconf 82' lang='lat' dir='ltr'>do-</span> 
     </span>
     <span class='ocr_line' id='line_1_106' title="bbox 1026 2663 1548 2697; baseline -0.006 -8"><span class='ocrx_word' id='word_1_705' title='bbox 1026 2665 1116 2690; x_wconf 77' lang='lat' dir='ltr'>mibus.</span> <span class='ocrx_word' id='word_1_706' title='bbox 1130 2679 1159 2685; x_wconf 90' lang='lat'>—-</span> <span class='ocrx_word' id='word_1_707' title='bbox 1176 2666 1205 2697; x_wconf 60' lang='lat' dir='ltr'>(c)</span> <span class='ocrx_word' id='word_1_708' title='bbox 1223 2665 1282 2689; x_wconf 67' lang='lat' dir='ltr'>Cat.</span> <span class='ocrx_word' id='word_1_709' title='bbox 1297 2665 1356 2689; x_wconf 69' lang='lat' dir='ltr'>ecla.</span> <span class='ocrx_word' id='word_1_710' title='bbox 1373 2663 1548 2694; x_wconf 83' lang='lat' dir='ltr'>intelligentia.</span> 
     </span>
    </p>
   </div>
  </div>
 </body>
</html>
