<?xml version="1.0" encoding="UTF-8"?>
<!DOCTYPE html PUBLIC "-//W3C//DTD XHTML 1.0 Transitional//EN"
    "http://www.w3.org/TR/xhtml1/DTD/xhtml1-transitional.dtd">
<html xmlns="http://www.w3.org/1999/xhtml" xml:lang="en" lang="en">
 <head>
  <title>
</title>
<meta http-equiv="Content-Type" content="text/html;charset=utf-8" />
  <meta name='ocr-system' content='tesseract 3.04.00' />
  <meta name='ocr-capabilities' content='ocr_page ocr_carea ocr_par ocr_line ocrx_word'/>
</head>
<body>
  <div class='ocr_page' id='page_1' title='image "./operaomniasixtiv08bonauoft/operaomniasixtiv08bonauoft_0331.png"; bbox 0 0 2004 3037; ppageno 0'>
   <div class='ocr_carea' id='block_1_1' title="bbox 541 203 1406 239">
    <p class='ocr_par' dir='ltr' id='par_1_1' title="bbox 541 203 1406 239">
     <span class='ocr_line' id='line_1_1' title="bbox 541 203 1406 239; baseline 0.002 -2"><span class='ocrx_word' id='word_1_1' title='bbox 541 204 592 237; x_wconf 86' lang='lat' dir='ltr'>DE</span> <span class='ocrx_word' id='word_1_2' title='bbox 613 203 947 237; x_wconf 86' lang='lat' dir='ltr'>BEATITUDINIBUS</span> <span class='ocrx_word' id='word_1_3' title='bbox 968 203 1244 238; x_wconf 85' lang='lat' dir='ltr'>EVANGELICIS.</span> <span class='ocrx_word' id='word_1_4' title='bbox 1270 206 1357 239; x_wconf 84' lang='lat' dir='ltr'><strong>CAP.</strong></span> <span class='ocrx_word' id='word_1_5' title='bbox 1382 206 1406 239; x_wconf 90' lang='grc' dir='ltr'>Ι.</span> 
     </span>
    </p>
   </div>
   <div class='ocr_carea' id='block_1_2' title="bbox 154 271 945 1677">
    <p class='ocr_par' dir='ltr' id='par_1_2' title="bbox 154 271 944 1007">
     <span class='ocr_line' id='line_1_2' title="bbox 199 271 943 310; baseline 0 -8"><span class='ocrx_word' id='word_1_6' title='bbox 199 272 298 302; x_wconf 81' lang='lat' dir='ltr'>Primo</span> <span class='ocrx_word' id='word_1_7' title='bbox 328 279 400 309; x_wconf 87' lang='lat' dir='ltr'>ergo</span> <span class='ocrx_word' id='word_1_8' title='bbox 429 273 544 302; x_wconf 84' lang='lat' dir='ltr'>donum</span> <span class='ocrx_word' id='word_1_9' title='bbox 572 271 722 310; x_wconf 66' lang='lat' dir='ltr'>sapientiae</span> <span class='ocrx_word' id='word_1_10' title='bbox 754 273 798 301; x_wconf 87' lang='lat' dir='ltr'>est</span> <span class='ocrx_word' id='word_1_11' title='bbox 827 272 943 302; x_wconf 88' lang='lat' dir='ltr'>donum</span> 
     </span>
     <span class='ocr_line' id='line_1_3' title="bbox 164 319 940 357; baseline -0.001 -9"><span class='ocrx_word' id='word_1_12' title='bbox 164 319 449 357; x_wconf 86' lang='lat' dir='ltr'>splendidissimum,</span> <span class='ocrx_word' id='word_1_13' title='bbox 465 328 528 350; x_wconf 91' lang='lat' dir='ltr'>non</span> <span class='ocrx_word' id='word_1_14' title='bbox 540 319 640 348; x_wconf 90' lang='lat' dir='ltr'>solum</span> <span class='ocrx_word' id='word_1_15' title='bbox 648 319 723 348; x_wconf 87' lang='lat' dir='ltr'>sicut</span> <span class='ocrx_word' id='word_1_16' title='bbox 736 319 792 354; x_wconf 90' lang='lat' dir='ltr'>sol,</span> <span class='ocrx_word' id='word_1_17' title='bbox 801 319 855 348; x_wconf 86' lang='lat' dir='ltr'>sed</span> <span class='ocrx_word' id='word_1_18' title='bbox 869 320 897 347; x_wconf 86' lang='lat' dir='ltr'>et</span> <span class='ocrx_word' id='word_1_19' title='bbox 907 319 940 356; x_wconf 88' lang='lat' dir='ltr'>(a)</span> 
     </span>
     <span class='ocr_line' id='line_1_4' title="bbox 154 367 943 405; baseline 0 -10"><span class='ocrx_word' id='word_1_20' title='bbox 154 367 326 405; x_wconf 77' lang='lat' dir='ltr'>plusquam</span> <span class='ocrx_word' id='word_1_21' title='bbox 339 367 395 397; x_wconf 88' lang='lat' dir='ltr'>sol.</span> <span class='ocrx_word' id='word_1_22' title='bbox 411 367 461 396; x_wconf 92' lang='lat' dir='ltr'>Sol</span> <span class='ocrx_word' id='word_1_23' title='bbox 475 367 555 396; x_wconf 87' lang='lat' dir='ltr'>enim</span> <span class='ocrx_word' id='word_1_24' title='bbox 567 367 620 395; x_wconf 83' lang='lat' dir='ltr'>iste</span> <span class='ocrx_word' id='word_1_25' title='bbox 636 374 698 396; x_wconf 89' lang='lat' dir='ltr'>non</span> <span class='ocrx_word' id='word_1_26' title='bbox 711 367 840 395; x_wconf 82' lang='lat' dir='ltr'><strong>ostendit</strong></span> <span class='ocrx_word' id='word_1_27' title='bbox 853 367 943 396; x_wconf 91' lang='lat' dir='ltr'>nobis</span> 
     </span>
     <span class='ocr_line' id='line_1_5' title="bbox 164 413 940 452; baseline -0.001 -9"><span class='ocrx_word' id='word_1_28' title='bbox 164 415 221 444; x_wconf 88' lang='lat' dir='ltr'>nisi</span> <span class='ocrx_word' id='word_1_29' title='bbox 242 423 309 452; x_wconf 74' lang='lat' dir='ltr'>quae</span> <span class='ocrx_word' id='word_1_30' title='bbox 328 416 396 443; x_wconf 86' lang='lat' dir='ltr'>sunt</span> <span class='ocrx_word' id='word_1_31' title='bbox 416 422 507 451; x_wconf 86' lang='lat' dir='ltr'>supra</span> <span class='ocrx_word' id='word_1_32' title='bbox 526 415 655 449; x_wconf 77' lang='lat' dir='ltr'>terram,</span> <span class='ocrx_word' id='word_1_33' title='bbox 671 415 700 442; x_wconf 90' lang='lat' dir='ltr'>et</span> <span class='ocrx_word' id='word_1_34' title='bbox 713 413 790 443; x_wconf 78' lang='lat' dir='ltr'>infra</span> <span class='ocrx_word' id='word_1_35' title='bbox 812 414 921 443; x_wconf 77' lang='lat' dir='ltr'>coelum</span> <span class='ocrx_word' id='word_1_36' title='bbox 931 424 940 450; x_wconf 80' lang='lat'><em>3</em></span> 
     </span>
     <span class='ocr_line' id='line_1_6' title="bbox 165 460 941 498; baseline 0 -8"><span class='ocrx_word' id='word_1_37' title='bbox 165 462 309 498; x_wconf 81' lang='lat' dir='ltr'>sapientia</span> <span class='ocrx_word' id='word_1_38' title='bbox 319 463 417 490; x_wconf 81' lang='lat' dir='ltr'>autern</span> <span class='ocrx_word' id='word_1_39' title='bbox 427 461 478 490; x_wconf 89' lang='lat' dir='ltr'>Dei</span> <span class='ocrx_word' id='word_1_40' title='bbox 491 460 561 490; x_wconf 81' lang='lat' dir='ltr'>facit</span> <span class='ocrx_word' id='word_1_41' title='bbox 572 469 627 490; x_wconf 87' lang='lat' dir='ltr'>nos</span> <span class='ocrx_word' id='word_1_42' title='bbox 638 469 816 497; x_wconf 80' lang='lat' dir='ltr'>cognoscere</span> <span class='ocrx_word' id='word_1_43' title='bbox 828 462 941 496; x_wconf 91' lang='lat' dir='ltr'>omnia,</span> 
     </span>
     <span class='ocr_line' id='line_1_7' title="bbox 164 508 943 548; baseline 0 -10"><span class='ocrx_word' id='word_1_44' title='bbox 164 510 274 538; x_wconf 84' lang='lat' dir='ltr'>scilicet</span> <span class='ocrx_word' id='word_1_45' title='bbox 294 510 441 538; x_wconf 75' lang='lat' dir='ltr'>internum</span> <span class='ocrx_word' id='word_1_46' title='bbox 447 529 457 544; x_wconf 94' lang='lat'>,</span> <span class='ocrx_word' id='word_1_47' title='bbox 471 510 511 548; x_wconf 52' lang='lat' dir='ltr'>⁴ut</span> <span class='ocrx_word' id='word_1_48' title='bbox 531 508 705 545; x_wconf 85' lang='lat' dir='ltr'>timeamus;</span> <span class='ocrx_word' id='word_1_49' title='bbox 726 508 895 543; x_wconf 90' lang='lat' dir='ltr'>mundum,</span> <span class='ocrx_word' id='word_1_50' title='bbox 911 511 943 538; x_wconf 94' lang='lat' dir='ltr'>ut</span> 
     </span>
     <span class='ocr_line' id='line_1_8' title="bbox 165 556 942 593; baseline -0.001 -8"><span class='ocrx_word' id='word_1_51' title='bbox 165 559 407 592; x_wconf 86' lang='lat' dir='ltr'>eontemnamus;</span> <span class='ocrx_word' id='word_1_52' title='bbox 425 556 548 592; x_wconf 84' lang='lat' dir='ltr'>coelum,</span> <span class='ocrx_word' id='word_1_53' title='bbox 564 558 596 585; x_wconf 92' lang='lat' dir='ltr'>ut</span> <span class='ocrx_word' id='word_1_54' title='bbox 619 558 811 593; x_wconf 78' lang='lat' dir='ltr'>appetamus3</span> <span class='ocrx_word' id='word_1_55' title='bbox 829 557 920 585; x_wconf 90' lang='lat' dir='ltr'>Deum</span> <span class='ocrx_word' id='word_1_56' title='bbox 932 577 942 592; x_wconf 92' lang='lat'>,</span> 
     </span>
     <span class='ocr_line' id='line_1_9' title="bbox 164 603 942 640; baseline -0.001 -7"><span class='ocrx_word' id='word_1_57' title='bbox 164 606 197 633; x_wconf 92' lang='lat' dir='ltr'>ut</span> <span class='ocrx_word' id='word_1_58' title='bbox 209 604 367 634; x_wconf 86' lang='lat' dir='ltr'>laudemus</span> <span class='ocrx_word' id='word_1_59' title='bbox 377 625 386 639; x_wconf 94' lang='lat'>,</span> <span class='ocrx_word' id='word_1_60' title='bbox 402 606 429 632; x_wconf 91' lang='lat' dir='ltr'>et</span> <span class='ocrx_word' id='word_1_61' title='bbox 442 604 520 632; x_wconf 86' lang='lat' dir='ltr'>istud</span> <span class='ocrx_word' id='word_1_62' title='bbox 536 605 580 632; x_wconf 86' lang='lat' dir='ltr'>est</span> <span class='ocrx_word' id='word_1_63' title='bbox 592 603 732 632; x_wconf 88' lang='lat' dir='ltr'>ultimum</span> <span class='ocrx_word' id='word_1_64' title='bbox 752 603 825 632; x_wconf 86' lang='lat' dir='ltr'>doni</span> <span class='ocrx_word' id='word_1_65' title='bbox 840 603 873 640; x_wconf 81' lang='lat' dir='ltr'>(b)</span> <span class='ocrx_word' id='word_1_66' title='bbox 891 604 942 632; x_wconf 88' lang='lat' dir='ltr'>Sa-</span> 
     </span>
     <span class='ocr_line' id='line_1_10' title="bbox 160 651 942 689; baseline 0 -10"><span class='ocrx_word' id='word_1_67' title='bbox 160 652 295 689; x_wconf 81' lang='lat' dir='ltr'>pientioe,</span> <span class='ocrx_word' id='word_1_68' title='bbox 316 653 344 680; x_wconf 90' lang='lat' dir='ltr'>et</span> <span class='ocrx_word' id='word_1_69' title='bbox 362 651 400 680; x_wconf 87' lang='lat' dir='ltr'>ab</span> <span class='ocrx_word' id='word_1_70' title='bbox 422 651 478 680; x_wconf 89' lang='lat' dir='ltr'>isto</span> <span class='ocrx_word' id='word_1_71' title='bbox 502 652 632 680; x_wconf 85' lang='lat' dir='ltr'>donatur</span> <span class='ocrx_word' id='word_1_72' title='bbox 646 672 655 687; x_wconf 93' lang='lat'><em>‚</em></span> <span class='ocrx_word' id='word_1_73' title='bbox 677 651 788 680; x_wconf 81' lang='lat' dir='ltr'>scilieet</span> <span class='ocrx_word' id='word_1_74' title='bbox 811 651 942 687; x_wconf 81' lang='lat' dir='ltr'>cognitio</span> 
     </span>
     <span class='ocr_line' id='line_1_11' title="bbox 164 698 943 735; baseline 0.001 -8"><span class='ocrx_word' id='word_1_75' title='bbox 164 698 359 734; x_wconf 85' lang='lat' dir='ltr'>divinorum,</span> <span class='ocrx_word' id='word_1_76' title='bbox 383 700 415 727; x_wconf 89' lang='lat' dir='ltr'>ut</span> <span class='ocrx_word' id='word_1_77' title='bbox 435 699 505 727; x_wconf 87' lang='lat' dir='ltr'>dicit</span> <span class='ocrx_word' id='word_1_78' title='bbox 527 698 716 734; x_wconf 82' lang='lat' dir='ltr'><strong>Augustinus.</strong></span> <span class='ocrx_word' id='word_1_79' title='bbox 738 700 770 727; x_wconf 91' lang='lat' dir='ltr'>Et</span> <span class='ocrx_word' id='word_1_80' title='bbox 784 700 943 735; x_wconf 84' lang='lat' dir='ltr'>propterea</span> 
     </span>
     <span class='ocr_line' id='line_1_12' title="bbox 163 743 943 781; baseline 0.001 -9"><span class='ocrx_word' id='word_1_81' title='bbox 163 743 271 773; x_wconf 85' lang='lat' dir='ltr'>dieitur</span> <span class='ocrx_word' id='word_1_82' title='bbox 293 745 325 773; x_wconf 91' lang='lat' dir='ltr'>in</span> <span class='ocrx_word' id='word_1_83' title='bbox 349 744 428 773; x_wconf 86' lang='lat' dir='ltr'>libro</span> <span class='ocrx_word' id='word_1_84' title='bbox 449 745 597 781; x_wconf 80' lang='lat' dir='ltr'>Sapientiae</span> <span class='ocrx_word' id='word_1_85' title='bbox 615 750 622 767; x_wconf 83' lang='lat'><strong>¹</strong></span> <span class='ocrx_word' id='word_1_86' title='bbox 643 754 650 772; x_wconf 94' lang='lat'>:</span> <span class='ocrx_word' id='word_1_87' title='bbox 667 745 748 779; x_wconf 82' lang='lat' dir='ltr'>Hoeo,</span> <span class='ocrx_word' id='word_1_88' title='bbox 768 745 880 773; x_wconf 85' lang='lat' dir='ltr'>seilicet</span> <span class='ocrx_word' id='word_1_89' title='bbox 897 753 943 774; x_wconf 86' lang='lat' dir='ltr'>sa-</span> 
     </span>
     <span class='ocr_line' id='line_1_13' title="bbox 163 791 942 829; baseline -0.001 -9"><span class='ocrx_word' id='word_1_90' title='bbox 163 791 289 829; x_wconf 84' lang='lat' dir='ltr'>pientia,</span> <span class='ocrx_word' id='word_1_91' title='bbox 305 795 345 819; x_wconf 83' lang='lat' dir='ltr'>est</span> <span class='ocrx_word' id='word_1_92' title='bbox 359 794 504 827; x_wconf 77' lang='lat' dir='ltr'><em>speciosior</em></span> <span class='ocrx_word' id='word_1_93' title='bbox 518 793 587 826; x_wconf 84' lang='lat' dir='ltr'>sole,</span> <span class='ocrx_word' id='word_1_94' title='bbox 603 794 628 819; x_wconf 84' lang='lat' dir='ltr'>et</span> <span class='ocrx_word' id='word_1_95' title='bbox 642 800 721 828; x_wconf 82' lang='lat' dir='ltr'>super</span> <span class='ocrx_word' id='word_1_96' title='bbox 735 800 837 820; x_wconf 80' lang='lat' dir='ltr'>omnem</span> <span class='ocrx_word' id='word_1_97' title='bbox 852 792 942 828; x_wconf 83' lang='lat' dir='ltr'>dispo-</span> 
     </span>
     <span class='ocr_line' id='line_1_14' title="bbox 162 837 944 873; baseline 0 -8"><span class='ocrx_word' id='word_1_98' title='bbox 162 838 289 865; x_wconf 84' lang='lat' dir='ltr'>sitionem</span> <span class='ocrx_word' id='word_1_99' title='bbox 311 838 465 873; x_wconf 74' lang='lat' dir='ltr'>stellarum3</span> <span class='ocrx_word' id='word_1_100' title='bbox 483 838 538 865; x_wconf 77' lang='lat' dir='ltr'>laci</span> <span class='ocrx_word' id='word_1_101' title='bbox 556 840 728 873; x_wconf 81' lang='lat' dir='ltr'>comparata,</span> <span class='ocrx_word' id='word_1_102' title='bbox 751 837 782 873; x_wconf 83' lang='lat' dir='ltr'>(c)</span> <span class='ocrx_word' id='word_1_103' title='bbox 804 839 944 865; x_wconf 75' lang='lat' dir='ltr'>invenitur</span> 
     </span>
     <span class='ocr_line' id='line_1_15' title="bbox 161 884 943 921; baseline 0.004 -9"><span class='ocrx_word' id='word_1_104' title='bbox 161 886 242 921; x_wconf 83' lang='lat' dir='ltr'>prior</span> <span class='ocrx_word' id='word_1_105' title='bbox 256 894 265 912; x_wconf 71' lang='lat' dir='ltr'>t</span> <span class='ocrx_word' id='word_1_106' title='bbox 281 884 353 921; x_wconf 87' lang='lat' dir='ltr'>quia</span> <span class='ocrx_word' id='word_1_107' title='bbox 375 893 429 921; x_wconf 86' lang='lat' dir='ltr'>per</span> <span class='ocrx_word' id='word_1_108' title='bbox 451 885 549 914; x_wconf 87' lang='lat' dir='ltr'>lucem</span> <span class='ocrx_word' id='word_1_109' title='bbox 570 885 700 913; x_wconf 84' lang='lat' dir='ltr'>visibilia</span> <span class='ocrx_word' id='word_1_110' title='bbox 721 885 861 913; x_wconf 82' lang='lat' dir='ltr'>videntur</span> <span class='ocrx_word' id='word_1_111' title='bbox 880 887 943 915; x_wconf 87' lang='lat' dir='ltr'>tan-</span> 
     </span>
     <span class='ocr_line' id='line_1_16' title="bbox 164 931 943 970; baseline 0.003 -11"><span class='ocrx_word' id='word_1_112' title='bbox 164 933 243 966; x_wconf 89' lang='lat' dir='ltr'>tum,</span> <span class='ocrx_word' id='word_1_113' title='bbox 255 939 309 968; x_wconf 85' lang='lat' dir='ltr'>per</span> <span class='ocrx_word' id='word_1_114' title='bbox 323 932 499 968; x_wconf 85' lang='lat' dir='ltr'>sapientiam</span> <span class='ocrx_word' id='word_1_115' title='bbox 512 940 583 962; x_wconf 78' lang='lat' dir='ltr'>vero</span> <span class='ocrx_word' id='word_1_116' title='bbox 599 932 688 960; x_wconf 81' lang='lat' dir='ltr'>etlam</span> <span class='ocrx_word' id='word_1_117' title='bbox 699 931 861 961; x_wconf 85' lang='lat' dir='ltr'>invisibilia</span> <span class='ocrx_word' id='word_1_118' title='bbox 875 941 943 970; x_wconf 85' lang='lat' dir='ltr'>cog-</span> 
     </span>
     <span class='ocr_line' id='line_1_17' title="bbox 164 979 337 1007; baseline 0 -1"><span class='ocrx_word' id='word_1_119' title='bbox 164 979 337 1007; x_wconf 84' lang='lat' dir='ltr'>noscuntur.</span> 
     </span>
    </p>

    <p class='ocr_par' dir='ltr' id='par_1_3' title="bbox 162 1025 945 1677">
     <span class='ocr_line' id='line_1_18' title="bbox 200 1025 943 1063; baseline 0.004 -10"><span class='ocrx_word' id='word_1_120' title='bbox 200 1025 336 1053; x_wconf 84' lang='lat' dir='ltr'>Secundo</span> <span class='ocrx_word' id='word_1_121' title='bbox 360 1025 504 1062; x_wconf 82' lang='lat' dir='ltr'>sapientia</span> <span class='ocrx_word' id='word_1_122' title='bbox 524 1026 568 1054; x_wconf 90' lang='lat' dir='ltr'>est</span> <span class='ocrx_word' id='word_1_123' title='bbox 591 1025 706 1054; x_wconf 88' lang='lat' dir='ltr'>donum</span> <span class='ocrx_word' id='word_1_124' title='bbox 721 1026 943 1063; x_wconf 85' lang='lat' dir='ltr'>sapidissimum</span> 
     </span>
     <span class='ocr_line' id='line_1_19' title="bbox 164 1072 943 1108; baseline 0.004 -9"><span class='ocrx_word' id='word_1_125' title='bbox 164 1072 255 1100; x_wconf 83' lang='lat' dir='ltr'>instar</span> <span class='ocrx_word' id='word_1_126' title='bbox 268 1072 381 1105; x_wconf 89' lang='lat' dir='ltr'>mellis,</span> <span class='ocrx_word' id='word_1_127' title='bbox 397 1081 460 1101; x_wconf 90' lang='lat' dir='ltr'>non</span> <span class='ocrx_word' id='word_1_128' title='bbox 479 1072 578 1101; x_wconf 90' lang='lat' dir='ltr'>solum</span> <span class='ocrx_word' id='word_1_129' title='bbox 597 1073 672 1101; x_wconf 86' lang='lat' dir='ltr'>siout</span> <span class='ocrx_word' id='word_1_130' title='bbox 690 1073 769 1108; x_wconf 86' lang='lat' dir='ltr'>mel,</span> <span class='ocrx_word' id='word_1_131' title='bbox 787 1073 840 1102; x_wconf 88' lang='lat' dir='ltr'>sed</span> <span class='ocrx_word' id='word_1_132' title='bbox 855 1075 943 1103; x_wconf 87' lang='lat' dir='ltr'>etiam</span> 
     </span>
     <span class='ocr_line' id='line_1_20' title="bbox 162 1118 944 1157; baseline 0.003 -10"><span class='ocrx_word' id='word_1_133' title='bbox 162 1118 325 1155; x_wconf 81' lang='lat' dir='ltr'><strong>plusquam</strong></span> <span class='ocrx_word' id='word_1_134' title='bbox 346 1119 417 1147; x_wconf 89' lang='lat' dir='ltr'>mel.</span> <span class='ocrx_word' id='word_1_135' title='bbox 434 1119 515 1148; x_wconf 86' lang='lat' dir='ltr'>Unde</span> <span class='ocrx_word' id='word_1_136' title='bbox 540 1120 612 1148; x_wconf 86' lang='lat' dir='ltr'>dicit</span> <span class='ocrx_word' id='word_1_137' title='bbox 630 1120 779 1157; x_wconf 79' lang='lat' dir='ltr'>Sapientia</span> <span class='ocrx_word' id='word_1_138' title='bbox 801 1121 832 1149; x_wconf 89' lang='lat' dir='ltr'>in</span> <span class='ocrx_word' id='word_1_139' title='bbox 852 1122 944 1150; x_wconf 79' lang='lat' dir='ltr'>Eccle-</span> 
     </span>
     <span class='ocr_line' id='line_1_21' title="bbox 163 1167 942 1204; baseline 0.004 -10"><span class='ocrx_word' id='word_1_140' title='bbox 163 1168 275 1194; x_wconf 88' lang='lat' dir='ltr'>siastico</span> <span class='ocrx_word' id='word_1_141' title='bbox 287 1168 316 1195; x_wconf 78' lang='lat'>2:</span> <span class='ocrx_word' id='word_1_142' title='bbox 333 1167 455 1202; x_wconf 74' lang='lat' dir='ltr'>Spiritus</span> <span class='ocrx_word' id='word_1_143' title='bbox 474 1175 547 1195; x_wconf 86' lang='lat' dir='ltr'>meus</span> <span class='ocrx_word' id='word_1_144' title='bbox 562 1175 644 1203; x_wconf 81' lang='lat' dir='ltr'>snper</span> <span class='ocrx_word' id='word_1_145' title='bbox 661 1169 713 1196; x_wconf 79' lang='lat' dir='ltr'>mel</span> <span class='ocrx_word' id='word_1_146' title='bbox 735 1168 837 1204; x_wconf 79' lang='lat' dir='ltr'>dulcis,</span> <span class='ocrx_word' id='word_1_147' title='bbox 854 1172 878 1197; x_wconf 86' lang='lat' dir='ltr'>et</span> <span class='ocrx_word' id='word_1_148' title='bbox 897 1169 942 1198; x_wconf 80' lang='lat' dir='ltr'>he-</span> 
     </span>
     <span class='ocr_line' id='line_1_22' title="bbox 165 1213 942 1253; baseline 0.006 -12"><span class='ocrx_word' id='word_1_149' title='bbox 165 1213 270 1242; x_wconf 81' lang='lat' dir='ltr'>reditas</span> <span class='ocrx_word' id='word_1_150' title='bbox 291 1222 350 1242; x_wconf 86' lang='lat' dir='ltr'>mea</span> <span class='ocrx_word' id='word_1_151' title='bbox 372 1223 453 1250; x_wconf 77' lang='lat' dir='ltr'>saper·</span> <span class='ocrx_word' id='word_1_152' title='bbox 476 1216 528 1243; x_wconf 84' lang='lat' dir='ltr'>mel</span> <span class='ocrx_word' id='word_1_153' title='bbox 553 1217 579 1243; x_wconf 86' lang='lat' dir='ltr'>et</span> <span class='ocrx_word' id='word_1_154' title='bbox 602 1216 705 1249; x_wconf 81' lang='lat' dir='ltr'>favum.</span> <span class='ocrx_word' id='word_1_155' title='bbox 731 1216 786 1245; x_wconf 85' lang='lat' dir='ltr'>Mel</span> <span class='ocrx_word' id='word_1_156' title='bbox 811 1224 942 1253; x_wconf 82' lang='lat' dir='ltr'>namque</span> 
     </span>
     <span class='ocr_line' id='line_1_23' title="bbox 164 1261 944 1300; baseline 0.004 -11"><span class='ocrx_word' id='word_1_157' title='bbox 164 1268 260 1289; x_wconf 86' lang='lat' dir='ltr'>unum</span> <span class='ocrx_word' id='word_1_158' title='bbox 273 1261 363 1290; x_wconf 80' lang='lat' dir='ltr'>habet</span> <span class='ocrx_word' id='word_1_159' title='bbox 379 1270 534 1298; x_wconf 83' lang='lat' dir='ltr'>saporem,</span> <span class='ocrx_word' id='word_1_160' title='bbox 553 1264 580 1290; x_wconf 89' lang='lat' dir='ltr'>et</span> <span class='ocrx_word' id='word_1_161' title='bbox 594 1262 647 1290; x_wconf 91' lang='lat' dir='ltr'>illo</span> <span class='ocrx_word' id='word_1_162' title='bbox 663 1264 778 1298; x_wconf 84' lang='lat' dir='ltr'>gustato</span> <span class='ocrx_word' id='word_1_163' title='bbox 794 1262 944 1300; x_wconf 90' lang='lat' dir='ltr'>desipiunt</span> 
     </span>
     <span class='ocr_line' id='line_1_24' title="bbox 165 1307 944 1347; baseline 0.005 -11"><span class='ocrx_word' id='word_1_164' title='bbox 165 1307 225 1336; x_wconf 85' lang='lat' dir='ltr'>alia</span> <span class='ocrx_word' id='word_1_165' title='bbox 247 1309 336 1337; x_wconf 87' lang='lat' dir='ltr'>etiam</span> <span class='ocrx_word' id='word_1_166' title='bbox 356 1309 504 1345; x_wconf 73' lang='lat' dir='ltr'>meliora,</span> <span class='ocrx_word' id='word_1_167' title='bbox 528 1309 602 1338; x_wconf 82' lang='lat' dir='ltr'>sieut</span> <span class='ocrx_word' id='word_1_168' title='bbox 622 1310 727 1338; x_wconf 87' lang='lat' dir='ltr'>vinum</span> <span class='ocrx_word' id='word_1_169' title='bbox 739 1330 750 1345; x_wconf 93' lang='lat'>,</span> <span class='ocrx_word' id='word_1_170' title='bbox 773 1310 857 1346; x_wconf 86' lang='lat' dir='ltr'>quod</span> <span class='ocrx_word' id='word_1_171' title='bbox 877 1313 944 1347; x_wconf 86' lang='lat' dir='ltr'>post</span> 
     </span>
     <span class='ocr_line' id='line_1_25' title="bbox 164 1355 943 1393; baseline 0.005 -10"><span class='ocrx_word' id='word_1_172' title='bbox 164 1355 262 1384; x_wconf 90' lang='lat' dir='ltr'>mellis</span> <span class='ocrx_word' id='word_1_173' title='bbox 276 1359 411 1392; x_wconf 84' lang='lat' dir='ltr'>gustum,</span> <span class='ocrx_word' id='word_1_174' title='bbox 426 1365 489 1385; x_wconf 90' lang='lat' dir='ltr'>non</span> <span class='ocrx_word' id='word_1_175' title='bbox 504 1359 628 1393; x_wconf 81' lang='lat' dir='ltr'>apparet</span> <span class='ocrx_word' id='word_1_176' title='bbox 648 1357 796 1393; x_wconf 84' lang='lat' dir='ltr'>sapidum.</span> <span class='ocrx_word' id='word_1_177' title='bbox 818 1358 875 1386; x_wconf 88' lang='lat' dir='ltr'>Sed</span> <span class='ocrx_word' id='word_1_178' title='bbox 896 1367 943 1387; x_wconf 86' lang='lat' dir='ltr'>sa-</span> 
     </span>
     <span class='ocr_line' id='line_1_26' title="bbox 164 1403 944 1443; baseline 0.006 -13"><span class='ocrx_word' id='word_1_179' title='bbox 164 1403 275 1439; x_wconf 83' lang='lat' dir='ltr'>pientia</span> <span class='ocrx_word' id='word_1_180' title='bbox 303 1404 404 1432; x_wconf 77' lang='lat' dir='ltr'>d1vina</span> <span class='ocrx_word' id='word_1_181' title='bbox 430 1412 551 1432; x_wconf 87' lang='lat' dir='ltr'>omnem</span> <span class='ocrx_word' id='word_1_182' title='bbox 576 1405 666 1434; x_wconf 83' lang='lat' dir='ltr'>habet</span> <span class='ocrx_word' id='word_1_183' title='bbox 690 1413 846 1441; x_wconf 83' lang='lat' dir='ltr'>saporem,</span> <span class='ocrx_word' id='word_1_184' title='bbox 872 1407 944 1443; x_wconf 91' lang='lat' dir='ltr'>quia</span> 
     </span>
     <span class='ocr_line' id='line_1_27' title="bbox 165 1449 944 1487; baseline 0.006 -10"><span class='ocrx_word' id='word_1_185' title='bbox 165 1449 222 1478; x_wconf 88' lang='lat' dir='ltr'>sibi</span> <span class='ocrx_word' id='word_1_186' title='bbox 236 1450 354 1487; x_wconf 87' lang='lat' dir='ltr'>sapiunt</span> <span class='ocrx_word' id='word_1_187' title='bbox 367 1451 468 1479; x_wconf 86' lang='lat' dir='ltr'>omnia</span> <span class='ocrx_word' id='word_1_188' title='bbox 483 1453 515 1479; x_wconf 89' lang='lat' dir='ltr'>ut</span> <span class='ocrx_word' id='word_1_189' title='bbox 531 1452 641 1480; x_wconf 87' lang='lat' dir='ltr'>debent</span> <span class='ocrx_word' id='word_1_190' title='bbox 654 1461 660 1479; x_wconf 87' lang='lat'>:</span> <span class='ocrx_word' id='word_1_191' title='bbox 672 1452 782 1480; x_wconf 79' lang='lat' dir='ltr'>scilicet</span> <span class='ocrx_word' id='word_1_192' title='bbox 794 1454 854 1480; x_wconf 84' lang='lat' dir='ltr'>tam</span> <span class='ocrx_word' id='word_1_193' title='bbox 864 1453 944 1482; x_wconf 86' lang='lat' dir='ltr'>mala</span> 
     </span>
     <span class='ocr_line' id='line_1_28' title="bbox 165 1497 942 1537; baseline 0.004 -12"><span class='ocrx_word' id='word_1_194' title='bbox 165 1505 257 1534; x_wconf 86' lang='lat' dir='ltr'>quam</span> <span class='ocrx_word' id='word_1_195' title='bbox 280 1497 363 1526; x_wconf 86' lang='lat' dir='ltr'>bona</span> <span class='ocrx_word' id='word_1_196' title='bbox 383 1498 561 1534; x_wconf 82' lang='lat' dir='ltr'>temporalia</span> <span class='ocrx_word' id='word_1_197' title='bbox 574 1519 583 1534; x_wconf 87' lang='lat'><em>‚</em></span> <span class='ocrx_word' id='word_1_198' title='bbox 605 1500 638 1526; x_wconf 90' lang='lat' dir='ltr'>ut</span> <span class='ocrx_word' id='word_1_199' title='bbox 655 1499 726 1526; x_wconf 81' lang='lat' dir='ltr'>vilia</span> <span class='ocrx_word' id='word_1_200' title='bbox 747 1501 775 1527; x_wconf 86' lang='lat' dir='ltr'>et</span> <span class='ocrx_word' id='word_1_201' title='bbox 794 1499 942 1537; x_wconf 80' lang='lat' dir='ltr'>insipida3</span> 
     </span>
     <span class='ocr_line' id='line_1_29' title="bbox 163 1544 945 1582; baseline 0.005 -10"><span class='ocrx_word' id='word_1_202' title='bbox 163 1544 246 1572; x_wconf 90' lang='lat' dir='ltr'>bona</span> <span class='ocrx_word' id='word_1_203' title='bbox 269 1545 433 1581; x_wconf 78' lang='lat' dir='ltr'>spiritualia</span> <span class='ocrx_word' id='word_1_204' title='bbox 447 1565 458 1580; x_wconf 91' lang='lat'>,</span> <span class='ocrx_word' id='word_1_205' title='bbox 480 1548 512 1573; x_wconf 89' lang='lat' dir='ltr'>ut</span> <span class='ocrx_word' id='word_1_206' title='bbox 543 1554 630 1581; x_wconf 71' lang='lat' dir='ltr'>cara,</span> <span class='ocrx_word' id='word_1_207' title='bbox 651 1545 733 1574; x_wconf 86' lang='lat' dir='ltr'>bona</span> <span class='ocrx_word' id='word_1_208' title='bbox 760 1548 889 1582; x_wconf 80' lang='lat' dir='ltr'>aeterna,</span> <span class='ocrx_word' id='word_1_209' title='bbox 913 1550 945 1576; x_wconf 90' lang='lat' dir='ltr'>ut</span> 
     </span>
     <span class='ocr_line' id='line_1_30' title="bbox 164 1591 944 1624; baseline 0.004 -4"><span class='ocrx_word' id='word_1_210' title='bbox 164 1591 314 1621; x_wconf 78' lang='lat' dir='ltr'>fructuosa</span> <span class='ocrx_word' id='word_1_211' title='bbox 337 1594 365 1620; x_wconf 90' lang='lat' dir='ltr'>et</span> <span class='ocrx_word' id='word_1_212' title='bbox 387 1601 501 1621; x_wconf 89' lang='lat' dir='ltr'>summe</span> <span class='ocrx_word' id='word_1_213' title='bbox 527 1593 652 1622; x_wconf 82' lang='lat' dir='ltr'>nobilia.</span> <span class='ocrx_word' id='word_1_214' title='bbox 674 1593 755 1622; x_wconf 87' lang='lat' dir='ltr'>Unde</span> <span class='ocrx_word' id='word_1_215' title='bbox 781 1594 889 1623; x_wconf 83' lang='lat' dir='ltr'>dicitur</span> <span class='ocrx_word' id='word_1_216' title='bbox 912 1595 944 1624; x_wconf 90' lang='lat' dir='ltr'>in</span> 
     </span>
     <span class='ocr_line' id='line_1_31' title="bbox 164 1640 944 1677; baseline 0.003 -9"><span class='ocrx_word' id='word_1_217' title='bbox 164 1640 353 1669; x_wconf 82' lang='lat' dir='ltr'><em>Ecclesiastico</em></span> <span class='ocrx_word' id='word_1_218' title='bbox 373 1640 383 1659; x_wconf 81' lang='lat'>³</span> <span class='ocrx_word' id='word_1_219' title='bbox 398 1649 406 1668; x_wconf 83' lang='grc'>.-</span> <span class='ocrx_word' id='word_1_220' title='bbox 421 1640 564 1677; x_wconf 77' lang='lat' dir='ltr'><em>Sapientia</em></span> <span class='ocrx_word' id='word_1_221' title='bbox 587 1641 732 1670; x_wconf 83' lang='lat' dir='ltr'>secundum</span> <span class='ocrx_word' id='word_1_222' title='bbox 752 1649 847 1670; x_wconf 82' lang='lat' dir='ltr'>nomen</span> <span class='ocrx_word' id='word_1_223' title='bbox 865 1650 944 1671; x_wconf 83' lang='lat' dir='ltr'>suum</span> 
     </span>
    </p>
   </div>
   <div class='ocr_carea' id='block_1_3' title="bbox 1720 211 1776 241">
    <p class='ocr_par' dir='ltr' id='par_1_4' title="bbox 1720 211 1776 241">
     <span class='ocr_line' id='line_1_32' title="bbox 1720 211 1776 241; baseline 0 0"><span class='ocrx_word' id='word_1_224' title='bbox 1720 211 1776 241; x_wconf 80' lang='lat'>³11</span> 
     </span>
    </p>
   </div>
   <div class='ocr_carea' id='block_1_4' title="bbox 992 272 1779 1680">
    <p class='ocr_par' dir='ltr' id='par_1_5' title="bbox 996 272 1779 594">
     <span class='ocr_line' id='line_1_33' title="bbox 998 272 1779 311; baseline 0.005 -9"><span class='ocrx_word' id='word_1_225' title='bbox 998 273 1052 308; x_wconf 86' lang='lat' dir='ltr'>est,</span> <span class='ocrx_word' id='word_1_226' title='bbox 1073 272 1185 302; x_wconf 80' lang='lat' dir='ltr'>seilicet</span> <span class='ocrx_word' id='word_1_227' title='bbox 1209 273 1318 310; x_wconf 84' lang='lat' dir='ltr'>sapida</span> <span class='ocrx_word' id='word_1_228' title='bbox 1339 274 1477 311; x_wconf 82' lang='lat' dir='ltr'>scientia,</span> <span class='ocrx_word' id='word_1_229' title='bbox 1495 278 1522 304; x_wconf 83' lang='lat' dir='ltr'>et</span> <span class='ocrx_word' id='word_1_230' title='bbox 1543 284 1598 305; x_wconf 83' lang='lat' dir='ltr'>non</span> <span class='ocrx_word' id='word_1_231' title='bbox 1617 277 1714 306; x_wconf 77' lang='lat' dir='ltr'>multis</span> <span class='ocrx_word' id='word_1_232' title='bbox 1738 279 1779 307; x_wconf 79' lang='lat' dir='ltr'>est</span> 
     </span>
     <span class='ocr_line' id='line_1_34' title="bbox 997 319 1779 354; baseline 0.009 -7"><span class='ocrx_word' id='word_1_233' title='bbox 997 321 1157 354; x_wconf 78' lang='lat' dir='ltr'>manifesta.</span> <span class='ocrx_word' id='word_1_234' title='bbox 1180 319 1251 349; x_wconf 85' lang='lat' dir='ltr'>Ideo</span> <span class='ocrx_word' id='word_1_235' title='bbox 1274 320 1346 350; x_wconf 81' lang='lat' dir='ltr'>dicit</span> <span class='ocrx_word' id='word_1_236' title='bbox 1369 322 1536 352; x_wconf 78' lang='lat' dir='ltr'>Bernartius</span> <span class='ocrx_word' id='word_1_237' title='bbox 1550 324 1561 342; x_wconf 73' lang='lat'>¹¹</span> <span class='ocrx_word' id='word_1_238' title='bbox 1577 333 1585 353; x_wconf 91' lang='lat'><strong>:</strong></span> <span class='ocrx_word' id='word_1_239' title='bbox 1605 333 1619 351; x_wconf 79' lang='grc' dir='ltr'>α</span> <span class='ocrx_word' id='word_1_240' title='bbox 1639 323 1779 354; x_wconf 86' lang='lat' dir='ltr'>Invenisti</span> 
     </span>
     <span class='ocr_line' id='line_1_35' title="bbox 996 367 1777 409; baseline 0.009 -14"><span class='ocrx_word' id='word_1_241' title='bbox 996 367 1085 404; x_wconf 85' lang='lat' dir='ltr'>plene</span> <span class='ocrx_word' id='word_1_242' title='bbox 1102 367 1295 404; x_wconf 84' lang='lat' dir='ltr'>sapientiam,</span> <span class='ocrx_word' id='word_1_243' title='bbox 1310 368 1334 396; x_wconf 86' lang='lat' dir='ltr'>si</span> <span class='ocrx_word' id='word_1_244' title='bbox 1359 369 1467 405; x_wconf 82' lang='lat' dir='ltr'>prioris</span> <span class='ocrx_word' id='word_1_245' title='bbox 1492 370 1559 400; x_wconf 80' lang='lat' dir='ltr'>vitae</span> <span class='ocrx_word' id='word_1_246' title='bbox 1579 373 1703 409; x_wconf 78' lang='lat' dir='ltr'>peecata.</span> <span class='ocrx_word' id='word_1_247' title='bbox 1725 372 1777 402; x_wconf 83' lang='lat' dir='ltr'>de-</span> 
     </span>
     <span class='ocr_line' id='line_1_36' title="bbox 998 414 1774 456; baseline 0.009 -14"><span class='ocrx_word' id='word_1_248' title='bbox 998 414 1088 451; x_wconf 85' lang='lat' dir='ltr'>sseas;</span> <span class='ocrx_word' id='word_1_249' title='bbox 1104 415 1128 442; x_wconf 86' lang='lat' dir='ltr'>si</span> <span class='ocrx_word' id='word_1_250' title='bbox 1143 415 1232 451; x_wconf 85' lang='lat' dir='ltr'>hujus</span> <span class='ocrx_word' id='word_1_251' title='bbox 1247 415 1346 444; x_wconf 82' lang='lat' dir='ltr'>saeculi</span> <span class='ocrx_word' id='word_1_252' title='bbox 1369 415 1519 446; x_wconf 84' lang='lat' dir='ltr'>desideria</span> <span class='ocrx_word' id='word_1_253' title='bbox 1534 419 1620 454; x_wconf 84' lang='lat' dir='ltr'>parvi</span> <span class='ocrx_word' id='word_1_254' title='bbox 1643 419 1774 456; x_wconf 82' lang='lat' dir='ltr'>pendas;</span> 
     </span>
     <span class='ocr_line' id='line_1_37' title="bbox 997 462 1777 498; baseline 0.01 -8"><span class='ocrx_word' id='word_1_255' title='bbox 997 462 1022 490; x_wconf 88' lang='lat' dir='ltr'>si</span> <span class='ocrx_word' id='word_1_256' title='bbox 1037 465 1176 491; x_wconf 83' lang='lat' dir='ltr'>aeternam</span> <span class='ocrx_word' id='word_1_257' title='bbox 1190 463 1406 491; x_wconf 85' lang='lat' dir='ltr'>beatitudinem</span> <span class='ocrx_word' id='word_1_258' title='bbox 1420 465 1483 492; x_wconf 88' lang='lat' dir='ltr'>toto</span> <span class='ocrx_word' id='word_1_259' title='bbox 1501 465 1649 495; x_wconf 84' lang='lat' dir='ltr'>desiderio</span> <span class='ocrx_word' id='word_1_260' title='bbox 1668 475 1777 498; x_wconf 82' lang='lat' dir='ltr'>concu-</span> 
     </span>
     <span class='ocr_line' id='line_1_38' title="bbox 997 510 1776 550; baseline 0.009 -13"><span class='ocrx_word' id='word_1_261' title='bbox 997 510 1103 546; x_wconf 85' lang='lat' dir='ltr'>piscas.</span> <span class='ocrx_word' id='word_1_262' title='bbox 1121 510 1257 538; x_wconf 86' lang='lat' dir='ltr'>Invenisti</span> <span class='ocrx_word' id='word_1_263' title='bbox 1272 510 1467 546; x_wconf 81' lang='lat' dir='ltr'>sapientiam,</span> <span class='ocrx_word' id='word_1_264' title='bbox 1481 511 1506 540; x_wconf 87' lang='lat' dir='ltr'>si</span> <span class='ocrx_word' id='word_1_265' title='bbox 1520 512 1575 541; x_wconf 86' lang='lat' dir='ltr'>tihi</span> <span class='ocrx_word' id='word_1_266' title='bbox 1586 513 1706 550; x_wconf 85' lang='lat' dir='ltr'>singula</span> <span class='ocrx_word' id='word_1_267' title='bbox 1719 515 1776 545; x_wconf 87' lang='lat' dir='ltr'>ho-</span> 
     </span>
     <span class='ocr_line' id='line_1_39' title="bbox 997 557 1417 594; baseline 0 -8"><span class='ocrx_word' id='word_1_268' title='bbox 997 564 1064 586; x_wconf 85' lang='lat' dir='ltr'>rum</span> <span class='ocrx_word' id='word_1_269' title='bbox 1079 557 1195 594; x_wconf 87' lang='lat' dir='ltr'>sapiant</span> <span class='ocrx_word' id='word_1_270' title='bbox 1207 559 1298 594; x_wconf 86' lang='lat' dir='ltr'>prout</span> <span class='ocrx_word' id='word_1_271' title='bbox 1309 559 1386 586; x_wconf 92' lang='lat' dir='ltr'>sunt.</span> <span class='ocrx_word' id='word_1_272' title='bbox 1403 567 1417 585; x_wconf 72' lang='grc' dir='ltr'>γ»</span> 
     </span>
    </p>

    <p class='ocr_par' dir='ltr' id='par_1_6' title="bbox 992 605 1779 1680">
     <span class='ocr_line' id='line_1_40' title="bbox 1032 605 1778 643; baseline 0.009 -11"><span class='ocrx_word' id='word_1_273' title='bbox 1032 605 1126 633; x_wconf 88' lang='lat' dir='ltr'>Tertio</span> <span class='ocrx_word' id='word_1_274' title='bbox 1148 605 1293 642; x_wconf 83' lang='lat' dir='ltr'>sapientia</span> <span class='ocrx_word' id='word_1_275' title='bbox 1311 607 1353 634; x_wconf 87' lang='lat' dir='ltr'>est</span> <span class='ocrx_word' id='word_1_276' title='bbox 1375 605 1491 634; x_wconf 87' lang='lat' dir='ltr'>donum</span> <span class='ocrx_word' id='word_1_277' title='bbox 1509 607 1778 643; x_wconf 84' lang='lat' dir='ltr'>profundissimum</span> 
     </span>
     <span class='ocr_line' id='line_1_41' title="bbox 996 651 1778 689; baseline 0.009 -10"><span class='ocrx_word' id='word_1_278' title='bbox 996 651 1089 680; x_wconf 86' lang='lat' dir='ltr'>instar</span> <span class='ocrx_word' id='word_1_279' title='bbox 1104 652 1194 680; x_wconf 88' lang='lat' dir='ltr'>maris</span> <span class='ocrx_word' id='word_1_280' title='bbox 1202 662 1210 687; x_wconf 76' lang='lat'><em>3</em></span> <span class='ocrx_word' id='word_1_281' title='bbox 1226 660 1289 681; x_wconf 89' lang='lat' dir='ltr'>non</span> <span class='ocrx_word' id='word_1_282' title='bbox 1308 652 1406 681; x_wconf 87' lang='lat' dir='ltr'>solum</span> <span class='ocrx_word' id='word_1_283' title='bbox 1420 653 1495 682; x_wconf 89' lang='lat' dir='ltr'>sicut</span> <span class='ocrx_word' id='word_1_284' title='bbox 1509 662 1606 689; x_wconf 84' lang='lat' dir='ltr'>mare,</span> <span class='ocrx_word' id='word_1_285' title='bbox 1620 655 1674 684; x_wconf 84' lang='lat' dir='ltr'>sed</span> <span class='ocrx_word' id='word_1_286' title='bbox 1688 656 1778 686; x_wconf 82' lang='lat' dir='ltr'>etiam</span> 
     </span>
     <span class='ocr_line' id='line_1_42' title="bbox 996 698 1777 741; baseline 0.009 -15"><span class='ocrx_word' id='word_1_287' title='bbox 996 698 1158 735; x_wconf 82' lang='lat' dir='ltr'>plusquam</span> <span class='ocrx_word' id='word_1_288' title='bbox 1182 707 1288 727; x_wconf 86' lang='lat' dir='ltr'>mare:</span> <span class='ocrx_word' id='word_1_289' title='bbox 1311 699 1382 736; x_wconf 80' lang='lat' dir='ltr'>quia</span> <span class='ocrx_word' id='word_1_290' title='bbox 1406 708 1489 729; x_wconf 84' lang='lat' dir='ltr'>mare</span> <span class='ocrx_word' id='word_1_291' title='bbox 1513 700 1604 730; x_wconf 88' lang='lat' dir='ltr'>habet</span> <span class='ocrx_word' id='word_1_292' title='bbox 1629 702 1777 741; x_wconf 83' lang='lat' dir='ltr'>fundum;</span> 
     </span>
     <span class='ocr_line' id='line_1_43' title="bbox 997 746 1777 785; baseline 0.009 -12"><span class='ocrx_word' id='word_1_293' title='bbox 997 746 1142 782; x_wconf 85' lang='lat' dir='ltr'>sapientia</span> <span class='ocrx_word' id='word_1_294' title='bbox 1157 746 1259 774; x_wconf 87' lang='lat' dir='ltr'>divina</span> <span class='ocrx_word' id='word_1_295' title='bbox 1273 747 1391 775; x_wconf 91' lang='lat' dir='ltr'>nullum</span> <span class='ocrx_word' id='word_1_296' title='bbox 1405 747 1496 777; x_wconf 88' lang='lat' dir='ltr'>habet</span> <span class='ocrx_word' id='word_1_297' title='bbox 1509 748 1653 785; x_wconf 78' lang='lat' dir='ltr'>fundum,</span> <span class='ocrx_word' id='word_1_298' title='bbox 1675 752 1708 780; x_wconf 87' lang='lat' dir='ltr'>ut</span> <span class='ocrx_word' id='word_1_299' title='bbox 1730 751 1777 780; x_wconf 89' lang='lat' dir='ltr'>di-</span> 
     </span>
     <span class='ocr_line' id='line_1_44' title="bbox 998 793 1779 832; baseline 0.009 -12"><span class='ocrx_word' id='word_1_300' title='bbox 998 793 1071 821; x_wconf 83' lang='lat' dir='ltr'>citur</span> <span class='ocrx_word' id='word_1_301' title='bbox 1083 793 1114 820; x_wconf 89' lang='lat' dir='ltr'>in</span> <span class='ocrx_word' id='word_1_302' title='bbox 1126 794 1173 821; x_wconf 83' lang='lat' dir='ltr'>Job</span> <span class='ocrx_word' id='word_1_303' title='bbox 1183 794 1193 810; x_wconf 80' lang='lat'>⁵</span> <span class='ocrx_word' id='word_1_304' title='bbox 1208 795 1348 829; x_wconf 60' lang='lat' dir='ltr'>:Longior</span> <span class='ocrx_word' id='word_1_305' title='bbox 1368 797 1408 822; x_wconf 83' lang='lat' dir='ltr'>est</span> <span class='ocrx_word' id='word_1_306' title='bbox 1428 797 1500 823; x_wconf 83' lang='lat' dir='ltr'>terra</span> <span class='ocrx_word' id='word_1_307' title='bbox 1519 804 1644 824; x_wconf 85' lang='lat' dir='ltr'>mensura</span> <span class='ocrx_word' id='word_1_308' title='bbox 1663 798 1736 832; x_wconf 72' lang='lat' dir='ltr'>ejus,</span> <span class='ocrx_word' id='word_1_309' title='bbox 1752 803 1779 828; x_wconf 79' lang='lat' dir='ltr'>et</span> 
     </span>
     <span class='ocr_line' id='line_1_45' title="bbox 998 841 1777 879; baseline 0.009 -12"><span class='ocrx_word' id='word_1_310' title='bbox 998 841 1081 868; x_wconf 80' lang='lat' dir='ltr'>latior</span> <span class='ocrx_word' id='word_1_311' title='bbox 1104 842 1185 868; x_wconf 81' lang='lat' dir='ltr'>mari.</span> <span class='ocrx_word' id='word_1_312' title='bbox 1211 842 1243 869; x_wconf 84' lang='lat' dir='ltr'>Et</span> <span class='ocrx_word' id='word_1_313' title='bbox 1261 843 1421 877; x_wconf 81' lang='lat' dir='ltr'>propterea</span> <span class='ocrx_word' id='word_1_314' title='bbox 1444 841 1516 870; x_wconf 82' lang='lat' dir='ltr'>dicit</span> <span class='ocrx_word' id='word_1_315' title='bbox 1534 844 1736 879; x_wconf 69' lang='lat' dir='ltr'>Apostolusss:</span> <span class='ocrx_word' id='word_1_316' title='bbox 1756 846 1777 875; x_wconf 91' lang='grc' dir='ltr'><em>Ο</em></span> 
     </span>
     <span class='ocr_line' id='line_1_46' title="bbox 997 888 1777 928; baseline 0.008 -13"><span class='ocrx_word' id='word_1_317' title='bbox 997 888 1130 922; x_wconf 77' lang='lat' dir='ltr'>altitudo,</span> <span class='ocrx_word' id='word_1_318' title='bbox 1145 888 1177 916; x_wconf 92' lang='lat' dir='ltr'>id</span> <span class='ocrx_word' id='word_1_319' title='bbox 1192 891 1248 923; x_wconf 87' lang='lat' dir='ltr'>est,</span> <span class='ocrx_word' id='word_1_320' title='bbox 1264 888 1466 925; x_wconf 80' lang='lat' dir='ltr'>profunditaS,</span> <span class='ocrx_word' id='word_1_321' title='bbox 1479 889 1644 918; x_wconf 82' lang='lat' dir='ltr'>divitiarum</span> <span class='ocrx_word' id='word_1_322' title='bbox 1665 894 1777 928; x_wconf 82' lang='lat' dir='ltr'>sapien-</span> 
     </span>
     <span class='ocr_line' id='line_1_47' title="bbox 999 937 1778 972; baseline 0.008 -9"><span class='ocrx_word' id='word_1_323' title='bbox 999 937 1060 971; x_wconf 79' lang='lat' dir='ltr'>iioe,</span> <span class='ocrx_word' id='word_1_324' title='bbox 1076 939 1100 963; x_wconf 85' lang='lat' dir='ltr'>et</span> <span class='ocrx_word' id='word_1_325' title='bbox 1114 937 1233 964; x_wconf 74' lang='lat' dir='ltr'>scientiae</span> <span class='ocrx_word' id='word_1_326' title='bbox 1250 937 1316 971; x_wconf 86' lang='lat' dir='ltr'>Dei,</span> <span class='ocrx_word' id='word_1_327' title='bbox 1327 945 1409 972; x_wconf 81' lang='lat' dir='ltr'>quam</span> <span class='ocrx_word' id='word_1_328' title='bbox 1421 938 1704 972; x_wconf 76' lang='lat' dir='ltr'>incomprehensibilia</span> <span class='ocrx_word' id='word_1_329' title='bbox 1713 943 1778 969; x_wconf 77' lang='lat' dir='ltr'>sunt</span> 
     </span>
     <span class='ocr_line' id='line_1_48' title="bbox 992 983 1778 1022; baseline 0.008 -12"><span class='ocrx_word' id='word_1_330' title='bbox 992 983 1103 1017; x_wconf 79' lang='lat' dir='ltr'>judicia</span> <span class='ocrx_word' id='word_1_331' title='bbox 1115 983 1183 1018; x_wconf 75' lang='lat' dir='ltr'>ejus,</span> <span class='ocrx_word' id='word_1_332' title='bbox 1196 986 1220 1012; x_wconf 89' lang='lat' dir='ltr'>et</span> <span class='ocrx_word' id='word_1_333' title='bbox 1230 985 1430 1018; x_wconf 62' lang='lat' dir='ltr'>investigabiles</span> <span class='ocrx_word' id='word_1_334' title='bbox 1444 985 1584 1020; x_wconf 67' lang='lat' dir='ltr'>viae&#39;ejus!</span> <span class='ocrx_word' id='word_1_335' title='bbox 1603 985 1675 1022; x_wconf 85' lang='lat' dir='ltr'>quia</span> <span class='ocrx_word' id='word_1_336' title='bbox 1689 987 1778 1017; x_wconf 90' lang='lat' dir='ltr'>nimis</span> 
     </span>
     <span class='ocr_line' id='line_1_49' title="bbox 997 1030 1778 1071; baseline 0.008 -13"><span class='ocrx_word' id='word_1_337' title='bbox 997 1030 1086 1066; x_wconf 87' lang='lat' dir='ltr'>longe</span> <span class='ocrx_word' id='word_1_338' title='bbox 1110 1033 1177 1059; x_wconf 80' lang='lat' dir='ltr'>sunt</span> <span class='ocrx_word' id='word_1_339' title='bbox 1200 1031 1351 1068; x_wconf 69' lang='lat' dir='ltr'>sapientiae</span> <span class='ocrx_word' id='word_1_340' title='bbox 1375 1031 1484 1060; x_wconf 78' lang='lat' dir='ltr'>divinae</span> <span class='ocrx_word' id='word_1_341' title='bbox 1504 1032 1641 1068; x_wconf 85' lang='lat' dir='ltr'>judicia,</span> <span class='ocrx_word' id='word_1_342' title='bbox 1668 1034 1778 1071; x_wconf 88' lang='lat' dir='ltr'>quibus</span> 
     </span>
     <span class='ocr_line' id='line_1_50' title="bbox 998 1077 1778 1117; baseline 0.008 -12"><span class='ocrx_word' id='word_1_343' title='bbox 998 1077 1144 1114; x_wconf 83' lang='lat' dir='ltr'>disposuit</span> <span class='ocrx_word' id='word_1_344' title='bbox 1173 1078 1275 1107; x_wconf 83' lang='lat' dir='ltr'>omnia</span> <span class='ocrx_word' id='word_1_345' title='bbox 1301 1078 1545 1115; x_wconf 80' lang='lat' dir='ltr'>investigabilia,</span> <span class='ocrx_word' id='word_1_346' title='bbox 1570 1087 1663 1116; x_wconf 83' lang='lat' dir='ltr'>quam</span> <span class='ocrx_word' id='word_1_347' title='bbox 1690 1083 1778 1117; x_wconf 81' lang='lat' dir='ltr'>guttae</span> 
     </span>
     <span class='ocr_line' id='line_1_51' title="bbox 996 1125 1777 1165; baseline 0.008 -13"><span class='ocrx_word' id='word_1_348' title='bbox 996 1125 1087 1153; x_wconf 82' lang='lat' dir='ltr'>maris</span> <span class='ocrx_word' id='word_1_349' title='bbox 1108 1125 1228 1153; x_wconf 85' lang='lat' dir='ltr'>valeant</span> <span class='ocrx_word' id='word_1_350' title='bbox 1252 1125 1413 1154; x_wconf 79' lang='lat' dir='ltr'>numerari.</span> <span class='ocrx_word' id='word_1_351' title='bbox 1434 1126 1611 1163; x_wconf 79' lang='lat' dir='ltr'>Exemplum</span> <span class='ocrx_word' id='word_1_352' title='bbox 1634 1127 1672 1156; x_wconf 81' lang='lat' dir='ltr'>de</span> <span class='ocrx_word' id='word_1_353' title='bbox 1693 1131 1777 1165; x_wconf 87' lang='lat' dir='ltr'>patre</span> 
     </span>
     <span class='ocr_line' id='line_1_52' title="bbox 998 1171 1777 1205; baseline 0.006 -6"><span class='ocrx_word' id='word_1_354' title='bbox 998 1173 1025 1199; x_wconf 88' lang='lat' dir='ltr'>et</span> <span class='ocrx_word' id='word_1_355' title='bbox 1052 1171 1116 1200; x_wconf 89' lang='lat' dir='ltr'>filio</span> <span class='ocrx_word' id='word_1_356' title='bbox 1144 1171 1314 1200; x_wconf 85' lang='lat' dir='ltr'>volentibus</span> <span class='ocrx_word' id='word_1_357' title='bbox 1339 1172 1458 1201; x_wconf 85' lang='lat' dir='ltr'>haurire</span> <span class='ocrx_word' id='word_1_358' title='bbox 1483 1175 1578 1201; x_wconf 89' lang='lat' dir='ltr'>totum</span> <span class='ocrx_word' id='word_1_359' title='bbox 1600 1182 1683 1203; x_wconf 88' lang='lat' dir='ltr'>mare</span> <span class='ocrx_word' id='word_1_360' title='bbox 1708 1184 1777 1205; x_wconf 88' lang='lat' dir='ltr'>cum</span> 
     </span>
     <span class='ocr_line' id='line_1_53' title="bbox 998 1219 1776 1257; baseline 0.008 -11"><span class='ocrx_word' id='word_1_361' title='bbox 998 1219 1146 1247; x_wconf 84' lang='lat' dir='ltr'>cochleari</span> <span class='ocrx_word' id='word_1_362' title='bbox 1160 1227 1255 1255; x_wconf 87' lang='lat' dir='ltr'>parvo</span> <span class='ocrx_word' id='word_1_363' title='bbox 1268 1240 1278 1254; x_wconf 93' lang='lat'><em>‚</em></span> <span class='ocrx_word' id='word_1_364' title='bbox 1302 1221 1334 1247; x_wconf 92' lang='lat' dir='ltr'>ut</span> <span class='ocrx_word' id='word_1_365' title='bbox 1353 1221 1456 1248; x_wconf 84' lang='lat' dir='ltr'>narrat</span> <span class='ocrx_word' id='word_1_366' title='bbox 1476 1220 1685 1257; x_wconf 78' lang='lat' dir='ltr'>Hieronymus.</span> <span class='ocrx_word' id='word_1_367' title='bbox 1705 1222 1776 1253; x_wconf 88' lang='lat' dir='ltr'>Ideo</span> 
     </span>
     <span class='ocr_line' id='line_1_54' title="bbox 999 1266 1778 1304; baseline 0.006 -10"><span class='ocrx_word' id='word_1_368' title='bbox 999 1266 1106 1294; x_wconf 77' lang='lat' dir='ltr'>dioItur</span> <span class='ocrx_word' id='word_1_369' title='bbox 1129 1266 1260 1301; x_wconf 89' lang='lat' dir='ltr'>donum,</span> <span class='ocrx_word' id='word_1_370' title='bbox 1283 1266 1355 1303; x_wconf 85' lang='lat' dir='ltr'>quia</span> <span class='ocrx_word' id='word_1_371' title='bbox 1382 1274 1538 1303; x_wconf 88' lang='lat' dir='ltr'>nunquam</span> <span class='ocrx_word' id='word_1_372' title='bbox 1565 1276 1619 1304; x_wconf 86' lang='lat' dir='ltr'>per</span> <span class='ocrx_word' id='word_1_373' title='bbox 1645 1269 1778 1300; x_wconf 85' lang='lat' dir='ltr'>studium</span> 
     </span>
     <span class='ocr_line' id='line_1_55' title="bbox 998 1313 1779 1350; baseline 0.006 -9"><span class='ocrx_word' id='word_1_374' title='bbox 998 1313 1176 1350; x_wconf 82' lang='lat' dir='ltr'>acquiritur,</span> <span class='ocrx_word' id='word_1_375' title='bbox 1192 1313 1248 1341; x_wconf 88' lang='lat' dir='ltr'>nisi</span> <span class='ocrx_word' id='word_1_376' title='bbox 1268 1322 1321 1350; x_wconf 87' lang='lat' dir='ltr'>per</span> <span class='ocrx_word' id='word_1_377' title='bbox 1336 1314 1561 1350; x_wconf 79' lang='lat' dir='ltr'>inspirationem</span> <span class='ocrx_word' id='word_1_378' title='bbox 1577 1315 1712 1345; x_wconf 87' lang='lat' dir='ltr'>divinam</span> <span class='ocrx_word' id='word_1_379' title='bbox 1725 1317 1779 1346; x_wconf 89' lang='lat' dir='ltr'>ha-</span> 
     </span>
     <span class='ocr_line' id='line_1_56' title="bbox 998 1360 1778 1398; baseline 0.006 -10"><span class='ocrx_word' id='word_1_380' title='bbox 998 1360 1113 1389; x_wconf 82' lang='lat' dir='ltr'>beatur.</span> <span class='ocrx_word' id='word_1_381' title='bbox 1130 1362 1161 1389; x_wconf 90' lang='lat' dir='ltr'>Et</span> <span class='ocrx_word' id='word_1_382' title='bbox 1176 1361 1243 1389; x_wconf 89' lang='lat' dir='ltr'>ideo</span> <span class='ocrx_word' id='word_1_383' title='bbox 1260 1361 1331 1389; x_wconf 82' lang='lat' dir='ltr'>dicit</span> <span class='ocrx_word' id='word_1_384' title='bbox 1350 1361 1516 1390; x_wconf 82' lang='lat' dir='ltr'>Jacobus⁷:</span> <span class='ocrx_word' id='word_1_385' title='bbox 1533 1363 1565 1391; x_wconf 90' lang='lat' dir='ltr'>Si</span> <span class='ocrx_word' id='word_1_386' title='bbox 1584 1364 1644 1398; x_wconf 75' lang='lat' dir='ltr'>quis</span> <span class='ocrx_word' id='word_1_387' title='bbox 1658 1367 1778 1394; x_wconf 84' lang='lat' dir='ltr'>vestrum</span> 
     </span>
     <span class='ocr_line' id='line_1_57' title="bbox 998 1409 1778 1445; baseline 0.005 -10"><span class='ocrx_word' id='word_1_388' title='bbox 998 1409 1105 1443; x_wconf 72' lang='lat' dir='ltr'>indiqet</span> <span class='ocrx_word' id='word_1_389' title='bbox 1120 1410 1273 1444; x_wconf 77' lang='lat' dir='ltr'>sapientia,</span> <span class='ocrx_word' id='word_1_390' title='bbox 1288 1410 1405 1444; x_wconf 79' lang='lat' dir='ltr'>postulet</span> <span class='ocrx_word' id='word_1_391' title='bbox 1416 1417 1433 1436; x_wconf 87' lang='lat' dir='ltr'>a</span> <span class='ocrx_word' id='word_1_392' title='bbox 1444 1411 1513 1444; x_wconf 88' lang='lat' dir='ltr'>Deo,</span> <span class='ocrx_word' id='word_1_393' title='bbox 1530 1411 1578 1445; x_wconf 82' lang='lat' dir='ltr'>qui</span> <span class='ocrx_word' id='word_1_394' title='bbox 1592 1410 1642 1438; x_wconf 82' lang='lat' dir='ltr'>dat</span> <span class='ocrx_word' id='word_1_395' title='bbox 1655 1412 1778 1440; x_wconf 86' lang='lat' dir='ltr'>omnibus</span> 
     </span>
     <span class='ocr_line' id='line_1_58' title="bbox 999 1457 1778 1492; baseline 0.005 -10"><span class='ocrx_word' id='word_1_396' title='bbox 999 1457 1152 1491; x_wconf 76' lang='lat' dir='ltr'>affluenter,</span> <span class='ocrx_word' id='word_1_397' title='bbox 1169 1459 1195 1483; x_wconf 87' lang='lat' dir='ltr'>et</span> <span class='ocrx_word' id='word_1_398' title='bbox 1209 1464 1262 1483; x_wconf 84' lang='lat' dir='ltr'>non</span> <span class='ocrx_word' id='word_1_399' title='bbox 1277 1457 1463 1492; x_wconf 81' lang='lat' dir='ltr'>improperat,</span> <span class='ocrx_word' id='word_1_400' title='bbox 1481 1458 1507 1484; x_wconf 88' lang='lat' dir='ltr'>et</span> <span class='ocrx_word' id='word_1_401' title='bbox 1522 1457 1632 1485; x_wconf 85' lang='lat' dir='ltr'>dabitur</span> <span class='ocrx_word' id='word_1_402' title='bbox 1646 1459 1681 1485; x_wconf 81' lang='lat' dir='ltr'>ei.</span> <span class='ocrx_word' id='word_1_403' title='bbox 1697 1459 1730 1486; x_wconf 88' lang='lat' dir='ltr'>Et</span> <span class='ocrx_word' id='word_1_404' title='bbox 1747 1458 1778 1487; x_wconf 89' lang='lat' dir='ltr'>in</span> 
     </span>
     <span class='ocr_line' id='line_1_59' title="bbox 998 1503 1778 1538; baseline 0.003 -7"><span class='ocrx_word' id='word_1_405' title='bbox 998 1503 1190 1538; x_wconf 67' lang='lat' dir='ltr'>Sapientia8:</span> <span class='ocrx_word' id='word_1_406' title='bbox 1213 1504 1254 1531; x_wconf 81' lang='lat' dir='ltr'>Da</span> <span class='ocrx_word' id='word_1_407' title='bbox 1277 1504 1362 1538; x_wconf 81' lang='lat' dir='ltr'>mihi,</span> <span class='ocrx_word' id='word_1_408' title='bbox 1386 1504 1515 1537; x_wconf 82' lang='lat' dir='ltr'>Domine,</span> <span class='ocrx_word' id='word_1_409' title='bbox 1538 1504 1644 1532; x_wconf 83' lang='lat' dir='ltr'>sedium</span> <span class='ocrx_word' id='word_1_410' title='bbox 1668 1507 1778 1534; x_wconf 85' lang='lat' dir='ltr'>tuarum</span> 
     </span>
     <span class='ocr_line' id='line_1_60' title="bbox 999 1551 1778 1586; baseline 0.005 -9"><span class='ocrx_word' id='word_1_411' title='bbox 999 1551 1162 1577; x_wconf 81' lang='lat' dir='ltr'>assistricem</span> <span class='ocrx_word' id='word_1_412' title='bbox 1176 1551 1341 1586; x_wconf 77' lang='lat' dir='ltr'>sapientiam</span> <span class='ocrx_word' id='word_1_413' title='bbox 1356 1558 1366 1578; x_wconf 89' lang='lat'><em>:</em></span> <span class='ocrx_word' id='word_1_414' title='bbox 1385 1553 1415 1577; x_wconf 79' lang='lat' dir='ltr'>ut</span> <span class='ocrx_word' id='word_1_415' title='bbox 1429 1558 1531 1578; x_wconf 87' lang='lat' dir='ltr'>mecum</span> <span class='ocrx_word' id='word_1_416' title='bbox 1553 1552 1605 1584; x_wconf 83' lang='lat' dir='ltr'>sit,</span> <span class='ocrx_word' id='word_1_417' title='bbox 1630 1553 1656 1579; x_wconf 86' lang='lat' dir='ltr'>et</span> <span class='ocrx_word' id='word_1_418' title='bbox 1676 1560 1778 1581; x_wconf 85' lang='lat' dir='ltr'>mecum</span> 
     </span>
     <span class='ocr_line' id='line_1_61' title="bbox 1000 1597 1779 1634; baseline 0.005 -10"><span class='ocrx_word' id='word_1_419' title='bbox 1000 1597 1111 1629; x_wconf 78' lang='lat' dir='ltr'>laboret,</span> <span class='ocrx_word' id='word_1_420' title='bbox 1129 1600 1159 1624; x_wconf 81' lang='lat' dir='ltr'>ut</span> <span class='ocrx_word' id='word_1_421' title='bbox 1174 1599 1257 1625; x_wconf 82' lang='lat' dir='ltr'>sciam</span> <span class='ocrx_word' id='word_1_422' title='bbox 1273 1597 1340 1634; x_wconf 81' lang='lat' dir='ltr'>quid</span> <span class='ocrx_word' id='word_1_423' title='bbox 1355 1600 1489 1634; x_wconf 79' lang='lat' dir='ltr'>acceptum</span> <span class='ocrx_word' id='word_1_424' title='bbox 1508 1599 1547 1626; x_wconf 79' lang='lat' dir='ltr'>sit</span> <span class='ocrx_word' id='word_1_425' title='bbox 1565 1606 1653 1627; x_wconf 84' lang='lat' dir='ltr'>coram</span> <span class='ocrx_word' id='word_1_426' title='bbox 1668 1601 1694 1628; x_wconf 87' lang='lat' dir='ltr'>te</span> <span class='ocrx_word' id='word_1_427' title='bbox 1706 1601 1779 1628; x_wconf 83' lang='lat' dir='ltr'>omni</span> 
     </span>
     <span class='ocr_line' id='line_1_62' title="bbox 1000 1646 1245 1680; baseline 0 -8"><span class='ocrx_word' id='word_1_428' title='bbox 1000 1646 1126 1680; x_wconf 77' lang='lat' dir='ltr'>tempore.</span> <span class='ocrx_word' id='word_1_429' title='bbox 1142 1646 1245 1673; x_wconf 84' lang='lat' dir='ltr'>Amen.</span> 
     </span>
    </p>
   </div>
   <div class='ocr_carea' id='block_1_5' title="bbox 708 1894 1234 1939">
    <p class='ocr_par' dir='ltr' id='par_1_7' title="bbox 708 1894 1234 1939">
     <span class='ocr_line' id='line_1_63' title="bbox 708 1894 1234 1939; baseline 0.006 -3"><span class='ocrx_word' id='word_1_430' title='bbox 708 1894 935 1938; x_wconf 88' lang='lat' dir='ltr'>TITULUS</span> <span class='ocrx_word' id='word_1_431' title='bbox 971 1895 1234 1939; x_wconf 86' lang='lat' dir='ltr'>SEPTIMUS</span> 
     </span>
    </p>
   </div>
   <div class='ocr_carea' id='block_1_6' title="bbox 554 2003 1039 2035">
    <p class='ocr_par' dir='ltr' id='par_1_8' title="bbox 554 2003 1039 2035">
     <span class='ocr_line' id='line_1_64' title="bbox 554 2003 1039 2035; baseline 0.002 -2"><span class='ocrx_word' id='word_1_432' title='bbox 554 2003 607 2033; x_wconf 88' lang='lat' dir='ltr'>DE</span> <span class='ocrx_word' id='word_1_433' title='bbox 639 2003 1039 2035; x_wconf 86' lang='lat' dir='ltr'>BEATITUDINIBUS</span> 
     </span>
    </p>
   </div>
   <div class='ocr_carea' id='block_1_7' title="bbox 1072 2005 1385 2036">
    <p class='ocr_par' dir='ltr' id='par_1_9' title="bbox 1072 2005 1385 2036">
     <span class='ocr_line' id='line_1_65' title="bbox 1072 2005 1385 2036; baseline 0.003 -2"><span class='ocrx_word' id='word_1_434' title='bbox 1072 2005 1385 2036; x_wconf 82' lang='lat' dir='ltr'>EVANGELICIS</span> 
     </span>
    </p>
   </div>
   <div class='ocr_carea' id='block_1_8' title="bbox 376 2202 730 2303">
    <p class='ocr_par' dir='ltr' id='par_1_10' title="bbox 376 2202 730 2303">
     <span class='ocr_line' id='line_1_66' title="bbox 376 2202 730 2237; baseline 0 -1"><span class='ocrx_word' id='word_1_435' title='bbox 376 2202 519 2237; x_wconf 92' lang='lat' dir='ltr'>CAPUT</span> <span class='ocrx_word' id='word_1_436' title='bbox 544 2202 730 2237; x_wconf 88' lang='lat' dir='ltr'>PRIMUM.</span> 
     </span>
     <span class='ocr_line' id='line_1_67' title="bbox 441 2276 665 2303; baseline -0.004 -1"><span class='ocrx_word' id='word_1_437' title='bbox 441 2276 478 2303; x_wconf 90' lang='lat' dir='ltr'>De</span> <span class='ocrx_word' id='word_1_438' title='bbox 493 2276 665 2303; x_wconf 74' lang='lat' dir='ltr'>Humilitate.</span> 
     </span>
    </p>
   </div>
   <div class='ocr_carea' id='block_1_9' title="bbox 167 2344 946 2571">
    <p class='ocr_par' dir='ltr' id='par_1_11' title="bbox 167 2344 946 2571">
     <span class='ocr_line' id='line_1_68' title="bbox 201 2344 945 2382; baseline 0.001 -10"><span class='ocrx_word' id='word_1_439' title='bbox 201 2346 267 2373; x_wconf 88' lang='lat' dir='ltr'>Post</span> <span class='ocrx_word' id='word_1_440' title='bbox 288 2346 444 2373; x_wconf 84' lang='lat' dir='ltr'>tractatum</span> <span class='ocrx_word' id='word_1_441' title='bbox 470 2344 506 2373; x_wconf 84' lang='lat' dir='ltr'>de</span> <span class='ocrx_word' id='word_1_442' title='bbox 529 2345 616 2373; x_wconf 89' lang='lat' dir='ltr'>donis</span> <span class='ocrx_word' id='word_1_443' title='bbox 641 2345 762 2382; x_wconf 87' lang='lat' dir='ltr'>Spiritus</span> <span class='ocrx_word' id='word_1_444' title='bbox 778 2346 886 2380; x_wconf 84' lang='lat' dir='ltr'>saneti,</span> <span class='ocrx_word' id='word_1_445' title='bbox 904 2345 945 2373; x_wconf 85' lang='lat' dir='ltr'>di-</span> 
     </span>
     <span class='ocr_line' id='line_1_69' title="bbox 167 2392 945 2422; baseline 0.003 -2"><span class='ocrx_word' id='word_1_446' title='bbox 167 2393 295 2421; x_wconf 88' lang='lat' dir='ltr'>cendum</span> <span class='ocrx_word' id='word_1_447' title='bbox 310 2395 352 2420; x_wconf 84' lang='lat' dir='ltr'>est</span> <span class='ocrx_word' id='word_1_448' title='bbox 370 2393 407 2421; x_wconf 88' lang='lat' dir='ltr'>de</span> <span class='ocrx_word' id='word_1_449' title='bbox 422 2392 657 2421; x_wconf 78' lang='lat' dir='ltr'>beatitudinibus</span> <span class='ocrx_word' id='word_1_450' title='bbox 682 2403 688 2422; x_wconf 91' lang='lat'>:</span> <span class='ocrx_word' id='word_1_451' title='bbox 713 2394 776 2421; x_wconf 80' lang='lat' dir='ltr'>haee</span> <span class='ocrx_word' id='word_1_452' title='bbox 799 2396 841 2422; x_wconf 86' lang='lat' dir='ltr'>est</span> <span class='ocrx_word' id='word_1_453' title='bbox 864 2396 945 2422; x_wconf 82' lang='lat' dir='ltr'>sexta</span> 
     </span>
     <span class='ocr_line' id='line_1_70' title="bbox 168 2439 946 2476; baseline 0.001 -9"><span class='ocrx_word' id='word_1_454' title='bbox 168 2439 253 2467; x_wconf 80' lang='lat' dir='ltr'>diaeta</span> <span class='ocrx_word' id='word_1_455' title='bbox 265 2439 380 2475; x_wconf 78' lang='lat' dir='ltr'>salutis,</span> <span class='ocrx_word' id='word_1_456' title='bbox 397 2439 535 2467; x_wconf 82' lang='lat' dir='ltr'>sciliceta</span> <span class='ocrx_word' id='word_1_457' title='bbox 550 2440 631 2467; x_wconf 91' lang='lat' dir='ltr'>dono</span> <span class='ocrx_word' id='word_1_458' title='bbox 647 2440 768 2476; x_wconf 88' lang='lat' dir='ltr'>Spiritus</span> <span class='ocrx_word' id='word_1_459' title='bbox 783 2441 889 2475; x_wconf 82' lang='lat' dir='ltr'>saneti,</span> <span class='ocrx_word' id='word_1_460' title='bbox 906 2441 946 2468; x_wconf 89' lang='lat' dir='ltr'>ad</span> 
     </span>
     <span class='ocr_line' id='line_1_71' title="bbox 168 2485 945 2522; baseline 0.003 -9"><span class='ocrx_word' id='word_1_461' title='bbox 168 2485 380 2514; x_wconf 83' lang='lat' dir='ltr'>beatitudinem</span> <span class='ocrx_word' id='word_1_462' title='bbox 409 2486 574 2522; x_wconf 82' lang='lat' dir='ltr'>pervenire.</span> <span class='ocrx_word' id='word_1_463' title='bbox 606 2488 643 2514; x_wconf 84' lang='lat' dir='ltr'>De</span> <span class='ocrx_word' id='word_1_464' title='bbox 672 2487 836 2515; x_wconf 87' lang='lat' dir='ltr'>humilitate</span> <span class='ocrx_word' id='word_1_465' title='bbox 866 2488 945 2515; x_wconf 85' lang='lat' dir='ltr'>enim</span> 
     </span>
     <span class='ocr_line' id='line_1_72' title="bbox 170 2533 946 2571; baseline 0.004 -12"><span class='ocrx_word' id='word_1_466' title='bbox 170 2534 296 2568; x_wconf 83' lang='lat' dir='ltr'>quatuor</span> <span class='ocrx_word' id='word_1_467' title='bbox 315 2535 382 2562; x_wconf 86' lang='lat' dir='ltr'>sunt</span> <span class='ocrx_word' id='word_1_468' title='bbox 396 2534 543 2569; x_wconf 84' lang='lat' dir='ltr'>praeoipue</span> <span class='ocrx_word' id='word_1_469' title='bbox 557 2533 708 2569; x_wconf 86' lang='lat' dir='ltr'>notanda,</span> <span class='ocrx_word' id='word_1_470' title='bbox 728 2534 838 2562; x_wconf 82' lang='lat' dir='ltr'>seilicet</span> <span class='ocrx_word' id='word_1_471' title='bbox 859 2537 946 2571; x_wconf 80' lang='lat' dir='ltr'>typus</span> 
     </span>
    </p>
   </div>
   <div class='ocr_carea' id='block_1_10' title="bbox 171 2606 946 2710">
    <p class='ocr_par' dir='ltr' id='par_1_12' title="bbox 171 2606 946 2710">
     <span class='ocr_line' id='line_1_73' title="bbox 206 2606 944 2641; baseline 0.004 -11"><span class='ocrx_word' id='word_1_472' title='bbox 206 2606 291 2637; x_wconf 73' lang='lat' dir='ltr'>¹80p..</span> <span class='ocrx_word' id='word_1_473' title='bbox 308 2612 359 2637; x_wconf 80' lang='lat' dir='ltr'>vn,</span> <span class='ocrx_word' id='word_1_474' title='bbox 379 2609 418 2631; x_wconf 83' lang='lat'>29.</span> <span class='ocrx_word' id='word_1_475' title='bbox 432 2620 461 2625; x_wconf 89' lang='lat'>—-</span> <span class='ocrx_word' id='word_1_476' title='bbox 479 2607 489 2623; x_wconf 78' lang='lat'><em>2</em></span> <span class='ocrx_word' id='word_1_477' title='bbox 504 2606 594 2638; x_wconf 78' lang='lat' dir='ltr'>Ecclz&#39;.,</span> <span class='ocrx_word' id='word_1_478' title='bbox 612 2610 736 2638; x_wconf 76' lang='lat' dir='ltr'>xx1v‚27.</span> <span class='ocrx_word' id='word_1_479' title='bbox 750 2622 781 2626; x_wconf 90' lang='lat'>--</span> <span class='ocrx_word' id='word_1_480' title='bbox 794 2609 803 2625; x_wconf 75' lang='lat'>³</span> <span class='ocrx_word' id='word_1_481' title='bbox 820 2609 894 2639; x_wconf 58' lang='lat' dir='ltr'>ibid„</span> <span class='ocrx_word' id='word_1_482' title='bbox 911 2616 944 2641; x_wconf 77' lang='lat' dir='ltr'>vr,</span> 
     </span>
     <span class='ocr_line' id='line_1_74' title="bbox 171 2642 946 2677; baseline 0.004 -11"><span class='ocrx_word' id='word_1_483' title='bbox 171 2643 210 2666; x_wconf 80' lang='lat'>23.</span> <span class='ocrx_word' id='word_1_484' title='bbox 229 2655 258 2659; x_wconf 89' lang='lat'>—</span> <span class='ocrx_word' id='word_1_485' title='bbox 275 2642 284 2658; x_wconf 85' lang='lat'>¹·</span> <span class='ocrx_word' id='word_1_486' title='bbox 298 2642 384 2672; x_wconf 65' lang='lat' dir='ltr'>Bern„</span> <span class='ocrx_word' id='word_1_487' title='bbox 399 2643 508 2667; x_wconf 79' lang='lat' dir='ltr'>Sentent.</span> <span class='ocrx_word' id='word_1_488' title='bbox 522 2656 552 2660; x_wconf 92' lang='lat'>—-</span> <span class='ocrx_word' id='word_1_489' title='bbox 566 2643 576 2660; x_wconf 78' lang='lat'>⁵</span> <span class='ocrx_word' id='word_1_490' title='bbox 590 2642 645 2673; x_wconf 79' lang='lat' dir='ltr'>Job,</span> <span class='ocrx_word' id='word_1_491' title='bbox 658 2649 694 2674; x_wconf 79' lang='grc'>111,</span> <span class='ocrx_word' id='word_1_492' title='bbox 710 2645 733 2668; x_wconf 85' lang='grc'>9.</span> <span class='ocrx_word' id='word_1_493' title='bbox 748 2657 777 2662; x_wconf 92' lang='grc'><strong>-</strong></span> <span class='ocrx_word' id='word_1_494' title='bbox 794 2645 802 2659; x_wconf 75' lang='lat'><strong><em>⁶</em></strong></span> <span class='ocrx_word' id='word_1_495' title='bbox 818 2645 895 2675; x_wconf 63' lang='lat' dir='ltr'>Rom„</span> <span class='ocrx_word' id='word_1_496' title='bbox 910 2652 946 2677; x_wconf 68' lang='lat' dir='ltr'>sl,</span> 
     </span>
     <span class='ocr_line' id='line_1_75' title="bbox 172 2677 675 2710; baseline 0.002 -8"><span class='ocrx_word' id='word_1_497' title='bbox 172 2679 211 2703; x_wconf 82' lang='lat'>33.</span> <span class='ocrx_word' id='word_1_498' title='bbox 222 2689 254 2696; x_wconf 91' lang='lat'>-—</span> <span class='ocrx_word' id='word_1_499' title='bbox 265 2678 272 2692; x_wconf 82' lang='lat'><em>⁷</em></span> <span class='ocrx_word' id='word_1_500' title='bbox 284 2677 348 2709; x_wconf 62' lang='lat' dir='ltr'>Jac„</span> <span class='ocrx_word' id='word_1_501' title='bbox 363 2684 381 2709; x_wconf 87' lang='lat'>1,</span> <span class='ocrx_word' id='word_1_502' title='bbox 397 2679 421 2703; x_wconf 73' lang='lat'>5.</span> <span class='ocrx_word' id='word_1_503' title='bbox 431 2691 462 2696; x_wconf 91' lang='lat'>—</span> <span class='ocrx_word' id='word_1_504' title='bbox 476 2679 484 2692; x_wconf 75' lang='lat'>⁸</span> <span class='ocrx_word' id='word_1_505' title='bbox 499 2678 569 2710; x_wconf 59' lang='lat' dir='ltr'>Sap„</span> <span class='ocrx_word' id='word_1_506' title='bbox 585 2685 621 2709; x_wconf 78' lang='lat' dir='ltr'>lx,</span> <span class='ocrx_word' id='word_1_507' title='bbox 638 2681 675 2703; x_wconf 85' lang='grc'>10.</span> 
     </span>
    </p>
   </div>
   <div class='ocr_carea' id='block_1_11' title="bbox 1000 2203 1784 2615">
    <p class='ocr_par' dir='ltr' id='par_1_13' title="bbox 1000 2203 1780 2286">
     <span class='ocr_line' id='line_1_76' title="bbox 1000 2203 1780 2241; baseline 0.004 -9"><span class='ocrx_word' id='word_1_508' title='bbox 1000 2204 1195 2240; x_wconf 77' lang='lat' dir='ltr'>figurativus,</span> <span class='ocrx_word' id='word_1_509' title='bbox 1233 2205 1331 2232; x_wconf 85' lang='lat' dir='ltr'>motus</span> <span class='ocrx_word' id='word_1_510' title='bbox 1364 2203 1563 2240; x_wconf 71' lang='lat' dir='ltr'>imitativum,</span> <span class='ocrx_word' id='word_1_511' title='bbox 1587 2204 1707 2241; x_wconf 85' lang='lat' dir='ltr'>signum</span> <span class='ocrx_word' id='word_1_512' title='bbox 1727 2205 1780 2235; x_wconf 86' lang='lat' dir='ltr'>de-</span> 
     </span>
     <span class='ocr_line' id='line_1_77' title="bbox 1001 2251 1646 2286; baseline 0.002 -7"><span class='ocrx_word' id='word_1_513' title='bbox 1001 2251 1246 2286; x_wconf 82' lang='lat' dir='ltr'>monstrativum,</span> <span class='ocrx_word' id='word_1_514' title='bbox 1262 2254 1289 2279; x_wconf 84' lang='lat' dir='ltr'>et</span> <span class='ocrx_word' id='word_1_515' title='bbox 1306 2251 1417 2286; x_wconf 84' lang='lat' dir='ltr'>gradus</span> <span class='ocrx_word' id='word_1_516' title='bbox 1432 2251 1646 2280; x_wconf 84' lang='lat' dir='ltr'>distributivus.</span> 
     </span>
    </p>

    <p class='ocr_par' dir='ltr' id='par_1_14' title="bbox 1001 2298 1784 2615">
     <span class='ocr_line' id='line_1_78' title="bbox 1037 2298 1780 2337; baseline 0.003 -11"><span class='ocrx_word' id='word_1_517' title='bbox 1037 2298 1129 2327; x_wconf 81' lang='lat' dir='ltr'>Habet</span> <span class='ocrx_word' id='word_1_518' title='bbox 1144 2306 1214 2333; x_wconf 81' lang='lat' dir='ltr'>ergo</span> <span class='ocrx_word' id='word_1_519' title='bbox 1237 2298 1388 2326; x_wconf 83' lang='lat' dir='ltr'>humilitas</span> <span class='ocrx_word' id='word_1_520' title='bbox 1410 2298 1441 2326; x_wconf 92' lang='lat' dir='ltr'>in</span> <span class='ocrx_word' id='word_1_521' title='bbox 1465 2306 1548 2326; x_wconf 85' lang='lat' dir='ltr'>sacra</span> <span class='ocrx_word' id='word_1_522' title='bbox 1569 2299 1718 2335; x_wconf 87' lang='lat' dir='ltr'>Scriptura</span> <span class='ocrx_word' id='word_1_523' title='bbox 1736 2302 1780 2337; x_wconf 88' lang='lat' dir='ltr'>ty-</span> 
     </span>
     <span class='ocr_line' id='line_1_79' title="bbox 1001 2345 1781 2383; baseline 0.003 -11"><span class='ocrx_word' id='word_1_524' title='bbox 1001 2353 1088 2382; x_wconf 89' lang='lat' dir='ltr'>pum,</span> <span class='ocrx_word' id='word_1_525' title='bbox 1103 2347 1130 2373; x_wconf 87' lang='lat' dir='ltr'>et</span> <span class='ocrx_word' id='word_1_526' title='bbox 1140 2345 1336 2381; x_wconf 83' lang='lat' dir='ltr'>multiplicem</span> <span class='ocrx_word' id='word_1_527' title='bbox 1351 2345 1489 2380; x_wconf 83' lang='lat' dir='ltr'>figuram.</span> <span class='ocrx_word' id='word_1_528' title='bbox 1501 2347 1574 2374; x_wconf 82' lang='lat' dir='ltr'>Nota.</span> <span class='ocrx_word' id='word_1_529' title='bbox 1589 2346 1686 2381; x_wconf 85' lang='lat' dir='ltr'>igitur,</span> <span class='ocrx_word' id='word_1_530' title='bbox 1698 2346 1781 2383; x_wconf 85' lang='lat' dir='ltr'>quod</span> 
     </span>
     <span class='ocr_line' id='line_1_80' title="bbox 1002 2392 1781 2427; baseline 0.003 -8"><span class='ocrx_word' id='word_1_531' title='bbox 1002 2392 1152 2420; x_wconf 85' lang='lat' dir='ltr'>humilitas</span> <span class='ocrx_word' id='word_1_532' title='bbox 1179 2394 1221 2419; x_wconf 88' lang='lat' dir='ltr'>est</span> <span class='ocrx_word' id='word_1_533' title='bbox 1243 2392 1342 2419; x_wconf 82' lang='lat' dir='ltr'>brevis</span> <span class='ocrx_word' id='word_1_534' title='bbox 1365 2392 1444 2419; x_wconf 82' lang='lat' dir='ltr'>scala</span> <span class='ocrx_word' id='word_1_535' title='bbox 1471 2392 1658 2427; x_wconf 87' lang='lat' dir='ltr'>devotionis,</span> <span class='ocrx_word' id='word_1_536' title='bbox 1682 2393 1781 2421; x_wconf 80' lang='lat' dir='ltr'>brevis</span> 
     </span>
     <span class='ocr_line' id='line_1_81' title="bbox 1003 2436 1782 2475; baseline 0.003 -9"><span class='ocrx_word' id='word_1_537' title='bbox 1003 2439 1105 2467; x_wconf 79' lang='lat' dir='ltr'>schola</span> <span class='ocrx_word' id='word_1_538' title='bbox 1130 2439 1333 2475; x_wconf 80' lang='lat' dir='ltr'>perfectionis,</span> <span class='ocrx_word' id='word_1_539' title='bbox 1354 2441 1381 2467; x_wconf 90' lang='lat' dir='ltr'>et</span> <span class='ocrx_word' id='word_1_540' title='bbox 1404 2439 1503 2467; x_wconf 88' lang='lat' dir='ltr'>brevis</span> <span class='ocrx_word' id='word_1_541' title='bbox 1525 2440 1573 2467; x_wconf 84' lang='lat' dir='ltr'>via</span> <span class='ocrx_word' id='word_1_542' title='bbox 1599 2436 1782 2468; x_wconf 41' lang='lat' dir='ltr'>salvationis,</span> 
     </span>
     <span class='ocr_line' id='line_1_82' title="bbox 1003 2486 1782 2522; baseline 0.001 -9"><span class='ocrx_word' id='word_1_543' title='bbox 1003 2486 1116 2521; x_wconf 82' lang='lat' dir='ltr'>Brevis,</span> <span class='ocrx_word' id='word_1_544' title='bbox 1134 2486 1273 2522; x_wconf 80' lang='lat' dir='ltr'>inquam,</span> <span class='ocrx_word' id='word_1_545' title='bbox 1291 2486 1386 2521; x_wconf 82' lang='lat' dir='ltr'>scala,</span> <span class='ocrx_word' id='word_1_546' title='bbox 1402 2486 1425 2512; x_wconf 86' lang='lat' dir='ltr'>si</span> <span class='ocrx_word' id='word_1_547' title='bbox 1439 2486 1483 2513; x_wconf 81' lang='lat' dir='ltr'>vis</span> <span class='ocrx_word' id='word_1_548' title='bbox 1498 2486 1671 2521; x_wconf 79' lang='lat' dir='ltr'>ascendere3</span> <span class='ocrx_word' id='word_1_549' title='bbox 1684 2487 1782 2514; x_wconf 86' lang='lat' dir='ltr'>brevis</span> 
     </span>
     <span class='ocr_line' id='line_1_83' title="bbox 1004 2533 1783 2568; baseline 0.003 -9"><span class='ocrx_word' id='word_1_550' title='bbox 1004 2533 1120 2568; x_wconf 87' lang='lat' dir='ltr'>schola,</span> <span class='ocrx_word' id='word_1_551' title='bbox 1141 2533 1164 2560; x_wconf 89' lang='grc'>51</span> <span class='ocrx_word' id='word_1_552' title='bbox 1188 2533 1232 2561; x_wconf 90' lang='lat' dir='ltr'>vis</span> <span class='ocrx_word' id='word_1_553' title='bbox 1258 2533 1429 2567; x_wconf 75' lang='lat' dir='ltr'>addiscere3</span> <span class='ocrx_word' id='word_1_554' title='bbox 1453 2535 1481 2561; x_wconf 88' lang='lat' dir='ltr'>et</span> <span class='ocrx_word' id='word_1_555' title='bbox 1502 2533 1601 2560; x_wconf 83' lang='lat' dir='ltr'>brevis</span> <span class='ocrx_word' id='word_1_556' title='bbox 1615 2533 1679 2567; x_wconf 82' lang='lat' dir='ltr'>via,</span> <span class='ocrx_word' id='word_1_557' title='bbox 1695 2533 1719 2561; x_wconf 86' lang='lat' dir='ltr'>si</span> <span class='ocrx_word' id='word_1_558' title='bbox 1738 2533 1783 2561; x_wconf 89' lang='lat' dir='ltr'>vis</span> 
     </span>
     <span class='ocr_line' id='line_1_84' title="bbox 1004 2580 1784 2615; baseline 0 -7"><span class='ocrx_word' id='word_1_559' title='bbox 1004 2580 1150 2608; x_wconf 83' lang='lat' dir='ltr'>incedere.</span> <span class='ocrx_word' id='word_1_560' title='bbox 1177 2582 1223 2608; x_wconf 84' lang='lat' dir='ltr'>Est</span> <span class='ocrx_word' id='word_1_561' title='bbox 1244 2580 1332 2615; x_wconf 80' lang='lat' dir='ltr'>igitur</span> <span class='ocrx_word' id='word_1_562' title='bbox 1352 2580 1503 2608; x_wconf 81' lang='lat' dir='ltr'>humilitas</span> <span class='ocrx_word' id='word_1_563' title='bbox 1521 2580 1620 2607; x_wconf 86' lang='lat' dir='ltr'>brevis</span> <span class='ocrx_word' id='word_1_564' title='bbox 1641 2580 1731 2608; x_wconf 84' lang='lat' dir='ltr'>scala.</span> <span class='ocrx_word' id='word_1_565' title='bbox 1751 2581 1784 2608; x_wconf 88' lang='lat' dir='ltr'>Et</span> 
     </span>
    </p>
   </div>
   <div class='ocr_carea' id='block_1_12' title="bbox 1003 2644 1782 2705">
    <p class='ocr_par' dir='ltr' id='par_1_15' title="bbox 1003 2644 1782 2705">
     <span class='ocr_line' id='line_1_85' title="bbox 1027 2644 1782 2705; baseline 0.001 -36"><span class='ocrx_word' id='word_1_566' title='bbox 1027 2645 1070 2705; x_wconf 53' lang='lat' dir='ltr'>igi)</span> <span class='ocrx_word' id='word_1_567' title='bbox 1088 2646 1148 2671; x_wconf 80' lang='lat' dir='ltr'>Caet.</span> <span class='ocrx_word' id='word_1_568' title='bbox 1165 2645 1225 2670; x_wconf 79' lang='lat' dir='ltr'>edit.</span> <span class='ocrx_word' id='word_1_569' title='bbox 1242 2646 1288 2670; x_wconf 81' lang='lat' dir='ltr'>est.</span> <span class='ocrx_word' id='word_1_570' title='bbox 1301 2658 1326 2662; x_wconf 90' lang='lat'>—</span> <span class='ocrx_word' id='word_1_571' title='bbox 1346 2645 1378 2675; x_wconf 84' lang='lat' dir='ltr'>(b)</span> <span class='ocrx_word' id='word_1_572' title='bbox 1396 2646 1458 2671; x_wconf 85' lang='lat' dir='ltr'>Item</span> <span class='ocrx_word' id='word_1_573' title='bbox 1475 2644 1541 2670; x_wconf 82' lang='lat' dir='ltr'>libri.</span> <span class='ocrx_word' id='word_1_574' title='bbox 1555 2657 1585 2664; x_wconf 94' lang='lat'>—</span> <span class='ocrx_word' id='word_1_575' title='bbox 1599 2644 1628 2676; x_wconf 80' lang='lat' dir='ltr'>(c)</span> <span class='ocrx_word' id='word_1_576' title='bbox 1644 2644 1705 2670; x_wconf 81' lang='lat' dir='ltr'>Caet.</span> <span class='ocrx_word' id='word_1_577' title='bbox 1720 2645 1782 2671; x_wconf 82' lang='lat' dir='ltr'>edit.</span> 
     </span>
     <span class='ocr_line' id='line_1_86' title="bbox 1003 2683 1110 2705; baseline 0 0"><span class='ocrx_word' id='word_1_578' title='bbox 1003 2688 1027 2705; x_wconf 73' lang='lat' dir='ltr'>a(</span> <span class='ocrx_word' id='word_1_579' title='bbox 1055 2683 1110 2705; x_wconf 86' lang='lat' dir='ltr'>.et.</span> 
     </span>
    </p>
   </div>
   <div class='ocr_carea' id='block_1_13' title="bbox 1796 2314 1902 2491">
    <p class='ocr_par' dir='ltr' id='par_1_16' title="bbox 1796 2314 1902 2491">
     <span class='ocr_line' id='line_1_87' title="bbox 1822 2314 1902 2334; baseline 0 0"><span class='ocrx_word' id='word_1_580' title='bbox 1822 2314 1902 2334; x_wconf 85' lang='lat' dir='ltr'>Simili-</span> 
     </span>
     <span class='ocr_line' id='line_1_88' title="bbox 1797 2345 1894 2369; baseline -0.01 -3"><span class='ocrx_word' id='word_1_581' title='bbox 1797 2345 1894 2369; x_wconf 74' lang='lat' dir='ltr'>tudines,</span> 
     </span>
     <span class='ocr_line' id='line_1_89' title="bbox 1810 2377 1891 2402; baseline 0 -6"><span class='ocrx_word' id='word_1_582' title='bbox 1810 2377 1891 2402; x_wconf 73' lang='lat' dir='ltr'>quibus</span> 
     </span>
     <span class='ocr_line' id='line_1_90' title="bbox 1806 2407 1893 2428; baseline -0.023 0"><span class='ocrx_word' id='word_1_583' title='bbox 1806 2407 1893 2428; x_wconf 87' lang='lat' dir='ltr'>humili-</span> 
     </span>
     <span class='ocr_line' id='line_1_91' title="bbox 1796 2439 1901 2465; baseline -0.019 -5"><span class='ocrx_word' id='word_1_584' title='bbox 1796 2441 1829 2460; x_wconf 81' lang='lat' dir='ltr'>tas</span> <span class='ocrx_word' id='word_1_585' title='bbox 1848 2439 1901 2465; x_wconf 83' lang='lat' dir='ltr'><strong>figu-</strong></span> 
     </span>
     <span class='ocr_line' id='line_1_92' title="bbox 1796 2472 1863 2491; baseline 0 0"><span class='ocrx_word' id='word_1_586' title='bbox 1796 2472 1863 2491; x_wconf 72' lang='lat' dir='ltr'>ratur.</span> 
     </span>
    </p>
   </div>
  </div>
 </body>
</html>
