2004 3037
251 242 312 273 464

252 307 288 335 tis
303 308 345 335 est
350 315 359 341 ς
375 312 433 341 ego
450 312 517 333 sum
537 305 599 332 vita
608 323 618 338 ,
639 302 671 330 in
685 308 746 338 qua
760 298 938 328 aeternaliter
959 304 1028 334 per-

251 360 365 382 manes,
382 353 437 386 Qui
455 350 553 380 enim¹
569 350 705 378 invenerit
717 356 774 382 me,
789 347 910 374 inueniet
930 346 1026 372 vitam.

253 402 329 436 Ergo
346 400 420 434 veni,
432 399 505 436 quia
518 405 614 433 menS,
625 396 712 433 quasi
726 394 789 423 avis
803 395 944 427 turturea,
957 393 1029 418 inve-

253 448 298 475 nit
310 447 367 475 sibi
379 446 475 474 nidum
485 446 495 462 ²
509 444 657 474 continuae
671 440 851 475 mansionis,
867 439 906 468 ab
921 441 1029 467 aeterno

251 495 363 522 turture
376 494 584 529 praeparatum,
605 491 653 520 ubi
670 492 785 526 reponat
804 487 841 524 (a)
856 487 943 523 pullos
956 493 1028 520 suos,

252 540 285 569 id
299 542 353 576 est,
368 548 472 569 omnes
486 541 581 567 castos
593 540 622 566 et
635 543 791 566 amorosos
805 535 964 569 conceptus
978 540 1028 560 ca-

251 589 302 616 stae
314 587 431 622 mentis,
447 595 464 615 a
485 588 566 614 casto
587 587 615 613 et
629 591 769 613 amoroso
784 583 907 614 turture,
928 579 960 607 id
976 581 1028 613 est,

252 634 349 663 Verbo
375 636 500 670 paterno
523 632 643 661 auditos
657 631 818 666 conceptus
841 630 869 655 et
893 625 1028 662 gemitus.

251 681 334 709 Unde
349 680 451 710 Glossa
468 680 539 708 dicit
554 690 560 708 :
578 681 705 707 «Turtur
717 678 760 705 est
772 675 901 704 Christus
915 675 1030 701 amator

252 728 401 763 castitatis,
413 738 426 754 »
445 728 528 763 eujus
542 735 603 755 vox
617 725 718 754 audita
734 725 777 751 est
790 723 821 750 in
833 724 909 750 terra
918 722 1029 754 nostra,

251 775 284 803 id
294 777 347 810 est,
359 775 390 803 in
400 774 594 808 humanitate,
609 773 641 800 in
654 779 716 808 qua
729 769 860 798 Verbum
873 769 1031 804 paternum

252 822 408 850 denuntiat
429 821 516 849 nobis
532 819 767 848 amoenissimum
789 814 945 844 advenisse
958 815 1031 840 tem-

251 877 308 906 pus
322 869 409 904 veris,
422 868 454 896 id
468 870 520 902 est,
537 870 654 903 tempus
665 865 774 900 gratiae,
787 862 857 891 etin
872 868 933 898 quo
943 859 1031 888 nobis

251 915 395 944 revelavit
410 915 511 943 omnia
528 922 594 950 quae
610 911 725 941 audivit
746 919 764 938 a
787 911 869 937 Patre
886 917 893 935 :
914 917 927 933 «
944 908 1030 940 Dum,

253 963 327 990 sicut
343 962 414 990 dicit
429 961 596 997 Gregorius,
613 959 734 987 affectus
748 956 839 985 nostri
855 954 1032 991 imprimun-

253 1011 300 1037 tur
313 1009 415 1037 divino
431 1007 545 1041 amori,
569 1006 617 1034 cui
632 1005 707 1034 nihil
727 1003 901 1032 occultatur.
918 1011 932 1028 1)
951 999 1031 1028 Unde

253 1054 445 1084 vercellensis
460 1054 582 1090 exponit
596 1052 672 1081 illud
687 1051 832 1084 verbum,
847 1048 950 1076 diceus
965 1047 1007 1074 sie
1023 1056 1029 1074 :

255 1113 269 1128 «
285 1104 388 1131 Turtur
403 1104 445 1130 est
461 1111 467 1130 :
485 1101 635 1136 solivagus
650 1102 678 1127 et
692 1097 839 1134 significat
852 1094 958 1123 mentis
973 1093 1032 1121 vir-

254 1152 345 1178 tutem
375 1149 519 1177 unitivam
543 1150 571 1176 ct
598 1143 917 1183 superintellectualem
930 1163 938 1177 ,
967 1149 1033 1177 quoe

254 1196 386 1224 nidificat
412 1196 441 1224 in
469 1194 677 1223 amoenissimis
703 1192 777 1220 locis
800 1189 964 1218 virentibus
975 1209 981 1221 ,
1006 1190 1034 1215 et

254 1243 380 1272 assiduis
400 1241 635 1278 contemplativis
650 1239 815 1272 mentibuS,
831 1239 858 1264 et
876 1235 986 1272 pullos,
1003 1236 1035 1262 ut

254 1292 360 1325 turtur,
384 1290 464 1317 fovet
482 1292 568 1316 nocte
590 1288 620 1315 in
635 1284 832 1322 superlucenti
848 1283 972 1318 caligine
987 1289 1035 1309 oc-

255 1337 325 1365 culti
349 1337 465 1364 silentii.
484 1339 513 1363 lu
533 1334 616 1371 quod
632 1341 686 1361 nos
701 1332 845 1368 perducat
859 1329 1035 1358 benedictus

256 1386 340 1413 Deus,
355 1386 456 1412 Amen.

305 1505 354 1542 DE
379 1503 504 1541 SEXTO
528 1501 680 1539 lTlNERE
705 1496 983 1542 AETERNITATIS,

258 1596 326 1620 ouon
341 1596 384 1615 esr
400 1593 558 1614 ,iirmzxouun
572 1590 786 1612 expenmex‘rxus
797 1585 974 1608 rnrersrmo
987 1576 1034 1612 (b).

297 1671 417 1698 Sextum
432 1669 485 1696 iter
495 1666 672 1699 wternitatis,
686 1673 740 1700 per
755 1663 838 1699 quod
852 1661 970 1698 spiritus
985 1667 1037 1687 no-

260 1719 318 1745 ster
332 1717 413 1744 veuit
435 1716 474 1743 ad
491 1715 682 1742 intrinsecum
698 1712 844 1739 secretum
857 1711 884 1736 et
899 1706 1036 1735 aeternale

260 1764 426 1792 manerium
443 1762 556 1789 Domini
572 1763 637 1787 iesu
648 1780 656 1793 ,
673 1762 713 1786 est
729 1760 906 1785 aeternorum
925 1752 1037 1789 experi-

261 1810 396 1838 mentalis
413 1807 600 1845 proegustatio
617 1808 644 1833 et
659 1805 772 1833 notitia.
795 1802 851 1830 Nisi
868 1801 947 1828 enlm
963 1800 1037 1826 essct

261 1858 291 1884 in
306 1857 393 1885 nobis
415 1859 593 1883 {eternorum
618 1852 755 1888 quiedam
780 1847 939 1885 spiritualis
963 1854 1036 1882 prae-

260 1904 397 1940 gustatio,
412 1911 473 1930 nou
490 1902 599 1929 diceret
613 1898 764 1927 l‘salmista
779 1898 789 1914 ³
807 1905 813 1923 :
831 1896 941 1923 Gustare
955 1896 980 1921 et
994 1894 1036 1920 υί-

261 1952 329 1982 dete,
346 1951 473 1986 quonium
493 1949 583 1975 suauis
599 1950 636 1974 est
653 1947 794 1978 Dominus,
810 1945 864 1970 etc.
882 1941 926 1970 Ad
939 1940 1035 1975 majo-

261 2006 325 2027 rem
336 1997 424 2032 hujus
435 1995 544 2023 itineris
555 1993 700 2026 notitiam,
713 1993 826 2027 septem
836 1997 889 2025 per
900 1987 1037 2016 ordinem

262 2047 328 2073 suut
342 2043 485 2071 notanda.

298 2092 393 2119 Primo
411 2090 499 2125 igitur
523 2087 687 2115 videndum
708 2087 760 2118 est,
779 2083 852 2119 quid
867 2082 929 2109 inec
954 2088 1040 2116 expe-

263 2138 366 2166 rientia
382 2137 506 2169 dicatur,
523 2138 550 2163 et
563 2142 654 2170 quare
667 2130 863 2169 praecedentia
878 2129 982 2157 itinera
993 2136 1039 2155 se-

263 2188 380 2220 quatur.

299 2230 433 2259 Secundo
443 2251 451 2263 ,
474 2236 602 2265 quarum
626 2226 825 2263 potentiarum
849 2223 902 2250 ista
927 2220 1041 2257 experi-

265 2278 400 2306 mentalis
414 2277 517 2304 notitIa
532 2276 657 2303 dicatur.

299 2325 404 2357 Tertio,
418 2323 543 2359 qualiter
553 2320 718 2357 spirituales
728 2327 830 2346 sensus
842 2316 1041 2353 potentiarum

266 2372 304 2400 ab
318 2369 542 2406 experimentali
557 2368 659 2395 notitia
674 2366 884 2402 impediantur.

302 2419 410 2452 Quarto
420 2438 429 2451 ‚
450 2416 576 2452 qualiter
591 2413 744 2441 interiores
760 2419 863 2439 sensus
877 2408 1043 2445 spirituales

267 2466 440 2501 reparentur
455 2462 502 2490 vel
518 2462 714 2489 reformentur
729 2460 773 2495 (ις).

304 2512 421 2546 Quinto,
430 2509 556 2546 qualiter
571 2516 624 2544 per
640 2509 757 2541 gustum
773 2504 943 2532 interiorem
959 2502 1043 2538 spiri-

269 2560 379 2587 tualem
391 2561 499 2586 oeterna
514 2556 728 2592 praegustentur
743 2553 792 2589 (tl).

303 2635 406 2663 'Prot-Q
429 2637 485 2661 viti,
505 2632 542 2654 35,
559 2642 589 2647 —
606 2628 697 2651 ²1¹sal.
721 2632 831 2656 mxxiii,
851 2627 871 2648 4.
895 2638 921 2641 —-
947 2624 955 2637 ³
977 2623 1044 2646 Psnl.

270 2675 365 2699 xxxin,
382 2672 404 2692 υ.
424 2681 453 2686 --
472 2668 482 2683 Δ
501 2666 583 2691 Cant..
605 2671 630 2692 ιι,
652 2667 674 2687 3.
695 2675 723 2680 -
747 2663 754 2676 ⁵
776 2663 852 2691 nug„
868 2661 893 2683 iu
908 2661 972 2689 sept.
988 2666 1044 2689 cap.

271 2705 358 2736 Anyel.
371 2705 449 2734 Hiera,
461 2703 503 2726 lib.
516 2699 714 2731 V11‚post1ned.

661 234 712 267 DE
734 230 894 266 SEPTEM
915 226 1142 261 lTlNERIBUS
1162 225 1452 258 AETERNITATIS.

1121 295 1222 330 Sexto,
1237 293 1366 331 qualiter
1379 292 1506 330 quilibet
1517 299 1620 321 sensus
1632 291 1757 321 interior
1775 293 1862 331 spiri-

1085 341 1172 370 tualis
1186 342 1294 369 aeterna
1307 340 1484 377 experiatur.

1120 388 1261 425 Septimo,
1278 387 1406 424 qualiter
1427 387 1548 424 spiritus
1569 388 1670 415 noster
1684 386 1725 415 ad
1738 387 1861 416 venien-

1085 435 1158 464 dum
1180 443 1235 472 per
1248 435 1302 463 iter
1323 434 1511 471 experientiae
1531 433 1570 462 ad
1589 433 1782 462 intrinsecum
1803 434 1861 462 Do-

1084 481 1158 511 mini
1172 481 1312 510 invitetur
1326 480 1371 519 (e).

1327 574 1569 608 DISTlNC'l'IO
1592 574 1619 607 I.

1086 648 1159 682 Quid
1165 649 1273 676 dicatur
1282 648 1502 684 emperimentalis
1508 649 1860 684 proeyustatiooecernorum,

1166 697 1172 702 “
1223 695 1246 720 et
1260 693 1379 728 qualiter
1394 693 1453 720 alia
1468 694 1570 720 itinera
1584 694 1721 728 sequatur.

1121 762 1219 790 Primo
1233 761 1323 797 igitur
1336 761 1505 791 videndum,
1522 763 1579 795 est,
1594 761 1669 798 quid
1687 762 1748 790 hoee
1771 769 1862 798 expe-

1085 808 1191 836 rientia
1203 807 1328 843 dicatur,
1339 810 1367 836 et
1380 807 1507 844 qualiter
1520 807 1579 835 alia
1591 808 1697 837 itinera
1709 811 1860 844 sequatur.

1085 856 1124 883 De
1141 863 1202 891 quo
1217 855 1383 883 notandum
1399 857 1451 889 est,
1471 854 1546 882 sicut
1559 853 1631 882 dicit
1644 854 1764 890 Papias,
1779 854 1864 891 quod

1087 902 1269 938 experientia
1282 902 1364 930 idem
1379 904 1422 930 est
1436 901 1520 938 quod
1538 901 1652 929 notitia.
1678 901 1758 929 Unde
1774 908 1864 937 expe-

1892 912 1966 939 Expe-

1085 942 1191 976 rientia
1206 949 1324 977 videtur
1345 956 1408 977 esse
1423 947 1532 983 objecti
1547 947 1705 983 cujuslibet
1727 947 1864 984 potentioe
1892 942 1972 964 ’ἰωὴ

1086 995 1277 1031 priesentialis
1291 998 1373 1024 actus
1388 997 1415 1023 et
1429 995 1543 1023 notitia.
1559 997 1645 1022 Actus
1665 994 1746 1022 enim
1759 994 1864 1022 vitales

1087 1043 1234 1078 attingunt
1252 1051 1306 1070 sua
1328 1042 1444 1078 objecta
1466 1042 1574 1076 active,
1592 1042 1639 1069 vel
1659 1041 1775 1077 passive
1787 1062 1798 1076 ‚
1818 1041 1865 1069 vel

1087 1092 1215 1126 utroque
1230 1089 1335 1125 modo,
1349 1090 1514 1118 secundum
1533 1090 1680 1125 quosdam
1696 1098 1703 1116 :
1723 1088 1797 1117 alias
1810 1096 1865 1124 po-

1088 1137 1178 1164 tentia
1194 1145 1255 1165 non
1269 1137 1352 1164 fieret
1367 1137 1397 1165 in
1417 1139 1493 1165 actu.
1514 1136 1595 1164 Unde
1610 1136 1633 1164 si
1649 1144 1753 1164 omues
1767 1134 1864 1164 homi-

1088 1192 1141 1212 nes
1161 1183 1263 1212 dicunt
1281 1184 1354 1212 mihi
1373 1184 1431 1212 hoc
1454 1191 1517 1211 esse
1541 1183 1639 1217 dulce,
1661 1190 1715 1219 per
1732 1182 1789 1210 hoc
1804 1189 1866 1210 non

1088 1231 1186 1259 habeo
1201 1231 1336 1259 notitiam
1360 1230 1622 1267 experimentalem
1641 1229 1678 1257 de
1698 1229 1762 1264 illo,
1777 1229 1866 1257 etiam

1091 1280 1368 1314 quantumcumque
1380 1277 1508 1313 probent
1521 1285 1574 1313 per
1581 1276 1724 1307 rationes:
1741 1275 1793 1303 sed
1805 1275 1867 1311 opi-

1089 1324 1227 1359 nionem,
1248 1324 1297 1352 vel
1310 1324 1418 1359 iidem,
1442 1324 1490 1352 vel
1510 1323 1662 1351 scientiam
1680 1330 1799 1359 possem
1813 1322 1866 1350 ha-

1090 1371 1170 1400 bere.
1188 1371 1245 1399 Sed
1260 1371 1283 1398 si
1299 1373 1400 1407 gustus
1415 1379 1499 1398 meus
1515 1370 1630 1405 attingit
1644 1369 1802 1405 gustabile,
1818 1369 1866 1397 vel

1091 1418 1240 1451 attingitur
1255 1418 1293 1446 ab
1315 1418 1378 1452 illo,
1394 1420 1463 1446 tunc
1482 1417 1579 1446 habeo
1599 1417 1733 1445 notitiam
1753 1415 1868 1452 experi-

1091 1465 1250 1492 mentalem
1264 1465 1353 1492 illius.
1371 1464 1507 1492 Similiter
1518 1466 1560 1492 est
1570 1463 1606 1491 de
1623 1466 1709 1499 gustu
1723 1462 1865 1497 interiori,

1091 1515 1119 1540 et
1133 1512 1198 1540 aliis
1211 1512 1346 1540 sensibus
1362 1511 1576 1548 spiritualibus.
1592 1511 1674 1539 L‘nde
1689 1510 1712 1538 si
1728 1518 1784 1546 ego
1797 1509 1866 1545 lego

1091 1559 1139 1587 vel
1155 1559 1245 1587 audio
1260 1559 1298 1587 ab
1314 1559 1427 1595 aliquo,
1443 1559 1526 1595 quod
1549 1558 1644 1586 dulcis
1667 1558 1702 1585 sit
1716 1557 1867 1592 Dominus,

1090 1608 1212 1642 propter
1226 1606 1282 1633 hoc
1299 1614 1358 1634 non
1379 1606 1476 1633 liabeo
1500 1605 1634 1633 notitiam
1654 1604 1867 1641 experimenta-

1091 1652 1150 1680 lem
1167 1652 1202 1680 de
1225 1653 1292 1685 1100,
1308 1652 1364 1680 11151
1380 1655 1482 1687 gustus
1497 1652 1657 1688 spiritualis
1675 1652 1834 1686 attingatur
1849 1659 1867 1678 a

1093 1699 1249 1726 dulcedine
1259 1699 1370 1733 divina,
1382 1702 1413 1725 ut
1423 1699 1500 1726 dieat
1510 1707 1578 1726 cum
1589 1699 1702 1733 Sponsa
1711 1698 1720 1714 Β
1733 1706 1738 1724 :
1751 1698 1867 1725 Fructus

1092 1747 1146 1780 ejus
1157 1748 1193 1773 est
1209 1746 1297 1773 dulcis
1309 1747 1415 1779 qulturi'
1426 1753 1480 1772 meo
1493 1755 1501 1771 .-
1516 1745 1567 1771 ubi
1583 1744 1715 1779 loquitur
1731 1744 1767 1771 de
1779 1745 1867 1778 gustu

1092 1792 1235 1828 spirituali
1250 1794 1278 1820 et
1293 1791 1532 1827 experimentali,
1560 1793 1592 1818 ut
1613 1793 1693 1826 patet
1709 1790 1740 1818 in
1755 1790 1865 1818 Glossa.

1093 1840 1125 1866 Et
1140 1839 1193 1866 ista
1207 1839 1309 1866 notitia
1324 1837 1564 1874 experimentalis
1587 1837 1868 1873 perfectissimorum

1093 1888 1144 1913 est.
1163 1885 1243 1913 [nde
1258 1885 1328 1913 dicit
1338 1885 1512 1919 bernardus,
1521 1892 1601 1920 super
1612 1885 1724 1912 Cantica
1733 1893 1766 1912 .·11
1779 1883 1870 1918 Quid—

1095 1932 1168 1968 quid
1183 1932 1220 1959 de
1242 1932 1364 1960 occultis
1388 1932 1442 1959 tuis
1458 1931 1583 1966 scimus,
1608 1939 1625 1959 o
1650 1931 1772 1959 Domine
1785 1932 1870 1965 Jesu,

1094 1982 1144 2007 aut
1152 1979 1299 2015 Scriptura
1310 1979 1446 2013 docente,
1455 1981 1506 2006 aut
1513 1980 1540 2006 te
1551 1977 1712 2013 revelante,
1721 1979 1771 2005 aut
1782 1979 1870 2012 certe,

1095 2026 1179 2062 quod
1189 2026 1467 2062 perfectissimorum
1479 2027 1531 2059 est,
1541 2024 1687 2060 gustando
1701 2024 1869 2059 didicimus,

1095 2073 1127 2100 id
1142 2076 1193 2108 est,
1210 2073 1400 2108 experientia.
1418 2082 1430 2098 »ι
1450 2073 1487 2099 Ex
1504 2080 1564 2107 quo
1583 2074 1683 2108 patere
1705 2073 1802 2107 potest
1825 2079 1870 2099 se—

1096 2120 1239 2153 cundum,
1255 2120 1373 2153 scilicet,
1386 2118 1468 2155 quod
1478 2118 1556 2146 istud
1566 2118 1620 2146 iter
1635 2118 1871 2154 experimentalis

1096 2167 1204 2194 notitiae
1217 2169 1393 2194 reternorum
1404 2165 1617 2193 rationabiliter
1626 2165 1757 2201 sequitur
1767 2165 1871 2193 itinera

1096 2213 1300 2249 przeeedentia.
1311 2212 1386 2246 Quid
1394 2211 1515 2247 prodest
1522 2219 1652 2247 namque
1661 2211 1755 2240 multa
1761 2219 1871 2247 coguo-

1097 2268 1177 2288 sccre
1192 2262 1219 2287 et
1234 2259 1408 2294 intelligere,
1421 2266 1475 2285 nec
1486 2257 1537 2285 1113
1547 2257 1684 2293 experiri,
1699 2266 1754 2286 nec
1769 2257 1808 2285 ad
1823 2257 1870 2285 ali-

1098 2316 1188 2344 quem
1202 2315 1289 2335 usum
1304 2306 1355 2334 illa
1369 2305 1479 2333 habere
1489 2305 1502 2331 ‘t
1522 2307 1597 2340 Ergo
1613 2305 1799 2341 experientiae
1818 2312 1871 2332 no·-

1098 2357 1159 2384 11113
1170 2355 1352 2392 quandoque
1365 2356 1407 2381 est
1419 2353 1594 2381 necessaria.
1611 2352 1691 2379 Unde
1707 2353 1788 2387 liugo
1802 2351 1872 2379 dicit

1098 2404 1139 2431 sic
1151 2405 1160 2420 ⁵
1177 2412 1183 2430 :
1201 2413 1215 2428 «
1239 2405 1301 2431 Non
1326 2401 1395 2429 iacit
1409 2400 1572 2436 perfeetum
1595 2398 1723 2434 cognitio
1738 2398 1869 2433 virtutis,

1099 2452 1153 2479 nisi
1164 2454 1191 2479 et
1204 2450 1321 2478 habitus
1339 2449 1450 2477 virtutis
1474 2448 1504 2475 in
1519 2446 1699 2483 experientia
1712 2445 1872 2482 subsequa-

1133 2550 1165 2579 (ni
1188 2549 1223 2571 lta
1241 2547 1266 2570 iu
1283 2548 1379 2569 Carion.
1406 2546 1474 2569 Miss.
1496 2545 1570 2568 Dour.
1591 2544 1617 2567 in
1639 2544 1777 2574 Quadi-ag.;
1797 2543 1870 2574 Vulg.

1098 2586 1182 2615 penul.
1197 2597 1228 2600 —
1248 2582 1280 2612 (b)
1303 2583 1364 2605 Cart⁴
1382 2581 1441 2605 vdit.
1457 2587 1508 2604 11011
1528 2580 1622 2603 habeut
1639 2579 1705 2609 ψωί
1719 2581 1755 2602 cs!
1771 2581 1873 2602 (rervm,-

1102 2628 1155 2643 rwn
1175 2618 1379 2647 espermwutulm
1392 2618 1568 2648 lat-‹cyuslulzm
1583 2627 1613 2632 --
1633 2616 1659 2644 (c)
1680 2616 1740 2639 t'aet.
1758 2615 1818 2638 mm.
1835 2621 1873 2638 re-

1101 2657 1221 2686 parantur
1236 2654 1275 2677 vel
1291 2654 1468 2677 reformantur:
1487 2664 1517 2668 -
1533 2651 1570 2681 (d)
1594 2651 1654 2674 Item
1675 2652 1872 2681 praegustautur.

1100 2705 1130 2710 —
1144 2691 1176 2721 (e)
1189 2691 1249 2714 Item
1266 2689 1393 2713 invitatur.

1878 973 1939 1000 quid.
