2004 3037
233 282 293 315 134

234 348 320 386 quod
345 347 377 376 in
403 345 578 383 purgatorio
605 346 703 382 potest
729 351 794 374 esse
819 343 969 373 absolutio
997 351 1016 371 a

234 403 340 433 poena,
355 395 385 423 et
401 401 464 422 non
478 400 498 422 a
511 392 610 430 eulpa.
631 394 692 421 Hoc
705 392 745 421 ab
759 391 890 428 antiquis
904 391 1018 420 dictum

236 443 293 478 est3
308 440 364 470 sed
375 448 457 469 nunc
470 439 669 469 communiter
689 440 806 468 tenetur
815 459 825 473 ,
847 437 932 475 quod
947 445 1017 474 pec-

237 491 337 518 eatum
357 487 474 518 veniale
497 495 566 516 cum
586 487 657 516 hInc
679 486 829 515 deferatur
853 493 872 514 a
899 485 1018 520 multis,

237 535 327 564 etiam
342 536 489 571 quantum
507 533 548 563 ad
566 533 686 571 eulpam
700 533 732 562 in
750 532 925 570 purgatorio
948 539 1020 568 pur-

239 584 326 619 gatur
340 591 348 611 z
363 581 436 619 quia
449 581 540 610 etiam
552 581 626 617 hoc,
642 580 727 617 quod
740 579 883 608 Dominus
897 579 968 607 dicit
982 579 1020 607 de

240 628 424 666 quibusdam
446 628 591 665 peccatis,
617 627 702 665 quod
728 635 791 656 non
817 626 1020 661 remittentur,

239 683 340 713 neque
353 675 386 704 in
399 675 458 704 hoe
473 674 598 710 soeculo,
613 682 713 712 neque
727 674 759 702 in
771 674 886 708 futuro,
901 673 1024 710 exponit

241 723 399 760 Gregorius
412 723 437 759 ¹,
456 723 540 759 quod
554 722 684 751 venialia
697 721 882 750 remittentur
900 721 932 748 in
944 720 1022 748 futu—

242 778 300 799 ro:
317 770 399 807 quod
424 769 448 798 si
471 769 652 805 intelligatur
674 771 821 806 quantum
844 767 884 796 ad
903 774 1025 804 poenam

243 819 377 852 tantum,
405 820 475 846 tunc
508 816 654 853 expositio
691 815 823 851 Gregorii
856 814 940 843 nulla
967 815 1024 849 est,

246 865 317 902 quia
350 864 440 893 ettam
468 863 606 893 mortalia
642 863 777 892 confessa
809 864 955 899 quantum
987 860 1027 888 ad

246 919 368 948 poenam
385 913 566 947 purgantur,
590 919 656 947 quoe
674 910 723 938 hic
743 909 840 938 soluta
862 916 924 936 non
948 909 1027 936 sunt.

246 957 357 987 Tertius
372 957 491 987 effectus
505 960 561 994 est,
577 957 662 994 quod
674 957 781 986 minuit
792 956 944 984 fervorem
959 955 1028 983 cha—

248 1006 351 1040 ritatis,
365 1006 440 1034 sicut
461 1013 542 1042 aqua
560 1005 592 1034 in
605 1005 675 1041 igne
689 1005 832 1041 projecta,
847 1003 915 1035 lieet
928 1002 1030 1038 ignem

249 1060 312 1081 non
327 1051 489 1088 extinguat,
504 1052 654 1080 servorem
668 1054 767 1079 tamen
780 1050 861 1078 illius
876 1050 1030 1085 temperat.

251 1100 377 1134 Quartus
401 1101 460 1134 est,
483 1098 568 1136 quod
589 1098 736 1135 potentias
758 1098 864 1126 animoe
887 1097 918 1125 in
944 1096 1033 1125 bonis

253 1146 394 1183 operibus
408 1146 516 1180 lassat,
531 1145 622 1180 sicut,
637 1145 761 1182 quando
775 1145 896 1181 ponitur
914 1143 1034 1181 pondus

253 1202 342 1231 super
357 1202 485 1230 equum,
501 1193 599 1222 minus
618 1193 673 1221 erit
690 1195 846 1228 promptus
870 1192 909 1220 ad
928 1191 1034 1220 ambu—

254 1241 389 1271 landum.
406 1241 528 1275 Quintus
550 1243 608 1276 est,
632 1239 715 1277 quod
736 1239 866 1268 retardat
885 1247 902 1267 a
925 1238 1035 1273 gloria,

257 1289 329 1327 quia
341 1289 434 1317 homo
455 1288 506 1325 qui
529 1288 676 1316 decedens
695 1287 810 1323 alioqui
825 1289 925 1323 posset
939 1286 1037 1314 statim

257 1337 377 1365 evolare
389 1336 429 1365 ad
441 1335 560 1370 coelum,
575 1337 644 1372 post
657 1337 782 1363 mortem
793 1334 908 1370 cogitur
919 1336 1038 1370 propter

257 1383 387 1413 venialia
411 1382 451 1411 ad
474 1386 591 1419 tempus
615 1382 646 1410 in
670 1381 844 1418 purgatorio
873 1383 1038 1416 expectare.

259 1435 417 1469 Nunquam
433 1431 512 1459 enim
529 1431 568 1459 ab
586 1429 689 1466 aliquo
708 1429 796 1456 facies
813 1428 861 1456 Dei
880 1427 1040 1463 videbitur,

261 1481 358 1509 donec
377 1479 473 1507 solvat
488 1477 646 1506 minimum
667 1475 865 1512 quadrantem
880 1474 1042 1502 venialium

261 1529 469 1564 peccatorum,
484 1525 593 1553 scilicet
612 1532 664 1560 per
682 1530 811 1559 poenam.
829 1523 948 1558 Oportet
963 1521 1042 1549 enim

263 1573 427 1611 quemlibet
455 1572 496 1600 ita
525 1571 672 1600 mundum
705 1577 767 1597 csse
796 1571 862 1596 ante
891 1568 1043 1596 introitum

264 1622 408 1656 Paradisi‚
425 1621 498 1648 sicut
518 1619 611 1647 suerat
626 1618 656 1646 in
672 1616 841 1645 innocentia
862 1614 1042 1651 baptismali.

263 1671 366 1699 Sextus
376 1671 429 1702 est,
441 1666 524 1703 quod
538 1667 618 1694 bona
632 1664 734 1699 gloriae
749 1663 874 1691 cci-lestis
888 1662 1043 1689 diminuit:

264 1726 326 1745 nou
349 1715 473 1752 quidem
492 1714 559 1748 illa,
584 1721 650 1749 quae
668 1712 730 1747 juni
753 1711 914 1744 debentur,
930 1712 957 1738 ct
979 1718 1046 1746 quoe

263 1765 325 1800 J'am
351 1763 496 1791 babemus
519 1761 560 1788 ibi
586 1768 638 1796 per
663 1759 801 1786 meritum
823 1757 968 1793 reposita,
994 1756 1046 1784 scd

267 1818 333 1847 qnae
347 1809 526 1837 deberentur
537 1829 545 1842 ,
561 1807 584 1834 si
608 1806 736 1834 venialia
760 1813 821 1832 non
838 1805 961 1838 tierent,
975 1804 1047 1839 quia

267 1859 298 1886 in
310 1865 346 1885 eo
354 1860 488 1892 tempore
502 1857 621 1891 possent
631 1854 732 1889 aliqua
744 1853 826 1880 bona
839 1852 912 1886 fieri,
925 1851 1047 1887 quando

267 1905 320 1933 illa
333 1904 416 1932 fiunt.
434 1904 591 1938 Propterea
602 1903 669 1936 post
683 1899 933 1936 perpetrationem
949 1899 1048 1926 venia-

268 1952 342 1979 lium
357 1951 473 1986 oportet
488 1956 542 1976 nos
563 1956 655 1983 opera
669 1946 807 1983 quantam
824 1948 994 1974 convertere
1009 1946 1048 1974 ad

269 1997 449 2026 solutionem
477 1994 650 2030 hujusmodi
683 1993 853 2021 debitorum
865 2014 873 2027 ,
902 2001 956 2028 per
984 2001 1049 2028 qnae

270 2044 358 2073 nobis
373 2043 495 2071 deberet
510 2050 640 2070 crescere
658 2040 795 2068 cumulus
808 2040 907 2067 (eterni
923 2041 1047 2075 praemii.

270 2091 415 2127 Septimus
430 2090 551 2118 effectus
566 2091 624 2123 cst,
641 2088 725 2124 quod
740 2087 869 2115 venialia
886 2095 963 2123 sirpe
983 2089 1051 2114 sunt

270 2138 386 2166 occasio
405 2136 575 2165 mortalium
589 2137 792 2171 pcccatorum,
809 2137 837 2161 et
851 2134 907 2162 hoc
922 2136 1051 2170 quatuor

271 2185 383 2219 modis,
399 2185 473 2212 sicut
494 2184 587 2211 habes
610 2191 700 2218 supra
722 2181 816 2217 capite
832 2181 982 2217 proximo,
998 2181 1050 2209 ubi

271 2231 397 2264 dicitur,
412 2231 494 2266 quod
513 2232 593 2257 actus
609 2229 660 2265 qui
680 2237 714 2255 ex
734 2237 764 2256 se
780 2228 902 2256 venialis
918 2230 958 2255 est
971 2249 978 2261 ‚
998 2236 1051 2263 po-

273 2280 326 2306 test
339 2278 402 2305 fieri
418 2277 551 2305 mortalis
565 2278 693 2311 ‹piatuor
707 2274 814 2302 modis.
833 2276 891 2302 Hoc
906 2276 949 2301 cst
963 2275 1051 2302 ctiam

272 2324 459 2360 singulariter
482 2322 715 2355 advertendum,
744 2321 826 2356 quod
847 2322 921 2348 sieut
945 2321 984 2348 ad
1006 2330 1051 2349 re-

273 2372 444 2400 missionem
472 2369 584 2405 peccati
611 2367 744 2396 mortalis
772 2368 898 2402 exigitur
924 2368 1050 2396 desertio

273 2421 354 2447 aetus
367 2416 511 2454 peccandi
528 2424 596 2443 cuni
612 2415 763 2443 voluntate
787 2414 816 2440 in
832 2416 983 2449 posterum
999 2415 1051 2442 ab-

273 2464 415 2499 stinendi,
431 2463 472 2491 sie
490 2470 611 2499 quoque
633 2463 786 2497 peccatum
800 2461 916 2488 veniale
932 2461 962 2488 in
977 2469 1051 2496 prat-

274 2512 347 2540 senti
376 2519 437 2539 non
467 2509 639 2543 dimittitur,
664 2508 720 2536 nisi
748 2510 814 2536 actu
843 2509 871 2535 et
898 2508 1051 2543 proposito

273 2559 434 2588 deseratur.

307 2629 312 2641 ¹
338 2627 425 2658 Greg„
451 2624 531 2655 nial„
556 2624 600 2647 lili.
627 2623 677 2653 tv,

274 2669 299 2692 x,
314 2664 351 2687 15.

306 2703 341 2734 (a)
355 2704 414 2729 Cet-t.
431 2703 490 2727 erm.
504 2702 632 2735 superbia.

705 2630 726 2646 c.
755 2629 843 2646 xxxix.
872 2635 902 2640 -
931 2622 938 2635 ²
962 2621 1049 2650 Ιῖςςίιζ,

556 275 817 310 COMPENDIUM
836 265 1342 309 THEOLoffluAE'VERlTATls.
1367 273 1444 306 LIB.
1467 272 1521 305 111.

1333 389 1477 425 CAPUT
1500 389 1592 423 XIV.

1166 464 1204 492 De
1220 465 1319 500 septem
1336 465 1416 493 vitiis
1433 464 1596 500 capitalibus
1619 464 1650 491 in
1667 462 1762 498 specie.

1111 535 1302 563 Peccatorum
1325 533 1488 562 actualium
1509 533 1681 562 mortalium
1701 536 1797 560 unum
1814 532 1859 560 est

1076 580 1206 615 initium,
1217 581 1330 618 duplex
1343 581 1441 616 radix,
1455 581 1562 618 triplex
1577 580 1754 614 fomentum,
1769 577 1859 615 septi·

1078 627 1173 656 forme
1201 629 1298 665 caput.
1328 629 1423 656 Unum
1452 627 1570 656 initium
1598 626 1726 655 dicimus
1755 620 1859 662 super·

1079 674 1163 703 biam
1177 675 1234 712 (a),
1253 675 1337 711 juxta
1358 675 1433 704 illud
1448 676 1481 703 ἰ
1506 675 1622 702 Initium
1646 675 1733 702 omnis
1755 673 1861 708 peccati

1080 723 1217 759 superbia.
1234 723 1346 760 Duplex
1363 730 1436 752 vero
1457 721 1544 751 radix
1559 723 1619 757 est,
1640 720 1752 749 scilicet
1771 719 1861 748 timor

1081 769 1160 798 male
1175 769 1350 804 humilians,
1366 771 1394 798 et
1407 776 1493 797 amor
1506 768 1584 797 male
1601 767 1774 797 accendens.
1790 767 1861 795 Om-

1082 817 1129 844 nis
1141 818 1240 845 autem
1255 817 1343 845 timor
1355 819 1453 845 ortum
1467 816 1558 844 habet
1570 815 1610 844 ab
1624 822 1746 844 amore:
1762 813 1863 842 nullus

1084 863 1164 892 enim
1175 863 1259 892 timet
1272 863 1367 900 aliqui
1383 863 1508 900 perdere
1520 883 1529 898 ,
1543 862 1599 890 nisi
1613 862 1685 899 quia
1697 862 1778 890 amat
1788 856 1864 888 illud

1084 911 1206 938 habere.
1221 910 1338 946 Triplex
1352 909 1464 947 peccati
1477 909 1643 938 fomentum
1652 910 1721 937 'sunt
1733 907 1789 936 tria
1797 912 1865 943 qum

1086 959 1154 986 sunt
1168 957 1199 986 in
1218 957 1348 992 mundo,
1368 957 1479 985 scilicet
1496 955 1737 993 concupiscentia
1749 953 1865 987 carnis,

1087 1004 1327 1042 coucupiscentia
1355 1003 1527 1038 oculorum,
1552 1005 1580 1032 et
1613 1002 1754 1039 superbia
1787 1000 1866 1030 vitm.

1088 1052 1263 1089 septiforme
1278 1052 1367 1088 caput
1385 1053 1453 1079 sunt
1465 1050 1622 1087 superbia,
1654 1049 1768 1077 invidia
1781 1069 1789 1083 ‚
1802 1048 1848 1076 ira
1858 1069 1867 1083 ‚

1089 1099 1208 1134 acedia,
1228 1099 1370 1133 avaritia,
1392 1098 1472 1134 gula,
1497 1099 1526 1126 et
1547 1096 1688 1125 luxuria:
1713 1096 1789 1124 inter
1802 1102 1870 1132 quae

1091 1148 1158 1174 sunt
1193 1145 1254 1174 duo
1290 1145 1421 1174 carnalia
1433 1166 1442 1180 ,
1469 1144 1603 1181 quinque
1630 1151 1702 1172 vero
1734 1142 1871 1180 spiritua-

1091 1194 1142 1222 lia.
1174 1192 1354 1222 sufficientia
1387 1191 1496 1220 horum
1528 1191 1671 1219 vitiorum
1700 1190 1742 1218 sic
1775 1190 1873 1226 potest

1093 1241 1203 1275 colligi.
1224 1240 1364 1268 Voluntas
1381 1241 1482 1267 nostra
1501 1237 1710 1272 coordinatur,
1731 1238 1782 1265 aut
1800 1235 1874 1273 quia

1094 1288 1205 1324 appetit
1223 1295 1285 1315 non
1299 1285 1502 1323 appetendum
1513 1307 1520 1317 ,
1537 1286 1588 1313 aut
1607 1284 1679 1321 quia
1694 1282 1801 1319 refugit
1814 1290 1875 1311 non

1095 1334 1314 1370 refugiendum.
1334 1333 1361 1361 Si
1376 1333 1474 1370 primo
1490 1331 1601 1365 modo,
1620 1333 1670 1359 aut
1685 1333 1727 1359 est
1741 1329 1873 1365 interius,

1097 1384 1125 1410 ct
1146 1382 1187 1410 sic
1207 1384 1249 1410 est
1268 1388 1346 1409 vana
1366 1379 1480 1416 gloria;
1501 1381 1551 1407 aut
1570 1378 1714 1412 exterius,
1735 1376 1819 1405 etsie
1833 1378 1877 1405 est

1097 1429 1238 1463 avaritia3
1258 1431 1308 1456 aut
1322 1427 1453 1461 interius,
1468 1426 1545 1454 etsie
1561 1418 1603 1453 e‘st
1619 1423 1805 1453 delectabile.
1819 1422 1877 1452 Sed

1098 1475 1173 1504 illud
1197 1474 1391 1509 delectabile,
1418 1475 1467 1502 aut
1493 1474 1536 1501 est
1558 1472 1597 1500 ad
1620 1470 1877 1500 conservationem

1100 1521 1264 1556 individui,
1281 1523 1309 1549 et
1326 1521 1367 1548 sic
1381 1523 1424 1549 est
1445 1520 1618 1548 alimentum
1633 1518 1717 1555 quod
1732 1518 1878 1555 appetitur

1100 1569 1266 1597 inordinate
1289 1576 1306 1596 a
1327 1568 1412 1602 indm
1435 1569 1485 1595 aut
1500 1568 1541 1594 est
1562 1566 1601 1594 ad
1621 1565 1878 1593 conservationem

1101 1616 1226 1653 speciei,
1241 1618 1269 1642 et
1285 1615 1326 1642 sic
1340 1617 1380 1642 est
1401 1614 1508 1648 coitus,
1527 1613 1578 1649 qui
1596 1612 1742 1648 appetitur
1765 1610 1878 1639 inordi-

1101 1666 1167 1691 nate
1184 1670 1202 1690 a
1217 1662 1344 1690 luxuria.
1364 1661 1391 1689 Si
1407 1663 1504 1688 autem
1520 1660 1658 1687 voluntas
1676 1661 1777 1687 nostra
1791 1658 1879 1686 deor-

1103 1710 1221 1737 dinatur
1235 1709 1306 1744 quia
1316 1707 1421 1742 refugit
1436 1707 1519 1743 quod
1534 1714 1595 1734 non
1608 1708 1649 1733 est
1661 1705 1880 1740 refugiendum,

1102 1756 1159 1784 hoe
1183 1758 1279 1792 potest
1302 1763 1364 1782 csse
1390 1754 1540 1790 tripliciter
1562 1755 1636 1781 :aut
1660 1752 1740 1780 enim
1763 1751 1880 1786 refugit,

1103 1803 1187 1839 quod
1204 1810 1265 1830 non
1280 1804 1322 1829 est
1336 1801 1544 1835 refugiendum
1557 1820 1563 1831 ‚
1580 1799 1746 1828 secundum
1760 1805 1880 1835 perver-

1103 1859 1170 1878 sum
1183 1850 1350 1877 instinctum
1364 1847 1527 1881 rationalis,
1543 1849 1570 1874 et
1582 1846 1623 1874 sic
1633 1849 1675 1874 est
1685 1845 1814 1879 invidia;
1831 1847 1883 1873 aut

1103 1897 1269 1926 secundum
1298 1896 1467 1923 instinctum
1502 1901 1675 1930 perversum
1707 1891 1883 1926 irascibilis,

1105 1948 1132 1972 et
1146 1944 1186 1972 sic
1201 1946 1243 1971 est
1258 1943 1316 1976 ira;
1334 1945 1383 1970 aut
1397 1940 1562 1969 secundum
1575 1947 1749 1976 perversum
1763 1938 1883 1966 instinc-

1104 1994 1167 2020 tum
1188 1989 1444 2026 concupiscibilis,
1466 1991 1495 2015 et
1512 1987 1554 2015 sic
1575 1989 1618 2015 est
1640 1986 1754 2014 acedia.
1778 1987 1818 2014 Ex
1839 1985 1884 2014 his

1104 2040 1185 2074 patet
1209 2037 1292 2073 quod
1320 2038 1388 2063 sunt
1415 2037 1544 2071 quatuor
1571 2033 1755 2070 appetibilia,
1776 2034 1805 2060 et
1826 2034 1884 2060 tres

1105 2087 1173 2112 sunt
1195 2085 1272 2111 vires
1294 2082 1460 2111 secundum
1484 2089 1611 2117 quarum
1644 2080 1813 2107 instinctum
1841 2080 1884 2106 est

1105 2132 1198 2167 suga:
1221 2133 1249 2158 et
1278 2129 1345 2158 ideo
1372 2131 1485 2157 tantum
1513 2130 1580 2155 snut
1606 2129 1718 2162 septem
1747 2124 1884 2161 capitalia

1106 2180 1233 2214 peccata.

1143 2227 1263 2252 Peccata
1282 2222 1420 2258 quredam
1441 2223 1529 2254 sunt,
1552 2227 1617 2256 quae
1642 2218 1825 2255 quandoque
1852 2225 1884 2246 se

1106 2271 1226 2308 publice
1250 2269 1427 2301 ostendunt,
1452 2270 1484 2295 ut
1506 2266 1628 2302 quando
1652 2265 1760 2293 directe
1789 2266 1883 2299 liunt5

1107 2317 1290 2354 quandoque
1304 2323 1376 2343 vero
1392 2314 1447 2342 sub
1469 2313 1602 2350 quadam
1621 2312 1717 2348 specie
1734 2311 1805 2340 boni
1819 2311 1884 2347 pal-

1106 2365 1176 2393 liata
1197 2363 1357 2398 decipiunt.
1379 2361 1459 2389 Unde
1478 2360 1618 2397 superbia
1637 2358 1820 2396 quandoque
1839 2358 1884 2385 di-

1108 2412 1161 2439 eit:
1174 2422 1186 2437 ι(
1197 2410 1239 2439 Ad
1250 2410 1307 2437 hoc
1317 2409 1386 2436 volo
1397 2416 1532 2444 pra‘esse,
1543 2409 1575 2434 ut
1583 2406 1694 2442 possim
1703 2404 1855 2441 prodesse.
1866 2414 1881 2429 u

1108 2462 1147 2487 tta
1161 2458 1231 2487 dicit
1247 2467 1253 2484 ε
1273 2467 1286 2482 «
1302 2458 1363 2484 Non
1383 2455 1493 2483 debent
1509 2455 1588 2482 illata
1603 2453 1683 2480 mala
1695 2451 1830 2486 tolerari,
1846 2459 1883 2479 ne

1107 2506 1299 2534 consuescant
1313 2503 1422 2530 inferri.
1445 2501 1558 2530 invidia
1573 2499 1643 2527 dicit
1658 2508 1664 2526 :
1691 2508 1704 2524 (ι
1718 2498 1787 2526 Aliis
1803 2498 1883 2526 bona

1107 2560 1168 2581 non
1183 2551 1270 2587 cupio
1280 2571 1288 2584 ‚
1301 2558 1339 2577 ne
1354 2550 1383 2577 in
1402 2547 1586 2576 successibus
1601 2546 1761 2573 eleventur.
1778 2555 1792 2571 u
1810 2547 1881 2573 Aee-

1107 2600 1157 2628 dia
1172 2598 1263 2626 dicit:
1284 2607 1297 2622 «
1318 2596 1362 2624 Ad
1385 2596 1442 2623 hoc
1461 2594 1491 2622 in
1516 2592 1669 2621 laboribus
1692 2591 1765 2619 mihi
1780 2598 1882 2627 parco,

1107 2654 1143 2675 ne
1159 2644 1320 2674 temeritate
1341 2640 1556 2671 indiscretionis
1579 2646 1696 2674 arguar.
1719 2647 1732 2663 ι
1755 2637 1883 2666 Avaritia

1107 2693 1177 2721 dicit
1193 2702 1199 2720 z
1227 2701 1240 2717 α
1262 2690 1305 2719 Ad
1327 2690 1383 2718 hee
1402 2691 1469 2716 sunt
1490 2686 1582 2715 multa
1601 2684 1829 2720 congreganda,
1845 2691 1882 2711 ne

1105 2741 1226 2775 propter
1239 2737 1372 2773 inopiam
1393 2734 1591 2763 committatur
1612 2731 1722 2760 furtum
1743 2730 1791 2759 vel
1803 2730 1881 2765 rapi-
