2004 3037
567 240 618 274 DE
637 237 798 273 ULTIMIS
821 235 1085 270 TEMPORIBUS.
1109 237 1196 270 GAP.
1218 237 1309 271 XXX.

131 316 185 347 per
215 315 400 347 consequens
426 309 514 347 regine
537 307 708 345 potestatis;
730 308 793 335 tum
819 305 908 335 etiam

130 356 245 386 ratione
257 356 446 394 perfectionis
455 378 464 393 ,
482 356 566 394 quod
580 355 727 392 stgnificat
740 353 837 390 figura
852 353 908 382 cir-

131 403 249 432 cularis.
266 404 394 433 Aureola
402 412 475 433 vero
488 405 530 432 est
542 402 699 439 praemium
715 400 906 435 accidentale,

130 458 192 480 non
214 452 313 480 tamen
337 450 493 488 quodlibet
521 448 723 483 accidentale,
751 448 803 476 sed
831 447 907 475 illud

130 498 213 535 quod
224 498 385 535 respondet
399 497 482 535 operi
497 496 651 526 excellenti
666 498 693 524 et
707 494 905 532 privilegiato,

129 545 239 574 seilicet
252 544 433 581 virginitati,
455 543 598 580 martyrio
613 565 622 579 ,
643 545 671 571 et
691 541 903 579 praedicationi.

128 593 229 622 Palma
243 593 285 621 est
303 591 458 629 praemium
473 590 675 624 accidentale,
691 589 775 626 quod
788 597 841 617 nee
856 597 905 617 ra-

129 639 204 674 dici,
221 647 276 667 nec
303 638 387 675 operi
413 637 557 672 debetur,
578 638 632 666 sed
656 637 812 665 voluntati.
838 636 905 664 Tale

127 686 282 723 praemium
307 685 411 714 habuit
434 686 552 713 sanctus
577 684 714 712 Martinus
729 705 738 718 ,
761 692 797 712 eo
822 683 905 720 quod

126 732 302 769 martyrium
327 732 524 767 desideravit,
549 732 617 760 licet
641 739 718 768 opus
739 739 800 759 non
819 730 906 759 fuerit

126 779 318 808 subsecutum
335 788 341 807 :
359 779 437 807 unde
462 779 498 807 de
515 779 579 816 ipso
604 780 738 806 cantatur
752 778 760 794 ¹
777 787 783 806 :
802 779 903 813 Quam,

126 826 235 855 scilicet
261 826 392 854 animam
407 848 415 861 ,
438 828 488 854 elsi
516 827 624 861 qladius
650 827 829 861 persecutoris
852 833 905 852 non

125 875 253 908 abstulit,
271 876 358 901 tamen
371 874 492 909 palmam
508 874 637 907 martyrii
649 881 701 900 non
720 873 823 900 amisit.
841 873 905 900 Haec

125 922 225 949 autem
238 920 341 957 palma
356 928 410 948 nec
424 928 523 955 aurea,
536 927 591 947 nee
607 921 716 947 aureola
731 919 820 948 debet
834 919 902 947 dici.

376 1014 518 1048 CAPUT
541 1014 650 1049 XXX.

332 1087 370 1114 De
393 1086 519 1114 Aureolis
542 1088 572 1114 τη
595 1088 690 1122 specie.

160 1155 288 1184 Aureola
308 1156 405 1192 prima
421 1156 546 1184 debetur
572 1156 770 1192 martyribus,
787 1156 817 1184 in
839 1156 904 1192 qui-

124 1204 181 1231 bus
195 1205 238 1231 est
250 1203 462 1239 perfectissima
476 1203 600 1231 victoria
617 1203 654 1231 de
675 1203 902 1239 impugnatione

126 1250 261 1278 exteriori
272 1260 280 1286 3
297 1252 325 1278 et
339 1250 401 1278 haec
415 1249 556 1286 perfectio
579 1250 708 1278 victoriae
729 1250 901 1278 considera-

125 1299 173 1325 tur
187 1305 224 1325 ex
242 1296 361 1324 duobus
377 1306 384 1325 ε
404 1297 521 1333 primo,
543 1305 579 1325 ex
602 1297 807 1332 magnitudine
833 1306 902 1334 pas-

124 1343 232 1378 sionis,
247 1343 317 1380 quia
332 1343 406 1371 inter
420 1352 524 1371 omnes
542 1344 695 1380 passiones
710 1345 809 1372 illatas
824 1348 902 1374 exte-

123 1391 198 1426 rius,
215 1399 295 1418 mors
310 1399 483 1427 supremum
498 1393 576 1419 tenet
590 1391 700 1419 locum.
714 1394 745 1420 Et
759 1395 901 1428 praeterea

124 1438 211 1466 dolor
224 1439 317 1466 tactus
337 1438 476 1466 omnibus
497 1438 560 1466 aliis
585 1438 742 1466 doloribus
765 1441 901 1475 praeemi-

122 1487 172 1513 net
189 1494 195 1512 :
212 1486 239 1512 et
253 1484 322 1512 ideo
337 1485 369 1512 in
382 1485 439 1512 hoe
462 1485 617 1520 gloriosior
639 1486 763 1514 victoria
784 1489 835 1514 est.
853 1488 901 1515 Se-

122 1532 221 1560 cundo
234 1531 438 1560 consideramr
454 1541 490 1559 ex
506 1540 594 1560 causa
610 1541 718 1568 pugnae
729 1554 738 1567 ,
755 1542 821 1569 quae
836 1534 899 1570 ipse

121 1579 248 1606 Christus
264 1581 314 1606 est.
329 1588 342 1605 «
355 1580 511 1614 Martyrem
527 1579 606 1607 enim
616 1581 626 1596 ²
642 1587 702 1607 non
717 1579 785 1607 facit
800 1589 898 1616 poena,

121 1626 173 1653 sed
197 1634 285 1654 causa
294 1647 303 1661 ,
324 1636 337 1652 vi
355 1626 387 1653 id
411 1628 473 1660 est,
497 1634 578 1654 mors
601 1629 723 1662 propter
752 1627 898 1656 Christum

119 1675 263 1709 suscepta.

156 1720 313 1748 Sciendum
328 1722 426 1748 autem
441 1720 525 1756 quod
540 1721 682 1757 martyrio
695 1729 757 1748 non
773 1721 898 1750 debetur

119 1767 275 1803 praemium
296 1767 461 1795 secundum
485 1767 569 1803 quod
593 1768 630 1795 ab
654 1768 792 1796 exteriori
812 1791 820 1804 ,
846 1770 899 1797 sed

120 1814 285 1842 secundum
300 1814 383 1850 quod
397 1814 563 1842 voluntarie
583 1823 638 1850 pro
655 1814 759 1842 Christi
775 1817 896 1844 nomine

120 1860 277 1888 sustinetur
291 1869 298 1888 :
315 1861 386 1896 quia
400 1869 461 1889 non
475 1869 625 1889 meremur
639 1862 694 1889 nisi
710 1871 763 1898 per
780 1871 814 1890 ea
830 1872 896 1899 quae

121 1908 187 1934 sunt
199 1907 275 1934 intra
289 1915 359 1942 nos,
376 1916 437 1935 non
452 1916 504 1943 per
520 1917 554 1936 ea
571 1917 636 1944 quae
652 1911 719 1937 sunt
732 1911 815 1938 extra
829 1918 896 1946 nOS,

120 1953 194 1981 sicut
207 1961 261 1981 nec
274 1953 462 1981 demeremur
473 1955 529 1982 nisi
544 1963 598 1990 per
610 1964 645 1983 ea
659 1965 726 1992 quse
738 1959 805 1984 sunt
820 1957 896 1985 intra

121 2008 185 2028 nos.
215 2001 330 2033 Quanto
354 2003 452 2028 autem
473 2001 504 2028 id
526 2002 609 2036 quod
637 2003 702 2037 quis
730 2003 896 2032 voluntarie

121 2047 258 2082 sustinet,
271 2047 421 2074 difficilius
433 2049 475 2074 est
484 2048 632 2075 voluntari
647 2049 799 2084 sustinere,
816 2053 895 2078 tauto

119 2093 256 2121 voluntas
271 2115 280 2128 ,
304 2102 369 2130 quae
393 2096 514 2130 propter
538 2094 683 2122 Christum
704 2096 735 2123 id
757 2097 895 2132 sustinet,

120 2140 284 2168 ostenditur
298 2140 413 2168 firmius
428 2141 458 2168 in
473 2141 585 2169 Christo
606 2141 667 2170 fixa
683 2151 689 2169 ε
706 2144 734 2169 et
755 2143 822 2170 ideo
848 2152 896 2171 ex-

120 2187 272 2215 cellentius
288 2187 312 2215 ei
328 2187 485 2222 praemium
500 2188 635 2216 debetur.

157 2234 284 2262 Aureola
298 2234 430 2262 secunda
444 2234 570 2262 debetur
584 2235 759 2271 virginibus,
776 2239 898 2273 propter

119 2281 302 2316 singularem
325 2281 479 2309 victoriam
495 2303 504 2316 ‚
528 2291 618 2318 quain
642 2283 678 2310 de
704 2291 791 2311 carne
817 2284 897 2311 obti-

120 2329 208 2359 nent,
235 2329 338 2355 contra
365 2336 456 2364 quam
484 2329 617 2364 quotidie
640 2330 754 2357 bellum
775 2331 894 2365 geritur.

121 2374 259 2408 Quamvis
273 2376 372 2402 autem
392 2376 420 2402 et
442 2375 538 2403 viduae
559 2378 692 2411 pugnent
712 2379 813 2405 contra
837 2387 898 2406 car-

122 2429 210 2454 nem,
237 2421 394 2457 perfectius
417 2423 517 2449 tamen
538 2423 668 2457 virgines
692 2424 896 2461 triumphant,

124 2468 194 2503 quia
204 2468 424 2496 nobilissimum
437 2477 529 2504 genus
544 2469 672 2498 victoria:
685 2474 728 2499 est
742 2480 897 2508 nunquam

123 2514 200 2543 hosti
224 2516 352 2544 cessisse.
374 2517 431 2545 lllis
454 2520 553 2545 autem
579 2519 744 2554 virginibus
770 2524 898 2548 tantum·

124 2562 214 2590 modo
229 2562 351 2591 debetur
367 2565 503 2599 aureola,
521 2565 572 2601 qui
584 2566 632 2593 vel
647 2575 712 2602 quae
728 2568 900 2596 habuerunt

160 2625 208 2648 ¹Iu
227 2626 249 2648 2.
267 2626 344 2657 Vesp.
360 2628 386 2651 S.
404 2627 516 2658 Martin„
531 2628 561 2651 ad
577 2629 679 2660 Antiph.
699 2631 854 2662 Muym'ficnl.
871 2646 899 2649 —

126 2660 135 2675 ²
150 2661 225 2691 Aug„
247 2660 280 2684 acl
296 2662 372 2691 Fest„
392 2662 465 2694 epist.
486 2669 581 2693 chvu,
603 2664 635 2688 al.
659 2671 772 2697 Lxxmx,
792 2674 818 2691 n.
837 2670 859 2698 2,
876 2669 898 2691 et

1685 243 1744 274 245

962 304 1149 342 propositum
1178 306 1317 335 servandi
1347 307 1547 344 virginitatem
1566 329 1575 344 ‚
1606 308 1743 346 quamvis

961 352 1020 381 hoe
1048 354 1235 390 propositum
1261 355 1297 384 sit
1324 355 1521 393 interruptum
1536 377 1545 392 ,
1575 356 1742 393 integritate

962 401 1061 428 tamen
1074 401 1170 428 carnis
1184 403 1321 430 manente
1338 411 1345 430 z
1362 402 1529 432 dummodo
1543 403 1574 432 in
1594 403 1654 432 fine
1675 404 1742 434 vitae

961 445 1150 475 inveniantur
1170 448 1209 476 ad
1232 449 1364 485 primum
1386 450 1576 486 propositum
1595 451 1740 488 rediisse,

961 493 1033 530 quia
1047 494 1200 530 virginitas
1215 496 1322 525 mentis
1335 497 1468 533 reparari
1482 498 1594 533 potest,
1611 497 1664 526 sed
1678 506 1741 528 non

960 541 1112 576 virginitas
1137 543 1290 579 corporis,
1314 543 1375 572 sive
1402 544 1507 572 earnis.
1529 544 1557 572 Si
1580 544 1682 581 aliqua
1704 545 1741 575 sit

961 596 1048 617 carne
1071 589 1177 625 virgo,
1200 589 1314 618 etiamsi
1335 591 1523 627 propositum
1547 599 1610 619 non
1633 591 1738 621 habuit

959 638 1103 672 perpetuo
1118 637 1255 664 servandi
1270 637 1470 673 virginitatem
1482 659 1490 673 ,
1506 645 1568 666 non
1583 640 1625 667 est
1639 639 1739 668 tamen

960 682 1087 711 dubium
1102 684 1175 720 quin
1189 683 1327 721 habitura
1347 685 1383 713 sit
1400 685 1527 721 speciale
1542 685 1686 721 gaudium
1701 687 1738 715 de

960 730 1180 767 incorruptione
1205 732 1317 767 carnis,
1343 733 1371 760 et
1394 732 1638 769 superessentiale
1668 741 1739 768 gau-

960 777 1043 805 dium
1059 786 1066 805 :
1083 778 1157 806 sieut
1180 778 1269 806 etiam
1294 780 1467 807 Innocentes
1487 780 1524 808 de
1545 780 1602 808 hoe
1625 780 1738 816 gaude-

958 823 1047 858 bunt,
1064 825 1147 860 quod
1161 825 1309 854 immunes
1325 835 1342 854 a
1356 829 1478 862 peccato
1492 826 1621 862 fuerunt,
1633 835 1738 864 quam-

959 872 1002 899 vis
1016 872 1127 907 peceati
1143 873 1395 909 opportunitatem
1409 882 1471 902 non
1485 874 1664 903 habuerunt.

994 919 1067 946 Nota
1083 919 1166 955 quod
1181 919 1283 956 aliqua
1296 922 1392 956 potest
1405 921 1556 958 corrumpi
1571 929 1670 956 earne,
1684 929 1740 950 nec

959 968 1058 994 tamen
1081 967 1234 995 aureolam
1256 968 1382 996 amittit:
1408 968 1482 996 sicut
1503 969 1572 1005 illa,
1589 978 1655 1006 quoe
1678 970 1740 998 vio·

958 1013 1052 1042 lenter
1080 1014 1266 1050 opprimitur.
1299 1015 1380 1042 Unde
1404 1017 1505 1044 saneta
1529 1016 1618 1044 Lucia
1641 1016 1737 1045 dixit:

961 1072 974 1086 «
990 1061 1018 1089 Si
1033 1061 1156 1089 invitam
1170 1069 1218 1089 me
1232 1070 1416 1099 corrumpas,
1431 1071 1543 1092 merces
1553 1063 1626 1091 mihi
1642 1064 1740 1100 dupli-

958 1107 1072 1135 cabitur
1095 1109 1135 1136 ad
1158 1117 1310 1138 eoronam.
1332 1121 1345 1137 >1
1370 1110 1456 1144 Quod
1480 1119 1543 1139 non
1568 1113 1610 1139 est
1631 1111 1738 1140 intelli-

957 1155 1090 1190 gendum
1104 1155 1140 1184 de
1156 1157 1279 1185 aureola
1291 1156 1455 1194 duplicata,
1470 1158 1524 1185 sed
1539 1158 1610 1194 quia
1624 1158 1738 1195 duplex

957 1202 1114 1238 proemium
1139 1204 1304 1239 reportabit
1328 1214 1334 1231 :
1364 1212 1460 1232 unum
1487 1213 1542 1241 pro
1570 1205 1736 1241 integritate

957 1251 1072 1277 servata
1081 1260 1088 1285 ;
1105 1250 1189 1278 aliud
1202 1259 1257 1286 pro
1273 1250 1392 1286 injuria,
1409 1259 1500 1287 quam
1514 1260 1602 1288 passa
1616 1254 1668 1281 est.

992 1299 1114 1333 Insuper
1129 1297 1284 1326 sciendum
1299 1300 1350 1332 est,
1369 1299 1453 1334 quod
1466 1299 1632 1334 virginibus
1648 1300 1738 1329 debe-

957 1346 1003 1372 tur
1018 1346 1124 1378 fructus
1145 1347 1302 1373 centesimus
1313 1345 1322 1361 ³
1337 1354 1344 1372 :
1366 1347 1394 1373 et
1411 1346 1483 1380 hoc,
1501 1346 1572 1382 quia
1592 1346 1738 1376 coelestem

956 1391 1048 1419 vitam
1074 1391 1200 1426 ducunt,
1225 1400 1291 1428 quoe
1314 1391 1496 1428 significatur
1522 1401 1576 1429 per
1605 1395 1639 1429 C,
1667 1394 1738 1430 quia

956 1447 1098 1466 numerus
1117 1439 1166 1466 ille
1184 1439 1221 1466 de
1240 1439 1314 1467 laeva
1336 1440 1440 1467 transit
1458 1439 1497 1467 ad
1517 1440 1678 1469 dexteram.
1694 1441 1738 1469 Vi-

957 1485 1023 1512 duis
1045 1485 1170 1513 debetur
1188 1485 1299 1513 fructus
1323 1488 1538 1522 sexagesimus,
1567 1487 1637 1523 quia
1664 1488 1736 1517 tales

956 1540 1092 1560 exercere
1112 1540 1142 1560 se
1165 1533 1276 1561 debent
1298 1533 1328 1560 in
1349 1534 1491 1570 operibus
1509 1533 1735 1570 misericordiae,

956 1588 1021 1616 quae
1036 1579 1239 1615 significantur
1253 1588 1306 1616 per
1321 1581 1372 1608 LX.
1387 1581 1557 1617 conjugatis
1572 1583 1669 1610 autem
1686 1582 1735 1610 de-

954 1627 1041 1654 betur
1050 1627 1161 1654 fruetus
1171 1627 1333 1655 tricesimus
1346 1627 1439 1663 (XXX),
1450 1628 1520 1664 quia
1535 1628 1644 1656 talibus
1655 1628 1736 1657 suffi-

955 1674 993 1702 eit
1013 1674 1136 1710 implere
1160 1674 1338 1709 decalogum
1363 1675 1393 1702 in
1416 1674 1476 1702 fide
1501 1675 1667 1704 Trinitatis:
1698 1683 1734 1704 ex

955 1722 1045 1749 ductu
1074 1721 1153 1749 enim
1184 1721 1304 1749 ternarii
1332 1721 1363 1749 111
1395 1721 1552 1750 denarium
1578 1722 1653 1751 fiunt
1681 1723 1733 1752 tri-

953 1769 1044 1805 ginta.

988 1816 1115 1844 Aureola
1128 1816 1212 1844 tertia
1231 1819 1274 1844 est
1291 1817 1508 1853 pugnantium,
1525 1826 1578 1846 seu
1592 1819 1734 1854 praediea-

953 1865 1066 1897 torum,
1088 1864 1159 1899 quia
1177 1863 1388 1899 perfectissima
1406 1864 1531 1892 victoria
1550 1867 1653 1893 contra
1671 1865 1734 1894 dia-

953 1911 1058 1939 bolum
1082 1911 1241 1946 obtinetur,
1268 1911 1390 1947 quando
1417 1911 1525 1948 aliquis
1545 1920 1606 1940 non
1634 1913 1732 1941 solum

954 1958 1076 1986 diabolo
1092 1958 1278 1994 impugnanti
1292 1965 1353 1985 non
1368 1958 1454 1994 cedit,
1469 1959 1520 1987 sed
1535 1959 1623 1987 etiam
1635 1960 1733 1995 ipsum

954 2005 991 2033 de
1006 2013 1098 2040 regno
1115 2006 1178 2040 eJ'us
1197 2005 1333 2041 expellit,
1350 2008 1377 2033 et
1396 2014 1457 2033 non
1472 2006 1570 2033 solum
1585 2015 1603 2034 a
1618 2015 1665 2041 se,
1681 2007 1734 2035 sed

954 2051 1041 2079 etiam
1063 2052 1101 2078 ab
1126 2052 1200 2078 aliis.
1217 2054 1273 2079 Nee
1297 2054 1339 2079 est
1363 2052 1539 2087 dicendum,
1561 2054 1594 2080 ut
1609 2053 1734 2088 quidam

953 2098 1120 2131 voluerunt,
1133 2098 1216 2133 quod
1231 2099 1293 2126 11100
1309 2099 1432 2127 aureola
1448 2099 1591 2127 debeatur
1606 2101 1733 2128 tantum-

953 2145 1045 2172 modo
1066 2144 1123 2172 illis
1146 2145 1255 2180 quibus
1280 2146 1420 2182 competit
1441 2147 1600 2182 praedicare
1617 2155 1653 2175 ex
1667 2147 1733 2175 offi-

954 2192 1018 2226 cio,
1041 2194 1069 2219 et
1093 2193 1217 2227 docere;
1240 2193 1292 2221 sed
1315 2193 1554 2230 quibuscumque
1570 2195 1580 2211 ”
1595 2202 1734 2222 exercen-

953 2239 1031 2266 tibus
1052 2239 1129 2267 licite
1154 2241 1253 2267 actum
1276 2240 1375 2268 istum.
1401 2241 1529 2268 Praelatis
1554 2243 1653 2269 autem
1672 2250 1734 2270 non

955 2286 1078 2314 debetur
1088 2286 1149 2314 haee
1160 2287 1291 2321 aureola,
1306 2288 1442 2323 quamvis
1456 2288 1586 2316 habeant
1602 2288 1734 2317 officium

953 2333 1144 2368 praedicandi,
1158 2333 1213 2361 nisi
1229 2336 1256 2361 et
1269 2336 1334 2362 actu
1344 2334 1515 2370 praedieent,
1528 2335 1598 2371 quia
1612 2336 1735 2364 aureola

953 2388 1013 2408 non
1028 2380 1153 2408 debetur
1173 2381 1303 2415 habitui,
1320 2381 1373 2408 sed
1394 2382 1470 2409 actui
1489 2390 1611 2418 pugnae,
1627 2391 1733 2410 secun-

955 2426 1028 2454 dum
1042 2427 1118 2455 illud
1135 2428 1267 2463 Apostoli
1284 2428 1294 2445 5
1311 2437 1317 2455 :
1334 2429 1394 2456 Non
1409 2429 1580 2456 coronabitur
1591 2451 1600 2463 ,
1615 2431 1672 2456 πίει·
1686 2431 1735 2463 quzf

955 2475 1073 2508 IesJz'time
1090 2474 1125 2510 (a)
1134 2477 1287 2502 certaverit.
1297 2476 1459 2503 Praedicare
1475 2478 1503 2504 et
1517 2476 1639 2510 docere,
1666 2484 1733 2504 cum

955 2521 1011 2548 sint
1034 2523 1115 2548 aetus
1135 2522 1364 2557 misericordiae,
1380 2522 1455 2550 inter
1476 2522 1640 2558 spirituales
1661 2523 1734 2551 elee-

956 2576 1096 2603 mosynas
1111 2570 1327 2604 computantur.

956 2631 1016 2654 alins
1031 2631 1178 2660 1111551111-
1189 2631 1199 2647 ⁵
1211 2631 1292 2654 Mamz
1307 2651 1312 2661 ,
1329 2637 1387 2661 xiii,
1403 2633 1441 2655 21¹..
1453 2645 1483 2648 —
1496 2632 1500 2645 ⁶
1514 2632 1588 2661 Dum,
1605 2637 1651 2661 511,
1667 2633 1691 2656 3.
1704 2645 1734 2650 —

957 2667 966 2683 ⁵
981 2667 999 2689 ll
1015 2666 1086 2697 Tim„
1098 2673 1127 2698 11,
1138 2668 1197 2691 5.-
1206 2667 1236 2697 (a)
1248 2667 1322 2697 Vulg.
1334 2667 1387 2691 Non
1399 2668 1539 2698 coronatur,
1552 2669 1602 2692 nisi
1613 2668 1733 2700 leqitime.
