2004 3037
777 201 866 233 CAP.
891 201 944 232 111.
969 200 1192 233 PARTIGULA
1215 200 1265 232 lv.
1791 203 1830 232 45

211 269 324 306 surgit3
344 269 398 298 sed
411 277 466 306 per
480 276 616 298 amorem
637 268 821 298 excessivum
840 268 932 305 ipsius
946 276 994 296 su-

211 324 267 353 pra
280 324 311 345 se
321 337 331 352 ,
346 317 374 344 et
387 324 441 353 per
455 315 653 344 efficaciorem
667 315 892 352 purgationem,
908 315 993 352 quasi

212 363 275 391 sine
297 363 470 392 difficultate
491 362 531 391 ad
550 362 669 391 libitum
690 362 859 397 consurgit,
885 364 914 390 et
931 369 994 390 mo-

212 412 296 439 tuum
317 409 444 446 agilitate
463 409 638 438 mirabiliter
652 409 810 445 levigatur,
829 411 861 436 ut
882 408 949 436 licet
964 409 994 436 in

211 457 277 494 ipso
297 459 382 485 motu
405 457 571 492 anagogico
595 458 702 484 natura
725 457 752 484 et
777 463 861 484 amor
884 455 994 492 pariter

212 505 386 539 concurrat,
410 505 512 532 tamen
532 502 697 537 efficacius,
715 503 778 538 iam
802 502 922 530 remotis
941 502 994 530 im-

210 549 407 587 pedimentis,
422 552 451 578 et
465 550 572 578 exinde
587 549 695 585 majori
709 549 892 577 immissione
907 549 994 577 desu-

210 604 264 633 per
276 596 464 632 adveniente,
476 596 571 624 multo
583 596 651 632 plus
664 596 755 624 ardor
768 596 888 631 amoris,
901 603 994 632 quam

211 644 298 679 vigor
312 643 434 672 affectus
448 643 592 672 naturalis
606 643 778 671 facilitatem
791 645 819 670 et
832 642 993 677 agilitatem

212 691 348 718 motuum
363 689 639 727 incomparabiliter
654 691 794 726 operetur
808 698 814 717 :
837 691 866 717 et
879 689 937 717 hoc
952 691 994 717 est

212 737 295 774 quod
311 737 478 771 dicebatur,
499 737 601 765 Cuncta
620 738 743 771 auferens
754 759 762 769 ‚
780 739 848 772 etc.‚
862 737 915 764 ubi
931 737 992 764 duo

211 784 361 819 maxime,
383 792 449 821 quae
473 786 589 821 oportet
612 784 796 820 derelinqui,
820 786 991 819 tanguntur,

212 831 322 859 seilicet
337 839 426 859 omne
440 831 642 866 irretentibile,
659 833 686 859 et
701 839 789 859 omne
805 831 991 866 absolutum,

213 886 342 915 quorum
357 879 488 915 primum
502 879 621 915 respicit
630 880 781 913 affectum,
795 879 866 915 quia
878 879 908 906 in
921 887 993 915 quo-

213 933 342 961 cumque
357 925 484 953 afficitur
496 927 645 961 creatura,
666 926 709 953 illi
730 926 900 954 necessitate
922 933 993 953 con-

209 971 354 1007 jungitur,
376 974 404 1000 et
425 980 478 1008 per
502 981 688 1009 consequens
711 973 850 1007 irretitur,
876 975 903 1000 et
924 974 993 1000 tunc

213 1018 311 1046 minus
326 1018 411 1053 agilis
426 1019 462 1046 ad
480 1019 750 1047 consurrectionem
765 1019 937 1047 divinorum
952 1020 993 1047 et·-

212 1065 318 1093 ficitur.
335 1065 391 1093 Sed
406 1074 467 1093 non
483 1067 597 1094 tantum
611 1066 800 1094 irretentibile
812 1088 820 1101 ,
835 1066 887 1094 sed
903 1074 993 1094 omne

212 1112 384 1140 absolutum
412 1112 518 1140 dicitur
535 1122 541 1140 ι
573 1113 744 1141 absolutum
773 1113 879 1141 dicitnr
904 1121 993 1141 omne

213 1158 297 1195 quod
307 1167 361 1187 sua
371 1159 494 1196 propria
503 1159 600 1188 forma
611 1159 798 1195 cognoscitur
808 1160 921 1187 habens
932 1167 993 1187 csse

213 1205 400 1240 distinctum,
425 1206 509 1241 cujus
527 1214 649 1234 omnem
668 1207 919 1242 speculationem,
944 1207 993 1234 vel

213 1252 511 1288 contemplationem,
534 1254 668 1281 amoveri
692 1261 810 1281 necesse
834 1255 894 1288 est,
922 1253 993 1289 quia

213 1299 287 1327 sicut
305 1307 394 1327 omne
413 1299 603 1328 irretentibile
624 1300 815 1328 immundum
833 1300 932 1328 reddit
951 1301 993 1326 111·-

212 1347 322 1375 fectum
334 1369 341 1381 ‚
365 1347 438 1375 dum
458 1348 488 1375 in
507 1349 642 1376 creatura
658 1348 755 1384 seipsa
772 1348 870 1375 viliori
892 1347 991 1375 delec-

213 1396 290 1422 tatur
305 1394 426 1422 affectus
438 1416 446 1428 ,
465 1395 506 1422 ita
520 1403 574 1430 per
587 1394 752 1422 secundum
764 1394 937 1422 immundus
952 1393 993 1421 ef-

214 1440 310 1467 ficitur
324 1441 504 1474 intellectus,
520 1441 552 1468 id
567 1443 619 1475 est,
634 1441 820 1474 tenebrosus,
836 1441 907 1476 quia
920 1441 993 1468 dum

215 1489 328 1514 tantum
339 1487 471 1514 humana
483 1487 606 1524 scientia
617 1487 798 1523 speculativa
810 1488 949 1523 repletur,
964 1488 993 1514 in

215 1534 437 1570 comparatione
459 1534 538 1562 illius
558 1534 708 1570 sapientiae
729 1542 794 1570 quae
813 1537 854 1561 est
874 1542 926 1570 per
945 1542 993 1561 su-

213 1581 458 1616 persplendentes
476 1581 594 1609 divinos
613 1581 731 1616 radios,
754 1581 840 1616 quasi
862 1580 994 1616 quadam

214 1627 428 1655 obtenebrante
444 1628 569 1663 caligine
591 1628 771 1655 obfuscatur.
793 1627 850 1655 Sed
870 1630 898 1655 et
919 1627 995 1655 illud

214 1674 341 1701 verbum
355 1674 494 1702 ultimum
513 1683 575 1702 non
596 1677 709 1702 tantum
730 1675 767 1702 de
788 1674 904 1709 agiliori
926 1682 996 1702 con-

214 1721 394 1748 surrectione
410 1723 470 1756 est,
490 1722 543 1749 sed
559 1721 596 1749 de
613 1722 781 1756 cognitione
797 1729 936 1757 suprema
951 1721 996 1757 ip-

215 1767 274 1795 sius
297 1768 516 1802 intelligentiae,
540 1768 611 1804 quia
634 1768 798 1796 secundum
821 1768 996 1804 sapientiam

216 1814 295 1842 beati
310 1814 456 1850 Dionysii,
471 1815 522 1843 illa
537 1815 601 1843 sola
615 1823 687 1843 vera
702 1817 745 1842 est
759 1815 886 1850 cognitio
903 1815 939 1842 de
953 1814 995 1842 di-

217 1861 292 1888 vinis
303 1882 311 1895 ,
328 1869 394 1897 quae
409 1862 634 1897 experimentali
647 1863 750 1890 notitia
765 1870 881 1889 sursum
895 1862 996 1889 activae

218 1908 464 1936 consurrectionis
483 1909 670 1944 relinquitur.
694 1909 774 1936 Unde
794 1909 896 1936 divina
911 1909 996 1936 mise-

217 1954 341 1989 ratione,
357 1955 522 1982 secundum
535 1955 618 1992 quod
634 1956 788 1991 competit,
808 1956 996 1990 consurgenti

218 2000 275 2028 hoc
299 2001 423 2036 accidit,
448 2005 479 2029 ut
503 2003 625 2038 quando
650 2011 734 2030 mens
758 2011 811 2038 per
834 2002 995 2029 multorum

219 2050 387 2083 temporum
409 2049 555 2076 curricula
574 2049 731 2084 aspiravit,
753 2052 784 2076 nt
804 2058 889 2076 suum
907 2049 997 2077 dilcc-

219 2097 281 2122 tum
293 2095 424 2122 intimius
438 2095 494 2122 sibi
508 2096 697 2130 conjunctum
709 2095 746 2131 (a)
762 2096 921 2122 ardentiori
935 2096 997 2122 vin-

220 2140 287 2169 culo
305 2141 415 2169 amoris
433 2142 656 2176 constringeret,
675 2142 714 2169 ad
729 2142 892 2175 modicum,
909 2145 997 2177 prout

220 2196 314 2223 capax
330 2190 388 2222 est,
407 2191 496 2224 prout
512 2188 545 2216 fit
562 2189 593 2215 in
611 2191 697 2224 raptu
709 2210 717 2223 ,
738 2189 812 2216 visio
828 2189 914 2215 beata
930 2196 997 2215 con-

221 2235 345 2269 ceditur,
367 2235 498 2263 maxime
519 2244 587 2263 cum
607 2236 645 2263 ab
665 2235 851 2262 irretentibili
871 2238 898 2262 et
912 2235 998 2262 abso-

220 2281 282 2309 luto
299 2282 332 2317 (h)
343 2281 379 2308 sit
389 2282 549 2316 munda,et
565 2281 684 2317 erigitur
692 2284 761 2310 tunc
777 2282 814 2309 ad
830 2282 997 2309 divinarum

221 2328 410 2356 tenebrarum
424 2329 542 2356 radium
554 2349 563 2362 ,
584 2329 694 2356 scilicet
711 2329 812 2356 lumen
828 2328 935 2356 divinae
954 2328 996 2355 in-

221 2375 566 2411 comprehensibilitatis,
583 2384 649 2411 quae
666 2376 705 2402 ibi
722 2377 844 2402 vocatur
859 2375 996 2410 tenebra,

221 2419 385 2446 secundum
406 2420 490 2455 quod
512 2420 543 2447 in
565 2421 690 2456 epistola
713 2420 819 2448 dicitur
843 2420 881 2447 ad
899 2420 996 2447 Timo-

219 2465 321 2493 theum
337 2468 345 2483 ¹
359 2467 399 2493 sic
413 2476 419 2493 :
440 2476 453 2492 ‹<
468 2467 572 2494 Divina
586 2467 681 2502 caligo
696 2467 798 2494 lumen
814 2469 856 2494 est
867 2467 996 2494 inacces-

221 2512 317 2546 sibile,
332 2513 363 2540 in
378 2521 438 2549 qua
452 2513 586 2541 habitare
602 2515 676 2542 Deus
691 2514 808 2548 dicitur,
825 2516 852 2541 et
866 2513 996 2541 invisibi-

255 2581 259 2593 “
280 2580 365 2611 Dion„
388 2581 462 2611 epist.
481 2580 516 2605 acl
536 2580 641 2604 Timoth.
662 2594 691 2599 —
712 2581 722 2597 ²
742 2582 809 2612 Luc„
832 2586 885 2611 xw,
915 2584 948 2605 10.
968 2595 993 2598 —

223 2616 233 2631 ³
247 2615 315 2639 Psal.
331 2622 394 2646 xvn,
412 2618 449 2640 ¹2.

257 2657 359 2689 (a)Caet.
370 2658 431 2682 edit.
442 2659 587 2690 conjuncta.
603 2659 760 2690 —(h)E1¹1'e.
777 2660 854 2690 antl.
871 2659 994 2684 absoluta.

1049 268 1086 296 lis
1098 268 1222 305 quidem
1242 268 1369 296 existens
1388 270 1509 305 propter
1532 267 1724 296 excedentem
1744 267 1830 295 clari-

1050 316 1139 343 tatem
1151 336 1160 350 ,
1175 325 1189 342 »
1207 317 1261 344 etc.
1287 315 1365 343 Unde
1380 315 1523 351 sapientia
1538 315 1590 343 illa
1604 316 1648 343 est
1659 313 1830 342 immediate

1050 364 1117 390 ante
1142 362 1343 398 cognitionem
1364 364 1482 399 raptus,
1508 364 1536 390 et
1557 362 1598 390 sic
1620 361 1732 390 diutius
1753 361 1831 397 aspi-

1050 409 1126 437 ranti
1148 417 1166 437 a
1186 409 1295 437 dilecto
1311 409 1460 437 dicitur2:
1483 410 1598 444 Amice,
1623 408 1734 436 ascende
1752 416 1832 443 supe-

1050 458 1119 483 rius.
1136 455 1218 484 Unde
1232 455 1331 492 primo
1348 455 1471 483 dicitur:
1490 456 1635 490 Consurye,
1652 457 1679 483 et
1693 455 1735 483 ibi
1748 464 1754 482 :
1766 455 1831 483 Sur-

1050 511 1108 530 sum
1123 504 1212 537 ageris
1227 512 1235 530 :
1257 502 1328 539 quia
1347 502 1378 530 in
1397 502 1636 530 consurrectione
1651 502 1770 530 unitivae
1785 511 1831 530 sa-

1049 550 1167 586 pientiae
1181 551 1288 578 natura
1303 551 1442 586 operatur
1454 551 1482 577 et
1493 549 1586 584 gratia
1597 559 1605 584 ;
1622 549 1653 577 in
1668 549 1722 577 ista
1733 551 1832 578 autem

1050 605 1190 633 suprema
1201 596 1374 633 operatione.
1385 596 1584 631 intelligentiae
1596 596 1659 624 sola
1671 596 1764 631 gratia
1776 596 1832 624 ele-

1049 651 1124 671 vans
1138 643 1394 671 immediatissime
1410 645 1560 680 operatur,
1576 645 1722 679 quantum
1737 643 1775 671 ad
1789 643 1832 680 ip-

1050 699 1115 718 sam
1128 690 1324 719 elevationem
1339 692 1454 726 raptus,
1470 692 1560 726 prout
1573 698 1657 717 mens
1671 690 1712 718 sic
1727 690 1757 717 in
1768 697 1832 718 cor-

1050 745 1124 774 pore
1141 737 1272 773 erigitur,
1288 739 1321 764 ut
1336 745 1353 765 a
1368 737 1504 764 sensibus
1520 736 1654 773 corporis
1669 738 1831 773 sequestre-

1050 786 1107 819 tur,
1125 793 1193 812 cum
1208 784 1239 811 in
1253 784 1307 812 ista
1326 784 1432 812 ultima
1452 783 1653 819 intelligentiae
1667 783 1830 811 elevatione

1050 833 1110 859 tam
1132 831 1309 859 intellectiva
1329 839 1421 868 quam
1442 830 1575 859 affectiva
1596 830 1748 866 potissime
1767 830 1832 858 offi—

1050 878 1130 906 cium
1142 881 1393 913 consummatum,
1407 886 1470 906 non
1484 886 1537 914 per
1548 877 1674 906 modum
1686 877 1831 914 patiendi,

1050 925 1103 953 sed
1119 926 1238 961 agendi,
1255 928 1353 953 actum
1368 933 1456 952 suum
1469 925 1632 952 obtineant.

1086 974 1190 1001 Postea
1204 973 1331 1001 dicitur:
1352 983 1364 999 «
1379 973 1452 1001 Vide
1473 975 1573 1001 autem
1589 981 1626 1001 ne
1649 973 1715 1009 quis
1729 973 1832 1001 indoc-

1050 1021 1149 1047 torum
1163 1020 1218 1047 ista
1234 1021 1345 1048 audiat.
1359 1031 1371 1046 »
1389 1022 1420 1048 Et
1435 1020 1493 1047 hoc
1507 1020 1631 1056 quidem
1647 1020 1789 1047 admonet
1801 1020 1831 1047 in

1049 1066 1108 1094 fine
1123 1066 1212 1102 primi
1228 1068 1260 1094 de
1278 1069 1384 1094 Divinis
1397 1068 1573 1101 Nominibus,
1591 1067 1632 1094 sic
1647 1067 1779 1095 scribens
1791 1067 1831 1095 ad

1049 1113 1246 1148 Timotheum,
1260 1114 1387 1150 loquens
1399 1114 1435 1142 de
1448 1114 1617 1149 cognitione
1632 1122 1686 1150 per
1696 1121 1830 1142 amorem

1048 1160 1196 1195 praevium
1211 1160 1281 1188 dicit
1295 1170 1301 1188 :
1317 1171 1330 1186 «
1341 1163 1534 1197 Apponamus
1545 1160 1593 1197 (b),
1610 1160 1715 1188 sanctis
1730 1162 1831 1189 sancta

1049 1207 1216 1234 secundum
1231 1207 1365 1235 divinam
1385 1207 1574 1235 traditionem
1589 1207 1787 1241 collocantes,
1803 1209 1832 1236 et

1048 1253 1114 1288 ipsa
1129 1254 1167 1281 ab
1183 1254 1374 1282 indoctorum
1394 1254 1497 1281 usibus
1517 1256 1544 1281 et
1564 1254 1763 1282 derisionibus
1779 1262 1831 1282 an-

1049 1299 1172 1328 ferentes
1184 1310 1192 1335 3
1208 1301 1302 1336 magis
1317 1301 1397 1337 ipsos
1412 1301 1480 1328 illos
1491 1323 1499 1335 ,
1516 1301 1540 1328 si
1555 1301 1650 1328 tahter
1666 1303 1743 1335 sunt,
1760 1301 1830 1328 tales

1050 1347 1173 1383 quidem
1192 1348 1328 1376 homines
1349 1348 1387 1376 ab
1407 1347 1634 1383 impugnatione
1656 1348 1704 1375 Dei
1724 1348 1754 1374 in
1773 1347 1830 1375 hoc

1049 1393 1208 1421 liberantes
1221 1394 1253 1430 (a)
1269 1405 1295 1429 n,
1313 1397 1366 1422 etc.
1383 1396 1442 1422 Hoc
1458 1394 1538 1422 idem
1553 1394 1713 1430 saepissime
1729 1394 1831 1421 admo-

1049 1443 1099 1468 net
1112 1441 1142 1467 in
1157 1441 1221 1468 aliis
1238 1441 1323 1468 libris
1344 1442 1413 1469 suis.
1437 1443 1469 1469 Et
1486 1441 1549 1469 haec
1564 1444 1606 1468 est
1621 1440 1695 1468 ratio
1707 1462 1716 1475 ,
1739 1449 1830 1477 quam

1049 1486 1112 1522 ipse
1134 1487 1263 1522 assignat
1287 1488 1383 1515 statim
1406 1490 1530 1523 postea:
1557 1488 1628 1523 quia
1650 1491 1754 1524 putant
1775 1496 1829 1522 ca,

1050 1541 1116 1568 quae
1128 1534 1295 1561 seeundum
1307 1534 1386 1570 ipsos
1399 1536 1450 1568 est,
1468 1534 1637 1569 cognitione
1650 1543 1829 1570 cognoscere

1051 1587 1119 1607 eum
1133 1581 1143 1597 3
1163 1583 1210 1615 qui
1232 1582 1311 1615 ponit
1335 1582 1453 1608 tenebras
1473 1581 1618 1607 latibulum
1638 1589 1735 1608 suum.-
1758 1582 1830 1617 quia

1050 1634 1112 1654 non
1126 1630 1252 1663 possunt
1271 1629 1363 1655 Deum
1378 1627 1601 1664 apprehendere
1611 1649 1620 1663 ,
1641 1628 1697 1655 nisi
1710 1629 1765 1656 sub
1781 1637 1828 1656 ra-

1051 1673 1130 1701 tione
1146 1674 1217 1701 boni
1231 1695 1239 1708 ,
1255 1675 1302 1702 vel
1317 1674 1398 1708 veri,
1414 1675 1462 1702 vel
1478 1675 1573 1702 dulcis
1584 1696 1592 1708 ,
1609 1675 1688 1702 etsie
1704 1675 1740 1703 de
1755 1676 1827 1704 aliis.

1051 1722 1084 1748 Et
1095 1721 1149 1749 ista
1164 1721 1307 1757 sapientia
1320 1722 1484 1757 anagogica
1496 1724 1538 1749 est
1549 1722 1686 1758 quaedam
1700 1723 1830 1751 theorica

1050 1776 1104 1804 per
1118 1776 1148 1795 se
1166 1768 1312 1803 distincta,
1328 1770 1355 1796 et
1371 1769 1488 1796 diversa
1499 1769 1537 1796 ab
1553 1770 1635 1796 omni
1650 1769 1831 1805 speculativa

1051 1815 1207 1850 sapientia,
1218 1824 1285 1851 quae
1299 1823 1421 1843 omnem
1430 1815 1552 1843 rationis
1563 1816 1831 1852 apprehensionem

1050 1862 1241 1890 transcendit.
1259 1864 1291 1889 Et
1307 1862 1378 1898 quia
1391 1863 1476 1889 multi
1492 1863 1638 1898 sapientes
1653 1865 1681 1890 et
1695 1863 1831 1891 doctores

1051 1908 1109 1935 hoc
1124 1908 1225 1936 videre
1247 1917 1309 1936 non
1323 1909 1503 1944 praevalent,
1526 1909 1603 1936 hanc
1624 1917 1772 1937 summam
1788 1918 1831 1937 sa-

1051 1954 1194 1990 pientiam
1219 1955 1361 1990 irrident,
1385 1958 1412 1983 et
1434 1956 1464 1983 in
1487 1956 1544 1983 hoc
1567 1964 1621 1991 per
1645 1964 1830 1992 consequens

1052 2002 1143 2029 Deum
1158 2002 1333 2030 altissimum
1345 2002 1518 2030 collatorem
1530 2003 1703 2037 hujusmodi
1716 2003 1830 2038 sapien—

1051 2048 1096 2075 tia:
1112 2049 1307 2084 impugnant,
1327 2049 1395 2076 ideo
1412 2058 1479 2077 cum
1495 2050 1583 2076 beato
1600 2050 1738 2085 Dionysio
1749 2071 1758 2084 ,
1778 2051 1830 2078 sed

1052 2095 1135 2130 quod
1159 2096 1273 2130 magis,
1295 2103 1363 2122 cum
1379 2095 1503 2122 Domino
1519 2097 1585 2122 Jesu
1600 2096 1712 2124 Christo
1724 2118 1732 2131 ,
1754 2105 1829 2132 rogo

1051 2141 1137 2167 illum
1147 2163 1156 2176 ,
1173 2141 1355 2177 quicumque
1370 2142 1427 2169 hcc
1443 2142 1584 2177 scriptum
1599 2143 1776 2179 inspexerit,
1794 2152 1830 2172 ne

1050 2187 1178 2214 indoctis
1197 2188 1286 2223 hujus
1308 2188 1413 2216 mundi
1433 2188 1605 2217 doctoribus
1623 2190 1827 2226 philosophiS,

1052 2234 1202 2261 carnalem
1226 2234 1318 2262 vitam
1343 2235 1519 2263 ducentibus
1530 2257 1538 2270 ,
1564 2235 1714 2264 ullatenus
1735 2238 1829 2265 mani-

1051 2280 1149 2314 festet,
1170 2281 1226 2308 nisi
1241 2281 1296 2308 hac
1310 2282 1360 2309 via
1375 2282 1481 2317 puerili
1502 2282 1592 2310 velint
1611 2283 1755 2319 incipere,
1776 2286 1829 2311 sci-

1050 2326 1117 2354 licet
1128 2328 1285 2363 purgativa
1300 2328 1346 2356 via
1358 2350 1366 2363 ,
1391 2331 1418 2356 et
1441 2329 1524 2356 citius
1539 2338 1630 2365 quam
1644 2330 1751 2365 aliquis
1766 2339 1827 2358 csse

1050 2382 1112 2401 non
1126 2376 1238 2401 tantum
1254 2375 1284 2401 in
1299 2375 1401 2410 aliqua
1415 2375 1583 2403 liberalium
1598 2376 1714 2411 artium,
1730 2377 1782 2404 sed
1797 2377 1827 2404 in

1052 2422 1112 2448 arte
1128 2421 1303 2448 mechanica
1322 2421 1482 2449 industrius
1498 2425 1646 2458 operator,
1666 2423 1697 2449 in
1715 2423 1827 2458 seipsos

1051 2467 1115 2494 sola
1131 2467 1231 2494 divina
1250 2467 1433 2496 immissione
1455 2469 1602 2504 gradatim
1617 2469 1808 2497 ascendentes
1819 2492 1826 2505 ‚

1051 2567 1081 2571 —-
1098 2554 1129 2585 (c)
1148 2554 1235 2584 suppl.
1249 2561 1323 2578 aures
1339 2555 1417 2578 sacris
1433 2555 1769 2586 interpretationibus.—(tl)
1783 2558 1825 2582 Al.

1052 2593 1157 2622 mter-pr.
1170 2591 1284 2621 quinimo
1308 2592 1364 2615 iilos
1380 2593 1459 2622 ipsos,
1473 2593 1493 2616 si
1506 2592 1548 2622 qui
1563 2593 1612 2615 sint
1625 2593 1742 2618 homines
1756 2595 1827 2618 istius

1052 2627 1130 2655 modi,
1147 2634 1160 2650 a
1175 2626 1251 2655 bello,
1263 2627 1331 2657 quod
1345 2634 1376 2650 cx
1389 2631 1457 2657 parte
1469 2635 1526 2651 cum
1545 2629 1597 2651 Deo
1609 2631 1710 2660 gerunt,
1722 2637 1826 2654 revoce-

1052 2669 1117 2686 mus.
1138 2662 1205 2686 bel.
1228 2662 1273 2687 SS.
1295 2664 1344 2686 ΡΡ.
1368 2664 1457 2695 ιυςᾱ.,
1473 2670 1513 2687 an.
1532 2665 1600 2689 1677.
