2004 3037
75 988 156 1010 flentis-

72 1023 128 1043 sima

70 1055 137 1080 Virgo

67 1086 138 1106 Maria

72 1118 131 1138 invo-

73 1151 149 1172 canda.

165 211 185 242 8
753 206 928 240 MYSTICA
948 207 1186 240 THEOLOGIA.

166 277 242 314 galis
262 276 391 314 palatio,
412 276 461 304 vel
483 274 594 303 summi
617 274 766 304 Pontificis
789 275 946 312 expedire,

165 324 218 362 qui
227 323 362 352 videntes
373 331 404 352 se
418 330 480 352 non
492 330 582 359 posse
591 322 780 359 propositum
791 323 946 360 consequi,

165 371 278 400 adeunt
299 370 432 407 aliquem
452 377 597 405 magnum
619 368 657 398 de
679 369 777 404 curia,
793 371 843 405 ut,
862 370 947 407 quod

165 425 219 455 per
232 425 263 446 se
277 425 338 446 non
358 418 499 454 possunt,
520 416 613 454 ipsius
633 416 806 445 mediatoris
824 417 948 446 interce-

166 464 262 493 dentis
271 463 436 492 reverentia
447 463 629 501 impetretur.
637 463 724 498 Quod
737 464 761 492 si
771 463 821 492 ille
831 471 947 500 pauper

166 511 299 548 aliquem
311 518 457 546 magnum
473 513 502 539 et
520 510 778 547 praeexcellentem
792 511 946 546 invenerit,

166 557 218 595 qui
237 557 292 586 has
313 557 500 586 conditiones
517 557 641 593 habeat,
661 559 694 586 ut
715 557 752 585 sit
767 557 888 586 humilis
907 558 947 586 ad

165 604 350 633 audiendum
364 612 466 640 preces
485 612 671 641 pauperum,
691 604 840 641 gloriosus
854 605 886 633 in
900 613 948 634 cu-

165 651 221 687 ria,
231 653 264 680 ut
278 659 345 679 cum
360 651 436 688 ipso,
449 651 474 680 si
487 659 605 680 necesse
620 651 716 687 fuerit,
732 652 818 680 multi
832 651 882 680 alii
892 659 947 688 pro

166 698 225 727 alio
246 698 447 733 intercedant,
467 698 591 727 dilectus
612 707 730 727 summo
752 699 902 734 Pontifici,
917 702 948 729 ut

167 746 230 781 eJus
244 745 403 774 dilectione
419 745 568 779 astrictus,
585 745 658 774 nihil
673 745 745 774 velit
766 747 884 783 penitus
899 747 949 775 de-

166 800 287 828 negare,
301 792 416 828 absque
430 792 492 820 ulla
507 792 657 821 calumnia
670 800 784 829 pauper
798 802 886 822 suum
899 793 950 822 de-

167 839 310 868 siderium
325 839 484 868 obtinebit.
507 839 563 868 Sed
585 839 656 876 quia
672 839 726 868 ista
744 841 819 868 inter
833 843 950 868 sanctos

168 886 259 921 alios„
282 886 313 914 in
336 886 516 923 superlativo
541 886 636 922 gradu
656 886 899 915 excellentissime
919 887 950 915 in

168 933 257 961 beata
269 933 386 969 VIrgine
401 933 596 970 reperiuntur,
614 933 653 962 ad
671 933 768 970 ipsam
783 933 950 971 confugiat,

169 979 210 1008 sic
235 979 354 1008 dicens:
380 981 421 1008 Tu
445 988 512 1016 qum
538 988 568 1008 es
592 980 870 1008 misericordissima
889 989 950 1017 prae

170 1026 310 1055 omnibus
325 1026 406 1060 aliis,
421 1026 586 1055 humilibus
605 1027 812 1063 peccatoribus
826 1029 853 1056 te
867 1028 950 1056 incli—

169 1081 260 1106 nans,
273 1073 492 1110 potentissima,
507 1073 579 1110 quia
593 1081 646 1110 per
661 1076 688 1102 te
702 1074 795 1102 ruinae
810 1075 950 1110 angelicae

171 1122 358 1156 reparantur,
374 1128 428 1156 per
449 1122 476 1148 te
493 1120 599 1148 sanctis
615 1120 681 1148 vitae
699 1121 792 1156 janua
809 1122 949 1158 aperitur,

173 1169 202 1195 et
214 1166 283 1194 ideo
300 1169 326 1195 te
341 1166 486 1195 clamante
505 1175 560 1203 pro
575 1175 720 1203 paupere,
737 1170 833 1196 tecum
848 1177 951 1197 omnes

175 1213 285 1249 pariter
299 1213 508 1241 acclamabunt
522 1214 593 1249 Regi
607 1216 716 1241 {eterno
733 1215 949 1250 amantissimo,

175 1267 266 1296 quem
281 1260 338 1289 tuis
352 1260 601 1288 sacris-uberibus
615 1260 739 1295 lactasti,
755 1263 783 1289 et
797 1261 865 1289 ideo
882 1262 952 1290 inef-

174 1306 258 1335 fabili
266 1306 380 1343 glutino
392 1307 539 1335 charitatis
550 1307 602 1335 tihi
613 1307 787 1343 conjunctus
795 1311 851 1342 est‚·
864 1317 951 1345 rogo,

175 1356 207 1382 ut
219 1361 273 1390 per
286 1355 313 1382 te
328 1362 395 1382 mea
409 1354 511 1390 inopia
530 1354 711 1390 sublevetur,
732 1358 764 1382 ut
785 1355 825 1382 sic
851 1364 903 1392 per
925 1358 951 1384 te

176 1400 212 1428 de
234 1401 362 1437 peccatis
384 1401 458 1429 meis
473 1401 626 1438 propriam
647 1401 853 1438 purgationem
876 1402 952 1430 obti-

175 1455 274 1483 neam,
287 1450 319 1476 ut
332 1448 453 1476 tandem
468 1449 565 1485 ipsum
579 1448 609 1476 in
624 1449 678 1476 isto
693 1457 795 1477 amore
811 1449 952 1478 constrin-

174 1502 258 1530 gam,
273 1503 362 1531 quem
375 1497 406 1522 tu
422 1495 488 1523 totis
500 1495 662 1524 visceribus
677 1495 815 1524 dilexisti.
831 1498 863 1524 Et
882 1499 951 1525 tunc

174 1541 252 1570 dicat
266 1542 309 1570 ei:
335 1543 403 1576 Ave,
419 1543 521 1576 Maria,
541 1542 740 1578 quadraginta
753 1543 883 1578 vicibuS‚
903 1544 951 1571 vel

174 1588 405 1625 quinquaginta,
427 1589 483 1616 sub
505 1590 585 1617 certo
607 1590 749 1624 numero',
769 1589 792 1617 si
813 1589 949 1625 voluerit,

174 1635 343 1669 dividendo,
359 1635 405 1663 vel
421 1635 590 1670 consimile,
605 1638 694 1672 prout
708 1636 764 1663 sibi
784 1636 889 1663 melius
904 1637 948 1664 vi—

173 1681 301 1710 debitur.
318 1683 376 1709 Hoc
392 1683 476 1718 quasi
492 1682 522 1709 in
537 1682 654 1717 signum
670 1682 836 1710 dilectionis
851 1685 878 1710 et
891 1683 949 1719 spi-

172 1729 285 1757 ritualis
296 1729 429 1765 homagii
438 1729 567 1757 reddens
578 1729 604 1757 ei
614 1728 746 1765 quotidie
757 1737 811 1765 pro
827 1729 947 1765 tributo,

172 1776 267 1812 ipsam
280 1784 341 1804 non
355 1776 385 1804 in
400 1776 514 1812 pictura
528 1776 663 1813 parietis,
679 1784 740 1803 non
754 1777 785 1804 in
799 1777 949 1813 sculptura

171 1822 285 1858 lignea,
304 1822 357 1850 sed
376 1823 407 1850 in
424 1823 499 1851 coelo
516 1825 621 1851 attente
643 1825 671 1850 ct
691 1823 850 1851 affectuose
871 1824 949 1852 salu-

171 1871 251 1904 tans,
274 1869 314 1897 ad
337 1869 433 1906 ipsam
453 1869 622 1897 immediate
645 1878 730 1898 suam
754 1870 860 1898 faciem
880 1870 949 1898 diri-

171 1916 281 1952 gendo.
295 1917 358 1944 Haec
373 1918 415 1944 est
427 1916 476 1944 via
490 1916 656 1952 purgativa,
674 1918 702 1945 et
722 1917 813 1952 ipsius
829 1917 949 1953 expedi-

171 1963 223 1998 tio,
245 1972 312 2000 quoe
331 1963 426 1991 multo
445 1963 512 2000 plus
534 1963 564 1991 in
583 1962 673 1991 corde
693 1965 788 1999 potest
806 1964 890 1991 citius
904 1972 948 1992 re-

171 2009 278 2046 colligi,
291 2018 382 2047 quam
396 2010 503 2046 scripto
515 2010 564 2037 vel
575 2009 668 2038 verbo
685 2012 771 2037 tenus
785 2011 946 2038 numerari.

171 2058 249 2085 Hanc
278 2057 484 2093 purgationem
515 2057 686 2085 recordetur
707 2057 851 2093 incipiens
877 2058 945 2086 bre-

169 2104 243 2132 viter
258 2106 285 2132 et
299 2104 455 2138 succincte,
472 2105 500 2132 et
514 2112 584 2132 vera
598 2104 654 2131 sibi
670 2104 812 2132 latissima
825 2104 874 2133 via
890 2105 947 2133 cito

169 2150 333 2186 apparebit.

426 2233 599 2267 CAPUT
636 2234 685 2266 ΙΙ.

180 2318 215 2344 De
229 2318 275 2344 via
292 2317 475 2344 illuminativa
491 2318 519 2343 in
534 2319 586 2343 tres
600 2317 751 2351 particulas
767 2318 936 2344 distinctum.

1003 275 1126 305 dicentis
1141 278 1150 294 ¹
1169 284 1177 304 :
1196 277 1372 306 Ascensiones
1391 280 1422 306 in
1443 280 1521 308 corde
1542 289 1590 310 suo
1604 282 1741 319 dimouit
1752 285 1783 311 in

1001 324 1072 352 valle
1085 323 1280 359 lacrymarum:
1297 325 1370 361 quia
1382 333 1436 362 per
1451 327 1579 363 gemitus
1591 330 1621 357 et
1632 328 1783 366 lacrymas

1002 369 1103 398 anima
1126 377 1144 398 a
1164 370 1354 407 rubiginibus
1376 375 1567 409 peccatorum
1592 374 1734 412 abluitur,
1755 380 1785 406 et

1001 424 1056 453 per
1067 416 1125 445 hoc
1136 417 1309 446 immediate
1321 418 1361 447 ad
1372 420 1591 456 susceptionem
1601 421 1696 451 divini
1706 423 1784 452 radii

1001 467 1194 501 praeparatur.
1206 466 1295 501 Cujus
1307 467 1466 496 necessitas
1477 467 1518 496 sic
1533 471 1669 506 apparet,
1683 470 1782 506 primo

1003 519 1021 540 a
1034 514 1118 549 parte
1131 512 1309 549 recipientis.
1325 515 1399 542 Nam
1413 514 1488 543 sicut
1501 515 1533 544 in
1551 516 1674 552 speculo
1689 519 1782 545 mate-
1823 520 1904 541 samm.

1002 559 1069 588 riali
1083 559 1232 594 videmus,
1241 559 1326 596 quod
1340 560 1364 588 si
1379 561 1416 590 sit
1428 561 1471 590 ibi
1485 562 1582 598 ssatuS,
1592 563 1641 592 vel
1655 563 1781 600 aliquod
1795 552 1904 606 ᾖξε-Ν·

1003 606 1213 641 obtenebrans,
1229 606 1318 635 facies
1331 607 1474 643 humana,
1490 609 1628 645 quamvis
1641 618 1672 638 se
1686 610 1713 639 ei
1727 611 1782 639 ob·

1000 652 1096 688 jiciat,
1113 660 1174 680 non
1189 654 1289 682 tamen
1307 654 1444 690 resultat,
1460 655 1513 684 sed
1533 664 1602 684 cum
1616 656 1782 686 abstersum

1002 699 1105 734 fuerit,
1129 699 1160 727 in
1184 699 1249 736 ipso
1271 699 1360 728 facies
1382 701 1517 730 humana
1536 705 1677 740 apparet,
1699 706 1732 733 ut
1757 705 1782 733 si

1004 747 1092 775 etiam
1117 747 1271 784 speculum
1291 748 1404 777 ratione
1423 749 1557 778 humana
1577 752 1722 786 uteretur,
1743 752 1782 780 ad

1005 793 1095 822 instar
1108 794 1238 830 spiritus,
1254 802 1308 831 per
1320 795 1397 823 illud
1411 796 1496 832 quod
1509 797 1541 824 in
1555 797 1653 834 seipso
1668 798 1781 835 recipit,

1004 840 1118 877 ipsum,
1141 843 1224 877 qu'us
1245 844 1287 870 est
1305 843 1484 878 similitudo,
1503 846 1716 881 repraesentans
1735 854 1783 874 co·

1005 890 1159 923 gnosceret
1167 898 1176 923 ;
1191 888 1233 916 sic
1242 889 1279 925 (b)
1291 897 1359 917 cum
1371 890 1534 919 arationali
1548 891 1651 928 spiritu
1666 891 1721 920 erit
1734 891 1784 920 eli-

1005 934 1117 962 minata
1131 934 1228 971 caligo
1243 935 1407 971 offuscans,
1420 937 1483 972 jam
1496 937 1546 965 ille
1561 938 1610 966 Sol
1625 938 1784 975 spiritualis

1005 981 1105 1017 gratiae
1121 990 1182 1009 suae
1205 981 1306 1010 radios
1329 983 1473 1018 immittit,
1493 984 1562 1020 qui,
1581 987 1726 1021 quantum
1741 987 1784 1014 est

1006 1028 1044 1056 de
1056 1036 1098 1063 se,
1114 1028 1267 1065 (equaliter
1277 1029 1418 1058 omnibus
1431 1038 1462 1058 se
1476 1031 1614 1067 infundit,
1627 1032 1688 1060 imo
1699 1032 1783 1069 quod

1005 1075 1074 1111 plus
1095 1077 1155 1110 est,
1175 1076 1246 1112 quia
1262 1076 1337 1104 sicut
1354 1077 1456 1105 radius
1470 1078 1542 1106 solis
1555 1078 1716 1107 materialis
1729 1082 1785 1108 stat

1007 1121 1168 1151 immobilis
1189 1123 1228 1151 ad
1252 1123 1428 1159 fenestram,
1453 1126 1482 1152 et
1501 1125 1613 1161 statim,
1635 1133 1704 1154 cum
1726 1126 1784 1155 sibi

1007 1171 1141 1205 apertum
1159 1171 1216 1204 est,
1236 1178 1391 1206 nunquam
1410 1171 1614 1206 retrocedens,
1628 1180 1784 1210 nunquam

1008 1215 1044 1244 de
1059 1224 1113 1244 sua
1132 1216 1258 1244 naturali
1279 1217 1410 1246 bonitate
1426 1226 1457 1246 se
1475 1219 1641 1254 retrahens,
1656 1221 1709 1248 sed
1728 1228 1783 1257 po-

1007 1263 1063 1291 tius
1079 1263 1204 1291 domum
1218 1263 1387 1292 interiorem
1404 1264 1486 1300 prius
1505 1265 1696 1294 obscuratam
1710 1266 1783 1295 irra-

1008 1309 1082 1345 diat3
1108 1310 1148 1337 sic
1169 1318 1258 1338 verus
1278 1310 1327 1338 Sol
1347 1311 1466 1346 justitiae
1488 1312 1612 1340 civitatis
1633 1321 1782 1350 supernae,

1008 1357 1092 1392 cujus
1107 1357 1152 1385 sol
1166 1357 1218 1385 iste
1232 1357 1394 1386 materialis
1408 1358 1568 1387 obscuram
1586 1360 1661 1395 gerit
1678 1361 1782 1389 simili-

1008 1403 1142 1432 tudinem
1168 1404 1216 1431 vel
1240 1404 1418 1440 imaginem,
1442 1406 1516 1434 nihil
1544 1405 1627 1435 aliud
1651 1410 1785 1444 expectat

1009 1450 1096 1478 etiam
1111 1450 1304 1479 immobiliter
1318 1454 1424 1487 praesto
1437 1454 1516 1480 stans
1530 1453 1570 1481 ad
1581 1453 1717 1489 januam,
1728 1454 1784 1483 nisi

1008 1499 1039 1524 ut
1053 1505 1106 1533 per
1120 1497 1252 1534 aliquam
1267 1498 1480 1527 abstersionem
1491 1499 1547 1528 sibi
1563 1500 1660 1528 aditus
1674 1508 1785 1538 praepa-

1007 1547 1097 1579 retur,
1121 1546 1152 1571 ut
1173 1544 1204 1572 in
1222 1546 1335 1579 mente,
1359 1545 1448 1574 veluti
1469 1546 1499 1574 in
1520 1546 1642 1582 lectulo,
1664 1547 1785 1576 feliciter

1007 1591 1210 1627 conquiescat,
1226 1600 1279 1628 per
1292 1592 1489 1628 spiritualium
1500 1593 1694 1629 splendorum
1709 1594 1784 1623 irra-

1007 1638 1151 1666 diationes
1165 1638 1297 1666 animam
1312 1638 1369 1666 sibi
1385 1639 1594 1675 desponsatam
1608 1640 1783 1676 insigniens:

1007 1686 1034 1711 ct
1048 1684 1088 1712 sic
1105 1693 1122 1712 a
1143 1687 1226 1720 parte
1245 1685 1426 1721 recipientis,
1450 1687 1478 1714 et
1498 1694 1517 1714 a
1535 1689 1618 1722 parte
1637 1687 1786 1717 influentis

1007 1731 1158 1759 irradiatio
1176 1731 1335 1767 spiritualis
1356 1733 1564 1768 purgationem
1584 1736 1783 1772 consequitur.

1007 1777 1064 1806 Sed
1078 1778 1135 1806 hoc
1152 1778 1232 1806 idem
1246 1778 1448 1807 manifestatur
1462 1788 1515 1816 per
1526 1780 1660 1817 ipsorum
1675 1781 1785 1810 distan-

1007 1826 1080 1854 tium
1091 1825 1331 1860 conjunctionem
1342 1826 1496 1854 unitivam.
1510 1827 1589 1855 Sicut
1603 1828 1683 1856 enim
1697 1829 1729 1856 in
1738 1829 1785 1857 Sa-

1006 1874 1111 1908 pientia
1131 1871 1237 1899 dicitur
1249 1872 1269 1906 ⁹,
1287 1872 1359 1908 [ipsa
1373 1873 1518 1909 sapientia
1535 1875 1587 1910 est)
1603 1874 1703 1902 candor
1718 1877 1786 1904 lucis

1006 1923 1126 1953 (εἰει-κω,
1139 1921 1164 1946 et
1177 1920 1315 1953 speculum
1329 1921 1387 1947 sine
1402 1921 1516 1947 macula.
1534 1922 1654 1957 Oportet
1667 1930 1738 1958 ergo
1753 1925 1786 1951 ut

1005 1967 1041 1993 sit
1053 1966 1154 2002 aliqua
1175 1965 1360 1993 consimilata
1377 1966 1578 2002 conformitaS,
1596 1968 1717 2004 quando
1733 1977 1785 2006 per

1006 2021 1107 2041 veram
1123 2013 1233 2040 amoris
1255 2012 1397 2041 unionem
1414 2021 1499 2041 mens
1515 2013 1648 2042 humana
1662 2015 1785 2045 candori

1006 2059 1078 2087 lucis
1103 2062 1219 2087 ceternae
1242 2059 1352 2092 unitur,
1375 2062 1402 2087 et
1420 2060 1502 2096 prius
1525 2064 1638 2090 semota
1660 2062 1698 2090 ab
1720 2062 1785 2098 ipsa

1006 2107 1088 2134 omni
1103 2106 1316 2134 obtenebrante
1339 2106 1482 2142 caligine,
1498 2107 1620 2143 speculo
1636 2108 1698 2136 sine
1720 2117 1783 2136 ma—

1005 2154 1073 2181 cula
1085 2153 1297 2188 conformetur,
1309 2153 1356 2180 vel
1370 2156 1567 2189 comparetur.
1577 2154 1658 2181 Unde
1670 2157 1785 2190 oportet

1005 2200 1102 2236 primo
1117 2200 1200 2235 quod
1214 2208 1298 2227 mens
1312 2200 1348 2227 sit
1368 2200 1452 2235 quasi
1471 2199 1626 2236 speculum
1640 2201 1702 2228 sine
1718 2209 1783 2229 ma-

1006 2247 1086 2281 cula3
1103 2249 1130 2274 et
1145 2246 1241 2273 statim
1255 2246 1293 2273 ad
1309 2245 1532 2282 suscipiendum
1552 2246 1626 2274 lucis
1644 2247 1784 2283 splendo-

1005 2301 1051 2321 res
1070 2292 1172 2320 divino
1196 2291 1282 2319 radio
1300 2292 1477 2328 disponitur,
1494 2295 1522 2321 et
1542 2293 1600 2328 sic,
1615 2302 1683 2322 cum
1699 2294 1784 2322 fuerit

1005 2340 1121 2373 curata,
1136 2341 1249 2366 aeternae
1264 2338 1413 2374 sapientire
1428 2339 1638 2368 conformetur.

1040 2385 1097 2414 Sed
1117 2386 1155 2414 de
1175 2393 1235 2421 quo
1252 2385 1363 2412 lumine
1385 2385 1573 2421 intelligatur,
1595 2387 1678 2423 quod
1700 2396 1782 2416 mens
1824 2395 1903 2415 simiti-

1004 2433 1165 2469 anagogice
1179 2440 1361 2467 consurgens
1373 2433 1412 2460 ad
1424 2433 1537 2460 tertiam
1550 2434 1629 2461 viam
1638 2434 1780 2463 unitivam
1796 2427 1902 2477 ffid‘x'fflffc]

1004 2480 1134 2516 erigitur,
1150 2478 1304 2507 sciendum
1320 2479 1402 2515 quod
1418 2480 1491 2507 sicut
1505 2480 1550 2508 sol
1564 2481 1724 2509 materialis
1738 2482 1779 2509 vi·
1817 2488 1878 2507 rinus

1004 2526 1089 2554 detur
1110 2526 1140 2553 in
1161 2533 1285 2561 corpore
1302 2526 1458 2554 terminato
1479 2527 1616 2561 inferius,
1631 2529 1663 2555 ut
1682 2527 1779 2564 ipsum
1794 2524 1901 2570 ἓζζῗξζῧε

1005 2573 1138 2601 videmus
1151 2572 1182 2599 in
1195 2572 1317 2608 pariete,
1334 2572 1452 2600 videtur
1465 2573 1553 2601 etiam
1568 2573 1599 2600 in
1613 2573 1698 2602 radio
1712 2582 1777 2609 suo,
1792 2582 1888 2605 justitia.

448 2407 627 2430 1¹A11T1CULA
648 2407 666 2429 1.

363 2468 398 2490 Dc
416 2465 506 2497 triplici
526 2465 690 2490 irradiatione
705 2466 750 2495 (ιι).

204 2532 255 2558 Per
268 2531 347 2558 viam
362 2529 550 2566 purgativam
563 2537 648 2556 mens
663 2528 702 2556 ad
717 2528 945 2556 illuminativam

167 2577 336 2604 immediate
356 2576 487 2612 erigitur,
511 2575 676 2603 secundum
695 2575 770 2603 illud
787 2575 945 2603 Psalmistae

199 2642 230 2668 (a)
250 2640 308 2661 (ivn-t.
324 2639 384 2663 edel,
407 2640 470 2662 dvm(
495 2639 592 2662 (swas.
609 2652 639 2656 —-
654 2638 687 2662 (m
713 2639 748 2662 lta
766 2638 833 2662 Edit.
852 2639 944 2667 taran,-

166 2676 225 2698 mlxt.
247 2675 304 2698 Ven.
318 2675 345 2699 si.
1037 2674 1040 2685 “
1058 2671 1124 2697 Psal.
1140 2677 1250 2702 Lxxxui,
1262 2674 1284 2695 15.
1299 2684 1327 2689 -
1338 2672 1347 2687 ²
1359 2672 1430 2702 Sap„
1443 2677 1489 2702 vii,
1507 2672 1543 2695 to.
