2004 3037
767 224 1101 258 CONFESSIONALE.
1123 225 1211 259 CAP.
1235 227 1289 260 111.

221 300 291 328 ιω,
306 300 337 330 q.
350 301 371 329 1,
392 301 418 322 c.
440 293 674 331 Praedicandum,)
688 293 746 322 nisi
761 293 860 330 major
880 293 928 322 vel
943 293 999 321 mi-

220 347 277 369 nor
290 340 459 369 inveniatur
472 349 491 371 a
503 349 618 371 canone
634 348 772 378 expressa
782 361 791 376 ,
807 340 839 368 in
853 348 914 377 quo
929 340 997 377 qui-

221 388 291 417 dem
306 396 388 425 casu,
403 389 427 418 si
442 390 554 418 crimen
567 390 723 427 publicum
738 389 784 424 sit,
797 389 922 426 publica
936 397 998 418 non

220 435 319 464 minor
331 436 380 465 vel
400 437 509 473 major,
529 444 621 474 quam
636 437 744 474 scripta
758 436 810 470 sit,
825 435 999 473 poenitentia

221 484 264 511 cst
276 483 460 520 imponenda
470 484 590 520 (Extra,
604 483 641 512 de
658 484 821 512 Poenittent.
831 485 859 511 et
874 483 997 512 Remiss.

222 537 247 557 c.
265 530 320 564 Qui
331 531 415 566 sint).
431 530 461 559 Si
476 530 636 567 occultum,
651 533 721 559 tunc
735 531 903 559 indistincte
918 530 998 558 arhi-

221 577 316 606 trariae
329 577 534 614 imponuntur,
549 578 624 606 sicut
638 578 768 615 probant
778 577 998 606 concordantiae

218 623 281 659 jam
301 623 432 660 signatae.
456 625 574 653 Certum
599 626 641 653 cst
665 625 774 660 eliam,
794 625 878 662 quod
901 625 999 660 major

221 679 310 699 causa
331 670 524 708 dispensandi
545 672 576 700 in
598 672 772 708 poenitentia
789 671 948 708 requiritur
968 671 999 699 in

219 717 342 753 publico
353 739 362 753 ,
385 726 479 755 quam
491 718 523 746 in
539 719 669 748 occulto.
692 720 724 747 ln
738 721 866 756 utroque
880 720 980 746 tamen
990 740 998 753 ‚

220 772 256 793 ex
271 773 359 793 causa
371 765 471 794 minor
484 765 656 802 poenitentia
670 768 767 803 potest
780 766 912 802 imponi,
927 773 997 793 con-

219 812 354 841 sideratis
378 813 512 842 criminis
538 814 700 851 quantitate
727 815 755 842 et
783 815 941 851 qualitate,
971 814 1000 841 et

218 867 354 896 personae
379 860 539 897 dignitate,
564 862 749 897 conditione,
775 870 846 890 sexu
856 883 864 896 ,
880 861 997 897 officio,

219 909 392 943 paupertate
410 929 419 943 ,
445 909 598 937 debilitate
613 931 621 944 ,
653 909 868 937 consuetudine
883 931 891 942 ,
916 917 998 937 com-

219 954 373 990 plexione,
389 955 547 990 societate,
562 956 733 984 conditione
753 955 811 983 loci
823 976 832 990 ,
847 955 1000 991 religionis

220 1002 249 1028 et
266 1001 420 1038 temporis,
442 1002 602 1039 qualitate,
623 1010 728 1038 causa,
750 1002 869 1037 animo,
889 1002 998 1030 volun-

220 1049 294 1083 tate,
309 1049 338 1076 et
352 1048 416 1076 aliis
431 1048 658 1077 circumstantiis
668 1070 676 1084 ‚
693 1057 769 1085 quas
783 1049 868 1085 ponit
883 1052 998 1085 Augus-

219 1093 297 1122 tinus
312 1094 331 1130 ¹,
346 1094 378 1123 in
401 1095 479 1124 libro
497 1096 531 1124 de
551 1104 614 1124 vera
634 1099 660 1123 et
677 1097 752 1130 falsa
769 1097 932 1124 Pccizz'tentia
953 1097 1000 1132 (et

219 1141 424 1178 introducitur,
441 1142 479 1170 de
493 1142 608 1178 Poenit.,
623 1142 690 1170 dist.
707 1150 741 1177 v,
757 1151 823 1179 cap.
843 1143 874 1178 ι).
891 1143 998 1179 Supra-

219 1188 305 1216 dictis
318 1189 407 1224 igitur
421 1189 630 1224 consideratis,
644 1189 813 1224 alleviabit,
829 1189 877 1217 vel
892 1197 998 1225 aggra-

218 1235 302 1263 vabit
313 1236 452 1264 sacerdos
466 1237 609 1265 discretus
622 1246 727 1274 poenas
741 1237 929 1274 peccantium
945 1238 999 1273 (de

219 1283 334 1317 Posuit„
344 1283 410 1311 dist.
419 1292 438 1319 1,
452 1285 518 1312 c.1n
528 1287 645 1320 actione,
656 1286 684 1312 et
693 1293 758 1321 cap.
770 1285 914 1320 Judt·cet);
929 1285 1000 1321 quia

220 1329 302 1366 apud
325 1331 419 1358 Deum
441 1331 509 1367 plus
528 1332 609 1360 valet
630 1331 819 1360 mortificatio
843 1332 998 1365 vitiorum,

220 1385 312 1413 quain
334 1377 511 1406 abstinentia
530 1378 665 1407 ciborum
688 1379 734 1414 (ut
759 1378 790 1406 in
808 1379 999 1415 prceallegato

219 1431 285 1460 cap.
302 1425 484 1460 Mensuram.)
500 1427 533 1453 Ut
548 1427 648 1454 autem
660 1426 803 1454 sacerdos
816 1426 894 1454 circa
908 1426 1000 1462 poeni-

218 1471 322 1498 tentias
337 1471 539 1507 dispensando
556 1473 670 1500 cautius
684 1473 853 1506 arbitretur,
866 1474 937 1501 nota
951 1481 1000 1501 ca-

218 1525 268 1545 sus
282 1517 313 1545 in
329 1518 438 1554 quibus
448 1527 502 1555 per
517 1528 647 1547 canones
663 1527 711 1547 cer
725 1528 749 1547 ae
763 1528 858 1556 poenae
873 1528 925 1547 seu
940 1527 1000 1556 poz-

218 1564 346 1592 nitentiae
369 1565 573 1601 imponuntur.
601 1567 675 1594 Nam
703 1574 832 1594 canones
854 1566 999 1602 perniten-

219 1611 303 1639 tiales
310 1613 423 1640 tenetur
430 1612 504 1640 scire
515 1613 654 1641 sacerdos
662 1613 738 1649 (dist.
749 1621 867 1647 xxxvur,
877 1613 1001 1641 Coelesti-

220 1665 276 1685 nus
290 1660 369 1695 Papa
384 1659 525 1687 omnibus
545 1660 721 1688 orthodoxis
736 1660 905 1697 Episcopis:
921 1662 948 1689 N
951 1661 1001 1687 ιιΗι·

220 1706 354 1733 sacerdoti
373 1707 454 1734 liceat
484 1715 595 1734 canones
615 1709 757 1742 ignorare,
781 1709 848 1742 etc„
880 1710 933 1735 etc.
957 1715 1001 1735 se-

221 1752 333 1787 quenti,
347 1753 550 1788 Augustinus.)
560 1754 630 1787 Quae
643 1753 714 1790 ipsis
729 1753 935 1782 sacerdotibus
949 1762 1000 1782 ne-

220 1799 347 1827 cessaria
360 1801 429 1827 sunt
443 1800 482 1828 ad
498 1799 686 1835 discendum,
703 1801 735 1828 id
750 1803 808 1835 est,
832 1809 1000 1829 sacramen-

220 1847 320 1874 torum
346 1846 440 1881 liber,
464 1847 522 1875 hoc
545 1849 588 1875 est
614 1847 728 1876 Missale
746 1869 755 1883 ‚
779 1848 980 1876 Lectionarius
991 1869 1001 1883 ,

220 1893 471 1929 Antiphonarius,
497 1894 719 1930 Baptisterium,
741 1896 903 1932 computus
918 1916 926 1930 ,
947 1896 1001 1923 Ca-

221 1946 315 1967 nones
329 1939 543 1975 poenitentiales
554 1962 563 1976 ,
579 1941 752 1969 Psalterium
764 1963 772 1977 ,
791 1942 933 1970 Homeliae
948 1949 1001 1978 per

222 1985 366 2013 circulum
381 1987 451 2014 anni
466 1987 573 2015 diebus
588 1987 747 2015 dominicis
762 1990 790 2016 et
804 1989 928 2024 singulis
943 1989 1000 2016 fes-

222 2032 382 2060 tivitatibus
402 2035 486 2069 aptae.
507 2035 547 2061 Ex
570 2034 679 2070 quibus
701 2035 842 2063 omnibus
863 2035 886 2063 si
905 2044 1001 2063 unum

223 2078 362 2114 desuerit,
382 2080 543 2108 sacerdotis
562 2089 673 2109 nomen
691 2081 741 2109 vix
760 2081 791 2109 in
810 2090 846 2109 eo
866 2084 1001 2110 constare

221 2126 338 2161 poterit,
352 2127 424 2163 quia
435 2127 521 2155 valde
531 2127 707 2164 periculosae
722 2128 899 2163 evangelicae
913 2129 1000 2157 minae

221 2175 305 2208 sunt,
330 2173 440 2210 quibus
455 2174 563 2202 dicitur
579 2175 591 2192 ²
608 2183 614 2203 :
641 2175 672 2203 Si
686 2183 772 2203 caecus
792 2183 857 2203 coeco
872 2176 1001 2204 ducatum

218 2222 342 2256 praestet,
359 2221 436 2249 ambo
450 2222 479 2249 in
494 2222 600 2255 foveam
614 2222 725 2250 cadunt.

495 2301 675 2325 PARTlCULA
697 2301 727 2325 ll.

346 2355 383 2378 De
397 2354 549 2385 poenitentia
561 2354 706 2386 presbyteri
718 2353 876 2378 fornicantis.

257 2410 370 2437 Primus
382 2410 483 2438 Canon
491 2418 529 2437 ex
539 2410 669 2438 Concilio
679 2411 798 2446 Gangr„
806 2410 872 2438 dist.
883 2418 978 2439 Lxxxn
990 2420 996 2438 :

225 2456 401 2493 «Presbyter
415 2457 439 2484 si
453 2456 678 2484 fornicationem
689 2457 788 2485 fecerit
801 2465 998 2494 quamquam,

222 2503 386 2531 secundum
401 2511 531 2532 canones
551 2504 763 2539 Apostolorum
778 2504 886 2532 debeat
905 2505 998 2541 depo-

221 2548 252 2576 ni
277 2558 284 2576 :
307 2552 406 2578 tamen
428 2552 511 2586 juxta
534 2551 737 2579 auctoritatem
766 2551 846 2580 beati
869 2552 998 2580 Silvestri

223 2597 325 2633 Papae,
351 2598 374 2625 si
388 2607 450 2627 non
465 2600 496 2627 in
514 2600 586 2627 vitio
601 2599 762 2635 perduret,
779 2600 802 2628 si
818 2609 871 2628 sua
894 2601 998 2637 sponte

259 2661 264 2674 ²
289 2660 343 2684 lmo
365 2664 462 2693 auctor,
485 2663 597 2694 quisquis
621 2663 669 2694 sit,
695 2664 737 2688 lib.
764 2664 793 2687 (le
817 2672 867 2688 ver.
890 2666 913 2688 et
936 2665 997 2695 suls.

223 2695 322 2726 Poemt„
334 2703 357 2721 e.
373 2703 450 2721 xx.—
461 2700 471 2715 Ξ
482 2700 584 2729 Manli„
596 2705 638 2730 xv,
655 2700 726 2724 14.—
738 2699 748 2717 ³
760 2700 862 2725 Scilicet
875 2701 998 2733 secunda,

1776 231 1834 261 367

1056 293 1208 322 confessus
1223 295 1332 332 adjecit
1345 299 1378 326 ut
1391 299 1567 334 resurgeret,
1582 297 1686 327 decem
1705 297 1792 326 annis
1806 297 1836 326 in

1055 340 1135 369 hunc
1149 341 1276 371 modum
1298 344 1448 380 poeniteat.
1463 345 1569 374 Tribus
1583 345 1706 382 quidem
1727 344 1835 373 mensi-

1056 387 1114 416 bus
1133 389 1251 425 privato
1274 390 1343 419 loco
1367 399 1386 420 a
1409 392 1520 420 caeteris
1533 394 1665 421 remotus
1675 413 1684 427 ,
1705 400 1784 429 pane
1809 394 1837 422 et

1056 442 1137 472 aqua
1151 444 1169 464 a
1181 444 1306 473 vespera
1316 437 1346 466 in
1357 446 1514 475 vesperam
1525 441 1623 468 utatur
1635 449 1642 468 :
1655 441 1769 468 tantum
1784 448 1836 468 au-

1057 482 1115 510 tem
1130 482 1237 511 diebus
1252 484 1411 513 dominicis
1426 487 1454 514 et
1478 486 1635 523 praecipuis
1658 487 1754 523 festis,
1770 495 1835 516 mo-

1057 529 1124 558 dico
1140 530 1211 559 vino
1221 552 1230 566 ,
1247 533 1275 560 et
1288 532 1436 568 pisciculis
1446 555 1455 568 ,
1471 535 1560 570 atque
1575 533 1776 570 leguminibus
1790 542 1836 564 re-

1056 580 1181 614 creetur,
1197 579 1260 607 sine
1275 588 1363 609 carne
1373 601 1383 616 ,
1400 583 1428 610 et
1442 581 1586 617 sagimine
1597 603 1607 616 ,
1623 583 1650 610 et
1666 582 1731 610 ovis
1745 584 1773 610 et
1787 590 1833 610 ca·

1056 633 1127 661 seo,
1145 627 1173 655 ct
1187 635 1273 655 sacco
1288 627 1424 664 indutus,
1440 627 1534 657 humo
1556 628 1722 665 adhaereat,
1738 629 1786 657 die
1802 637 1836 658 ac

1055 675 1143 702 nocte
1162 673 1274 710 jugiter
1295 675 1533 704 misericordiam
1554 675 1604 704 Dei
1625 675 1836 712 omnipotentis

1056 720 1205 758 imploret.
1230 722 1330 752 Finitis
1344 723 1438 752 tribus
1452 723 1606 752 mensibus
1625 723 1773 752 continuis
1788 732 1836 752 ex-

1057 769 1121 804 eat;
1138 771 1239 797 tamen
1248 770 1279 798 in
1293 770 1449 806 publicum
1459 779 1521 799 non
1535 771 1698 807 procedat,
1712 779 1750 799 ne
1765 779 1837 807 grex

1055 814 1153 843 fidelis
1168 816 1199 844 in
1214 824 1250 845 eo
1265 817 1443 846 scandalum
1456 819 1596 855 patiatur.
1619 819 1676 846 Nec
1691 817 1770 846 enim
1785 818 1837 846 dc-

1055 861 1107 890 bet
1134 864 1273 892 sacerdos
1301 865 1421 901 publice
1451 865 1594 902 poenitere
1631 865 1706 893 sicut
1732 865 1835 893 laicus.

1057 911 1161 938 Postea
1175 911 1389 949 aliquantisper
1402 912 1561 949 resumptis
1575 912 1690 940 viribus
1701 934 1710 948 ,
1724 920 1838 940 annum

1055 964 1150 985 unum
1166 960 1194 986 et
1215 958 1375 987 dimidium
1397 959 1428 987 in
1451 968 1529 996 pane
1549 961 1577 988 et
1599 968 1680 996 aqua
1703 959 1836 996 expleat,

1057 1005 1185 1040 exceptis
1201 1005 1357 1034 dominicis
1372 1007 1496 1042 diebus,
1515 1009 1543 1035 et
1557 1007 1714 1043 proecipuis
1728 1006 1838 1035 festivi-

1056 1051 1184 1086 tatibus,
1200 1052 1231 1080 in
1252 1053 1361 1089 quibus
1375 1054 1464 1089 vino,
1487 1055 1515 1082 et
1529 1054 1689 1089 sagimine,
1710 1054 1791 1088 ovis,
1811 1056 1840 1082 et

1057 1105 1159 1133 caseo,
1172 1099 1256 1135 juxta
1271 1100 1447 1128 canonicam
1461 1109 1634 1129 mensuram
1657 1101 1699 1128 uti
1719 1100 1835 1137 poterit.

1056 1145 1150 1173 Finito
1176 1146 1274 1182 primo
1303 1155 1399 1182 anno,
1428 1149 1456 1175 et
1480 1147 1622 1183 dimidio,
1652 1148 1786 1184 corporis
1811 1149 1839 1176 et

1057 1193 1210 1228 sanguinis
1225 1195 1341 1222 Domini
1355 1195 1464 1229 nostri,
1479 1203 1517 1223 ne
1539 1195 1725 1230 indurescat,
1748 1194 1839 1231 parti-

1057 1247 1125 1276 ceps
1138 1240 1204 1276 fiat,
1217 1242 1245 1268 et
1258 1241 1298 1269 ad
1312 1250 1418 1278 pacem
1429 1241 1540 1278 veniat,
1555 1242 1689 1278 psalmos
1704 1250 1771 1270 cum
1783 1241 1839 1270 sra-

1057 1287 1151 1315 tribus
1165 1287 1286 1316 ultimus
1301 1289 1332 1316 in
1347 1289 1439 1317 choro
1454 1291 1559 1324 canat,
1576 1290 1616 1318 ad
1631 1298 1724 1318 cornu
1739 1289 1838 1317 altaris

1056 1341 1118 1362 non
1133 1335 1254 1363 accedat
1263 1345 1270 1371 ;
1284 1336 1368 1371 Juxta
1380 1335 1460 1364 beati
1475 1336 1634 1365 Clementis
1647 1344 1771 1372 vocem,
1785 1335 1839 1364 mi-

1056 1390 1132 1410 nora
1146 1384 1230 1417 gerat
1244 1382 1352 1410 officia.
1365 1383 1476 1411 Deinde
1488 1392 1561 1412 vero
1575 1392 1670 1421 usque
1685 1383 1725 1412 ad
1740 1383 1839 1420 exple-

1056 1429 1168 1456 tionem
1183 1429 1299 1465 septimi
1324 1430 1412 1465 anni,
1435 1431 1517 1459 omni
1538 1431 1665 1467 quidem
1687 1433 1838 1467 tempore,

1057 1476 1186 1512 exceptis
1201 1477 1293 1504 tribus
1313 1477 1504 1513 paschalibus
1526 1478 1648 1513 diebus,
1665 1479 1724 1506 tres
1744 1478 1840 1513 legiti-

1057 1531 1120 1551 mas
1132 1524 1142 1541 ³
1156 1523 1244 1552 serias
1259 1524 1289 1551 in
1299 1533 1481 1561 unaquaque
1490 1525 1703 1559 hebdomada,
1716 1525 1747 1553 in
1761 1533 1839 1561 pane

1057 1572 1085 1598 et
1100 1578 1179 1606 aqua
1197 1571 1320 1606 jejunet.
1338 1572 1460 1608 Expleto
1484 1572 1555 1600 anni
1573 1571 1691 1608 septimi
1707 1572 1818 1600 circulo
1830 1593 1838 1606 ,

1057 1617 1080 1644 si
1099 1616 1203 1646 fratres
1225 1618 1307 1654 apud
1326 1627 1403 1655 quos
1422 1619 1560 1654 poenituit
1576 1620 1639 1654 ejus
1658 1618 1840 1654 condignam

1056 1665 1261 1700 poenitentiam
1274 1665 1483 1701 laudaverint,
1508 1665 1670 1702 Episcopus
1690 1666 1721 1693 in
1738 1665 1839 1702 'pristi-

1055 1720 1128 1740 num
1142 1712 1289 1740 honorem
1301 1733 1311 1747 ,
1327 1712 1410 1748 juxta
1424 1713 1506 1741 beati
1521 1713 1625 1741 Calixti
1642 1714 1726 1748 Papae
1741 1714 1840 1740 aucto-

1055 1759 1186 1794 ritatem,
1203 1768 1272 1788 eum
1292 1760 1401 1796 poterit
1421 1768 1575 1789 revocare.
1596 1762 1672 1789 Sane
1687 1761 1840 1788 sciendum

1057 1808 1113 1841 est,
1131 1807 1214 1843 quod
1236 1807 1398 1835 secundam
1420 1807 1526 1836 feriam
1549 1816 1645 1836 unum
1666 1809 1840 1844 psalterium

1057 1853 1204 1888 canendo,
1217 1855 1268 1882 aut
1281 1862 1376 1882 unum
1391 1855 1549 1883 denarium
1563 1855 1749 1891 pauperibus
1764 1855 1839 1883 dan-

1056 1900 1107 1936 do,
1123 1901 1147 1928 si
1162 1909 1239 1937 opus
1253 1903 1306 1936 est,
1323 1902 1473 1930 redimere
1487 1904 1595 1938 potest.
1613 1903 1713 1930 Finitis
1728 1905 1840 1939 septem

1055 1947 1140 1975 annis
1155 1948 1265 1976 deinde
1281 1957 1375 1985 usque
1392 1949 1433 1977 ad
1449 1949 1540 1977 finem
1555 1949 1663 1977 decimi
1678 1950 1760 1984 anni,
1776 1958 1840 1977 sex-

1055 1995 1117 2022 tam
1139 1994 1263 2030 feriam,
1278 1995 1360 2024 nulla
1383 1996 1595 2024 interveniente
1621 1996 1837 2032 redemptione,

1056 2040 1233 2069 observetin
1244 2050 1321 2078 pane
1337 2044 1364 2070 et
1378 2051 1468 2079 aqua.
1484 2043 1595 2071 Eadem
1611 2052 1731 2079 quoque
1745 2043 1838 2080 poeni-

1055 2088 1146 2116 tentia
1165 2089 1219 2116 erit
1239 2089 1386 2117 sacerdoti
1406 2090 1443 2118 de
1467 2090 1608 2118 omnibus
1630 2090 1694 2118 aliis
1708 2091 1837 2127 peccatis

1056 2137 1084 2162 et
1102 2135 1291 2168 criminibus,
1313 2144 1379 2172 quse
1401 2145 1470 2164 eum
1489 2137 1521 2165 in
1543 2137 1763 2173 depositionem
1782 2137 1835 2166 ad·

1056 2182 1177 2210 ducunt.
1191 2184 1290 2219 Neque
1305 2183 1362 2211 hoc
1377 2183 1498 2212 cuilibet
1512 2184 1649 2213 videatur
1661 2193 1833 2221 onerosum,

1054 2229 1079 2257 si
1094 2230 1232 2258 sacerdos
1246 2232 1313 2266 post
1327 2231 1462 2267 lapsum,
1478 2232 1582 2268 digne,
1603 2234 1635 2261 ut
1658 2242 1748 2270 supra
1773 2234 1834 2261 dic-

1054 2278 1118 2305 tum
1129 2279 1182 2312 est,
1195 2277 1340 2314 poenitens
1355 2278 1395 2306 ad
1404 2279 1545 2315 pristinos
1555 2280 1658 2308 redeat
1666 2280 1806 2310 honores.
1817 2291 1830 2308 »

1055 2325 1119 2352 Haec
1134 2333 1241 2353 canon.

1320 2385 1500 2410 PARTICULA
1519 2386 1561 2410 ΙΙΙ.

1102 2434 1138 2458 De
1159 2433 1310 2465 poenitentia
1331 2435 1471 2459 sacerdotis
1488 2435 1638 2460 fornicantis
1656 2443 1714 2460 cum
1731 2437 1781 2461 filia
1803 2450 1806 2453 Δ

1376 2471 1508 2501 spirituali.

1090 2523 1242 2552 Secundus
1253 2532 1349 2552 canon
1360 2525 1402 2552 cst
1412 2525 1556 2553 Caelestini
1565 2527 1649 2562 Papae
1660 2527 1748 2561 (caus.
1765 2534 1831 2562 xxx,

1055 2579 1084 2607 q.
1098 2579 1107 2599 1
1119 2571 1137 2606 ):
1158 2571 1209 2599 «Si
1225 2571 1291 2607 quis
1305 2571 1444 2599 sacerdos
1458 2580 1526 2599 cum
1541 2572 1602 2600 filia
1617 2572 1762 2608 spirituali
1772 2573 1832 2601 for—

1054 2632 1155 2661 (martav
1174 2631 1199 2654 ct
1216 2631 1287 2653 sexta
1302 2629 1373 2653 seria.
1395 2630 1430 2654 De
1446 2631 1558 2654 secunda
1574 2630 1649 2661 scria,
1668 2638 1696 2662 11,
1709 2639 1733 2662 q.
1753 2638 1782 2663 1¹,
1797 2632 1832 2656 De

1053 2666 1123 2693 illis,-
1137 2666 1167 2690 de
1189 2668 1278 2696 quarta
1301 2667 1326 2689 ct
1344 2667 1415 2689 sexta
1433 2666 1510 2695 feria,
1527 2667 1557 2690 de
1578 2673 1693 2698 consec„
1714 2668 1772 2692 dist.
1792 2674 1832 2698 111,

1054 2702 1153 2732 Jejimu.
1168 2702 1225 2726 Vid.
1241 2701 1305 2725 iufra
1315 2719 1322 2730 ,
1337 2702 1368 2725 ad
1383 2701 1461 2725 finem
1475 2702 1551 2732 liujus
1564 2703 1663 2734 cupitis.
