2004 3037
840 197 928 230 CAP.
951 197 1125 231 Lvlll-Lx.

173 269 324 298 tumorem
339 267 593 304 convertendum,
607 269 636 298 et
650 267 748 298 subito
762 273 914 302 casurum,
929 267 958 295 et

175 315 264 346 mori.
279 316 355 353 Act„
368 324 474 353 xxvm,
490 317 518 352 4,
534 318 560 346 6.

421 413 566 448 CAPUT
589 413 707 449 LVIII.

214 487 289 521 Quod
306 487 396 515 sancti
414 486 472 514 viri
486 487 653 522 permittunt
672 485 732 521 fieri
750 485 846 520 aliqua
866 491 920 511 non

513 531 635 559 libenter.

210 600 302 629 Jacob
316 599 451 638 permisit
461 599 572 628 adduci
585 599 740 636 Benjamin
749 599 846 628 filium
857 608 944 629 suum
947 622 956 637 ,

174 648 275 676 tenere
286 647 437 683 dilectum,
450 649 478 676 et
488 647 547 675 hoc
557 649 680 684 propter
693 647 899 676 necessitatem
912 648 958 676 vi-

174 694 316 723 ctualium
330 694 371 723 ad
384 694 555 722 instantiam
568 694 711 723 filiorum.
727 695 805 730 Gen„
821 703 900 724 xuv.

210 744 324 779 Moyses
333 742 469 779 permisit
479 742 545 770 dari
560 742 699 770 libellum
710 742 829 779 repudii
844 743 957 771 odiosis

174 789 321 818 uxoribus
341 789 528 824 Judaeorum,
553 789 626 826 quia
649 789 762 818 scilicet
780 789 903 819 timebat
925 789 957 818 in

175 836 217 865 eis
231 836 442 865 uxoricidium.
459 838 551 872 Dent„
567 844 650 865 xxtv.

212 884 403 914 considerato
423 883 517 913 David
532 884 648 921 populo
667 892 733 920 suo,
746 885 896 913 constituit
907 893 955 913 su-

175 939 230 968 per
244 940 315 960 eum
325 932 461 961 tribunos
476 933 505 960 et
519 932 716 961 centuriones.
729 942 744 958 «
755 932 890 968 Dixitque
904 940 956 961 rex

174 979 214 1008 ad
238 979 387 1015 populum
403 988 410 1007 :
435 979 577 1015 Egrediar
601 981 629 1007 et
651 987 707 1015 ego
729 979 898 1007 vobiscum.
924 981 957 1007 Et

173 1026 326 1062 respondit
347 1026 481 1063 populus
496 1035 504 1054 ε
519 1027 585 1054 Νο11
600 1026 696 1054 exibis
706 1048 716 1062 ‚
731 1027 803 1063 quia
826 1029 857 1055 tu
879 1035 956 1055 unus

172 1080 230 1109 pro
245 1073 350 1101 decem
363 1072 497 1101 millibus
513 1073 715 1110 computaris:
731 1074 838 1102 melius
851 1076 893 1102 est
903 1074 957 1110 igi-

173 1121 231 1155 tur,
245 1122 277 1149 ut
293 1120 331 1148 sis
345 1120 435 1148 nobis
446 1120 476 1149 in
491 1121 567 1148 urbe
581 1120 731 1157 praesidio.
753 1121 798 1149 Ad
813 1130 889 1157 quos
903 1129 956 1150 rex

174 1167 237 1195 ait:
254 1167 341 1201 Quod
364 1167 452 1195 vobis
474 1167 603 1203 videtur,
618 1167 821 1197 hocfaciam.»
833 1170 854 1198 11
877 1170 954 1205 Req„

173 1222 258 1249 xvm,
273 1216 300 1249 2,
318 1215 344 1243 4.

212 1261 323 1290 Eliseus
337 1261 471 1298 permisit
482 1262 566 1298 quod
577 1261 631 1290 filii
645 1262 860 1299 prophetarum
875 1272 956 1299 quae-

172 1311 272 1338 rerent
287 1308 391 1344 Eliam‚
405 1317 443 1337 ne
457 1308 531 1338 forte
548 1309 667 1345 spiritus
681 1310 797 1337 Domini
812 1311 955 1346 projecis-

172 1358 217 1385 set
232 1365 312 1391 eum,
323 1364 392 1384 cum
401 1358 501 1384 tamen
510 1356 606 1392 sciret,
620 1356 705 1393 quod
717 1357 761 1385 illi
776 1357 957 1387 laborabant

173 1403 206 1432 in
219 1411 342 1432 vanum.
357 1404 392 1431 lV
405 1405 484 1439 Rea„
498 1411 528 1432 11.

211 1451 356 1487 Cognovit
376 1451 496 1486 Simon,
520 1450 605 1487 quod
628 1450 768 1487 Tryphon
791 1460 860 1480 cum
884 1452 956 1482 dolo

173 1498 358 1535 loqueretur,
372 1500 476 1535 petens
496 1498 573 1526 duos
587 1498 665 1526 filios
685 1498 832 1534 Jonathae,
848 1501 876 1527 et
891 1508 956 1528 cen-

174 1546 239 1573 tum
250 1545 359 1574 talenta
369 1545 482 1581 argenti
487 1553 496 1580 ;
505 1545 592 1581 jussit
604 1547 706 1574 tamen
720 1545 785 1574 dari
801 1549 957 1582 argentum

175 1594 203 1620 et
217 1599 337 1629 pueros,
352 1600 391 1621 ne
409 1592 484 1621 sorte
499 1593 660 1622 adversum
674 1601 705 1621 se
721 1593 890 1622 inimicitias
901 1602 956 1630 po-

173 1639 238 1676 puli
253 1639 423 1669 concitaret.
440 1642 448 1669 1
464 1640 566 1674 Mach„
582 1648 645 1669 xix.

433 1735 577 1769 CAPUT
605 1735 692 1769 LIX.

384 1807 422 1834 De
433 1807 545 1842 justitia
562 1809 588 1835 et
602 1809 739 1843 oequz'tate.

210 1876 362 1905 Abraham
375 1876 480 1905 volens
496 1877 627 1912 separari
649 1885 667 1905 a
682 1877 756 1905 Loth
769 1880 876 1914 nepote
891 1886 956 1914 suo,

176 1923 260 1952 dedit
270 1924 297 1952 ei
311 1924 475 1960 optionem,
486 1925 519 1952 ut
531 1924 653 1960 eligeret
664 1927 780 1961 partem
794 1934 886 1962 quam
900 1926 959 1953 vel-

175 1970 226 2006 let,
244 1971 324 2006 Gen„
337 1979 391 1999 x111
404 1980 411 1998 z
422 1971 450 1998 et
461 1970 502 1999 sic
513 1971 637 2007 pulchre
652 1972 873 2008 potestpartitio
882 1972 958 2007 fieri,

175 2019 208 2046 ut
221 2018 319 2053 major
330 2018 455 2054 dividat,
471 2020 499 2046 et
512 2017 612 2046 minor
627 2018 726 2054 eligat.

212 2065 390 2093 Testimonio
406 2065 523 2093 Domini
534 2065 645 2101 justam
659 2074 722 2094 rem
732 2065 960 2102 postulaverunt

176 2111 245 2140 filiae
265 2112 432 2149 salphaad,
448 2121 514 2148 quae
528 2112 559 2140 in
572 2112 735 2141 hereditate
755 2115 881 2150 paterna
894 2122 960 2142 suc-

177 2159 281 2189 cedere
295 2168 312 2187 a
327 2161 425 2196 Moyse
440 2159 595 2195 petierunt.
611 2161 706 2196 Num„
722 2169 814 2189 xxvn.

213 2209 274 2237 Rex
281 2207 499 2242 Adonibezech,
510 2207 743 2243 comprehensus
753 2216 771 2236 a
780 2208 849 2236 filiis
860 2208 956 2241 Israel,

177 2254 271 2283 dixit:
291 2264 306 2281 κ
321 2254 513 2290 Septuaginta
527 2263 612 2290 reges
634 2255 795 2291 amputatis
813 2263 959 2285 manuum

177 2309 212 2331 ao
226 2301 340 2339 pedum
352 2301 572 2329 summitatibus
587 2302 771 2338 collegerunt
785 2303 841 2331 sub
855 2311 960 2332 mensa

177 2349 315 2378 ciborum
337 2348 490 2385 reliquias.
507 2348 585 2377 Sicut
599 2349 666 2385 feci,
683 2349 723 2379 ita
738 2350 871 2379 reddidit
884 2350 959 2378 mihi

176 2397 329 2425 Dominus.
346 2406 358 2423 1)
375 2396 480 2431 sudio„
495 2403 521 2431 1,
536 2398 563 2424 6.

212 2443 349 2472 Adducto
364 2445 447 2479 Agag
460 2451 528 2478 rege
554 2443 674 2471 Amalec
693 2452 795 2472 coram
810 2444 957 2480 Samuele,

176 2489 217 2518 ait
231 2490 259 2518 ei
272 2490 392 2519 Samuel
408 2498 415 2518 :
432 2499 447 2516 «
460 2490 539 2518 Sicut
553 2489 620 2517 fecit
635 2490 749 2528 absque
773 2491 875 2520 liberis
893 2492 957 2528 gla-

177 2536 245 2565 dius
259 2538 338 2573 tuus,
354 2538 397 2567 sic
412 2537 526 2574 absque
541 2537 642 2567 liberis
656 2538 732 2568 inter
743 2539 884 2568 mulieres
905 2538 959 2568 erit

176 2585 273 2613 mater
287 2586 348 2614 tua.
364 2586 374 2613 l
389 2586 465 2621 Κεφ,
481 2593 532 2620 xv,
549 2586 594 2613 33.

212 2632 288 2660 Dixit
302 2632 394 2661 David
410 2632 450 2661 ad
472 2632 561 2667 Saul,
576 2632 628 2668 qui
643 2640 712 2661 eum
733 2633 839 2669 injuste
858 2641 958 2669 perse—

177 2679 348 2716 quebatur:
369 2689 384 2707 a
400 2679 542 2709 Dominus
563 2679 705 2709 retribuet
725 2681 889 2717 unicuique
911 2689 956 2709 se-

1735 198 1794 228 557

1011 265 1146 294 cundum
1171 263 1315 301 ‚iustitiam
1347 271 1433 293 suam
1458 265 1486 293 et
1512 263 1615 293 fidem.
1643 274 1657 290 »
1681 265 1692 293 1
1714 264 1794 300 Req„

1010 320 1091 348 xxvr,
1107 313 1153 341 23.

1045 360 1200 389 Constituit
1220 359 1331 395 David,
1357 359 1386 387 et
1400 358 1486 395 quasi
1501 366 1557 395 pro
1572 358 1638 395 lege
1657 358 1794 388 habitum

1012 410 1065 443 est,
1079 410 1111 435 ut
1120 415 1207 444 aequa
1217 408 1292 435 esset
1301 414 1368 443 pars
1378 405 1584 435 descendentis
1595 406 1634 434 ad
1645 406 1794 443 praelium,

1012 456 1040 482 et
1051 454 1231 483 remanentis
1246 454 1286 482 ad
1301 453 1441 482 sarcinas.
1458 454 1467 482 1
1485 454 1564 489 Rea„
1577 461 1650 483 xxx.

1047 502 1142 530 David
1156 501 1252 530 noluit
1266 501 1355 537 gratis
1370 500 1502 536 recipere
1521 500 1560 528 ab
1575 503 1694 529 Areuna
1705 500 1795 529 Jebu-

1013 557 1071 578 saeo
1093 557 1211 585 aream,
1236 557 1329 585 quam
1348 548 1459 576 habere
1483 547 1616 584 volebat,
1639 548 1693 577 sed
1714 549 1794 584 justo

1011 596 1106 633 pretio
1120 596 1283 624 mediante.
1301 598 1310 624 1
1325 597 1404 631 Req„
1417 603 1499 623 xxlv.

1047 643 1178 672 Audiens
1206 643 1331 671 hoedum
1358 642 1511 671 balantem
1521 663 1530 677 ,
1558 642 1665 671 Tobias
1691 642 1766 671 dixit
1786 651 1794 671 :

1015 699 1029 717 «
1044 690 1145 718 Videte
1162 698 1198 718 ne
1213 689 1338 718 furtivus
1353 689 1399 725 sit,
1413 689 1467 717 sed
1483 688 1598 718 reddite
1615 697 1685 717 eum
1699 689 1796 718 domi-

1011 737 1057 766 nis
1072 737 1148 765 suis:
1162 737 1233 773 quia
1241 745 1303 765 non
1312 736 1477 765 licetvobis
1492 737 1543 764 aut
1558 735 1646 764 edere
1659 745 1696 764 ex
1705 736 1794 772 furto,

1011 784 1060 813 vel
1074 784 1190 820 aliquid
1202 784 1383 819 contingere.
1400 794 1413 810 ³)
1435 784 1510 819 Tob.,
1527 791 1558 818 11,
1571 784 1617 811 ⁶21.

1047 833 1195 868 Praecepto
1217 831 1295 867 regis
1313 831 1430 859 Assueri
1454 831 1601 867 superbus
1625 832 1652 858 et
1672 830 1794 867 iniquus

1011 881 1104 908 Aman
1129 887 1289 915 suspensus
1314 880 1357 906 est
1382 878 1413 906 in
1432 877 1486 906 1110
1509 878 1617 906 eodem
1637 877 1793 914 patibulo,

1011 926 1095 963 quod
1109 925 1173 962 ipse
1186 927 1345 962 paraverat
1367 925 1571 960 Mardochaeo,
1588 927 1615 953 et
1629 925 1728 953 hostes
1742 926 1794 952 Ju-

1011 973 1146 1002 daeorum
1160 973 1269 1002 eodem
1286 973 1334 1001 die
1351 973 1389 1001 ab
1402 972 1473 1009 ipsis
1486 972 1595 1001 Judaeis
1610 972 1699 1000 occisi
1714 973 1792 1007 sunt,

1011 1029 1072 1057 quo
1101 1020 1143 1048 illi
1168 1020 1285 1049 Judaeos
1318 1019 1455 1048 occidere
1486 1020 1673 1056 putaverant.
1703 1020 1793 1055 Esth„

1010 1076 1051 1096 vn
1066 1070 1094 1096 et
1105 1076 1169 1097 vm.

1047 1116 1155 1144 Contra
1169 1114 1355 1152 Babylonem
1367 1114 1552 1151 prophetans
1573 1113 1714 1142 Jeremias
1729 1113 1769 1142 ait
1785 1122 1792 1141 :

1014 1162 1158 1192 «Reddite
1173 1162 1200 1190 ei
1211 1161 1376 1190 seeundum
1388 1169 1464 1197 opus
1479 1169 1567 1189 suum
1581 1161 1682 1196 :juxta
1693 1160 1795 1189 omnia

1011 1218 1078 1246 quae
1092 1210 1170 1244 fecit,
1184 1209 1269 1237 facite
1284 1209 1339 1236 illi.
1355 1210 1462 1240 Jerem..
1479 1217 1507 1242 L,
1521 1209 1567 1237 21.

1047 1257 1172 1286 lubente
1186 1257 1273 1285 Dario
1285 1264 1366 1292 rege,
1377 1255 1434 1284 viri
1448 1255 1500 1292 qui
1513 1257 1727 1284 accusaverunt
1741 1257 1796 1284 Da-

1010 1305 1133 1339 nielem,
1145 1304 1228 1332 missi
1238 1303 1346 1332 suntin
1359 1304 1458 1331 lacum
1467 1303 1601 1338 leonum,
1619 1305 1646 1331 et
1660 1311 1721 1331 nou
1730 1310 1796 1339 per-

1010 1353 1157 1380 venerunt
1169 1360 1264 1388 usque
1280 1351 1319 1380 ad
1333 1350 1541 1387 pavimentum
1554 1350 1622 1386 laci,
1639 1350 1735 1378 donec
1749 1357 1796 1378 ac-

1011 1399 1143 1436 ciperent
1158 1407 1209 1427 eos
1224 1399 1338 1433 leones,
1355 1399 1438 1433 Dan„
1455 1405 1496 1433 vx,
1511 1399 1556 1427 24.
1572 1397 1672 1426 Simile
1688 1397 1796 1426 accidit

1011 1447 1071 1475 alia
1085 1446 1160 1482 vice,
1178 1446 1216 1474 de
1233 1454 1293 1482 qua
1308 1447 1390 1478 Dan„
1405 1453 1465 1480 xiv,
1481 1447 1527 1473 4¹.

1048 1494 1126 1522 Fecit
1135 1492 1266 1530 populus
1277 1492 1397 1521 duobus
1407 1492 1587 1528 presbyteris
1595 1491 1728 1527 senibus,
1741 1492 1794 1528 qui

1012 1541 1115 1578 inique
1131 1541 1346 1569 accusaverunt
1356 1541 1534 1574 Susannam,
1545 1540 1620 1567 sIcut
1634 1539 1712 1567 male
1728 1547 1795 1575 ege-

1012 1590 1078 1616 rant
1098 1587 1241 1616 adversus
1255 1587 1437 1624 proximam,
1454 1588 1482 1615 et
1495 1586 1708 1615 interfecerunt
1731 1594 1792 1614 eos.

1012 1637 1096 1668 Dan„
1111 1643 1174 1664 xm.

1051 1685 1082 1711 In
1102 1682 1212 1711 eodem
1234 1682 1302 1711 loco
1326 1681 1357 1710 in
1381 1689 1443 1718 quo
1467 1681 1653 1710 Andronicus
1677 1681 1795 1710 occide-

1012 1732 1058 1759 rat
1077 1730 1184 1766 injuste
1209 1730 1316 1758 Oniam
1336 1737 1488 1757 summum
1511 1728 1711 1763 sacerdotem,
1728 1728 1796 1757 fecit

1014 1786 1084 1805 eum
1102 1786 1237 1814 purpura
1261 1778 1384 1806 exutum
1402 1777 1462 1805 vita
1483 1776 1595 1813 privari
1623 1776 1793 1806 Antiochus,

1014 1826 1035 1854 11
1049 1825 1153 1858 Mach„
1169 1833 1209 1854 1v.

1050 1873 1160 1908 Impius
1169 1874 1269 1906 Jason,
1277 1872 1329 1908 qui
1337 1871 1500 1908 insepultos
1513 1871 1663 1907 abjecerat
1675 1870 1796 1906 multos,

1014 1919 1077 1955 ipse
1093 1919 1294 1947 illamentatus
1309 1921 1337 1947 et
1348 1919 1513 1955 insepultus
1534 1918 1682 1954 abjicitur,
1697 1925 1795 1954 neque

1013 1966 1152 2002 patriam,
1167 1974 1265 2003 neque
1281 1966 1472 2002 peregrinam
1486 1966 1591 1994 habuit
1600 1965 1794 2002 sepulturam.

1014 2014 1036 2042 11
1051 2014 1154 2046 Maeli„
1169 2021 1199 2040 v.

1050 2059 1209 2088 Antiochus
1223 2059 1377 2088 homicida
1395 2061 1423 2088 et
1437 2059 1630 2097 blasphemus
1640 2080 1650 2095 ,
1668 2058 1796 2096 pessime

1014 2116 1188 2144 percussus,
1202 2109 1234 2135 ut
1252 2107 1315 2143 ipse
1335 2107 1445 2136 multos
1464 2109 1654 2142 tractaverat,
1673 2114 1796 2143 peregre

1015 2155 1046 2183 in
1056 2155 1210 2184 montibus
1221 2154 1384 2184 miserabili
1400 2154 1485 2184 obitu
1498 2154 1559 2184 vita
1573 2154 1729 2184 defunctus
1743 2155 1795 2182 est.

1014 2203 1036 2231 11
1051 2203 1155 2237 Mada,
1170 2210 1211 2230 lx.

1049 2252 1073 2278 A
1094 2257 1179 2278 servo
1204 2257 1353 2285 nequam,
1375 2248 1427 2286 qui
1448 2249 1546 2278 noluit
1574 2255 1719 2277 conservo
1741 2255 1796 2277 suo

1015 2299 1136 2325 centum
1156 2297 1296 2325 denarios
1320 2296 1479 2332 dimittere,
1493 2296 1598 2325 merito
1614 2296 1728 2332 repetiit
1744 2295 1796 2324 do-

1015 2345 1114 2373 minus
1128 2344 1301 2373 universum
1319 2343 1465 2379 debitum,
1482 2344 1565 2380 quod
1579 2343 1740 2372 liberaliter
1752 2341 1797 2370 di-

1014 2392 1136 2421 miserat
1150 2392 1233 2429 prius
1248 2391 1303 2420 illi.
1318 2391 1434 2426 Matth„
1448 2399 1532 2420 xvm.

1283 2486 1427 2521 CAPUT
1455 2485 1525 2519 LX.

1105 2562 1143 2589 De
1152 2559 1266 2595 ‚iudiciis
1281 2559 1417 2587 hominum
1431 2559 1524 2593 rectis,
1540 2558 1588 2585 aut
1598 2558 1705 2593 pravis.

1051 2633 1176 2660 Causam
1190 2637 1281 2666 quam
1294 2629 1387 2657 nescit
1402 2628 1506 2664 judex,
1527 2626 1616 2656 debet
1631 2626 1795 2662 diligentis-

1015 2679 1088 2708 sime
1103 2678 1291 2713 investigare.
1306 2678 1369 2710 Job,
1383 2684 1464 2712 xxix,
1481 2676 1524 2704 16.
