2004 3037
574 208 626 241 DE
645 207 881 240 GnA'riARUM
900 206 1265 240 SANG'l'lFlCATIONE.
1287 207 1375 239 CAP.
1398 206 1491 238 xxli.

264 275 336 304 Sunt
348 274 437 311 igitur
450 277 563 312 septem
576 274 691 304 articuli
702 274 784 310 fidei,
797 274 848 311 qui
860 275 1008 311 pertinent

229 321 269 350 ad
284 321 477 350 divinitatem.
493 321 606 351 Primus
627 323 683 356 est,
704 329 799 349 unum
819 323 912 350 Deum
926 329 1005 357 esse,

229 369 282 405 qui
300 369 343 398 ibi
360 369 495 398 notatur:
518 369 601 397 Credo
619 370 650 396 in
669 370 761 397 Deum.
777 368 929 396 Secundus
946 370 1004 404 est,

229 416 343 444 Patrem
363 417 454 444 Deum
473 422 552 449 esse,
571 414 632 443 ibi:
655 415 764 443 Patrem
786 416 1003 451 omnipotentem.

227 457 338 491 Terti'us
352 464 410 496 est,
423 463 515 490 Deum
528 461 634 490 Filium
649 469 727 496 esse,
744 461 803 490 ibi:
821 463 856 489 Ec
871 465 900 489 in
915 463 1005 490 Jesum

229 509 366 537 Christum
379 508 482 536 Filium
497 508 562 543 ejus.
578 508 703 542 Quartus
727 509 784 543 est,
803 510 895 536 Deum
916 509 1004 545 Spiri-

228 556 291 583 tum
310 555 444 582 sanctum
459 562 536 588 esse,
551 553 593 582 ibi
606 563 613 582 :
633 554 715 582 Credo
729 555 760 582 in
777 555 915 591 Spiritum
929 564 1006 583 sanc-

229 603 294 629 tum.
311 600 356 629 Sic
376 602 456 637 patet
477 600 562 637 quod
584 600 716 636 praedicti
738 603 866 637 quatuor
890 602 1005 630 articuli

227 650 294 677 sunt
305 649 342 677 de
356 648 467 677 unitate
483 648 591 677 divinae
605 648 744 683 essentiae,
758 650 786 676 et
799 648 926 678 trinitate
939 657 1005 685 per-

227 703 378 724 sonarum.
394 695 517 729 Quintus
532 697 575 724 est
589 695 708 724 credere
720 695 926 724 remissionem
939 704 1005 732 pec-

227 743 362 770 catorum
375 741 421 770 his
441 742 492 778 qui
507 742 619 771 suntin
637 742 780 777 Ecclesia,
791 742 859 777 [ibiz
878 743 1004 770 Sanctam

226 789 373 817 Ecclesiam
400 789 577 823 catholicam,
598 791 751 817 sanctorum
780 791 1003 824 communionem,

226 837 408 864 remissionem
426 839 604 871 peccatorum.
621 837 722 864 Sextus
736 837 779 863 est
793 836 913 864 credere
929 843 1005 864 mor-

227 883 346 910 tuorum
370 882 630 910 resurrectionem.
650 883 796 918 Septimus
819 885 861 910 est
885 882 1004 910 credere

227 929 377 957 bonorum
398 929 683 962 remunerationem,
705 929 760 957 sub
786 937 845 965 quo
867 937 1004 964 compre-

226 976 366 1004 henditur
381 977 409 1003 et
426 975 575 1003 malorum
588 975 719 1011 punitio,
736 976 777 1003 ibi
792 985 800 1003 ;
818 977 910 1003 Vitam
927 979 1004 1003 oeter-

226 1030 296 1061 nam.
313 1023 346 1050 Et
367 1022 414 1049 isti
436 1024 494 1050 tres
515 1021 629 1050 articuli
652 1022 692 1050 ad
713 1022 896 1050 divinitatem
915 1023 1005 1058 perti-

226 1070 297 1097 nent
311 1078 318 1096 :
344 1069 414 1105 quia
440 1069 545 1097 virtute
572 1069 733 1097 divinitatis
756 1070 790 1097 fit
816 1072 1004 1106 peccatorum

225 1116 376 1150 remissio,
396 1125 462 1153 quae
479 1119 521 1144 est
541 1117 646 1145 animae
660 1117 838 1152 vivificatio,
854 1119 881 1145 et
896 1126 1003 1154 corpo-

225 1171 293 1191 rum
306 1163 492 1198 resurrectio,
505 1166 594 1200 atque
604 1164 738 1200 corporis
752 1164 840 1192 simul
855 1167 884 1192 et
898 1165 1004 1193 animae

227 1210 414 1245 glorificatio.

261 1256 315 1284 Alii
340 1258 452 1292 septem
474 1259 541 1285 sunt
565 1258 698 1292 articuli,
722 1258 774 1294 qui
797 1259 944 1294 pertinent
964 1258 1004 1286 ad

225 1303 437 1331 humanitatem
453 1303 565 1332 Christi.
582 1304 695 1332 Primus
710 1307 753 1332 est
767 1305 885 1333 credere
898 1305 1003 1333 Filium

226 1349 274 1377 Dei
290 1357 352 1377 esse
365 1352 540 1386 conceptum
556 1351 592 1378 de
609 1351 716 1387 Spiritu
732 1353 834 1379 sancto
846 1373 855 1385 ,
870 1352 912 1379 ibi
927 1361 933 1379 :
951 1353 1004 1384 Qui

226 1399 364 1431 conceptus
379 1399 415 1424 est
431 1397 464 1423 de
477 1397 585 1431 Spiritu
599 1401 698 1424 sancto.
717 1398 869 1426 Secundus
885 1400 928 1425 est
939 1406 1002 1425 cre-

226 1443 295 1470 dere
312 1443 418 1470 Filium
434 1443 483 1470 Dei
501 1446 603 1471 natum
624 1452 659 1471 ex
682 1444 769 1472 Maria
784 1445 902 1479 Virgine
913 1466 922 1478 ,
938 1445 980 1472 ibi
995 1455 1001 1472 :

225 1490 313 1517 Natus
328 1497 360 1516 em
372 1491 464 1516 Maria
481 1491 603 1524 Virgine.
618 1490 746 1524 Tertiis,
765 1491 868 1518 Filium
884 1491 932 1518 Dei
947 1500 1001 1527 pro

224 1536 311 1564 nobis
325 1538 476 1564 mortuum
490 1536 522 1564 in
536 1545 622 1564 cruce
633 1557 641 1570 ,
657 1537 699 1564 ibi
711 1546 717 1564 :
734 1539 831 1564 Passus
845 1538 893 1565 snb
908 1540 1002 1565 Pontio

225 1583 334 1615 Pilato,
354 1584 498 1617 crucifixus
509 1604 519 1617 ,
538 1585 659 1610 mortuus
678 1586 702 1610 et
722 1585 854 1618 sepultus.
877 1585 1002 1618 Quartus

224 1631 286 1664 est,
308 1628 413 1656 Filium
434 1629 482 1656 Dei
501 1629 687 1657 descendisse
711 1630 750 1657 ad
773 1630 882 1658 inferos
901 1639 1003 1658 secun-

224 1676 297 1704 dum
314 1676 462 1708 animam,
479 1675 521 1703 ibi
536 1685 542 1703 :
562 1677 705 1704 Descendit
720 1677 756 1704 ad
771 1679 889 1710 inferna.
912 1678 1002 1711 Quin-

223 1724 270 1750 tus
286 1724 346 1757 est,
364 1722 469 1750 Filium
485 1722 533 1750 Dei
548 1723 741 1751 resurrexisse
757 1731 775 1751 a
789 1724 923 1757 mortuis,
939 1724 1000 1752 ibi:

227 1771 318 1797 Tertia
332 1770 376 1796 die
390 1773 538 1796 removeant
553 1778 570 1796 a
583 1772 706 1797 mortuis.
731 1771 832 1798 Sextus
846 1773 905 1805 est,
921 1779 1002 1798 eum-

224 1815 294 1844 dem
309 1815 474 1843 ascendisse
487 1815 526 1843 ad
539 1815 629 1843 coelos
642 1818 669 1844 et
681 1816 783 1844 sedere
796 1817 835 1844 ad
849 1817 1002 1845 dexteram

225 1863 315 1890 Patris
326 1883 335 1896 ‚
349 1862 391 1890 ibi
405 1871 410 1889 :
427 1863 558 1889 Ascendit
573 1863 610 1890 ad
624 1864 707 1894 coelos,
725 1864 797 1891 sedet
814 1864 850 1891 ad
865 1865 1002 1891 dea-teram

226 1911 275 1936 Dei
294 1909 385 1936 Patris
409 1911 608 1944 omnipotentis.
637 1910 783 1945 Septimus
808 1912 851 1937 est
862 1932 870 1944 ,
897 1911 1002 1938 Filium

225 1955 272 1982 Dei
285 1955 486 1989 judicaturum
501 1955 586 1982 vivos
602 1957 630 1982 et
643 1958 794 1990 mortuos,
811 1957 871 1985 sive
887 1957 1000 1991 honos,

225 2001 286 2028 sive
301 2001 395 2028 malos
406 2021 415 2034 ,
431 2001 472 2028 ibi
486 2010 493 2028 :
518 2002 585 2028 Inde
599 2004 724 2029 venturus
739 2006 777 2029 est
788 2003 914 2037 judicare
927 2005 1001 2031 vz'ros

225 2050 250 2074 et
264 2049 390 2074 mortuos.

261 2093 306 2120 lsti
319 2092 545 2128 quatuordecim
555 2093 669 2120 articuli
681 2095 860 2129 colliguntur
872 2103 908 2123 ex
921 2097 1002 2131 Sym-

225 2140 296 2167 bolo
317 2139 400 2175 quod
419 2139 550 2174 Apostoli
570 2139 736 2167 ediderunt.
762 2141 922 2168 Articulum
943 2142 1001 2177 pri-

224 2194 307 2213 mum
323 2187 350 2213 et
369 2185 533 2212 secundum
548 2185 585 2212 de
601 2185 752 2213 divinitate
770 2187 868 2222 posuit
882 2189 980 2215 Petrus
991 2209 1000 2223 ,

225 2232 342 2260 tertium
354 2231 495 2266 Andreae,
511 2232 742 2260 Bartholomaeus
753 2236 903 2268 quartum,
915 2234 1001 2269 quin-

226 2281 287 2306 tum
302 2279 412 2311 Simon,
427 2277 590 2305 Thaddaeus
609 2280 723 2306 sextum
736 2300 743 2313 ‚
759 2279 915 2314 septimum
931 2282 1000 2308 Mat-

225 2325 309 2352 thias,
335 2327 406 2352 Item
427 2324 558 2359 primum
580 2325 736 2352 articulum
759 2326 795 2353 de
819 2326 1000 2355 humanitate

225 2371 329 2399 Christi
343 2370 442 2406 posuit
455 2371 582 2398 lacobus
601 2371 702 2406 Major,
723 2373 886 2400 secundum
902 2375 929 2400 et
945 2376 1000 2401 ter-

226 2419 299 2445 tium
311 2419 456 2451 ioannes,
473 2420 609 2452 quartum
624 2418 766 2453 Thomas,
783 2419 919 2454 quintum
934 2422 1002 2448 Mat-

226 2465 316 2492 thaeus
329 2485 336 2498 ,
357 2466 472 2491 sextum
492 2463 617 2491 Jacohus
635 2465 738 2498 Minor,
758 2465 916 2500 septimum
937 2467 1001 2494 Phi-

225 2511 333 2547 lippus.

261 2558 326 2584 Tria
345 2559 412 2584 sunt
432 2557 590 2592 symbola:
616 2558 746 2593 primum
769 2560 979 2594 Apostolorum
990 2571 998 2595 ;

228 2603 392 2631 secundum
415 2603 521 2631 Nicaeni
536 2604 675 2639 Concilii3
701 2605 819 2633 tertium
842 2606 998 2634 Athanasii.

229 2651 357 2679 Primum
372 2645 481 2678 facturn
496 2652 538 2678 est
552 2650 591 2677 ad
607 2650 676 2678 fidei
696 2652 935 2688 instructione1n;
957 2663 1000 2682 se-

1780 210 1834 239 ¹81

1061 275 1193 304 cundum
1204 296 1212 310 ,
1233 275 1272 304 ad
1288 274 1359 303 fidei
1381 273 1621 311 explanationem
1630 283 1639 309 3
1662 273 1780 302 tertium
1797 273 1838 303 ad

1061 321 1132 350 fidei
1146 321 1360 350 defensionem.

1097 370 1169 397 Nota
1184 368 1268 405 quod
1282 367 1366 396 uliud
1380 370 1423 396 est
1437 367 1555 396 credere
1570 369 1679 403 Deum,
1695 367 1778 396 aliud
1795 370 1839 396 est

1062 415 1182 444 credere
1196 415 1227 443 in
1243 416 1334 443 Deum
1345 436 1354 449 ‚
1377 416 1406 442 et
1426 414 1508 442 aliud
1523 414 1643 442 credere
1658 415 1717 442 Deo
1734 423 1741 442 τ
1761 423 1837 450 quo-

1061 462 1142 490 niam
1162 461 1282 490 credere
1305 463 1414 495 Deum,
1435 462 1478 489 est
1495 461 1615 489 credere
1633 461 1732 497 ipsum
1753 469 1815 489 esse
1826 471 1835 497 ;

1061 509 1181 537 credere
1200 509 1300 536 autem
1318 507 1349 535 in
1372 509 1482 542 Deum,
1506 509 1549 535 est
1566 507 1717 536 credendo
1737 508 1837 544 ipsum

1061 563 1172 589 amare,
1184 557 1212 583 et
1223 553 1353 583 amando
1365 554 1396 581 in
1406 555 1497 582 Deum
1509 553 1562 589 ire,
1575 562 1610 582 ac
1622 554 1764 582 membris
1774 555 1838 590 ejus

1060 601 1244 638 incorporari
1255 610 1264 636 ς
1279 600 1398 628 credere
1412 608 1483 628 vero
1495 601 1570 636 Deo,
1589 602 1632 628 est
1642 601 1761 630 credere
1773 608 1838 629 ver-

1061 648 1108 676 bis
1122 648 1194 684 ejus.

1390 769 1428 796 De
1446 768 1507 804 Spe.

1095 836 1167 871 Spes
1187 837 1229 863 est
1247 836 1328 863 certa
1346 834 1510 871 expectatio
1524 834 1628 863 futurae
1646 835 1838 863 beatitudinis

1061 890 1098 910 ex
1114 882 1162 910 Dei
1178 881 1272 917 gratia
1286 883 1314 909 et
1328 882 1438 910 meritis
1459 882 1588 918 propriis
1602 882 1790 918 proveniens.
1807 884 1838 910 ln

1060 929 1115 956 hac
1131 928 1307 956 diffinitione
1322 937 1384 956 non
1398 928 1523 956 sumitur
1538 928 1682 956 certitudo
1702 928 1839 956 demons-

1061 975 1213 1008 trationis,
1235 975 1265 1002 in
1285 983 1345 1011 qua
1363 975 1450 1011 plene
1474 975 1524 1002 uni
1544 975 1620 1011 parti
1639 975 1836 1010 consentitur;

1060 1021 1113 1049 sed
1130 1022 1274 1049 certitudo
1289 1021 1458 1057 opinionis,
1479 1029 1540 1057 qua
1556 1022 1605 1048 uni
1621 1021 1696 1057 parti
1712 1029 1837 1049 consen-

1061 1068 1138 1103 titur,
1156 1068 1227 1104 quia
1246 1069 1360 1096 ratione
1382 1068 1504 1104 probari
1520 1068 1648 1102 videtur,
1669 1075 1724 1096 nec
1740 1070 1838 1096 tamen

1061 1115 1184 1142 omnino
1195 1135 1204 1149 ‚
1223 1115 1276 1142 sed
1291 1123 1358 1142 cum
1377 1114 1546 1143 formidine.
1570 1115 1660 1149 Hujus
1674 1117 1774 1142 autem
1788 1122 1838 1142 ex·

1059 1161 1233 1196 peetationis
1252 1169 1343 1189 causa
1362 1161 1534 1198 principalis
1554 1163 1597 1189 est
1615 1161 1708 1197 gratia
1723 1161 1790 1195 Dei,
1811 1163 1838 1189 et

1060 1215 1121 1235 non
1135 1209 1238 1235 nostra
1250 1208 1355 1236 merita
1369 1217 1375 1235 :
1392 1208 1464 1243 quia
1478 1216 1570 1244 opera
1581 1210 1682 1236 nostra
1696 1215 1758 1235 non
1769 1209 1838 1235 sunt

1059 1254 1220 1289 meritoria,
1236 1254 1339 1282 nisiex
1351 1255 1400 1282 Dei
1414 1255 1518 1290 gratia.
1534 1255 1600 1282 Sine
1615 1254 1726 1282 meritis
1737 1257 1837 1282 tamen

1059 1301 1175 1337 aliquid
1189 1309 1308 1337 sperare
1319 1323 1327 1336 ,
1344 1309 1405 1329 non
1421 1303 1463 1329 est
1477 1309 1543 1337 spes
1553 1322 1562 1335 ,
1583 1301 1658 1329 sicut
1671 1301 1712 1329 ait
1726 1303 1836 1336 Grego-

1059 1348 1138 1383 riuS,
1164 1348 1217 1376 sed
1231 1348 1433 1384 preasumptio.
1455 1349 1486 1376 ln
1506 1348 1646 1383 praedicta
1660 1347 1836 1376 diffinitione

1060 1394 1204 1422 diffinitur
1217 1397 1315 1422 motus
1330 1394 1412 1430 spei,
1435 1397 1462 1422 et
1475 1403 1537 1422 non
1551 1394 1661 1429 virtus3
1678 1394 1731 1422 sed
1745 1394 1837 1422 virtus

1059 1441 1121 1476 spei
1136 1441 1280 1468 diffinitur
1294 1441 1334 1469 sic
1349 1451 1355 1468 ε
1373 1443 1444 1477 Spes
1459 1443 1501 1468 est
1516 1441 1643 1469 audacia
1658 1441 1764 1468 mentis
1774 1462 1783 1475 ,
1799 1441 1836 1469 de

1058 1487 1192 1522 largitate
1207 1488 1255 1515 Dei
1271 1490 1430 1523 concepta,
1445 1487 1577 1516 habendi
1591 1488 1683 1515 vitam
1697 1490 1837 1515 aeternam

1058 1542 1111 1569 per
1125 1534 1206 1561 bona
1220 1534 1334 1561 merita.

1095 1582 1170 1608 inter
1183 1580 1274 1607 fidem
1287 1582 1315 1607 et
1326 1589 1409 1616 spem
1422 1581 1488 1608 talis
1503 1583 1545 1608 est
1560 1581 1725 1608 differentia
1738 1590 1744 1608 z
1761 1580 1836 1608 fides

1059 1626 1138 1654 enim
1153 1628 1195 1654 est
1210 1626 1246 1654 de
1268 1627 1420 1662 praeteritis
1439 1629 1466 1654 et
1484 1626 1588 1655 futuris
1598 1637 1606 1661 ς
1629 1635 1695 1663 spes
1716 1630 1813 1654 autem
1825 1648 1833 1662 ,

1059 1673 1096 1701 de
1111 1673 1214 1701 futuris
1228 1676 1351 1701 tantum.
1372 1673 1457 1701 Fides
1473 1675 1515 1701 est
1530 1674 1566 1701 de
1581 1674 1669 1701 bonis
1684 1676 1743 1701 tam
1758 1674 1812 1701 sibi
1824 1695 1833 1709 ,

1058 1728 1149 1755 quam
1169 1719 1252 1754 aliis,
1273 1727 1339 1756 spes
1361 1722 1459 1747 autem
1475 1720 1512 1747 de
1526 1720 1614 1747 bonis
1633 1720 1689 1748 sibi
1710 1723 1833 1748 tantum.

1057 1767 1242 1795 Conveniunt
1251 1768 1349 1794 tamen
1359 1767 1389 1794 in
1400 1767 1468 1801 hoc,
1480 1767 1563 1803 quod
1575 1769 1634 1794 tam
1647 1767 1732 1802 fideS,
1744 1775 1835 1803 quam

1057 1822 1141 1849 spes,
1156 1815 1198 1841 est
1213 1813 1249 1841 de
1264 1813 1473 1841 invisibilibus.
1497 1814 1645 1841 certitudo
1659 1814 1721 1849 spei
1736 1822 1770 1841 ex
1786 1814 1834 1841 tri-

1058 1860 1113 1888 bus
1123 1860 1226 1893 oritur,
1240 1860 1349 1887 seilicet
1364 1869 1399 1887 ex
1415 1860 1516 1887 divina
1528 1860 1672 1895 largitate,
1689 1869 1724 1888 ex
1739 1861 1834 1888 abun-

1057 1907 1159 1934 dantia
1181 1906 1373 1941 meritorum,
1397 1909 1425 1934 et
1446 1915 1483 1934 ex
1503 1908 1732 1942 praegustatione
1752 1909 1834 1935 aeter-

1057 1962 1175 1981 norum.

1092 2002 1165 2027 Nota
1180 2000 1263 2036 quod
1278 2008 1345 2036 spes
1356 2022 1363 2034 ‚
1385 2003 1474 2036 prout
1488 2003 1530 2028 est
1546 2000 1693 2028 viatorum
1705 2022 1713 2034 ,
1737 2001 1777 2028 sic
1792 2003 1834 2028 est

1057 2055 1125 2073 cum
1140 2047 1313 2073 certitudine
1329 2046 1496 2081 opinionis,
1515 2049 1546 2074 ut
1566 2046 1677 2074 dictum
1692 2049 1743 2074 est.
1763 2048 1833 2082 Spes

1056 2092 1177 2119 illorum
1192 2093 1243 2128 qui
1259 2095 1325 2119 sunt
1346 2093 1375 2119 in
1394 2093 1566 2127 purgatorio
1577 2113 1586 2125 ,
1608 2095 1635 2120 ct
1650 2093 1700 2128 qui
1716 2093 1833 2121 fuerunt

1058 2140 1087 2166 in
1102 2140 1195 2167 limbo
1207 2161 1215 2173 ‚
1237 2142 1278 2173 est
1297 2148 1364 2167 cum
1379 2140 1552 2167 certitudine
1567 2141 1694 2168 scientiae
1705 2162 1713 2175 ,
1730 2144 1758 2168 et
1772 2149 1832 2168 non

1057 2186 1205 2222 opinionis
1215 2206 1224 2219 ,
1244 2188 1276 2213 ut
1290 2188 1332 2213 est
1346 2186 1397 2213 illa
1411 2187 1559 2214 viatorum
1573 2197 1580 2213 :
1604 2187 1683 2214 unde
1705 2187 1834 2215 declinat

1056 2233 1157 2268 aliquo
1168 2232 1260 2260 modo
1274 2241 1291 2260 a
1303 2241 1353 2268 spe
1365 2233 1485 2268 proprie
1498 2233 1584 2260 dicta.
1600 2234 1670 2269 Spes
1682 2242 1753 2261 vero
1767 2243 1833 2269 quae

1056 2279 1110 2307 fuit
1123 2280 1154 2306 in
1168 2279 1314 2315 Stephano
1326 2300 1335 2313 ‚
1356 2280 1478 2315 quando
1492 2280 1586 2307 vidit¹
1610 2282 1685 2308 coelos
1704 2285 1810 2316 apertos
1823 2303 1831 2315 ‚

1057 2329 1085 2354 et
1099 2335 1164 2362 quae
1182 2326 1236 2353 suit
1253 2326 1284 2353 in
1306 2326 1413 2360 Paulo,
1434 2326 1555 2362 quando
1578 2327 1651 2354 dixit
1662 2329 1671 2344 ²
1687 2337 1693 2354 :
1714 2328 1773 2354 Scio
1789 2330 1833 2355 cui

1056 2374 1173 2405 credidi,
1191 2375 1256 2404 etc,
1280 2375 1307 2400 et
1327 2382 1392 2408 quae
1412 2373 1465 2400 fuit
1485 2373 1515 2400 in
1536 2374 1629 2401 Adam
1645 2377 1711 2401 ante
1729 2383 1832 2409 pecea-

1057 2422 1118 2446 tum
1129 2441 1138 2453 ,
1153 2419 1207 2446 fuit
1222 2427 1289 2446 eum
1305 2419 1478 2446 certitudine
1494 2420 1615 2447 visionis
1625 2441 1633 2453 ,
1650 2423 1748 2448 tamen
1763 2421 1832 2449 satis

1057 2466 1221 2500 debilioris,
1238 2474 1329 2501 quam
1342 2466 1372 2493 in
1385 2466 1470 2493 coelo.
1487 2466 1567 2493 [nde
1583 2474 1648 2501 spos
1664 2467 1703 2494 sic
1716 2458 1832 2503 sumpta

1057 2513 1154 2540 adhuc
1170 2514 1211 2540 est
1226 2512 1324 2539 minus
1339 2512 1459 2547 proprie
1474 2512 1562 2539 dicta.

1092 2561 1132 2586 Ex
1147 2558 1192 2585 his
1205 2559 1284 2593 patet
1299 2558 1382 2594 quod
1395 2559 1426 2585 in
1440 2559 1534 2594 patria
1548 2567 1608 2586 non
1623 2561 1665 2587 est
1679 2567 1745 2596 spes
1757 2568 1832 2596 prce-

1091 2659 1172 2687 Ἀσίη
1185 2664 1232 2688 rii,
1248 2660 1328 2682 55.—
1346 2660 1351 2674 ῑ
1368 2659 1375 2681 l
1397 2657 1501 2686 Ti111.,1‚
1519 2657 1554 2680 12.
