2004 3037
222 207 261 237 88
551 201 811 236 COMPENDIUM
829 202 1091 237 THEOLOGICAE
1113 203 1337 237 VERITATIS.
1360 205 1436 238 LIB.
1459 206 1497 238 ll.

217 273 342 308 justum,
356 273 428 309 quia
446 271 522 300 nihil
542 271 702 308 requiritur
724 270 765 300 ad
783 272 998 309 complendum

221 327 298 356 opus
313 317 540 352 misericordiae,
561 317 618 346 nisi
640 317 780 346 voluntas
793 318 857 354 ejus
867 328 876 355 ;
891 319 946 347 sed
958 319 998 348 ad

221 364 433 401 complendum
469 372 546 402 opus
569 364 689 400 justitiae
716 364 877 402 requiritur
910 365 999 394 etiam

220 411 336 448 aliquid
349 418 385 438 ex
397 412 481 447 parte
494 411 636 447 hominis,
655 411 802 448 exigentia
815 412 926 441 scilicet
939 421 999 441 me-

219 458 354 486 ritorum.
381 457 580 486 Misericordia
605 458 654 486 Dei
682 460 762 495 patet
790 459 822 487 in
847 459 1000 488 effectibus

220 504 392 532 dIvinorum
413 504 652 533 beneficiorum:
682 505 734 534 dat
756 505 836 534 enim
861 506 920 534 reis
946 515 999 535 ve·

220 550 313 585 niam,
338 551 514 580 dimittendo
533 553 594 580 tam
619 552 733 589 peccati
753 554 886 588 reatum,
908 561 1001 590 quam

220 597 332 634 peccati
344 597 491 635 sequelas.
507 599 547 626 De
566 598 677 635 quibus
691 599 811 628 duobus
822 599 830 615 ¹
845 609 852 627 :
870 600 924 633 Qui
937 608 1001 635 pro-

219 645 339 680 pitiatur
359 645 483 673 omnibus
502 646 698 681 iniquitatibus
718 648 791 681 tuis,
811 646 915 683 quoad
942 646 1002 683 pri-

221 699 305 719 mum
318 700 325 719 :
342 691 397 725 Qui
416 694 496 719 sanat
511 700 599 720 omnes
613 694 789 728 infirmitates
804 696 883 728 tuas,
899 693 1001 730 quoad

221 737 398 766 secundum.
413 739 485 767 Item
497 738 622 774 largitur
637 739 723 774 jusus
743 739 885 775 gratiam,
900 740 1002 769 dando

222 784 332 812 scilicet
347 785 463 813 virtutis
477 785 631 821 habitum,
646 787 675 814 et
695 786 808 814 virtutis
823 789 957 822 motum,
970 789 1003 815 ut

221 839 276 867 per
293 831 424 868 primum
446 832 534 860 faciat
553 832 708 861 hominem
728 834 787 861 Deo
811 835 946 869 gratum,
968 842 1002 861 ac

222 877 283 906 vita
297 879 406 906 aeterna
419 878 564 915 dignum3
580 879 634 907 sed
647 887 701 916 per
716 879 881 908 secundum
895 888 1003 916 augea-

223 926 270 953 tur
285 925 312 952 ei
325 925 474 954 meritum.
487 927 525 954 Dc
540 925 586 954 his
602 926 722 954 duobus
737 926 907 955 Psalmista³
924 936 930 954 :
950 927 1004 960 Qui

224 976 333 1001 coronat
356 976 382 1001 te
401 975 431 1001 in
448 974 653 1009 misericordia,
673 974 776 1010 quoad
802 974 954 1011 primum:
977 977 1003 1002 et

223 1021 452 1055 miserationibus,
466 1020 569 1057 quoad
583 1020 748 1049 secundum
759 1030 766 1049 ε
779 1024 806 1049 et
820 1021 952 1058 quuitur
966 1021 1003 1050 de

225 1074 338 1095 corona
351 1067 461 1103 gratiae.
477 1068 548 1096 Item
563 1066 674 1096 confert
692 1068 800 1096 sanctis
817 1068 960 1104 gloriam,
976 1070 1005 1096 et

226 1113 284 1142 hoc
298 1113 475 1150 dupliciter,
490 1114 562 1151 quia
576 1108 654 1143 nunc
669 1115 700 1143 in
715 1123 778 1152 spe,
796 1117 823 1144 et
839 1115 958 1144 tandem
975 1116 1004 1144 in

1052 281 1096 302 re.
1111 274 1150 302 De
1165 272 1211 301 his
1233 273 1385 302 psalmista
1397 275 1408 292 ³
1424 283 1431 302 :
1448 274 1502 308 Qui
1520 275 1605 311 replet
1621 276 1653 303 in
1671 276 1747 305 bonis
1759 276 1832 306 desi-

1053 321 1159 349 derium
1179 322 1272 356 tuum,
1295 321 1404 358 quoad.
1417 321 1570 358 primum:
1595 322 1778 352 Renovabimr
1800 325 1833 352 ut

1054 368 1154 403 aquila*
1161 367 1291 402 juventus
1311 369 1373 401 tua,
1398 368 1501 404 quoad
1518 368 1695 397 seeundum.
1710 370 1781 398 Item
1795 378 1833 399 ex

1054 414 1259 443 misericordia
1272 415 1348 444 Deus
1356 415 1501 452 patienter
1511 418 1644 453 expectat
1652 418 1832 454 peccatores,

1054 460 1183 497 benigne
1200 463 1338 497 revocat,
1356 461 1458 490 ulcisci
1479 462 1660 498 dissimulat,
1677 463 1715 491 de
1732 463 1835 492 multis

1055 507 1194 544 periculis
1221 507 1346 544 liberat,
1375 508 1501 544 gratiam
1532 509 1695 539 liberaliter
1721 510 1834 546 donat,

1057 554 1158 582 datam
1184 554 1377 591 multiplicat,
1406 555 1633 592 multiplicatam
1661 559 1834 593 conservat,

1058 603 1262 629 conservatam
1281 601 1312 629 in
1331 601 1407 630 ccelo
1429 603 1573 638 praemiat.
1594 605 1666 632 Item
1685 611 1723 632 ex
1745 604 1835 633 mise-

1057 647 1186 676 ricordia
1216 649 1291 676 Deus
1321 651 1508 684 peccatorem
1533 649 1572 678 ad
1602 658 1633 678 se
1661 650 1836 679 redeuntem

1058 695 1189 723 hilariter
1214 695 1344 732 suscipit,
1368 697 1408 724 ad
1426 697 1632 733 poenitendum
1647 705 1699 726 cor
1710 698 1835 733 emollit,

1058 742 1203 771 offensam
1223 743 1280 771 cito
1297 743 1432 779 remittit,
1458 744 1572 780 injuriae
1594 747 1662 782 post
1686 745 1836 774 remissio-

1058 797 1128 817 nem
1148 797 1210 817 non
1229 789 1374 818 meminit.
1400 792 1472 818 Item
1497 799 1532 819 ex
1558 791 1762 820 misericordia
1786 792 1837 820 dat

1060 835 1276 871 Deusadversa,
1286 838 1318 864 ut
1325 839 1479 873 peecatum
1487 841 1609 875 purget;
1621 839 1673 867 dat
1684 847 1837 876 prospera,

1059 884 1091 910 ut
1113 882 1153 910 ad
1175 890 1309 910 amorem
1333 886 1489 920 provocet;
1517 885 1568 913 dat
1588 887 1782 921 sacramenta,
1806 888 1839 914 ut

1059 929 1199 957 meritum
1225 929 1368 966 cumule23
1398 931 1449 959 dat
1475 934 1631 968 przecepta,
1657 934 1690 960 ut
1715 932 1838 969 praemio

1061 976 1141 1004 ditet.
1157 977 1226 1004 Item
1241 984 1277 1004 ex
1292 977 1495 1006 misericordia
1509 981 1638 1007 errant==s
1653 979 1691 1007 ad
1702 987 1732 1007 se
1748 979 1838 1008 redu-

1061 1023 1113 1058 cit,
1140 1027 1242 1051 euntcs
1268 1024 1307 1052 ad
1331 1032 1361 1052 se
1387 1025 1544 1060 conducit,
1571 1025 1709 1054 cadentes
1735 1026 1837 1062 erigit,

1060 1071 1168 1098 stantes
1187 1072 1284 1099 tenere
1301 1079 1362 1099 non
1378 1071 1494 1108 desinit,
1510 1072 1713 1108 pervenientes
1728 1072 1758 1101 in
1774 1072 1839 1110 glo-

1061 1116 1136 1144 riam
1151 1116 1319 1145 introducit.

730 1373 937 1414 LIBER
989 1373 1346 1416 SECUNDUS

812 1477 855 1504 DE
874 1476 1044 1506 OPERIBUS
1065 1477 1270 1506 CONDIToms

447 1674 589 1708 CAPUT
615 1674 799 1707 PRIMUM.

419 1745 455 1772 De
483 1747 544 1780 ipsa
572 1753 660 1773 rerum
689 1746 835 1773 Creatc'one.

276 1817 404 1844 Summae
418 1816 556 1843 bonitatis
578 1815 683 1852 triplex
701 1817 742 1843 est
757 1816 892 1850 effluxio,
909 1817 1018 1846 scilicet

241 1871 294 1898 per
306 1863 538 1898 generationem,
552 1870 605 1899 per
617 1862 819 1898 spirationem,
836 1866 862 1890 ct
874 1871 927 1899 per
940 1872 1018 1892 crea-

242 1910 363 1938 tionem.
381 1911 448 1937 Duae
461 1909 574 1945 priores
590 1909 791 1937 emanationes
805 1911 923 1937 suntab
939 1913 1018 1938 aeter<

243 1965 282 1985 no
294 1967 301 1991 ;
314 1957 397 1985 tertia
407 1959 449 1985 est
461 1957 490 1984 in
505 1959 651 1993 tempore,
667 1957 703 1984 de
717 1965 776 1993 qua
789 1965 866 1985 nunc
879 1960 920 1985 est
933 1966 1020 1993 agen-

245 2004 328 2031 dum.
343 2005 418 2032 Inter
432 2011 542 2038 creare,
556 2011 696 2039 generare
711 2007 735 2031 cl
750 2004 843 2032 iacere
856 2004 1021 2033 differentia

245 2052 306 2078 cst:
330 2051 400 2086 quia
415 2058 461 2078 rcs
476 2050 513 2078 de
528 2050 620 2078 nihilo
637 2051 695 2078 exit
710 2050 738 2078 in
753 2059 814 2078 csse
830 2059 882 2087 per
898 2051 1021 2079 creatio-

245 2105 333 2131 ncm3
350 2097 401 2125 sed
418 2098 476 2125 exit
489 2098 519 2124 in
534 2105 595 2125 esse
613 2097 649 2125 de
663 2097 764 2133 aliquo
780 2106 833 2133 per
846 2098 1020 2133 factionem,

247 2146 318 2181 quia
332 2145 427 2173 faeere
449 2147 490 2173 cst
510 2145 625 2182 operari
642 2146 678 2173 de
695 2145 791 2173 aliena
808 2146 944 2180 materia3
971 2146 1022 2173 sed

248 2192 285 2219 de
308 2192 471 2219 substantia
494 2193 552 2219 exit
575 2192 603 2219 in
628 2200 689 2219 esse
716 2200 768 2227 per
790 2193 1022 2227 generationem.

250 2240 324 2266 Deus
339 2240 381 2266 est
395 2246 495 2266 rerum
512 2238 615 2274 triplex
631 2246 719 2265 causa
732 2259 740 2272 ,
753 2239 861 2265 scilicet
877 2239 1022 2273 eiliciens,

250 2285 444 2320 exemplaris,
466 2287 493 2312 et
512 2284 627 2318 finalis,
648 2284 699 2311 sed
721 2285 804 2311 nullo
820 2285 912 2312 modo
932 2288 1023 2313 malc-

249 2331 338 2359 rialis.
356 2333 431 2358 Inter
444 2331 560 2366 operari
577 2331 624 2357 Dei
638 2351 645 2364 ,
666 2333 691 2358 et
713 2322 851 2358 creaturze
865 2352 872 2365 ‚
891 2331 1026 2359 differen-

252 2379 289 2406 tia
302 2380 363 2412 est,
382 2378 451 2413 quia
466 2379 539 2404 neus
553 2379 691 2413 operatur
706 2378 735 2404 in
751 2377 885 2412 instanti;
902 2378 1025 2413 angelus

249 2427 348 2452 autem
362 2426 480 2460 repente
492 2433 500 2457 ς
516 2423 568 2451 sed
584 2425 689 2451 natura
703 2424 855 2459 paulatim.
873 2424 968 2451 Prima
981 2433 1025 2452 re—

250 2479 316 2499 rum
331 2471 477 2507 principia
491 2472 556 2498 sunt
572 2478 589 2497 a
604 2471 662 2497 Deo
674 2491 681 2504 ,
698 2472 725 2497 et
745 2470 913 2497 immediate
926 2492 933 2503 ,
949 2471 1025 2498 scili-

251 2520 295 2545 cet
308 2517 431 2545 materia
446 2519 473 2545 ct
486 2517 592 2551 i'0rma;
620 2517 738 2544 ossi-ctus
755 2525 826 2544 vcro
842 2525 1026 2553 consequen-

252 2568 292 2593 tes
307 2566 425 2593 suntab
443 2565 518 2602 ipso,
534 2564 682 2592 mediante
701 2567 816 2599 ualura3
834 2564 905 2592 nihil
927 2568 1025 2593 autem

251 2614 293 2639 est
307 2620 324 2639 a
338 2613 394 2640 Deo
409 2611 536 2640 mediate
551 2611 587 2647 (a)
603 2613 725 2638 tantum.

285 2662 318 2692 (a)
332 2663 391 2687 Coet.
404 2663 463 2687 edit.
475 2662 629 2687 immediate.

1107 1676 1189 1704 circa
1210 1676 1314 1704 muudi
1329 1677 1508 1706 creationem
1530 1682 1658 1715 quatuor
1672 1683 1753 1708 erant
1767 1689 1847 1710 erro-

1072 1731 1127 1750 res.
1148 1723 1274 1756 Quidam
1294 1724 1433 1752 dicebant
1454 1725 1601 1753 mundum
1620 1728 1771 1755 aeternum.
1793 1728 1849 1756 Alii

1073 1769 1211 1797 dicebant
1222 1770 1366 1798 mundum
1379 1771 1501 1807 quidem
1514 1772 1633 1807 factum,
1649 1773 1701 1802 sed
1711 1774 1849 1802 habuisse

1074 1816 1224 1844 materiale
1246 1817 1443 1852 principium,
1465 1821 1491 1846 et
1511 1826 1571 1847 non
1595 1827 1657 1848 esse
1682 1820 1719 1848 de
1743 1821 1846 1849 nihilo.

1075 1863 1128 1890 Alii
1144 1863 1281 1891 dicebant
1296 1865 1386 1891 Deum
1408 1865 1573 1900 superiores
1589 1869 1737 1894 creaturas
1751 1875 1805 1903 per
1819 1875 1849 1896 se

1075 1909 1250 1945 produxisse
1261 1931 1270 1944 ‚
1286 1910 1339 1938 sed
1354 1910 1507 1939 inferiores
1520 1920 1572 1948 per
1586 1913 1782 1941 ministerium
1797 1922 1851 1942 an-

1077 1956 1221 1991 gelorum.
1255 1956 1309 1984 Alii
1333 1958 1482 1992 ponebant
1509 1958 1569 1986 duo
1594 1959 1755 1996 principia,
1779 1961 1852 1989 sicut

1078 2002 1233 2037 Manichazi,
1244 2011 1337 2030 unum
1347 2004 1455 2032 scilicet
1466 2013 1580 2033 summe
1594 2006 1717 2041 bonum,
1731 2009 1759 2034 et
1771 2007 1852 2035 aliud

1077 2057 1192 2077 summe
1207 2049 1319 2077 malum
1332 2071 1340 2084 ,
1364 2050 1494 2079 dicentes
1507 2053 1743 2089 incorruptibilia
1757 2062 1820 2082 esse
1836 2062 1853 2082 a

1078 2096 1159 2124 bono
1174 2096 1320 2132 principio
1332 2118 1339 2130 ,
1357 2098 1560 2134 corruptibilia
1575 2107 1592 2127 a
1606 2100 1697 2128 malo.
1720 2102 1775 2128 IIos
1791 2108 1853 2128 0n1-

1079 2151 1130 2170 nes
1146 2151 1259 2170 errores
1281 2143 1411 2171 excludit
1438 2145 1550 2180 Moyses
1570 2147 1598 2172 Β;
1615 2146 1760 2181 primum,
1785 2155 1853 2175 cum

1080 2189 1167 2216 dicit:
1185 2191 1215 2217 In
1231 2191 1377 2224 principio;
1393 2191 1568 2226 seeundum,
1584 2191 1644 2219 ibi:
1661 2193 1785 2226 creavit,-
1800 2195 1854 2221 ter—

1081 2235 1169 2270 tium,
1191 2236 1313 2271 quando
1333 2236 1420 2264 dicit:
1443 2238 1532 2269 Deus,·
1552 2240 1690 2273 quartum
1702 2260 1712 2273 ,
1728 2247 1796 2267 cum
1808 2248 1853 2267 se-

1081 2283 1200 2318 quitur:
1225 2283 1322 2309 Coelnm
1343 2285 1367 2309 et
1390 2286 1500 2310 terram.
1516 2284 1686 2312 Tenendum
1706 2288 1747 2313 est
1767 2286 1854 2314 ctiam

1081 2329 1163 2365 quod
1184 2330 1257 2356 Deus
1268 2330 1276 2344 :a
1300 2331 1388 2356 onmia
1408 2331 1489 2356 simul
1507 2333 1621 2365 creavae't,
1647 2339 1700 2359 nec
1721 2332 1854 2368 aliquam

1081 2384 1190 2403 novam
1201 2375 1326 2411 speciem
1334 2375 1525 2410 postmodum
1535 2376 1660 2411 addidit,
1673 2386 1763 2413 quam
1773 2379 1855 2414 prius

1082 2431 1141 2450 non
1156 2422 1253 2449 fecerit
1266 2443 1273 2456 ,
1291 2422 1337 2449 vul
1351 2421 1379 2449 in
1396 2430 1425 2450 se
1437 2443 1445 2456 ,
1463 2423 1510 2450 vel
1525 2422 1555 2450 in
1569 2431 1623 2450 suo
1638 2423 1742 2458 simili,
1758 2427 1788 2452 ut
1802 2425 1855 2453 ho-

1081 2469 1193 2496 minum
1214 2469 1346 2501 animas:
1368 2468 1414 2496 vel
1434 2469 1463 2496 in
1482 2469 1594 2497 ratione
1611 2470 1762 2505 seminali,
1782 2471 1855 2499 sicut

1083 2518 1159 2551 patet
1180 2516 1210 2542 in
1230 2515 1275 2542 his
1295 2524 1360 2550 quie
1384 2516 1555 2544 naturaliter
1578 2517 1805 2545 introducuntur
1825 2518 1856 2545 in

1083 2571 1159 2590 esse:
1175 2565 1202 2589 et
1215 2562 1272 2589 hoc
1284 2561 1415 2597 estquod
1428 2562 1534 2589 dicitur
1543 2562 1553 2577 ⁶
1566 2564 1657 2591 Deum
1669 2563 1716 2591 die
1731 2564 1855 2601 septima

1116 2624 1204 2649 ΙΡεηΙ.
1222 2630 1265 2653 cii,
1283 2626 1305 2648 3.
1317 2637 1346 2641 —
1365 2625 1374 2640 ²
1386 2624 1458 2655 ibid„
1478 2626 1500 2648 -ἰ.
1512 2637 1541 2642 -
1559 2626 1567 2639 ³
1581 2625 1654 2657 ibid„
1671 2628 1693 2650 5.
1713 2640 1743 2644 —
1758 2627 1766 2643 ὗ
1783 2627 1854 2655 Gem,

1085 2664 1175 2692 1‚i.—
1195 2661 1202 2675 θ
1221 2659 1310 2689 Eccli„
1325 2662 1481 2691 xv111‚1.—
1493 2662 1502 2675 ⁶
1517 2661 1588 2691 Gen„
1605 2667 1632 2692 ιι,
1645 2663 1667 2686 2.
