2004 3037
786 200 915 239 CAPUT
936 198 1109 238 LXXXVII.

139 273 192 304 bat
224 273 354 302 demisso
391 273 487 311 capite
504 283 513 310 ;
543 273 666 310 propter
698 272 784 309 quod
813 273 897 302 illam
913 294 921 308 ,

142 329 236 359 quam
250 321 447 350 comminatus
462 320 574 357 fuerat,
589 320 763 358 temperavit
783 328 904 357 poenam
914 342 922 356 ,

140 369 174 399 111
189 370 266 405 Κεφ,
281 376 342 397 xx1.

177 416 353 452 congregati
373 417 442 444 sunt
459 415 513 443 filii
537 415 640 450 Moab,
656 415 683 443 et
703 414 757 442 filii
776 416 923 451 Ammon,

143 466 253 493 etcum
273 464 314 492 eis
329 463 366 491 de
385 462 575 497 Ammonitis,
592 464 624 490 ut
638 464 807 498 pugnarent
821 463 925 490 contra

143 511 284 548 iosaphat
295 518 396 546 regem
411 510 496 538 Juda.
511 509 599 543 Quod
615 508 665 537 ille
681 509 817 544 audiens,
830 510 926 537 totum

144 567 175 587 se
189 558 313 587 contulit
333 558 372 586 ad
390 557 561 593 rogandum
577 557 734 586 Dominum
745 579 753 593 ,
774 559 802 586 et
815 558 927 594 praedi-

145 606 223 635 cavit
234 605 383 642 jejunium
393 605 425 632 in
438 605 578 632 universo
593 605 678 632 Juda.
694 605 831 641 Sequitur
842 604 926 642 quod

144 662 199 690 per
217 652 365 689 jejunium
385 652 540 680 victoriam
558 651 694 680 obtinuit,
712 653 733 680 ll
748 653 855 687 Paral„
876 661 927 681 xx.

182 700 288 728 Esdras
315 699 488 735 praedicavit
510 699 656 735 jejunium
671 721 679 734 ,
703 701 730 727 et
753 699 822 727 fecit
846 699 930 736 quod

147 753 252 776 omnes
276 746 442 782 affligerent
464 746 579 774 animas
604 754 692 781 suaS,
718 746 789 782 quia
811 747 931 783 petituri

147 795 231 823 erant
245 802 263 822 a
278 794 403 822 Domino
414 813 422 828 ‚
439 795 470 821 ut
485 793 563 821 viam
578 795 689 821 rectam
708 795 735 821 et
755 802 931 830 prosperam

148 841 233 870 daret
247 841 304 875 eis,
319 843 330 869 l
347 841 424 875 Esd.,
440 849 502 868 vni.
518 840 656 877 Sequitur
671 850 677 868 :
697 840 932 876 «Jejunavimus,

148 891 176 917 et
192 889 365 924 rogavimus
381 889 540 917 Dominum
562 890 698 916 nostrum
719 896 775 924 pro
800 887 858 916 hoc
871 910 878 923 ,
905 889 934 916 et

149 936 247 965 evenit
258 936 346 964 nobis
360 944 514 973 prospere.
536 945 551 963 >›

185 985 352 1019 Rogaturus
371 983 526 1012 Nehemias
541 985 729 1011 Artaxercem
752 991 855 1018 regem
878 991 934 1019 pro

152 1030 267 1059 civitate
283 1039 350 1065 sua,
365 1033 398 1058 ut
412 1030 489 1058 muri
505 1030 568 1065 ejus
582 1032 704 1066 possent
722 1030 872 1066 reparari,
889 1030 935 1057 di-

152 1077 190 1105 cit
211 1077 249 1105 de
272 1077 369 1114 seipso
386 1087 393 1105 z
413 1088 427 1104 ι(
442 1077 638 1113 Jejnnabam,
664 1079 692 1105 et
716 1077 843 1106 orabam
867 1078 934 1105 ante

151 1125 258 1154 faciem
274 1125 323 1153 Dei
338 1125 414 1153 coeli.
431 1135 445 1151 n
467 1126 592 1160 Nehem.,
607 1133 627 1152 1.

188 1174 398 1202 Convenerunt
410 1172 463 1200 filii
477 1172 565 1200 Israel
575 1171 605 1199 in
614 1172 734 1207 jejuniis
748 1173 775 1200 et
787 1172 818 1200 in
832 1172 934 1208 saccis,

153 1223 181 1249 et
203 1221 313 1248 humus
328 1228 417 1256 super
441 1228 508 1254 eos,
534 1221 561 1247 et
585 1220 741 1254 steterunt,
765 1221 792 1247 et
816 1219 937 1247 confite-

153 1268 261 1296 bantur
281 1268 403 1304 peccata
424 1275 478 1295 sua
492 1287 500 1301 ,
526 1269 554 1294 et
574 1266 710 1302 legerunt
733 1266 763 1294 in
782 1266 937 1295 volumine

154 1314 245 1350 legis,
262 1317 315 1343 etc.
332 1315 456 1347 Nehem„
473 1322 512 1342 1x.

190 1363 265 1390 Dum
279 1361 475 1390 essetfactum
489 1361 652 1397 prandium
667 1361 783 1389 bonum
799 1361 829 1389 in
845 1361 938 1389 domo

153 1409 267 1443 Tobiae,
284 1411 311 1436 et
326 1408 477 1436 audissent
492 1416 587 1435 unum
602 1408 639 1436 de
655 1408 724 1435 filiis
740 1409 829 1436 lsrael
848 1409 939 1444 jugu-

155 1457 249 1485 latum
269 1457 417 1492 jacentem
438 1457 469 1484 in
492 1456 609 1492 platea,
631 1456 728 1484 statim
752 1456 875 1484 exiliens
902 1456 939 1484 de

156 1503 294 1532 aceubitu
314 1512 368 1531 suo
381 1525 390 1539 ,
417 1503 591 1539 relinquens
617 1503 796 1540 prandium,
819 1504 940 1539 Jejunus

155 1551 237 1579 venit
251 1551 289 1578 ad
305 1559 424 1587 corpus,
445 1552 519 1586 Tob„
536 1559 556 1578 Π
567 1572 574 1585 ,
592 1553 617 1578 3.

194 1599 232 1626 De
251 1598 344 1626 Tobia
364 1598 500 1632 Juniore,
522 1600 549 1626 et
570 1597 657 1626 sociis
679 1598 755 1633 ejus,
776 1606 809 1625 ac
832 1597 942 1626 caeteris

158 1645 261 1674 amicis
276 1645 382 1673 dicitur
394 1667 403 1680 ,
422 1646 498 1680 Tob„
514 1653 560 1679 lx,
576 1646 610 1673 12
627 1655 635 1672 .·
654 1655 667 1670 ι(
677 1646 750 1672 Cum
765 1645 872 1673 timore
888 1647 942 1673 Do-

157 1692 232 1721 mini
252 1692 426 1728 nuptiarum
443 1692 618 1720 convivium
640 1692 827 1720 exercebant.
845 1703 859 1719 >›
884 1694 940 1720 An-

158 1739 243 1775 gelus
257 1742 376 1775 postea,
395 1739 470 1774 Tob.,
485 1747 540 1773 xii,
554 1740 585 1774 8,
602 1738 676 1766 dixit
691 1739 810 1775 utrique
825 1739 940 1767 Tobiae:

162 1795 176 1812 «
190 1789 271 1815 Bona
286 1789 330 1814 est
345 1786 439 1814 oratio
458 1795 526 1814 cum
538 1786 653 1822 jejunio
670 1788 697 1814 et
712 1786 940 1822 eleemosyna.»

194 1833 354 1861 Audientes
364 1833 417 1860 filii
431 1833 518 1861 lsrael
532 1833 696 1861 terribilem
710 1834 874 1869 potentiam
890 1835 943 1862 Ho-

159 1880 321 1916 lophernis,
345 1880 602 1908 «humiliaverunt
623 1880 738 1908 animas
763 1888 831 1908 suas
849 1880 880 1908 in
899 1881 942 1916 je—

157 1927 258 1962 jUniis.
274 1937 287 1953 »
305 1926 413 1961 sualim,
430 1935 467 1961 iv,
485 1928 512 1954 8.

198 1975 236 2001 De
244 1973 345 2001 Judith
356 1974 445 2001 etiam
461 1973 579 2008 dicitur,
592 1973 676 2010 quod
694 1974 868 2009 «jejunabat
882 1982 947 2002 om—

161 2021 250 2049 nibus
266 2021 375 2049 diebus
389 2021 457 2048 vitae
472 2029 541 2056 suas,
557 2023 663 2056 praeter
678 2021 813 2055 sabbata,
831 2023 859 2048 et
873 2029 944 2049 neo-

162 2070 287 2105 menias,
299 2072 326 2097 et
342 2069 415 2098 festa
427 2069 535 2096 domus
545 2069 643 2097 lsrael.
658 2079 671 2093 »
692 2069 800 2100 Jucltth,
813 2077 876 2104 vui,
889 2070 915 2097 6.

199 2118 345 2145 Locutura
363 2117 403 2144 ad
427 2125 528 2152 regem
550 2118 708 2144 Assuerum
732 2116 844 2150 Esther,
873 2116 947 2144 dixit

163 2164 348 2194 Mardochaeo
373 2173 379 2191 :
405 2173 418 2190 «
433 2165 586 2199 congrega
608 2171 712 2191 omnes
733 2163 851 2191 Judaeos
871 2171 947 2199 quos

165 2212 196 2239 in
211 2212 304 2240 Susan
318 2212 461 2247 repereris
472 2233 479 2246 ,
503 2214 531 2239 et
547 2213 628 2239 orate
649 2219 705 2246 pro
722 2219 784 2246 me;
809 2218 874 2238 non
898 2219 948 2238 co-

165 2259 307 2294 medatis,
325 2261 352 2287 et
367 2267 429 2286 non
440 2258 549 2286 bibatis
564 2258 658 2286 tribus
673 2258 796 2293 diebus,
812 2259 840 2285 et
854 2258 948 2285 tribus

166 2307 305 2336 noctibus
316 2327 324 2340 ,
341 2307 369 2334 et
384 2314 439 2341 ego
455 2314 523 2333 cum
543 2305 691 2334 ancillulis
714 2305 790 2334 meis
814 2304 949 2333 similiter

165 2353 379 2389 J'eJunabimus.
394 2363 407 2378 >a
425 2354 514 2388 Esth„
531 2360 570 2387 lv,
585 2354 629 2380 16.

205 2400 437 2429 commendatur
457 2408 475 2427 a
495 2399 620 2427 Domino
643 2399 820 2427 abstinentia
842 2399 951 2427 Recha-

171 2448 317 2482 bitarum‚
338 2448 410 2484 quia
425 2447 587 2475 noluerunt
607 2446 710 2475 bibere
732 2446 857 2481 vinum,
880 2446 953 2474 sicut

172 2497 351 2531 praeceperat
365 2495 406 2522 eis
421 2496 506 2531 pater
521 2502 635 2522 eorum.
653 2495 763 2528 Jerem„
778 2503 869 2522 xxxv.

213 2552 226 2569 «
237 2543 349 2570 Baruch
360 2542 430 2577 legit
445 2541 538 2569 verba
553 2541 621 2569 libri
637 2541 682 2569 sui
696 2541 735 2569 ad
751 2550 837 2569 aures
852 2541 955 2569 Jecho-

175 2590 231 2618 niae
245 2589 299 2618 filii
312 2590 445 2619 Joachim
464 2589 543 2625 regis
557 2588 651 2624 Juda,
676 2591 704 2618 et
727 2589 766 2618 ad
781 2597 867 2618 aures
892 2589 956 2617 uni-

210 2689 244 2721 (a)
261 2690 319 2714 Coet.
332 2689 393 2714 edit.
408 2689 541 2721 praecepit.

320 2743 396 2767 Tou.
417 2743 486 2767 vm.

1701 207 1759 241 593

979 273 1057 302 versi
1070 272 1187 310 populi.
1203 272 1258 306 Qui
1274 272 1429 303 audientes
1449 275 1630 312 plorabant,
1648 278 1676 306 et
1687 277 1763 314 jeju-

979 320 1109 355 nabant,
1125 321 1154 348 et
1173 320 1301 349 orabant
1315 321 1345 349 in
1361 324 1522 359 conspectu
1538 324 1691 354 Domini.»
1709 327 1761 354 Ba-

979 369 1056 403 ruch,
1072 376 1093 403 ι,
1107 368 1135 402 3,
1151 369 1177 395 5.

1017 416 1128 442 Duram
1154 414 1263 442 dietam
1288 414 1431 452 imposuit
1453 418 1597 447 Dominus
1621 419 1765 449 Ezechieli

981 462 1152 498 prophetae,
1170 462 1272 490 dicens
1288 472 1296 491 :
1317 473 1329 489 «
1345 464 1433 492 Sume
1449 465 1503 494 tibi
1517 465 1700 495 frumentum
1712 488 1722 504 ,
1738 469 1767 497 et

982 509 1132 538 hordeum
1144 531 1153 545 ,
1170 512 1198 538 et
1211 510 1313 539 sabam
1324 533 1333 546 ‚
1349 513 1377 539 et
1391 512 1520 549 lentem,
1541 514 1569 542 et
1587 513 1720 550 milium,
1739 516 1768 544 et

984 556 1111 592 viciam,
1126 567 1139 584 ›>
1154 559 1207 585 etc.
1224 558 1331 591 Ezech„
1349 567 1388 594 iv,
1403 560 1431 588 9.

1023 604 1207 640 «proposuit
1226 605 1328 633 Daniel
1347 614 1384 634 ne
1403 607 1588 643 pollueretur
1608 608 1646 637 de
1665 617 1770 639 mensa

984 651 1096 686 regis.»
1111 651 1249 687 Sequitur
1263 660 1269 679 :
1284 661 1298 678 «
1308 653 1408 681 Pueris
1418 653 1477 682 illis
1491 655 1574 684 dedit
1589 657 1663 685 Deus
1678 657 1771 687 scien-

985 697 1058 726 tiam
1072 697 1103 725 in
1118 698 1201 726 omni
1215 698 1307 734 libro,
1321 710 1334 725 >³
1352 701 1406 728 etc.
1423 702 1507 735 Dan„
1522 710 1542 736 ι,
1558 704 1586 737 8,
1603 705 1648 732 17.

1022 746 1062 773 De
1074 745 1171 781 seipso
1182 745 1311 782 loquens
1326 747 1446 782 Daniel,
1458 748 1498 775 ait
1510 758 1517 776 :
1538 758 1551 774 t(
1562 750 1650 778 Posui
1661 750 1768 780 faciem

987 800 1087 821 meam
1101 792 1141 820 ad
1156 793 1315 821 Dominum
1332 795 1425 822 Deum
1439 803 1540 823 meum
1555 805 1662 833 rogare
1678 800 1705 826 et
1720 798 1771 827 de-

987 840 1103 877 precari
1115 840 1285 877 injejuniis,
1297 849 1395 876 sacco,
1407 844 1435 870 et
1448 843 1556 872 cinere.
1571 855 1584 870 »
1595 846 1679 881 Dan„
1694 854 1734 882 ix,
1745 848 1773 875 3.

989 889 1022 916 Et
1035 889 1105 915 tunc
1119 889 1254 925 percepit
1272 889 1307 925 (α)
1330 889 1490 926 specialem
1506 891 1720 922 revelationem
1736 893 1774 923 de

990 935 1194 963 incarnatione
1212 937 1240 963 et
1255 936 1404 965 occisione
1420 937 1534 966 Christi.

1026 982 1128 1010 Daniel
1149 984 1207 1011 tres
1228 983 1439 1013 hebdomadas
1463 994 1574 1021 panem
1591 986 1774 1017 desiderabi-

990 1028 1051 1057 lem
1064 1037 1127 1057 non
1142 1031 1273 1059 comedit
1283 1052 1292 1066 ,
1310 1033 1337 1059 et
1352 1040 1421 1060 caro
1431 1034 1466 1061 -et
1480 1033 1584 1062 vinum
1598 1043 1662 1063 non
1684 1035 1776 1064 intro-

991 1076 1089 1105 ierunt
1102 1078 1133 1105 in
1148 1086 1180 1107 os
1195 1079 1275 1114 ejus,
1293 1081 1321 1108 et
1334 1082 1404 1108 tunc
1418 1081 1589 1111 mirabilem
1606 1079 1736 1113 ostendit
1750 1085 1777 1113 ei

991 1124 1139 1153 visionem
1151 1127 1236 1154 Deus.
1253 1128 1338 1160 Dan„
1353 1136 1384 1160 x,
1401 1130 1426 1156 3.

1029 1173 1203 1208 Gregorius,
1220 1174 1251 1202 in
1265 1174 1391 1203 homilia
1406 1184 1467 1204 xxx
1477 1175 1497 1212 ¹,
1513 1177 1600 1214 dicit,
1617 1179 1702 1216 quod
1717 1180 1778 1216 Spi-

992 1219 1064 1248 ritus
1079 1223 1197 1249 sanctus
1216 1222 1353 1258 implevit
1368 1223 1565 1252 abstinentem
1586 1234 1730 1262 puerum,
1753 1229 1780 1255 et

990 1268 1125 1303 judicem
1140 1277 1245 1297 senum
1259 1269 1328 1298 fecit
1341 1292 1350 1306 ,
1369 1271 1443 1300 sicut
1458 1276 1597 1310 apparet,
1615 1276 1699 1311 Dan„
1715 1284 1780 1311 xm,

994 1315 1032 1344 de
1048 1316 1168 1344 duobus
1183 1317 1271 1346 malis
1287 1319 1417 1348 senibus.

1030 1365 1140 1392 Panem
1153 1367 1180 1393 et
1191 1365 1380 1401 pulmentum
1392 1367 1471 1396 misit
1485 1369 1629 1397 Dominus
1644 1379 1698 1407 per
1710 1379 1779 1408 pro-

995 1411 1116 1446 phetam
1131 1412 1267 1440 Habacuc
1280 1415 1392 1442 Danieli
1404 1416 1502 1451 posito
1517 1417 1548 1444 in
1561 1417 1629 1445 lacu
1644 1418 1778 1454 leonum,

995 1466 1057 1486 non
1073 1467 1176 1486 carnes
1187 1481 1196 1494 ,
1210 1462 1261 1488 aut
1275 1460 1334 1489 alia
1350 1462 1472 1491 cibaria.
1489 1466 1572 1497 Dan„
1589 1473 1650 1500 xiv,
1662 1467 1706 1494 32.

1032 1505 1201 1542 Eleazarus,
1216 1507 1262 1535 vir
1278 1510 1359 1537 aetate
1374 1512 1550 1546 provectus,
1565 1512 1671 1540 maluit
1685 1514 1782 1543 occidi

997 1552 1110 1580 crudeli
1126 1556 1241 1589 morte,
1257 1563 1349 1591 quam
1365 1564 1467 1585 carnes
1483 1558 1623 1594 porcinas
1641 1561 1782 1590 comede-

995 1608 1038 1635 re,
1045 1599 1095 1628 vel
1103 1600 1192 1629 etiam
1203 1601 1345 1630 simulare
1353 1611 1384 1631 se
1400 1605 1577 1634 comedisse.
1593 1608 1614 1635 ΙΙ
1629 1608 1732 1642 Μασή.,
1742 1617 1780 1637 1v.

1032 1647 1159 1683 Contigit
1179 1651 1292 1684 septem
1310 1649 1415 1678 fratres
1436 1660 1505 1679 cum
1519 1655 1613 1681 matre
1631 1663 1685 1682 sua
1702 1663 1784 1684 com-

996 1693 1068 1730 pelli
1083 1703 1101 1722 a
1114 1703 1184 1730 rege
1201 1704 1305 1724 carnes
1321 1698 1460 1733 porcinas
1475 1703 1577 1728 contra
1592 1701 1690 1737 legem
1700 1711 1784 1731 man-

998 1743 1118 1772 ducare.
1135 1744 1179 1772 Illi
1193 1753 1266 1773 vero
1284 1747 1379 1783 magis
1404 1748 1557 1784 elegerunt
1579 1751 1783 1782 crudelissima

996 1791 1138 1819 sustinere
1154 1794 1311 1821 tormenta.
1329 1796 1350 1822 ll
1369 1796 1471 1831 Mach„
1487 1805 1539 1824 vn.

1033 1840 1072 1866 De
1090 1839 1177 1867 beato
1192 1841 1306 1868 Joanne
1329 1843 1456 1878 Baptista
1473 1844 1592 1881 dicitur,
1608 1847 1692 1883 quod
1708 1856 1782 1876 escae

998 1885 1060 1920 ejus
1075 1888 1158 1914 erant
1172 1887 1292 1915 locustae
1308 1891 1335 1916 et
1354 1890 1414 1918 mel
1437 1891 1584 1928 silvestre,
1599 1895 1699 1928 Marc„
1717 1903 1738 1929 1,
1755 1898 1781 1924 6.

998 1933 1052 1966 Qui
1076 1936 1198 1969 propter
1223 1935 1350 1963 multam
1374 1937 1585 1967 abstinentiam
1606 1941 1637 1969 in
1665 1942 1733 1971 cibo
1756 1945 1784 1971 et

997 1981 1072 2014 potu
1083 2002 1091 2014 ,
1105 1980 1262 2008 dicebatur
1277 1983 1362 2018 quasi
1375 1992 1437 2013 non
1452 1987 1655 2024 manducans,
1671 1997 1726 2017 nec
1740 1989 1784 2018 bi-

999 2026 1083 2054 bens.
1100 2028 1214 2062 Matth„
1230 2037 1271 2063 11,
1287 2031 1331 2057 18.

1035 2075 1117 2101 Anna
1132 2075 1335 2111 prophetissa,
1348 2076 1411 2105 filia
1426 2078 1574 2116 Phanuel,
1588 2081 1663 2110 inter
1676 2085 1778 2113 caetera

1001 2121 1245 2157 commendatur,
1260 2123 1331 2159 quia
1352 2132 1414 2152 non
1432 2125 1607 2156 discedebat
1621 2138 1638 2158 a
1654 2132 1783 2168 templo,

998 2168 1118 2204 jejuniis
1129 2171 1156 2197 et
1166 2170 1424 2201 obsecrationibus
1436 2175 1568 2204 serviens
1578 2177 1626 2205 die
1639 2186 1673 2207 ac
1686 2182 1784 2209 nocte.

1001 2216 1078 2249 Luc„
1093 2224 1132 2251 11,
1149 2218 1194 2244 37.

1039 2263 1172 2291 Salvator
1184 2266 1284 2293 noster
1296 2267 1392 2294 statim
1404 2270 1471 2304 post
1483 2269 1665 2306 baptismum
1679 2273 1784 2303 ductus

1005 2311 1046 2337 est
1060 2309 1091 2337 in
1105 2310 1267 2347 desertum,
1288 2315 1315 2341 et
1330 2314 1371 2342 ibi
1384 2315 1547 2351 jejunavit,
1563 2318 1660 2347 donec
1675 2322 1784 2350 esuriit.

1005 2358 1118 2393 Mami„
1136 2366 1181 2393 iv,
1196 2361 1224 2387 et
1240 2361 1317 2396 Luc„
1336 2369 1375 2396 1v,
1393 2364 1498 2391 contra
1518 2365 1626 2394 multos
1641 2367 1693 2403 qui
1710 2368 1789 2403 jeju—

1006 2405 1078 2431 nant
1092 2413 1160 2432 cum
1176 2405 1308 2435 foeditate
1321 2409 1518 2447 conscientiae,
1533 2412 1582 2440 vel
1596 2413 1702 2443 nolunt
1716 2417 1789 2444 tein-
1820 2438 1823 2440 >

1006 2458 1080 2487 porc
1093 2453 1200 2487 JeJunii
1214 2455 1343 2483 esuriem
1357 2457 1511 2486 sustinere.

1044 2498 1089 2526 Ad
1104 2501 1381 2530 commendandum
1395 2504 1601 2542 sobrietatem,
1623 2516 1689 2544 quae
1705 2512 1748 2538 est
1762 2511 1792 2539 in

1011 2554 1062 2574 esu
1076 2546 1203 2583 piscium
1220 2550 1248 2577 et
1260 2549 1292 2577 in
1307 2550 1483 2580 abstinentia
1498 2561 1516 2581 a
1530 2555 1670 2584 carnibus
1681 2577 1690 2592 ‚
1712 2558 1789 2586 mul-

1010 2594 1075 2622 tum
1090 2594 1175 2630 facit,
1192 2595 1275 2632 quod
1291 2598 1432 2626 Dominus
1447 2599 1478 2627 in
1500 2602 1662 2638 Evangelio
1679 2604 1795 2640 pluries

1046 2692 1054 2709 ¹
1070 2694 1156 2726 Greg,
1172 2695 1198 2719 in
1213 2695 1320 2728 Evany„
1335 2697 1406 2723 hom.
1422 2705 1485 2732 xxx,
1500 2703 1560 2732 post.
1573 2704 1645 2729 med.

1619 2752 1659 2782 38
