2004 3037
180 238 238 267 120

177 310 246 330 eum
266 300 432 336 lapidibus,
453 298 583 334 vegetari
603 306 672 326 cum
692 297 865 334 arboribus,
885 306 952 326 sen-

177 347 238 376 tire
254 354 322 375 cum
340 344 534 380 animalibus,
556 344 719 380 intelligere
739 352 807 372 eum
827 344 949 380 angelis

179 396 218 422 Ex
243 392 355 428 duplici
383 393 489 420 natura
512 399 574 419 esse
600 391 817 427 compositum,
843 391 953 419 scilicet

178 438 340 475 corporali,
362 440 390 466 et
411 437 565 474 spirituali.
591 438 797 466 creaturarum
820 445 882 465 esse
908 437 953 466 di-

178 485 361 521 gnissimam.
381 487 447 512 Esse
469 484 581 512 animal
603 483 747 512 rationale
768 486 796 512 et
814 483 953 512 mortale.

178 534 311 561 Humana
324 531 465 566 fragilitas
479 531 511 558 in
524 531 581 559 hoe
596 530 741 565 consistit,
755 530 840 566 quod
853 530 885 558 in
899 530 954 558 ho—

178 579 257 607 mine
284 579 326 606 est
353 578 508 606 assiduitas
533 577 707 612 deficiendi,
732 577 955 613 impossibilitas

177 625 284 660 standi,
300 625 424 653 facilitas
438 624 581 658 cadendi,
599 623 756 652 difficultas
770 623 954 659 resurgendi,

178 672 275 700 vilitas
288 671 446 706 nascendi,
459 671 636 698 incertitudo
651 670 809 698 moriendi.
824 669 956 698 Defectus

179 719 327 747 humanus
341 719 392 752 est,
408 718 480 754 quia
499 717 647 754 quidquid
665 717 819 752 habemus,
836 716 955 745 aliunde

179 764 324 793 habemus
339 766 367 792 et
381 763 560 800 imperfecte.
575 763 696 799 insuper
708 765 735 791 et
747 763 879 791 amittere
890 771 957 799 pos-

180 819 291 839 sumus.
306 812 338 839 In
352 811 473 839 homine
494 818 616 846 quoque
634 812 676 838 est
690 810 838 838 moriendi
857 817 956 837 neces-

181 858 265 892 sitas,
280 860 308 885 et
321 857 383 890 hoec
402 859 444 884 est
457 857 505 884 vcl
526 856 609 884 illata
624 857 797 889 necessitas,
812 856 886 884 sicut
903 855 957 883 fuit

182 904 212 932 in
226 904 337 932 Adam:
354 903 400 932 vel
415 904 530 937 innata,
545 903 619 931 sicut
632 903 716 931 estin
730 903 834 938 nobis;
849 902 896 930 vel
912 910 957 930 as-

182 952 318 987 sumpta,
332 950 405 978 sicut
419 950 472 977 fuit
487 950 517 977 in
531 949 654 977 Christo.

437 1042 579 1076 CAPUT
603 1042 703 1074 LXII.

398 1117 435 1142 De
450 1116 550 1150 primis
572 1114 740 1141 Parentibus.

220 1187 341 1214 Summa
356 1184 473 1212 bonitas
488 1183 592 1211 volens
611 1183 831 1210 communicare
845 1183 961 1211 bonum

186 1240 274 1260 suum
297 1231 377 1266 aliis,
403 1231 469 1259 feeit
491 1231 657 1257 creaturam
681 1229 871 1263 rationalem,
896 1237 962 1265 quie

186 1285 337 1306 summum
351 1277 465 1305 bonum
479 1275 664 1310 intelligeret,
680 1275 870 1310 intelligendo
882 1282 962 1303 ama-

187 1327 240 1358 ret,
252 1323 381 1352 amando
393 1323 566 1359 possideret,
576 1321 759 1358 possidendo
775 1322 862 1349 beata
877 1324 961 1350 esset.

187 1371 264 1399 Fecit
278 1371 393 1398 autem¹
410 1371 484 1397 Deus
498 1369 628 1405 primum
638 1369 790 1396 hominem
806 1368 962 1396 formando

188 1425 295 1452 corpus
310 1417 372 1451 ejus
386 1424 439 1451 per
450 1414 643 1443 ministerium
655 1415 830 1449 angelorum
841 1414 877 1441 dc
890 1414 962 1442 limo

189 1466 270 1491 terrae
286 1463 315 1491 in
329 1471 401 1498 agro
412 1464 609 1496 Damasceno;
626 1464 651 1488 et
666 1462 813 1496 inspiravit
824 1463 853 1487 in
867 1461 963 1494 facicm

189 1511 245 1543 ejus
259 1511 427 1545 spiraculum
445 1511 523 1543 vitaz,
539 1508 596 1536 hoc
618 1510 670 1542 est,
691 1507 822 1535 animam
841 1507 964 1541 creavit,

190 1565 280 1594 quam
303 1557 421 1593 corpori
445 1556 520 1584 facto
547 1556 650 1583 unIvit.
676 1557 778 1583 Factus
797 1557 838 1583 est
866 1556 965 1584 autem

190 1604 280 1632 homo
304 1604 343 1631 ad
364 1603 523 1637 imaginem
546 1602 593 1630 Dei
613 1602 644 1629 in
666 1601 862 1636 naturalibus,
886 1603 966 1630 etad

190 1650 412 1678 similitudinem
428 1650 458 1676 in
479 1649 620 1683 gratuitis.
639 1649 744 1675 Dicitur
762 1651 859 1676 autem
874 1648 965 1676 homo

191 1697 283 1725 fuctus
298 1696 336 1723 ad
351 1696 511 1730 imaginem
528 1695 591 1729 Dei,
608 1695 703 1730 potius
724 1703 815 1730 quam
830 1695 964 1730 angelus;

192 1744 264 1779 quia
279 1742 515 1770 convenientiam
527 1742 617 1769 habet
631 1742 722 1769 homo
738 1749 805 1768 cum
818 1743 875 1769 Deo
891 1742 967 1770 intus

194 1791 222 1817 et
237 1791 334 1822 extra,
353 1789 435 1824 quod
450 1795 511 1816 non
533 1788 621 1815 habet
642 1788 779 1822 Angelus.
796 1789 874 1815 lntus
889 1788 968 1816 enim

193 1836 282 1863 habet
301 1835 536 1863 convenientiam
558 1843 626 1862 cum
648 1836 705 1862 Deo
726 1834 890 1862 secundum
905 1842 964 1862 me-

194 1882 335 1916 moriam,
365 1881 587 1916 intelligentiam
612 1883 640 1908 et
667 1881 867 1915 voluntatem,
896 1881 970 1908 sieut

195 1928 335 1963 angelus5
351 1928 403 1955 sed
418 1929 509 1962 extra,
524 1927 760 1955 convenientiam
774 1927 864 1954 hahet
879 1935 970 1962 quam

194 1983 255 2002 non
269 1975 359 2003 habet
373 1975 505 2009 angelus.
519 1976 590 2002 Nam
605 1974 678 2001 sicut
692 1982 708 2001 a
719 1975 800 2001 Patre
815 1976 856 2001 est
871 1974 969 2009 Filius,

195 2022 236 2049 sic
262 2022 300 2049 ab
325 2022 445 2049 homine
470 2021 562 2049 homo
591 2021 723 2056 ejusdem
749 2023 869 2049 naturae.
897 2023 971 2049 Prae-

196 2071 288 2102 terea,
311 2068 384 2095 sicut
406 2070 479 2095 Deus
505 2067 642 2103 praelatus
664 2069 705 2095 est
728 2068 809 2095 omni
833 2070 970 2096 creaturae

196 2114 376 2150 simpliciter,
392 2114 432 2141 sic
447 2114 538 2141 horno
554 2114 693 2141 omnibus
709 2114 737 2141 in
753 2122 807 2141 suo
821 2114 968 2142 universo.

197 2162 266 2187 Item
288 2160 361 2187 sicut
383 2162 457 2187 Deus
477 2160 588 2195 ubique
611 2162 668 2193 est,
688 2160 728 2187 sic
748 2161 845 2187 anima
859 2161 971 2197 ubique

198 2208 239 2234 cst
253 2207 283 2233 in
298 2215 351 2233 suo
371 2206 543 2239 habitabili,
568 2206 597 2232 id
621 2210 679 2240 est,
699 2207 727 2233 in
748 2215 888 2242 corpore,
910 2215 971 2235 non

198 2252 318 2288 quidem
338 2259 390 2287 per
405 2252 576 2285 essentiam,
598 2252 650 2279 sed
668 2260 721 2287 per
741 2253 912 2287 potentiam.
930 2254 972 2280 lti-

198 2299 291 2334 gnitas
306 2299 436 2326 humana
451 2301 492 2325 est
510 2298 539 2325 in
561 2298 635 2331 hoc,
652 2298 733 2333 quod
750 2300 821 2325 Deus
840 2300 905 2326 fecit
920 2299 972 2327 110-

197 2346 308 2372 minem
323 2345 436 2372 ratione
451 2344 623 2379 sapientem,
636 2345 694 2371 vita
707 2344 904 2378 innocentem,
921 2346 972 2373 ‹lo-

197 2391 289 2419 minio
304 2393 464 2427 potentem.
482 2391 610 2417 Primum
625 2392 742 2418 notatur
759 2391 788 2418 in
802 2391 868 2426 hoc,
889 2393 972 2427 quod

196 2439 287 2466 homo
302 2438 394 2465 sactus
410 2440 451 2464 est
468 2437 507 2464 ad
526 2437 685 2471 imaginem
703 2438 768 2471 ltei3
790 2439 969 2473 secundum,

197 2485 280 2521 quod
296 2485 334 2513 ad
349 2485 397 2511 Ilei
414 2483 650 2518 similitudincm;
667 2485 798 2518 tertium,
814 2486 884 2521 quia
898 2494 971 2521 prae—

196 2532 307 2567 positus
329 2533 371 2558 est
393 2530 484 2557 homo
505 2530 614 2557 cunctis
629 2531 841 2565 animantibus,
867 2535 894 2559 et
908 2533 972 2561 aliis

197 2577 346 2611 creaturis,
362 2585 427 2612 quae
446 2576 546 2604 omnia
561 2575 617 2602 sibi
632 2577 771 2604 serviunt.
788 2579 826 2605 Ex
842 2578 887 2605 his
902 2581 971 2607 nota

230 2675 298 2698 ¹Gen
314 2693 319 2701 .
337 2681 352 2705 1,
369 2677 406 2698 28.
420 2688 447 2691 —
464 2675 471 2688 ²
488 2673 658 2704 Psal.‹:xL1V,
679 2675 712 2697 19.

506 230 765 264 COMPENDIUM
787 230 1046 263 THEOLOGICAE
1066 230 1291 263 VERITATIS.
1314 229 1389 261 ΗΒ.
1415 229 1454 260 ll.

1009 298 1092 334 quod
1105 297 1252 326 voluntati
1266 297 1416 326 bonorum
1434 295 1592 324 hominum
1610 303 1672 324 non
1685 296 1783 324 solum

1009 344 1146 373 subditur
1159 346 1303 379 creatura,
1326 343 1378 371 sed
1398 342 1487 371 etiam
1509 342 1572 378 ipse
1594 343 1668 370 Deus
1689 342 1784 370 omni-

1009 392 1123 427 potens.
1141 390 1329 419 Psalmista2:
1349 391 1522 418 Voluntatem
1537 389 1691 416 timentium
1703 396 1731 416 se
1743 389 1785 422 fa-

1010 439 1073 472 ciet,
1089 439 1144 465 etc.
1160 439 1231 466 Item
1245 436 1362 472 angeli,
1377 436 1430 472 qui
1445 436 1624 471 deputantur
1638 435 1677 462 ad
1691 436 1785 463 custo-

1011 483 1101 512 diam.
1117 485 1189 511 Item
1202 483 1364 516 daemoneS,
1378 482 1430 518 qui
1441 481 1548 509 dantur
1560 481 1600 509 ad
1615 480 1786 509 exercitium

1010 530 1170 558 bonorum.
1194 531 1264 558 Item
1286 528 1422 557 homines
1441 528 1530 563 boni,
1553 527 1605 564 qui
1624 528 1692 555 sunt
1713 527 1786 555 socii

1010 576 1251 610 tribulationum,
1275 578 1302 604 ct
1331 577 1417 603 erunt
1441 574 1513 603 socii
1537 573 1785 602 consolationum.

1011 624 1082 652 Item
1105 623 1240 651 homines
1260 621 1342 658 mali,
1359 621 1410 658 qui
1429 621 1527 649 bonos
1546 621 1642 656 magis
1663 628 1786 656 promo-

1012 671 1082 697 vent
1103 668 1329 705 persequendo,
1353 675 1444 703 quam
1467 669 1587 704 possent
1608 667 1703 695 facere
1723 674 1786 695 ser-

1012 715 1132 744 viendo.

1049 763 1162 797 Corpus
1177 761 1233 789 tale
1248 761 1330 788 dedit
1345 762 1420 788 Deus
1439 760 1537 796 primo
1557 760 1690 794 homini,
1704 760 1787 796 quod

1013 808 1119 836 auimae
1136 807 1303 842 subjectum
1322 809 1410 841 esset,
1432 809 1462 835 ut
1482 808 1557 834 esset
1579 806 1788 842 obtemperans

1014 854 1076 882 sinc
1099 853 1278 887 rebellione,
1297 855 1371 880 esset
1394 852 1483 880 etiam
1505 853 1701 889 propagabile
1725 853 1788 880 sine

1014 900 1154 934 libidine,
1166 902 1240 927 esset
1254 898 1419 934 vegetabile
1434 899 1496 926 sine
1508 898 1701 933 mortalitate,
1716 901 1790 927 esset

1015 946 1269 984 proportionabile
1301 948 1446 982 quantum
1478 946 1517 973 ad
1551 945 1790 981 complexionem

1015 994 1178 1029 aequalem,
1199 995 1274 1020 esset
1297 1000 1419 1029 quoquc
1443 992 1597 1020 conforme
1619 992 1744 1027 animae,
1759 994 1792 1020 ut

1016 1041 1090 1069 sicut
1112 1040 1212 1068 anima
1236 1042 1298 1068 erat
1320 1039 1484 1073 innocens,
1504 1041 1532 1066 et
1554 1041 1653 1066 tamen
1676 1041 1791 1075 poterat

1016 1095 1153 1124 peccare,
1168 1087 1209 1114 sic
1224 1095 1332 1123 corpus
1346 1089 1420 1114 essct
1434 1087 1631 1123 impassibile,
1645 1089 1678 1114 ut
1692 1089 1790 1114 tamen

1017 1137 1116 1170 posset
1130 1134 1338 1162 mortalitatem
1356 1134 1504 1161 incurrere
1521 1143 1528 1161 ε
1544 1135 1572 1161 et
1588 1133 1657 1161 ideo
1677 1136 1792 1170 poterat

1017 1182 1108 1217 mori,
1125 1184 1152 1209 et
1173 1189 1233 1209 non
1253 1181 1329 1208 mori
1350 1190 1356 1207 :
1375 1182 1490 1216 poterat
1511 1180 1621 1208 habere
1645 1180 1792 1208 sufficien-

1018 1229 1104 1261 tiam,
1120 1231 1147 1256 et
1162 1227 1356 1262 indigentiam
1373 1237 1379 1254 :
1395 1229 1511 1263 poterat
1525 1227 1748 1263 obtemperare,
1765 1229 1793 1255 et

1018 1274 1162 1302 rebellare
1173 1283 1178 1300 :
1192 1276 1220 1301 et
1229 1274 1286 1301 hoe
1297 1273 1349 1301 fuit
1358 1274 1471 1301 ratione
1478 1276 1588 1301 naturae
1597 1273 1746 1301 defectivae
1756 1281 1792 1301 ex

1019 1321 1112 1349 nihilo
1122 1323 1239 1355 creatze,
1250 1329 1303 1348 neo
1315 1328 1368 1356 per
1383 1320 1509 1355 gloriam
1524 1320 1714 1348 confirmatae.
1731 1320 1794 1348 Fuit

1019 1370 1117 1395 tamen
1130 1376 1238 1403 corpus
1253 1367 1293 1395 ita
1307 1367 1476 1400 conditum,
1487 1366 1559 1394 utin
1571 1375 1606 1394 eo
1622 1367 1705 1394 nulla
1720 1369 1794 1394 esset

1019 1421 1121 1450 pugna
1149 1414 1321 1442 rebellionis
1336 1435 1345 1448 ,
1372 1413 1454 1440 nulla
1480 1413 1612 1448 pronitas
1637 1413 1769 1440 libidinis
1784 1434 1792 1447 ‚

1021 1460 1103 1488 nulla
1118 1460 1285 1487 imminutio
1300 1459 1409 1494 vigoris
1420 1480 1429 1493 ,
1445 1459 1527 1486 nulla
1546 1459 1696 1494 corruptio
1718 1467 1795 1486 mor·

1021 1507 1065 1534 tis.
1082 1509 1145 1534 Haec
1160 1508 1257 1534 autem
1269 1506 1475 1534 immortalitas
1488 1505 1619 1541 corporis
1631 1505 1700 1533 Adae
1714 1506 1794 1541 prin-

1022 1554 1153 1590 cipaliter
1177 1554 1229 1582 fuit
1251 1554 1289 1582 ab
1312 1553 1412 1581 anima
1424 1574 1432 1586 ,
1453 1553 1527 1580 sicut
1545 1553 1582 1580 ab
1598 1553 1736 1581 influente
1755 1563 1761 1581 z
1778 1562 1795 1581 a

1023 1601 1154 1637 eorporis
1178 1601 1282 1636 {equali
1306 1600 1519 1636 compositione
1533 1619 1542 1633 ,
1564 1599 1637 1626 sicut
1657 1607 1675 1627 a
1695 1599 1795 1635 dispo-

1022 1651 1107 1676 nente
1123 1658 1128 1675 ι
1148 1656 1165 1675 a
1180 1648 1261 1682 ligno
1277 1647 1357 1680 vitae,
1373 1646 1447 1673 sicut
1462 1654 1478 1673 a
1494 1648 1647 1681 vegetante
1664 1655 1670 1673 :
1688 1655 1705 1674 a
1719 1647 1796 1682 regi-

1023 1696 1100 1723 mine
1114 1703 1185 1723 vero
1198 1694 1390 1730 providentioe
1401 1693 1524 1727 divinae,
1536 1693 1610 1721 sicut
1623 1694 1660 1721 ab
1677 1694 1797 1722 interius

1023 1743 1230 1775 conservante,
1246 1743 1273 1768 et
1287 1740 1413 1768 exterius
1432 1741 1614 1775 protegente.
1635 1741 1737 1768 Factus
1756 1743 1798 1769 est

1023 1789 1121 1824 itaque
1144 1788 1235 1815 homo
1260 1786 1372 1822 absque
1395 1786 1478 1814 omni
1500 1786 1587 1822 culpa
1610 1789 1638 1814 ct
1658 1786 1796 1822 miseria,

1024 1843 1077 1863 nec
1101 1834 1139 1862 ad
1163 1834 1282 1869 eulpam
1306 1833 1410 1860 habuit
1431 1833 1540 1860 fomitis
1564 1833 1795 1862 incitamentum.

1024 1883 1145 1916 Insuper
1160 1880 1261 1907 datum
1279 1881 1320 1906 est
1340 1879 1366 1906 ei
1389 1879 1576 1914 quadruplex
1597 1879 1796 1914 adjutorium:

1024 1928 1168 1963 primum,
1186 1926 1225 1954 ad
1246 1928 1322 1953 recte
1347 1925 1526 1959 volendum,
1547 1925 1629 1961 quod
1650 1927 1692 1953 est
1710 1934 1798 1954 cons-

1026 1974 1150 2008 cientia·‚
1171 1973 1350 2007 secundum,
1369 1973 1407 2000 ad
1429 1973 1678 2000 murmurandum
1698 1976 1799 2001 contra

1026 2022 1153 2055 malum,
1169 2023 1197 2048 et
1209 2020 1247 2048 ad
1271 2019 1485 2047 stimulandum
1506 2020 1544 2046 ad
1567 2020 1679 2048 bonum
1691 2041 1699 2055 ,
1717 2020 1798 2056 quod

1027 2071 1068 2096 est
1088 2067 1269 2103 synderesis3
1283 2066 1401 2094 tertium
1415 2066 1468 2093 fuit
1490 2066 1610 2093 scientia
1629 2066 1799 2093 illuminans

1026 2114 1206 2142 intellectum
1238 2112 1276 2139 ad
1309 2112 1550 2146 cognoscendum
1579 2113 1667 2138 Deum
1692 2120 1778 2139 suum
1789 2133 1796 2146 ,

1027 2161 1101 2189 sicut
1120 2160 1267 2195 scipsum,
1291 2161 1318 2186 et
1339 2158 1485 2185 mundum
1508 2157 1610 2191 istum,
1632 2158 1682 2193 qui
1706 2158 1798 2186 factus

1026 2209 1120 2235 fuerat
1146 2209 1265 2242 propter
1292 2205 1397 2240 ipsum.
1425 2205 1566 2237 Quartum
1592 2204 1645 2231 suit
1674 2204 1798 2232 charitas

1027 2246 1191 2282 accendens
1204 2252 1341 2279 aflectum
1356 2250 1394 2277 ad
1408 2250 1594 2284 diligendum
1607 2252 1697 2278 Deum
1711 2259 1799 2286 super

1028 2300 1141 2334 omnia,
1154 2301 1181 2326 et
1190 2299 1361 2334 proximum
1371 2305 1458 2324 suum
1469 2297 1541 2324 sieut
1553 2297 1691 2332 seipsum.
1705 2298 1799 2325 Prima

1028 2348 1088 2374 duo
1103 2345 1249 2382 pertinent
1262 2343 1299 2371 ad
1315 2343 1524 2378 perfectionem
1540 2343 1799 2377 natui'aliun1;alia

1028 2395 1088 2422 (luo
1111 2393 1150 2420 ad
1171 2391 1379 2427 perfectionem
1407 2390 1551 2425 pertinent
1582 2390 1775 2424 gratuitorum
1790 2411 1797 2423 ‚

1028 2448 1156 2477 quorum
1171 2446 1263 2465 unum
1283 2437 1337 2464 suit
1360 2436 1458 2471 gratiae
1474 2436 1563 2471 gratis
1586 2436 1673 2469 datae,
1690 2436 1799 2464 scilicet

1027 2486 1146 2515 scientia
1159 2495 1166 2519 ;
1181 2484 1263 2512 aliud
1278 2483 1376 2517 gratiae
1394 2484 1509 2517 gratum
1525 2482 1670 2516 facientis,
1689 2483 1798 2510 scilicet

1028 2533 1161 2561 charitas.
1178 2529 1295 2565 Accepit
1310 2530 1400 2556 homo
1422 2528 1565 2563 triplicem
1585 2529 1723 2556 oculum:
1738 2530 1797 2564 pri-

1026 2587 1120 2613 mum,
1132 2577 1236 2610 carnis,
1250 2584 1310 2611 quo
1322 2575 1435 2603 videret
1448 2574 1608 2609 mundum,
1621 2575 1795 2608 secundum,

1026 2625 1163 2658 rationis,
1182 2631 1241 2659 quo
1266 2622 1379 2650 videret
1402 2621 1552 2655 :mimium
1574 2621 1704 2656 tertium,
1727 2629 1796 2649 con-

1027 2670 1238 2708 templationis,
1260 2677 1319 2705 quo
1339 2667 1451 2695 videret
1469 2669 1567 2696 Deum.
1592 2670 1623 2696 Et
1647 2668 1688 2695 sic
1709 2668 1795 2695 oculo
