2004 3037
222 168 283 200 490

224 236 277 271 est,
291 236 321 263 et
333 235 424 271 petrae
436 233 532 262 soissae
548 234 627 268 sunt,
641 234 671 262 et
687 233 882 261 monumenta
899 233 1002 269 aperta

224 283 302 316 sunt,
317 283 345 309 et
357 280 452 309 multa
461 288 588 317 corpora
599 281 782 316 Sanctorum,
794 287 861 316 quae
871 279 1002 308 dormie-

223 330 300 363 rant,
315 330 516 356 surrexerunt.
532 337 546 355 »
562 328 675 362 Mami„
689 335 778 356 xxvn.

261 376 441 410 Resurgente
454 382 527 403 vero
543 374 609 411 ipso
631 374 756 403 Domino
779 375 847 402 Jesu
868 373 980 402 Christo
991 395 1001 410 ,

228 431 242 448 α
257 423 339 450 terrae
351 423 449 450 motus
463 421 557 450 factus
571 423 613 450 est
626 429 767 457 magnus;
782 421 912 457 Angelus
923 420 1003 448 enim

226 468 342 497 Domini
357 469 509 498 descendit
522 468 560 497 de
574 468 660 504 coelo,
676 470 704 496 et
721 468 865 497 accedens
878 467 1004 496 revolvit

225 516 359 553 lapidem
374 516 413 544 ab
434 516 508 545 ostio
524 515 709 544 monumenti
714 525 723 551 ς
746 523 808 552 prae
827 515 934 543 timore
949 522 1003 542 au-

227 564 286 591 tem
302 563 339 600 (α)
355 563 418 599 eJus
431 563 559 591 exterriti
574 564 641 590 sunt
652 562 798 598 custodes,
815 564 842 590 et
854 561 922 590 facti
937 562 1005 589 sunt

226 610 308 638 velut
321 610 442 638 mortui.
457 621 470 637 r>
488 610 601 645 Matth„
613 617 710 638 xxviii.

264 657 372 685 Deinde
388 657 525 694 apparuit
538 656 691 693 discipulis
699 656 769 691 suis,
776 655 876 692 januis
886 654 1003 689 clausis,

227 706 336 739 Joann„
352 713 404 739 xx;
421 706 448 732 et
463 704 502 732 ad
516 712 598 732 mare
612 703 790 738 Tiberiadis,
804 703 858 730 ubi
872 702 911 730 ad
931 709 1006 738 prae-

230 753 348 787 ceptum
362 751 425 787 ejus
435 752 580 779 mittentes
593 752 655 779 rete
669 751 700 778 in
715 758 809 784 mare,
820 758 836 776 α
850 749 1006 785 impletum

230 800 272 826 est
281 798 397 834 magnis
407 798 537 834 piscibus
547 800 665 826 centum
676 797 893 834 quinquaginta
903 795 1006 830 tribus,

230 846 257 873 et
271 853 338 873 cum
349 845 420 873 tanti
435 847 538 877 essent,
548 853 609 873 non
620 846 661 873 est
675 844 798 872 scissum
808 845 901 872 rete.»
915 844 1006 877 Joan„

233 900 293 920 xxr.

266 940 397 968 Tandem
412 939 644 976 quadragesimo
664 938 712 966 die
732 940 800 975 post
819 937 1008 966 resurrectio-

231 995 300 1014 nem
315 994 400 1014 suam
413 993 560 1023 apparens
575 985 739 1022 discipulis,
750 987 778 1013 et
787 993 839 1013 eos
853 985 1009 1020 increpans

233 1035 261 1061 et
275 1033 432 1067 instruens,
451 1033 623 1061 videntibus
638 1035 666 1061 et
688 1031 904 1060 admirantibus
922 1040 937 1057 ι(
951 1030 1009 1058 ele-

232 1081 318 1108 vatus
332 1081 375 1108 est
393 1080 423 1107 in
441 1080 560 1114 coelum,
583 1083 611 1108 et
624 1080 719 1108 nubes
740 1079 868 1115 suscepit
888 1086 957 1106 eum
971 1077 1010 1106 ab

234 1127 328 1155 oculis
343 1135 457 1155 eorum.
474 1138 487 1153 n
505 1129 582 1161 Luc.‚
598 1135 680 1162 xx1v3
697 1128 768 1161 Act„
785 1135 804 1154 1.

269 1174 410 1202 Pru-dicta
424 1174 569 1202 miracula
584 1174 614 1202 in
626 1173 746 1210 speciali
762 1176 923 1209 tanguntur
929 1182 936 1207 ;
953 1172 1012 1200 alia

235 1229 305 1249 vero
321 1221 450 1258 plurima
464 1221 553 1249 fuisse
569 1222 645 1249 facta
658 1221 689 1248 in
707 1220 838 1256 generali
859 1220 1010 1255 leguntur,

235 1269 309 1296 sieut
323 1271 446 1304 apparet
459 1268 489 1296 in
507 1268 632 1296 diversis
646 1268 732 1302 locis,
747 1268 776 1295 in
792 1268 924 1301 ΜαιιΙιεο,
938 1268 1013 1294 Mar-

235 1324 274 1350 co,
291 1317 318 1343 et
340 1317 418 1343 Luca.
437 1315 535 1350 Unde,
555 1317 666 1350 Joarm„
683 1323 719 1343 xx
736 1324 742 1342 z
764 1314 876 1342 «Multa
891 1314 1012 1350 quidem

235 1365 264 1391 et
277 1363 335 1391 alia
350 1363 416 1391 fecit
430 1364 510 1391 Jesus
522 1384 529 1397 ‚
540 1373 553 1388 ι)
572 1364 625 1390 cte.

272 1410 343 1439 Miro
359 1410 452 1438 modo
470 1417 614 1445 magnum
628 1409 682 1437 fuit
695 1409 873 1437 miraculum
888 1409 926 1436 de
941 1408 1014 1437 effu-

237 1458 319 1486 sione
333 1457 456 1494 Spiritus
467 1458 558 1485 sancti
571 1465 660 1492 super
672 1457 833 1493 discipulos
844 1457 874 1485 in
886 1457 934 1485 die
946 1458 1015 1485 Pen-

238 1507 369 1539 tecostes3
383 1504 462 1532 unde
479 1505 518 1532 ita
534 1504 652 1532 suerunt
665 1504 813 1539 roborati,
830 1504 973 1532 consolati
988 1506 1016 1532 et

238 1552 391 1587 illustrati,
410 1553 481 1585 Act„
499 1560 527 1580 u.

275 1600 382 1627 Vidcns
400 1601 498 1627 l‘etrus
512 1599 664 1626 hominem
689 1598 830 1626 claudum
843 1599 926 1633 juxta
947 1600 1017 1635 Spe·

240 1647 352 1674 ciosam
374 1648 490 1682 portam
512 1645 613 1681 templi
629 1645 702 1672 dixit
716 1655 723 1673 ;
743 1656 755 1671 ιι
770 1647 798 1673 ln
814 1645 935 1673 nomine
950 1647 1017 1673 Jesu

240 1693 342 1721 Christi
358 1693 496 1720 Nazareni
506 1701 592 1726 surge
609 1694 635 1720 ct
648 1692 779 1719 ambula.
792 1694 823 1719 Et
834 1692 1018 1728 apprehensa

241 1748 332 1767 manu
348 1740 410 1774 ejus
425 1739 555 1773 dextera,
572 1739 721 1766 alleviavit
736 1747 804 1766 eum
819 1749 825 1766 ;
842 1741 869 1766 et
885 1739 1018 1775 protinus

242 1786 432 1813 consolidatae
444 1788 510 1813 sunt
524 1786 608 1813 bases
619 1786 681 1820 ejus
695 1788 722 1812 et
736 1786 852 1821 plautae.
864 1796 876 1811 ι)
889 1787 960 1818 Act„
977 1793 1017 1812 111.

282 1842 294 1858 «
311 1832 445 1868 Princeps
460 1832 658 1866 sacerdotum,
671 1834 697 1859 et
708 1832 870 1867 omnesqui
886 1840 953 1859 cum
969 1831 1019 1859 illo

243 1881 336 1913 erant,
351 1879 512 1914 injecerunt
527 1886 632 1906 manus
646 1879 676 1906 in
691 1879 851 1914 apostolos,
868 1881 895 1905 et
909 1886 1019 1914 posue-

243 1927 311 1953 runt
325 1934 375 1953 eos
390 1926 419 1953 in
436 1925 570 1953 custodia
584 1933 637 1953 sua
651 1925 781 1961 publica.
798 1935 811 1950 u
828 1925 956 1960 Angelus
971 1933 1021 1952 au-

245 1974 302 1999 tem
318 1972 433 2000 Domini
457 1980 510 2008 per
525 1975 641 1999 noctem
657 1972 759 2000 eduxit
782 1979 851 2004 ρος,
877 1973 904 1999 et
929 1979 1023 1999 carce-

244 2027 306 2047 rem
329 2019 461 2053 rcclusit,
479 2021 532 2046 etc.
549 2020 623 2052 Act„
638 2027 665 2047 v.

281 2066 395 2093 Grande
419 2066 594 2093 miraculum
616 2067 644 2093 ct
661 2066 791 2093 terribile
818 2066 927 2094 sactum
951 2066 1022 2100 suit,

246 2113 368 2148 quando
381 2113 419 2140 ad
431 2121 534 2140 vocem
548 2113 777 2148 increpatoriam
792 2113 882 2147 Petri,
896 2113 1024 2140 Ananias

247 2160 350 2187 cecidit
363 2162 390 2187 ct
405 2160 567 2195 expiravit3
581 2163 608 2188 et
621 2159 717 2187 simile
732 2159 838 2187 accidit
850 2159 886 2187 de
901 2159 1024 2195 Saphira

247 2214 339 2234 uxore
354 2207 418 2241 ejus
429 2227 437 2239 ,
454 2208 531 2240 Act„
547 2215 574 2234 v.

283 2255 313 2280 ln
323 2253 427 2289 plateis
439 2253 591 2289 ponebant
604 2253 737 2281 infirmos
750 2253 780 2280 in
793 2253 908 2281 lectulis
921 2255 947 2280 ct
960 2261 1025 2288 gra-

249 2300 340 2334 batis,
357 2301 389 2327 ut
402 2301 537 2327 veniente
553 2302 635 2327 Petro
653 2300 758 2327 saltem
772 2300 880 2327 umbra
895 2301 957 2335 ejus
974 2299 1026 2328 ob-

250 2347 400 2374 umbraret
417 2355 598 2382 quemquam
622 2347 752 2374 illorum.
765 2347 963 2374 concurrebat
974 2355 1026 2374 au-

250 2396 308 2421 tem
330 2393 487 2421 multitudo
514 2393 679 2422 vicinarum
704 2393 856 2420 civitatum
872 2394 1026 2421 afferentes

252 2448 346 2476 {egros
357 2462 366 2475 ,
388 2443 415 2469 ct
439 2441 639 2470 daemoniacos
649 2461 659 2476 ‚
683 2442 712 2469 et
738 2442 882 2470 curabant
910 2449 1024 2470 omnes.

253 2489 327 2519 Aee„
343 2496 371 2515 V.

289 2536 466 2564 Praedieante
489 2535 622 2572 Philippo
646 2536 676 2563 iu
699 2535 848 2570 Samaria,
872 2536 956 2564 multi
976 2536 1028 2572 qui

290 2635 325 2665 (a)
338 2635 399 2659 Caet.
418 2635 476 2659 edit.
493 2636 579 2659 etiam.
594 2648 621 2653 —-
634 2635 667 2665 ib]
685 2636 744 2660 [lem
761 2635 942 2660 circumfultus.

833 164 967 196 BlBLIA
987 163 1220 198 PAUPERUM.

1057 232 1209 261 habebant
1232 231 1352 269 spiritus
1375 231 1567 269 immundos,
1587 233 1749 264 clamantes
1771 235 1834 266 exi-

1056 279 1148 314 bant3
1169 279 1254 308 multi
1279 279 1368 308 etiam
1388 278 1544 316 paralytici
1568 281 1598 308 et
1617 280 1718 310 claudi
1740 282 1834 312 curati

1057 327 1138 354 sunt.
1154 327 1231 362 Act„
1247 334 1308 355 vm.

1092 374 1213 402 AEneam
1226 373 1424 410 paralyticum
1436 372 1475 402 ab
1485 373 1571 401 annis
1585 375 1653 402 octo
1664 373 1696 403 in
1710 375 1834 410 grabato

1054 419 1203 455 jacentem
1227 421 1328 448 Petrus
1361 420 1494 455 sanavit,
1519 420 1647 449 dicendo
1671 430 1680 449 ι
1704 432 1717 448 «
1728 423 1836 457 Ainea,

1057 466 1151 495 salvet
1160 469 1187 495 te
1200 467 1340 495 Dominus
1349 468 1362 496 J
1365 475 1431 496 esus
1445 467 1574 496 Christus
1579 476 1589 503 ;
1605 476 1693 504 surge
1703 470 1733 497 et
1740 470 1838 498 sterne

1062 513 1126 543 tibi.
1142 523 1157 541 n
1174 515 1248 548 Act„
1263 522 1302 542 ix.

1097 570 1111 588 α
1125 561 1227 597 Ejectis
1242 561 1382 590 omnibus
1397 561 1487 596 foras»,
1503 563 1602 590 Petrus
1615 570 1731 599 ponens
1740 570 1840 599 genua

1060 609 1165 643 oravit,
1175 610 1203 636 et
1210 617 1369 637 conversus
1376 608 1415 637 ad
1424 617 1531 645 corpus
1539 609 1667 637 Thabitae
1675 611 1838 646 mortuum,

1060 654 1142 689 dixit3
1154 655 1288 690 Thabita,
1302 663 1400 691 surge.
1417 657 1451 684 At
1464 655 1516 684 illa
1529 656 1666 693 apperuit
1679 656 1794 692 oculos,
1810 659 1839 685 et

1061 701 1124 730 viso
1132 694 1222 730 'Petro
1238 701 1360 738 rescdit;
1383 702 1517 739 dansque
1539 702 1586 731 illi
1604 711 1727 731 manum
1747 703 1840 732 erexit

1063 756 1140 777 eam.
1155 759 1169 776 n
1185 750 1256 783 Act„
1272 757 1312 777 lx.

1098 795 1229 823 Mirabile
1243 797 1271 824 et
1281 795 1458 824 admirabile
1472 795 1583 825 sactum
1596 796 1660 832 fuit,
1672 796 1757 834 quod
1770 798 1840 826 Sau-

1062 842 1109 870 lus
1124 843 1197 870 dum
1212 843 1266 870 iret
1283 844 1459 870 Damascum
1481 842 1521 871 ad
1535 843 1714 879 capiendum
1736 844 1841 872 Christi

1064 889 1244 926 discipulos,
1263 889 1371 918 coelesti
1392 889 1504 918 lumine
1533 889 1728 918 circumfusus
1749 890 1786 926 (b)
1811 890 1842 919 in

1064 938 1172 964 terram
1192 938 1355 973 prostratus
1379 938 1436 971 est,
1460 938 1488 965 et
1511 936 1638 965 exterius
1658 939 1819 965 excaecatus
1832 958 1841 972 ,

1065 982 1118 1011 sed
1134 983 1255 1011 interius
1269 983 1438 1012 illustratus.
1453 984 1527 1019 Ace„
1543 991 1584 1011 ix.

1103 1032 1218 1059 Petrum
1233 1031 1470 1066 incarceratum,
1493 1030 1602 1059 catenis
1624 1030 1742 1059 duabus
1762 1031 1844 1059 vinc-

1066 1079 1129 1105 tum
1139 1099 1148 1112 ,
1165 1081 1193 1106 et
1206 1077 1356 1105 sexdecim
1371 1077 1515 1105 militibus
1533 1077 1714 1106 custoditum
1725 1099 1733 1113 ,
1747 1081 1844 1114 Ange-

1067 1125 1113 1152 lus
1126 1124 1241 1153 Domini
1255 1124 1390 1152 solutum
1411 1124 1532 1160 eduxit,
1552 1127 1580 1153 et
1593 1126 1679 1161 porta
1693 1124 1788 1153 ferrea
1801 1124 1844 1153 ul-

1067 1174 1112 1200 tro
1128 1174 1229 1208 aperta
1244 1174 1286 1200 est
1298 1172 1348 1200 eis.
1364 1172 1440 1206 Act„
1454 1179 1495 1199 ix.

1103 1218 1238 1255 Elymam
1246 1226 1378 1254 magum,
1385 1217 1845 1254 pseudo-prophetamuudoeuQ

1068 1265 1174 1294 Paulus
1186 1265 1314 1302 privavit
1329 1265 1441 1293 lumine
1455 1264 1624 1301 oculorum,
1640 1273 1676 1293 eo
1689 1265 1773 1301 quod
1783 1265 1846 1302 ipse

1068 1312 1279 1349 proconsulem
1293 1312 1417 1340 Paulum
1437 1320 1455 1339 a
1469 1311 1529 1340 fide
1544 1312 1714 1347 avertebat,
1729 1314 1757 1339 et
1771 1314 1847 1348 Apo-

1068 1359 1150 1388 stolis
1175 1359 1301 1388 verbum
1328 1359 1376 1387 Dei
1409 1358 1638 1395 praedicantibus
1667 1358 1821 1387 resistebat
1835 1380 1845 1394 ‚

1070 1410 1143 1440 Act„
1159 1416 1219 1436 xiii.

1106 1457 1136 1483 ln
1152 1455 1267 1483 civitate
1284 1456 1390 1491 Lystroe
1404 1457 1466 1483 erat
1479 1455 1525 1482 vir
1535 1453 1660 1491 quidam
1671 1453 1795 1481 claudus
1810 1461 1847 1481 ex

1070 1505 1153 1531 utero
1170 1502 1270 1530 matris
1285 1510 1360 1536 suae,
1376 1502 1427 1538 qui
1440 1509 1598 1538 nunquam
1612 1501 1822 1529 ambulaverat
1839 1509 1846 1528 ε

1071 1558 1160 1586 quem
1174 1550 1289 1578 intuens
1302 1549 1408 1577 Paulus
1423 1550 1575 1578 dixitvoce
1586 1556 1695 1584 magna
1711 1557 1717 1575 :
1730 1548 1849 1583 «Surge

1071 1606 1160 1634 super
1168 1597 1256 1633 pedes
1265 1600 1329 1625 tuos
1339 1599 1434 1625 rectus
1443 1607 1455 1622 ι)
1461 1607 1469 1633 3
1480 1598 1508 1624 et
1519 1595 1630 1625 exilivit
1640 1598 1666 1623 et
1674 1594 1848 1624 ambulavit.

1073 1645 1149 1678 Act„
1164 1652 1222 1672 xiv.

1108 1692 1248 1725 Quaedam
1272 1690 1372 1727 puella
1390 1690 1502 1718 habens
1527 1689 1663 1725 spiritum
1685 1688 1850 1725 pythonem

1074 1746 1216 1772 magnum
1231 1739 1376 1773 quaestum
1399 1736 1556 1772 praestabat
1572 1735 1702 1762 dominis
1717 1735 1776 1762 suis
1801 1733 1848 1762 di-

1075 1784 1223 1818 x·inando;
1249 1783 1310 1810 haec
1332 1782 1512 1818 sequebatur
1537 1781 1659 1809 Paulum
1675 1784 1702 1809 et
1724 1782 1849 1816 Lucam,

1075 1833 1102 1858 et
1112 1831 1244 1858 clamans
1257 1832 1284 1857 et
1296 1829 1396 1856 dicens
1411 1838 1417 1856 :
1430 1839 1444 1854 α
1453 1829 1498 1857 lsti
1507 1828 1643 1856 homines
1652 1828 1727 1855 servi
1745 1827 1852 1855 excelsi

1076 1877 1123 1905 Dei
1138 1879 1215 1905 sunt.
1227 1887 1239 1902 n
1259 1876 1365 1903 Dolens
1384 1877 1483 1903 autem
1496 1875 1603 1903 Paulus
1618 1874 1692 1901 dixit
1712 1874 1826 1910 spiritui
1844 1882 1851 1902 :

1079 1934 1092 1949 (ι
1104 1923 1242 1959 Praecipio
1258 1922 1310 1950 tibi
1326 1922 1355 1949 in
1378 1922 1498 1950 nomine
1520 1923 1586 1949 Jesu
1600 1920 1704 1949 Christi
1720 1920 1799 1948 exire
1814 1920 1852 1948 ab

1077 1980 1126 2005 ea,
1140 1982 1152 1996 n
1174 1974 1201 1999 ct
1215 1970 1304 1998 exivit
1319 1969 1424 1997 cadem
1439 1969 1522 1996 hora.
1539 1969 1614 2000 Act„
1629 1975 1688 1995 xvi.

1113 2020 1185 2046 Cum
1201 2019 1295 2045 essent
1311 2017 1417 2043 Paulus
1432 2018 1458 2043 et
1472 2015 1547 2043 Silas
1560 2016 1589 2042 in
1601 2023 1715 2043 carcere
1730 2013 1854 2042 laudan-

1078 2068 1120 2094 cst
1131 2067 1231 2099 Deum,
1246 2064 1342 2091 subito
1357 2066 1438 2091 terr-‘e
1449 2064 1547 2090 motus
1560 2062 1653 2090 sactus
1664 2064 1705 2089 est
1716 2069 1854 2096 magnus,

1078 2114 1117 2141 ita
1133 2115 1162 2140 ut
1177 2113 1365 2139 moverentur
1381 2109 1573 2137 fundamenta
1589 2108 1728 2142 carcere,
1753 2110 1780 2135 et
1799 2110 1855 2135 sta-

1079 2161 1129 2187 tim
1146 2160 1246 2195 aperta
1265 2159 1332 2185 sunt
1355 2156 1455 2184 omnia
1479 2156 1554 2183 ostia
1567 2176 1577 2190 ,
1600 2157 1628 2184 et
1648 2154 1854 2183 universorum

1079 2206 1198 2234 vincula
1212 2205 1308 2232 soluta
1323 2204 1398 2231 sunt.
1414 2204 1488 2236 Act„
1501 2211 1560 2230 xvi.

1116 2254 1238 2280 Virtutes
1253 2259 1313 2278 non
1328 2249 1462 2277 modicas
1481 2249 1607 2277 faciebat
1626 2249 1701 2276 Deus
1719 2255 1772 2284 per
1791 2255 1853 2274 ma·

1080 2309 1135 2328 nus
1152 2299 1247 2331 Pauli,
1265 2298 1305 2325 ila
1319 2298 1351 2324 ut
1365 2297 1453 2324 etiam
1474 2304 1563 2332 super
1584 2295 1744 2330 languidos
1760 2293 1854 2321 deser-

1080 2349 1179 2376 rentur
1194 2354 1211 2374 a
1228 2351 1351 2380 corpore
1367 2343 1430 2378 ejus
1445 2343 1565 2370 sudaria
1576 2363 1584 2377 ,
1599 2342 1646 2369 vel
1662 2340 1852 2374 semicinctia,

1081 2398 1107 2422 et
1121 2392 1299 2422 recedebant
1314 2390 1352 2417 ab
1376 2390 1417 2417 eis
1436 2389 1595 2425 languores
1605 2409 1611 2421 ,
1629 2389 1656 2415 et
1670 2387 1787 2423 spiritus
1802 2394 1854 2415 ne-

1081 2449 1172 2478 quam
1187 2437 1424 2474 egrediebantur.
1440 2437 1515 2470 Act„
1531 2443 1586 2463 xur.

1118 2487 1244 2522 Quidam
1271 2484 1362 2512 Judaei
1391 2484 1575 2511 tentaverunt
1601 2481 1740 2508 invocare
1769 2488 1858 2516 super

1084 2543 1134 2564 eos
1144 2554 1154 2567 ,
1168 2533 1218 2569 qui
1242 2531 1394 2559 habebant
1416 2529 1534 2565 spiritus
1548 2527 1661 2562 malos,
1679 2535 1789 2555 nomen
1805 2529 1858 2554 Do-

1084 2581 1156 2610 mini
1171 2578 1261 2607 nostri
1276 2579 1343 2606 Jesu
1358 2576 1472 2610 Christi,
1485 2575 1614 2603 dieentes
1627 2583 1633 2602 :
1650 2584 1664 2601 α
1679 2574 1790 2609 Adjuro
1805 2581 1859 2601 vos

1085 2636 1138 2666 per
1147 2629 1254 2660 lesum,
1265 2632 1353 2660 quem
1365 2622 1470 2651 Paulus
1478 2621 1627 2658 praedicat.
1639 2631 1652 2648 n
1668 2620 1860 2657 Respondeas
