2004 3037
59 847 131 868 Vesti-

27 880 110 900 monta.

28 1359 129 1381 Panium.

49 1549 137 1570 Calcea-

30 1582 112 1602 menta.

0 1867 2 1919 i
34 1880 136 1899 Gressus.

0 1931 2 1947 t

731 199 872 232 SUMMA
893 199 944 231 DE
967 199 1174 232 ESSENTIA.

144 274 200 302 tate
221 272 252 301 in
272 271 375 300 Exodo
396 269 538 307 scriptum
559 269 602 297 est
623 269 632 285 ²
654 276 661 296 :
688 267 823 296 Viderunt
841 269 925 296 Deum

143 320 243 355 Israel,
258 319 315 347 hoc
331 319 387 353 est,
400 317 530 354 Moyses,
544 315 573 343 et
583 316 701 349 Aaron,
716 315 744 342 ct
756 314 860 343 Nadab
871 335 880 349 ‚
897 316 925 342 et

143 366 259 400 Abiud,
283 367 312 394 et
338 362 523 401 septuaginta
545 362 582 390 de
606 361 774 390 senioribus
795 360 923 398 populi:

143 413 198 441 Sub
211 413 326 448 pedibus
340 411 397 447 eJ'us
411 411 490 446 quasi
504 417 570 445 opus
586 408 690 444 lapidis
704 409 864 444 sapphirini
875 430 882 440 ‚
900 410 926 436 et

144 461 226 496 quasi
239 460 350 492 coelum,
365 457 429 485 dum
448 464 570 485 serenum
594 457 642 483 est.
660 455 740 483 Sicut
754 457 854 483 autem
872 463 927 491 per

145 506 278 543 lapidem
291 504 465 542 sapphirum
485 503 617 531 coelestes
635 502 684 530 vel
702 504 819 530 sanctos
834 509 926 537 ange-

145 554 202 588 los,
217 553 257 581 ita
269 560 323 589 per
338 551 448 580 coelum
462 558 602 579 serenum
619 551 751 578 sanctam
765 549 927 577 Ecclesiam

146 600 325 634 electorum,
341 606 377 626 ex
394 597 535 626 omnibus
550 598 750 633 assumptam,
766 595 928 632 figuraliter

146 646 350 674 demonstrare
364 644 477 673 voluit:
494 652 582 681 super
597 651 672 680 quas
688 643 762 671 duas
778 645 928 671 creaturas

145 693 238 721 homo
261 693 429 728 assumptus
447 691 538 720 Filius
561 690 612 719 Dei
632 690 664 718 in
683 692 861 727 perpetuum
880 698 926 718 re-

146 741 227 776 gnat,
243 739 280 767 de
295 747 356 776 quo
375 738 406 766 in
422 737 539 766 Psalmo
552 739 563 755 ²
582 747 589 766 :
613 738 712 766 Omnia
726 737 866 771 subjecisti
879 738 928 764 sub

143 787 260 823 pedibus
276 787 343 822 ejus.

182 833 396 861 vestimentum
418 831 483 860 Filii
506 831 556 859 Dei
574 830 740 867 aliquando
763 838 831 858 caro
855 831 929 865 ejus,

148 888 214 917 quoe
232 888 250 908 a
265 879 417 908 divinitate
432 880 584 914 assumpta
599 880 654 912 est,
669 877 700 905 in
722 877 831 905 divinis
845 877 930 905 libris

147 926 310 963 figuraliter
325 926 467 962 accipitur
477 936 485 961 3
508 925 545 953 de
562 933 622 961 quo
640 924 817 952 indumento
834 924 931 952 carnis

148 974 236 1002 Isaias
251 974 291 1002 ait
311 975 320 991 ³
337 982 344 1001 :
361 974 428 1006 Quis
447 974 512 1004 iste,
529 973 578 1007 qui
595 972 669 999 venit
685 971 717 998 de
731 971 817 998 Edom
839 972 931 998 tinctis

146 1021 265 1048 vestibus
279 1021 312 1047 dc
326 1021 430 1047 Bosra?
440 1021 550 1047 Rursus
560 1026 615 1054 pcr
627 1018 838 1045 vestimentum
853 1017 930 1053 ejus-

147 1068 217 1096 dem
230 1067 347 1095 Domini
361 1068 462 1094 sancta
476 1065 618 1101 accipitur
633 1065 763 1093 Ecclesia
773 1086 781 1099 ,
798 1073 864 1100 quae
878 1072 931 1101 per

146 1114 239 1142 fidem
253 1115 281 1141 et
300 1113 489 1142 dilectionem
510 1113 537 1140 ei
553 1113 711 1148 conjuncta
733 1114 793 1147 est,
817 1112 854 1139 de
869 1120 930 1147 quo

147 1161 177 1189 in
192 1161 306 1189 Psalmo
322 1161 429 1188 dicitur
444 1161 454 1177 l‘
470 1169 476 1187 :
493 1161 623 1187 Dominus
646 1161 772 1194 regnavit
782 1179 792 1193 ,
812 1159 931 1186 decorem

147 1209 261 1236 indutus
273 1211 312 1236 est
322 1208 368 1244 (a).
380 1209 413 1235 Et
427 1207 458 1235 in
472 1206 587 1235 Psalmo
601 1205 660 1234 alio
673 1206 821 1242 adipsum
833 1205 932 1233 Domi-

147 1264 221 1284 num
233 1257 242 1273 ⁵
259 1266 266 1284 z
284 1256 482 1290 Confessionem
496 1257 522 1283 et
538 1254 654 1282 decorem
669 1254 801 1287 induisti,
817 1254 933 1280 amictus

149 1305 250 1332 lumine
264 1305 335 1331 sicut
347 1304 514 1331 vestimento.

184 1350 309 1378 Pallium
323 1349 427 1378 Christi
443 1350 506 1385 jam
522 1349 600 1377 dicta
613 1349 676 1384 ejus
695 1347 824 1375 Ecclesia
844 1346 932 1374 intel-

149 1397 260 1433 ligitur.
278 1399 316 1424 De
328 1405 390 1433 quo
405 1396 436 1424 in
445 1396 524 1424 libro
535 1397 680 1424 Genescos
694 1393 837 1430 scriptum
853 1395 895 1421 est
904 1392 930 1421 ⁶:

151 1446 232 1472 Lavit
250 1446 280 1471 in
297 1445 359 1470 vino
374 1445 484 1475 stolam,
501 1443 560 1470 hoc
582 1444 640 1477 cst,
657 1441 688 1468 in
702 1441 848 1477 passionis
862 1448 934 1468 san-

156 1491 244 1526 guine
259 1498 380 1518 carnem
394 1497 490 1517 suam.

187 1537 391 1566 Caice-amenta
405 1535 522 1564 Domini
543 1535 635 1562 nostri
650 1536 718 1562 Jesu
732 1534 836 1562 Christi
851 1542 933 1569 mys-

154 1585 206 1613 tice
226 1583 394 1619 significant
419 1581 655 1610 incarnationem
682 1581 761 1616 ejus,
782 1588 874 1617 quam
898 1589 935 1608 ex

152 1631 328 1659 mortalitate
350 1629 474 1657 humani
496 1628 597 1664 generi
622 1636 771 1656 assumere
797 1627 935 1662 dignatus

152 1680 203 1706 est.
220 1679 258 1705 De
274 1685 334 1713 qua
348 1675 552 1704 incarnatione
567 1683 621 1702 sua
635 1675 698 1711 ipse
713 1674 784 1702 dicit
798 1683 851 1711 per
866 1676 936 1702 Pro-

152 1725 272 1760 phetam
301 1724 332 1751 in
354 1722 476 1751 Psalmis
496 1723 507 1739 ⁷
535 1731 541 1749 :
566 1723 598 1749 In
620 1722 766 1749 Idumoeam
790 1723 935 1749 emendam

152 1774 357 1800 calceamentum
371 1761 475 1806 meum,
495 1770 526 1798 id
547 1772 606 1805 est,
623 1771 654 1798 in
673 1770 762 1806 plebe
777 1769 936 1797 Gentilium

156 1819 352 1847 manifestabo
368 1818 603 1846 incarnationem
618 1825 727 1844 meam.

191 1867 310 1894 Gressus
331 1865 395 1893 Filii
414 1865 480 1899 Dei,
504 1864 648 1892 adventus
667 1863 698 1891 in
721 1863 886 1898 mundum,
908 1866 936 1891 et

155 1921 306 1948 regressus
322 1913 385 1947 ejus
399 1912 439 1939 ad
453 1913 568 1939 Patrem
580 1921 588 1947 ς
603 1911 640 1938 de
657 1911 766 1947 quibus
783 1910 936 1938 psalmista

155 1959 195 1987 ait
209 1960 218 1975 Β
234 1968 240 1987 :
265 1961 326 1986 Visi
339 1962 402 1986 sunt
414 1966 518 1993 gressus
535 1959 568 1993 (l)
585 1960 644 1993 tui,
661 1959 749 1991 Deus,
766 1966 885 1992 egressus
898 1958 931 1994 (c)

155 2008 205 2033 Dei
227 2007 296 2039 mci,
319 2007 389 2039 reqis
412 2007 480 2038 mei,
506 2007 554 2039 qui
573 2007 611 2032 est
635 2006 665 2031 z'n
690 2007 791 2032 saneto.
814 2007 876 2040 lpse
899 2004 936 2032 de

155 2052 231 2080 coelo
250 2051 329 2079 venit
349 2051 380 2078 in
402 2053 520 2078 uterum
542 2051 681 2086 Virginis3
705 2050 742 2077 de
765 2052 848 2078 utero
864 2059 935 2078 vero

154 2098 317 2132 nascendo,
339 2098 453 2134 positus
480 2098 521 2124 est
545 2097 575 2124 in
596 2096 754 2132 praesepi03
776 2099 938 2132 postquam

155 2145 256 2174 omnia
267 2144 412 2181 implevit,
425 2144 462 2171 de
475 2143 585 2179 quibus
600 2151 618 2170 a
633 2145 715 2170 Patre
730 2143 836 2170 missus
850 2152 937 2171 vene-

155 2193 218 2227 rat,
244 2199 392 2228 appensus
416 2192 458 2218 est
485 2190 517 2217 in
546 2190 629 2225 ligno
654 2189 747 2217 crucis
757 2199 765 2224 3
791 2190 828 2217 de
853 2199 937 2218 cruce

155 2240 255 2266 autem
279 2237 449 2273 depositus,
475 2236 641 2264 secundum
672 2245 779 2272 corpus
806 2237 938 2272 sepultus

156 2288 212 2320 est,
230 2285 333 2312 Christi
355 2284 456 2312 anima
479 2291 549 2310 vero
575 2283 615 2311 ad
635 2283 749 2311 inferna
768 2283 936 2319 descendit3

156 2331 239 2359 tertia
260 2332 360 2358 autem
384 2330 431 2358 die
455 2338 508 2366 per
522 2329 686 2365 potentiam
702 2338 761 2357 suae
778 2330 938 2358 divinitatis

157 2385 276 2405 carnem
304 2385 390 2404 suam
409 2376 446 2404 de
470 2376 605 2412 sepulcro
630 2376 796 2412 suscitavit,
820 2379 847 2404 et
872 2380 938 2413 post

158 2424 238 2452 diem
268 2423 490 2451 resurrectionis
522 2431 581 2450 suae
611 2423 841 2459 quadragesimo
878 2424 936 2458 die,

191 2483 199 2498 ¹
225 2482 316 2512 Exsul„
341 2487 413 2511 xxxv,
436 2484 473 2506 10.
494 2495 524 2499 —
549 2482 557 2495 ²
579 2481 647 2505 Psal.
674 2488 729 2512 vm,
750 2483 772 2505 S.
794 2495 824 2499 —
849 2482 859 2498 ³
879 2483 936 2513 Im„

161 2516 418 2546 Lx111,1.—‘Psal.
435 2519 576 2548 xcn,1.—-
589 2518 676 2541 5Ρειιί.
691 2524 748 2548 cni,
765 2520 787 2541 1.
799 2531 829 2534 —
844 2522 852 2531 Ἀ
866 2518 937 2546 Gen,

159 2558 231 2581 xmx,
252 2554 289 2576 11.
302 2565 332 2569 —
349 2553 360 2569 ⁷
376 2552 445 2576 Psal.
466 2558 529 2582 cvii.
546 2554 583 2577 10.
605 2565 634 2570 —
649 2553 659 2569 ⁸
674 2553 741 2577 Psoi.
758 2559 839 2584 mvn,
856 2556 893 2578 25.
909 2567 938 2571 -—

159 2588 169 2603 ⁹
183 2587 256 2617 ibid,
273 2588 310 2610 19.
323 2600 354 2604 —-
365 2587 386 2603 ¹⁰
399 2587 551 2618 Psal.va1‚
566 2589 590 2612 9.
604 2602 631 2605 —
648 2589 662 2602 ¹¹
679 2588 747 2612 psal.
765 2595 854 2619 Lxxm,
873 2591 896 2613 2.
907 2603 938 2607 —

161 2623 177 2636 ¹2·
191 2622 334 2652 Prov.‚v111‚
351 2624 392 2652 12,-
408 2629 463 2653 xw,
475 2624 518 2654 333
532 2624 601 2655 Sap„
617 2630 635 2653 ι,
652 2625 675 2654 4,
688 2625 771 2655 quoad
785 2632 898 2649 sensum.
909 2639 938 2643 -—

162 2658 182 2675 ¹³
196 2658 264 2689 Sap„
280 2663 326 2688 Vll,
339 2659 377 2682 23.
391 2671 420 2676 ——
438 2659 456 2675 ¹⁶
467 2659 537 2685 Psal.
553 2665 618 2691 xvn,
635 2661 672 2684 10.
691 2673 721 2678 —
741 2660 774 2692 (a)
792 2661 854 2686 Caet.
877 2661 939 2686 edit.

1727 203 1763 232 57

979 267 1152 297 videntibus
1166 268 1309 306 apostolis
1317 290 1327 305 ,
1343 268 1476 297 ascendit
1493 267 1525 296 in
1548 268 1676 305 gloriam
1690 269 1763 304 ejus„

981 318 1014 347 Hi
1038 320 1106 346 sunt
1130 320 1211 346 enim
1235 325 1370 354 egressus
1391 317 1475 353 Filii,
1500 318 1551 354 qui
1576 317 1709 346 ascendit
1733 317 1765 346 in

981 365 1106 400 coelum,
1131 367 1159 393 et
1179 365 1262 394 sedet
1284 365 1324 393 ad
1345 364 1498 393 dexteram
1522 365 1622 392 Patris.
1648 365 1702 393 lste
1723 367 1767 393 est

983 412 1160 448 descensus,
1175 414 1203 440 et
1224 420 1362 440 ascensus
1380 412 1461 448 ejus,
1478 413 1530 448 qui
1544 413 1713 449 frequenter
1735 413 1766 442 in

983 459 1074 487 sacris
1089 460 1246 496 scripturis
1260 459 1376 496 legitur.

1019 510 1184 539 Ascendere
1205 510 1312 538 dicitur
1331 511 1424 544 Deus,
1446 517 1514 537 cum
1538 509 1626 537 Filius
1648 517 1767 538 carnem

983 566 1020 585 ex
1042 557 1131 586 nobis
1153 558 1336 594 assumptam
1360 557 1392 585 in
1420 556 1529 585 ccelum
1553 565 1622 584 cum
1645 556 1769 593 captivis

986 605 1094 640 evexit,
1109 606 1141 633 ut
1157 606 1199 633 est
1211 604 1341 641 reperire
1356 604 1387 632 in
1407 604 1524 632 Psalmo
1539 605 1549 621 ⁹
1566 613 1572 632 z
1593 604 1723 632 Ascendit
1738 606 1769 632 in

985 654 1087 684 altum,
1105 654 1242 688 captivam
1265 653 1348 680 duoeit
1370 653 1571 688 captivitatem;
1595 651 1666 687 quia
1684 653 1768 679 natu-

984 708 1050 728 ram
1063 700 1187 728 humani
1203 699 1333 735 generis,
1350 707 1416 736 quae
1428 707 1447 726 a
1464 698 1587 727 diabolo
1602 698 1633 726 in
1653 698 1768 727 mundo

985 748 1103 783 captiva
1116 747 1297 775 retinebatur
1312 747 1362 782 (d),
1378 754 1531 774 assumens
1547 754 1648 774 secum
1662 746 1693 773 in
1712 754 1770 773 coe-

985 795 1060 829 lum,
1075 794 1128 823 ubi
1142 802 1299 831 nunquam
1314 795 1381 822 ante
1397 793 1502 828 suerat,
1518 795 1661 830 tanquam
1677 793 1770 829 capti-

986 850 1056 869 vam
1071 842 1250 878 deportavit.

1022 890 1211 918 Abscondere
1226 890 1264 918 ab
1284 889 1457 918 hominibus
1474 888 1581 917 faciem
1595 897 1681 916 suam
1695 889 1770 916 Deus

986 937 1109 972 legitur,
1131 945 1218 971 cum,
1244 937 1427 973 quibusdam
1452 944 1557 964 eorum
1583 936 1770 972 exigentibus

987 984 1099 1020 culpis,
1117 984 1319 1019 cognitionem
1342 991 1427 1011 suam
1449 983 1622 1018 abscondit,
1643 983 1717 1010 sicut
1740 983 1768 1010 in

986 1032 1100 1068 populo
1129 1032 1300 1059 ludaeorum
1326 1040 1405 1059 nunc
1434 1031 1588 1067 impletum
1615 1031 1768 1066 videmus,

987 1079 1039 1115 qui
1054 1080 1195 1114 negantes
1210 1078 1316 1106 Filium
1335 1078 1400 1112 Dei,
1422 1078 1574 1106 scientiam
1589 1079 1649 1106 veri
1667 1078 1715 1105 Dei
1730 1078 1769 1106 ita

987 1127 1191 1162 perdiderunt,
1208 1128 1240 1154 ut
1254 1126 1365 1154 similes
1379 1126 1474 1154 forent
1489 1126 1523 1162 (f)
1540 1126 1687 1161 gentibus,
1703 1133 1770 1162 quae

988 1174 1147 1202 Dominum
1156 1182 1218 1202 non
1227 1174 1384 1201 noverunt.
1397 1173 1556 1201 Ostendere
1568 1172 1675 1200 faciem
1685 1180 1769 1200 suam

989 1221 1096 1249 dicitur
1107 1223 1197 1256 Deus,
1212 1230 1280 1249 cum
1298 1222 1432 1257 respectu
1448 1220 1549 1256 gratiae
1563 1228 1625 1248 suae
1636 1242 1645 1255 ,
1660 1219 1771 1256 quibus

988 1269 1068 1303 vult,
1085 1268 1195 1296 scilicet
1213 1269 1312 1297 electis
1326 1268 1386 1295 suis
1392 1289 1401 1303 ,
1417 1267 1548 1304 seipsum
1568 1267 1599 1294 in
1613 1267 1706 1295 corda
1721 1275 1771 1294 eo-

988 1324 1056 1344 rum
1079 1316 1196 1344 occulta
1215 1315 1408 1352 inspiratione
1432 1315 1579 1349 insinuat,
1603 1316 1630 1342 et
1649 1314 1688 1342 ad
1704 1313 1771 1342 dili-

990 1364 1121 1398 gendum
1136 1372 1166 1391 se
1182 1371 1316 1391 amorem
1332 1371 1419 1390 suum
1433 1362 1571 1390 infundit.

1026 1411 1132 1438 Sedere
1167 1410 1274 1437 dicitur
1312 1418 1374 1438 non
1410 1409 1605 1445 corporaliter
1637 1409 1771 1437 humano

990 1466 1090 1492 more,
1105 1457 1157 1485 sed
1172 1456 1390 1493 potentialiter,
1407 1465 1496 1492 super
1516 1464 1637 1484 omnem
1658 1458 1772 1484 creatu-

990 1513 1055 1532 ram
1075 1503 1266 1538 rationalem,
1282 1505 1314 1530 ut
1330 1505 1372 1531 est
1386 1503 1516 1539 reperire
1538 1503 1569 1530 in
1589 1503 1714 1531 Psalmis
1728 1503 1749 1520 ¹⁰
1766 1512 1772 1530 z

992 1553 1124 1586 Regnavit
1144 1552 1214 1578 Deus
1233 1558 1313 1585 super
1332 1553 1436 1585 gentes,
1455 1551 1525 1577 Deus
1545 1550 1618 1578 sedet
1635 1558 1715 1585 super
1737 1558 1775 1577 se-

992 1599 1052 1625 dem
1065 1600 1188 1625 sanctam
1207 1606 1293 1624 suam.
1314 1597 1410 1625 Sedere
1425 1599 1524 1625 autem
1545 1597 1651 1624 dicitur
1664 1597 1682 1614 ¹¹
1695 1605 1776 1632 super

995 1645 1143 1678 Cherubin,
1162 1644 1247 1680 quod
1266 1644 1474 1680 interpretatur
1486 1644 1627 1679 plenitudo
1643 1645 1774 1679 scientiae,

994 1700 1046 1727 per
1062 1691 1145 1727 quod
1161 1691 1316 1727 signantur
1330 1691 1422 1719 sancti
1446 1691 1560 1726 angeli,
1582 1691 1643 1718 sive
1662 1693 1776 1718 mentes

993 1738 1191 1773 spiritualium
1215 1738 1349 1765 virorum
1364 1758 1372 1771 ,
1399 1738 1430 1765 in
1455 1737 1565 1773 quibus
1589 1737 1776 1765 invisibiliter

994 1787 1069 1812 Deus
1083 1785 1165 1813 sedet
1189 1787 1216 1812 et
1236 1787 1347 1820 regnat.
1371 1787 1402 1812 ln
1423 1785 1482 1812 illis
1502 1785 1581 1812 enim
1605 1785 1707 1819 sedet,
1724 1785 1776 1820 qui

994 1832 1114 1860 scientia
1127 1832 1191 1867 ejus
1206 1834 1234 1859 et
1248 1832 1406 1859 dilectione
1417 1832 1497 1868 pleni
1509 1834 1585 1860 sunt.
1598 1834 1671 1860 Nam
1686 1832 1776 1868 scrip-

994 1881 1057 1907 tum
1073 1881 1114 1907 est
1127 1881 1148 1896 ¹²
1166 1888 1172 1906 :
1193 1880 1295 1906 Anima
1311 1881 1382 1914 justi
1403 1879 1476 1907 sedes
1491 1881 1633 1914 sapientiae
1655 1883 1702 1906 est.
1725 1880 1774 1906 Sa-

994 1926 1106 1962 pientia
1120 1934 1189 1954 vero
1206 1926 1255 1953 Dei
1275 1926 1365 1954 Patris
1383 1926 1512 1954 Christus
1529 1928 1586 1960 est,
1601 1926 1652 1962 qui
1667 1926 1697 1953 in
1713 1926 1775 1953 ani-

994 1974 1101 2001 mabus
1116 1975 1286 2001 sanctorum
1299 1973 1349 2000 Dei
1364 1973 1465 2000 sedere
1477 1973 1583 2001 dicitur
1600 1974 1629 1999 ¹³³.

1031 2020 1212 2047 Descendere
1234 2021 1308 2047 Deus
1329 2020 1360 2047 in
1378 2020 1526 2047 mundum
1545 2020 1662 2053 dicitur,
1680 2027 1776 2055 quan-

996 2066 1035 2093 do
1052 2066 1168 2102 aliquid
1186 2074 1314 2100 novum,
1332 2067 1415 2102 quod
1434 2069 1500 2094 ante
1521 2074 1582 2093 non
1605 2066 1728 2100 fecerat,
1745 2066 1775 2093 in

996 2114 1129 2140 creatura
1141 2113 1273 2140 humana
1289 2114 1440 2148 operatur;
1451 2113 1524 2140 sieut
1538 2113 1627 2140 Filius
1644 2112 1680 2140 de
1692 2114 1775 2140 Patre

996 2159 1184 2186 descendisse
1208 2161 1366 2192 narratur,
1386 2159 1509 2195 quando
1531 2168 1634 2187 veram
1655 2167 1776 2187 carnem

997 2213 1031 2232 ex
1053 2206 1142 2233 Maria
1161 2205 1277 2240 Virgine
1300 2208 1421 2241 propter
1445 2206 1683 2242 redemptionem
1707 2214 1776 2234 nos-

997 2254 1071 2280 tram
1087 2253 1232 2288 suscepit,
1243 2254 1270 2280 et
1284 2252 1376 2280 homo
1391 2260 1480 2280 verus
1494 2253 1558 2280 fieri
1573 2253 1711 2287 dignatus
1723 2255 1774 2287 est,

996 2307 1058 2326 non
1072 2299 1216 2327 mutando
1232 2299 1317 2334 quod
1332 2300 1407 2333 erat,
1426 2299 1478 2326 sed
1499 2299 1677 2326 assumendo
1693 2300 1776 2335 quod

996 2353 1058 2373 non
1073 2348 1142 2373 erat.
1161 2347 1199 2373 De
1215 2346 1298 2380 cujus
1318 2345 1526 2379 descensione,
1546 2345 1578 2372 id
1600 2347 1658 2379 est,
1680 2345 1776 2372 incar-

997 2392 1132 2426 natione,
1147 2391 1178 2420 in
1193 2392 1309 2419 Psalmo
1334 2392 1475 2428 scriptum
1500 2394 1542 2419 est
1559 2390 1578 2407 1'*
1593 2400 1599 2418 :
1626 2393 1774 2419 Inclinavit

997 2440 1071 2466 coelos
1087 2460 1096 2473 ,
1122 2442 1146 2466 et
1170 2439 1324 2473 descendit,
1344 2442 1369 2466 et
1391 2440 1477 2473 caliqo
1503 2439 1550 2465 sub
1569 2438 1680 2473 pedibus
1707 2439 1774 2472 ejus.

998 2485 1079 2512 Coelos
1094 2487 1255 2520 inclinavit,
1269 2485 1341 2521 quia
1356 2485 1518 2513 adventum
1532 2492 1618 2512 suum
1634 2491 1774 2520 praenun-

997 2531 1091 2566 tians,
1106 2532 1229 2567 angelos
1255 2532 1316 2559 sive
1338 2531 1497 2567 prophetas
1521 2531 1614 2564 misit,
1636 2530 1689 2566 qui
1713 2530 1775 2565 ejus

997 2590 1088 2614 desunt
1104 2590 1159 2614 haec
1175 2597 1179 2613 :
1195 2589 1305 2613 decorem
1321 2589 1423 2613 indueus
1435 2590 1512 2612 est.—
1527 2589 1560 2619 (ὁ)
1576 2587 1776 2619 Vulg.11'1'cle›·unt

997 2626 1166 2656 inyr·essus.—
1185 2625 1216 2655 (c)
1227 2625 1300 2655 Vulg.
1319 2625 1458 2655 ingressus.
1472 2637 1498 2640 —
1515 2623 1546 2653 (d)
1568 2623 1627 2647 Ccet.
1640 2622 1700 2647 edit.
1715 2623 1773 2647 add,

999 2663 1032 2685 et.
1044 2675 1069 2679 -
1088 2662 1116 2692 (e)
1133 2661 1195 2685 Coet.
1220 2661 1282 2685 edit.
1301 2661 1433 2685 dicitur.—
1449 2660 1480 2691 (f)
1494 2660 1550 2690 Leq.
1566 2658 1625 2683 facti
1639 2658 1696 2683 sint.

1792 514 1875 534 Ascen-

1802 544 1862 566 dei-e.

1796 897 1891 918 Abscon-

1798 929 1848 950 dere
1857 930 1878 950 et

1798 962 1873 981 oeten-

1812 992 1863 1013 dcxc

1785 1026 1844 1044 Deus
1861 1024 1891 1043 [a-

1806 1056 1870 1082 ciem,

1793 1094 1882 1114 quomo-

1785 1118 1812 1138 do
1840 1118 1892 1138 dici-

1785 1152 1819 1170 tur
1832 1150 1866 1175 ifle).

1804 1425 1893 1445 Sedere.

1803 2036 1897 2055 Des-’sn-

1791 2068 1850 2088 dere.
