2004 3037
211 205 272 236 600

247 271 322 300 Cum
334 270 457 300 vidisset
469 270 598 302 Nicanor
614 272 808 310 holocausta,
822 281 893 312 quoe
917 274 991 305 offe-

210 317 352 347 rebantur
366 325 385 346 a
402 317 510 347 Judaeis
529 326 587 356 pro
601 327 671 355 rege
679 341 688 356 ,
709 329 724 347 u
735 320 864 350 irridens
880 322 992 358 sprevit

211 372 273 400 eos,
286 365 314 394 et
325 364 443 394 locutus
455 366 500 394 est
511 365 651 402 superbe.
659 376 675 393 ν
691 368 702 396 1
716 367 874 404 Ναυῆ-,πῃ
890 370 934 398 34.

246 411 407 440 Antiochus
423 421 437 439 α
447 411 636 442 existimabat
647 421 679 442 se
699 422 762 451 prae
779 415 920 452 superbia
934 416 991 444 ter-

209 465 276 487 ram
290 458 414 495 quidem
433 458 473 487 ad
489 459 710 497 navigandum,
724 461 851 498 pelagus
864 470 937 491 vero
950 462 991 491 ad

208 504 264 533 iter
281 505 434 541 agendum
453 505 655 535 deducturum
669 509 793 544 propter
806 509 913 537 mentis
931 509 991 538 ela-

209 551 331 580 tionem.
343 562 357 580 n
376 553 398 581 ll
413 553 518 588 Maeli„
531 561 562 588 v,
576 555 621 582 21.

245 599 374 628 Nicanor
393 600 516 628 veniens
538 600 578 629 ad
601 602 801 638 pugnandum
818 605 923 632 eontra
939 605 990 632 Ju-

209 645 280 673 dam
303 647 332 674 et
351 646 450 675 socios
468 647 547 682 ejus,
568 647 608 676 ita
629 648 770 678 credebat
790 657 853 679 esse
869 658 990 679 securus

209 691 248 720 de
260 691 404 729 victoria,
420 694 504 730 quod
522 694 658 723 vendidit
671 695 806 732 Judoeos,
828 699 991 734 antequam

208 738 239 766 in
252 747 358 776 eampo
374 740 489 769 videret
501 749 562 770 eos.
579 743 601 770 ll
616 743 720 776 Maeli„
731 751 795 778 vm,
811 745 855 772 14.

244 787 373 822 Fugatus
389 787 513 824 turpiter
533 788 696 818 Antiochus
718 789 757 818 de
781 789 919 825 Perside,
939 799 989 819 su-

206 832 301 868 perbe
315 832 432 862 locutus
446 837 489 862 est
506 842 537 862 se
556 837 715 864 venturum
731 836 969 873 Hierosolymam
979 858 989 872 ,

207 880 236 907 et
246 880 416 916 congeriem
429 881 556 917 sepulcri
566 882 737 919 Judaeorum
749 891 811 912 esse
820 884 967 912 iacturum
979 894 987 920 ;

205 925 259 954 sed
285 927 361 955 Deus
388 928 533 964 percussit
561 937 631 957 eum
658 929 818 959 insanabili
841 930 940 967 plaga.
967 932 987 960 11

206 973 310 1009 Maeli„
327 982 368 1002 ix.

240 1021 377 1056 Nicanor,
398 1023 507 1052 Judoeis
530 1023 717 1053 dicentibus:
740 1035 754 1051 a
769 1027 816 1055 Est
838 1027 913 1054 Deus
933 1034 987 1063 po-

204 1070 268 1097 tens
282 1069 312 1097 in
329 1069 416 1104 coelo,
436 1071 488 1106 qui
500 1071 586 1106 jussit
602 1072 650 1108 agi
667 1072 825 1109 septimam
845 1073 942 1101 diem:
957 1075 990 1102 Et

204 1124 272 1151 ego,
288 1127 301 1143 i>
318 1116 430 1154 inquit,
447 1128 461 1143 <i
476 1119 582 1154 potens
597 1126 663 1147 sum
682 1127 772 1156 super
792 1122 901 1149 terram
912 1142 919 1154 ,
935 1122 988 1157 qui

204 1163 320 1199 impero
335 1163 412 1191 sumi
425 1172 528 1200 arma,
544 1167 571 1193 et
592 1166 712 1201 negotia
731 1167 810 1202 regis
825 1167 952 1203 impleri.
970 1179 984 1194 »

205 1211 243 1238 De
262 1219 323 1246 quo
339 1211 428 1239 etiam
447 1211 603 1246 subditur,
619 1213 702 1248 quod
718 1222 786 1241 cum
807 1222 924 1242 summa
938 1223 987 1243 su-

204 1258 309 1294 perbia
324 1261 455 1293 erectus,
479 1259 619 1294 cogitavit
640 1268 800 1289 commune
820 1262 986 1298 trophaeum

204 1306 330 1333 statuere
341 1305 378 1333 de
390 1305 477 1339 Juda,
492 1314 509 1334 a
522 1314 583 1342 quo
597 1308 695 1335 tamen
705 1307 763 1336 cito
774 1310 878 1344 postea
891 1309 986 1337 victus

203 1351 266 1380 fuit.
283 1353 304 1380 li
319 1353 423 1386 lllach„
439 1360 488 1380 κν.

239 1399 313 1426 Cum
340 1398 482 1427 dixissent
507 1399 670 1435 discipuli:
695 1410 708 1425 α
724 1401 866 1436 Domine,
895 1403 985 1430 etiam

203 1444 352 1473 daemonia
377 1446 575 1481 subjiciuntur
590 1447 678 1475 nobis
693 1447 722 1475 in
737 1449 858 1477 nomine
880 1451 947 1483 tuo,
969 1460 982 1476 n

201 1493 383 1528 compescuit
406 1501 457 1520 cos
483 1494 624 1521 Dominus
645 1494 767 1523 dicens:
796 1506 810 1522 ιι
840 1496 985 1524 Videbam

200 1538 337 1567 Satanam
365 1540 450 1576 qnasi
475 1540 575 1576 fulgur
598 1541 635 1568 de
660 1533 736 1570 cc'elo
760 1542 927 1571 cadentem.
953 1545 983 1571 ln

199 1585 257 1614 hoc
272 1586 362 1614 nolite
375 1587 517 1622 gaudere,
533 1598 546 1613 »
564 1589 618 1615 etc.
637 1589 714 1622 Luc„
730 1598 760 1623 x,
778 1591 874 1618 17-20.

236 1634 380 1669 Superbia
390 1634 533 1666 Pharisaei,
545 1635 595 1670 qui
603 1643 632 1663 se
642 1636 782 1671 jactabat,
793 1637 875 1673 quod
886 1638 983 1673 proxi-

200 1687 282 1707 mum
295 1681 691 1716 contemnebat‚(lamnatur.
708 1684 784 1718 Luc„
796 1692 875 1719 xvnt,
890 1686 981 1712 tt-m.

236 1727 346 1755 Statuto
371 1728 439 1763 dic,
465 1728 595 1756 llerodes
620 1730 740 1757 vestitus
766 1733 846 1758 veste
870 1732 982 1767 regali,

200 1773 275 1801 sedit
290 1782 343 1809 pro
359 1775 516 1809 tribunali,
538 1778 566 1802 et
581 1777 816 1805 concionabatur
831 1778 870 1805 ad
886 1787 981 1814 popu-

200 1819 282 1847 lum:
301 1821 432 1857 populus
447 1823 546 1849 autem
564 1822 766 1851 acclamabat:
787 1835 800 1848 «
816 1825 907 1852 Voces
922 1825 981 1860 Dei,

200 1868 229 1894 et
248 1875 310 1895 non
334 1868 473 1896 hominis.
500 1879 513 1894 ii
539 1869 697 1897 Confestim
722 1873 822 1899 autem
840 1872 983 1907 percussit

200 1921 270 1941 eum
294 1914 422 1950 Angelus
444 1915 579 1950 Domini,
600 1924 636 1944 eo
660 1917 744 1953 quod
768 1925 830 1945 non
853 1918 984 1946 dedisset

199 1960 346 1989 honorem
363 1963 433 1996 Deo,
450 1965 477 1990 et
496 1965 690 1999 consumptus
706 1972 724 1992 a
738 1965 888 1993 vermibus
903 1965 983 2002 expi-

199 2008 285 2037 ravit.
300 2010 377 2045 Act„
390 2017 442 2045 χιι,
456 2011 487 2038 21
506 2013 534 2038 et
548 2019 610 2047 seq.

411 2105 592 2139 CAPUT
625 2106 769 2140 XCIX.

489 2179 526 2205 De
542 2178 693 2213 jactantia.

237 2247 307 2276 Gaal
331 2246 409 2275 filius
428 2246 513 2276 Obed
537 2246 655 2274 dicebat
677 2247 786 2276 sociis:
814 2259 827 2274 α
849 2249 918 2282 Quis
941 2251 984 2277 est

201 2294 384 2328 Abimelech,
401 2296 429 2321 et
443 2302 508 2329 quae
519 2296 561 2321 est
573 2294 697 2327 sichem,
712 2298 742 2322 ut
756 2296 920 2323 serviamus
936 2296 982 2324 ei?

202 2342 316 2369 Utinam
332 2341 416 2369 daret
429 2341 535 2376 aliquis
554 2341 703 2377 populum
717 2342 804 2370 i>tum
820 2342 876 2370 sub
891 2350 982 2371 manu

201 2396 278 2424 mea,
293 2392 326 2417 ut
340 2389 498 2423 auferrem,
514 2398 528 2414 ι)
546 2390 601 2416 etc.
616 2390 720 2424 Judta,
735 2397 775 2424 ix,
791 2391 837 2417 2³8.

237 2437 360 2464 Samson
371 2436 489 2464 leonem
502 2435 642 2463 manibus
654 2435 819 2464 inermibus
831 2435 982 2471 laceravit,

201 2490 256 2510 nec
285 2485 384 2510 tamen
411 2485 523 2510 tantam
551 2483 778 2518 prosperitatem
806 2483 981 2519 parentibus

201 2529 260 2557 suis
273 2530 405 2558 indicare
420 2530 524 2557 voluit.
540 2530 653 2565 Judz‘th,
670 2538 729 2558 xiv.

237 2576 352 2605 Goliath
368 2577 549 2605 l‘hilisthaeus
563 2577 767 2613 exprobrabat
781 2578 922 2606 exercitui
939 2579 978 2606 ls-

200 2623 279 2657 rael,
299 2625 328 2651 et
350 2624 467 2659 petebat
489 2626 521 2652 ut
540 2623 650 2660 aliquis
669 2624 782 2653 veniret
802 2633 871 2653 cum
890 2633 926 2653 eo
941 2625 981 2653 ad

201 2669 350 2705 singulare
364 2673 521 2699 certamen.
537 2673 547 2699 l
561 2671 638 2705 1³⁸9„
653 2679 727 2700 xvu.

825 201 960 247 ΒιΒιιΑ
983 205 1215 240 muretum.

1081 274 1213 304 Adonias
1218 274 1301 305 filius
1307 276 1595 312 aggithetovebamr
1604 277 1709 309 dicens
1719 287 1729 308 ε
1740 281 1824 316 «Ego

1045 321 1191 358 regnabo.
1211 332 1226 350 »
1248 323 1271 352 ll
1289 323 1376 359 Rea„
1397 331 1417 352 ι.
1439 324 1498 354 Sed
1516 332 1625 362 parum
1643 325 1764 356 duravit
1779 334 1826 357 re-.

1046 375 1140 404 gnum
1159 369 1233 405 ejus.

1082 416 1223 445 Benadad
1239 424 1292 446 rex
1305 417 1395 453 syriae
1414 417 1496 447 misit
1508 419 1630 463 nuntios
1646 419 1712 456 regi
1724 419 1825 455 lsrael,

1045 464 1075 492 et
1088 462 1147 491 ait:
1165 473 1180 490 α
1194 465 1258 492 llaec
1270 464 1380 493 saciant
1391 465 1464 494 mihi
1475 465 1528 502 dii,
1543 467 1573 494 et
1584 465 1649 496 haec
1661 466 1785 503 addant,
1798 467 1826 496 si

1045 509 1193 539 suffecerit
1205 510 1305 547 pulvis
1315 511 1455 541 Samariae
1465 512 1586 548 pugillis
1595 513 1693 542 omnis
1706 514 1825 551 populi,

1045 557 1097 594 qui
1112 558 1246 594 sequitur
1259 567 1317 587 me.
1337 569 1352 586 n
1372 559 1430 588 Sed
1450 559 1574 596 pulchre
1590 568 1769 598 responsum
1782 563 1827 590 ost

1045 603 1071 632 ei
1086 613 1094 632 ι
1112 614 1126 631 ιι
1148 605 1188 633 Ne
1207 604 1351 641 glorietur
1368 605 1517 636 accinctus
1535 615 1621 644 aeque
1632 628 1641 643 ,
1655 610 1685 636 et
1698 607 1824 637 discinc-

1044 653 1124 686 tus‚u
1138 653 1194 680 etc.
1210 653 1243 681 lll
1255 653 1333 687 Rea„
1344 661 1396 688 xx,
1408 655 1454 689 ¹⁰,
1469 655 1513 682 ss.

1079 691 1209 727 Grandia
1226 699 1320 727 verba
1335 698 1410 728 dixit
1425 700 1572 730 Rabsaces
1589 709 1627 730 ex
1640 703 1724 739 parte
1737 704 1824 739 Assy-

1043 744 1178 780 riorum,
1201 744 1326 774 dicens:
1352 756 1366 772 α
1386 747 1540 784 Numquid
1562 747 1765 778 liberaverunt
1787 749 1825 778 de

1043 798 1136 820 manu
1150 791 1349 828 Assyriorum,
1363 802 1378 818 n
1396 795 1452 822 etc.
1467 795 1501 822 lv
1514 795 1597 830 Κεφ,
1613 803 1696 831 xvru,
1710 796 1756 824 33.

1080 838 1287 875 tlolophernes
1301 839 1377 868 dixit
1391 840 1430 868 ad
1443 840 1571 870 Achior:
1588 851 1603 868 ιι
1619 842 1693 871 Cum
1706 850 1826 879 percus-

1044 885 1170 913 serimus
1190 893 1296 914 omnes
1309 887 1396 923 quasi
1413 887 1568 917 hominem
1585 896 1692 924 unum,
1713 892 1783 918 tunc
1796 892 1826 918 et

1043 931 1107 968 ipse
1135 940 1204 961 cum
1227 932 1286 962 illis
1307 933 1496 970 Assyriorum
1521 935 1623 971 gladio
1644 935 1787 965 interibis,
1808 946 1823 963 n

1043 979 1152 1015 Judith,
1168 988 1207 1014 vi,
1223 982 1250 1008 8.

1079 1029 1173 1055 Aman
1188 1027 1328 1056 invitatus
1341 1028 1382 1056 ad
1403 1028 1575 1058 convivium
1592 1029 1694 1059 Esther
1707 1031 1826 1060 vocavit

1043 1073 1167 1108 amicos,
1180 1076 1208 1102 et
1225 1083 1351 1104 uxorem
1365 1083 1461 1110 suam,
1475 1078 1503 1104 et
1518 1077 1655 1113 exposuit
1667 1077 1728 1106 illis
1741 1085 1824 1114 mag-

1042 1120 1209 1149 nitudinem
1232 1121 1403 1150 divitiarum
1421 1130 1559 1158 suarum,
1575 1125 1604 1152 et
1618 1123 1751 1152 filiorum
1764 1126 1824 1153 tur-

1042 1167 1131 1203 bam,
1154 1170 1182 1196 et
1205 1168 1361 1204 quomodo
1386 1169 1470 1206 apud
1492 1170 1628 1206 reginam
1649 1170 1731 1199 solus
1754 1179 1824 1200 cum

1041 1222 1110 1250 rege
1125 1215 1272 1251 prandere
1288 1215 1428 1244 debebat.
1441 1217 1530 1252 Esth„
1545 1225 1574 1245 v.
1590 1217 1647 1246 Sed
1659 1220 1730 1246 nota
1740 1218 1824 1255 quod

1041 1269 1201 1297 suspensus
1215 1262 1270 1290 ruit
1282 1262 1311 1290 in
1326 1263 1453 1291 crastino
1464 1263 1495 1291 in
1506 1264 1612 1293 eadem
1626 1264 1721 1300 trabe,
1733 1273 1823 1301 quam

1041 1311 1200 1344 paraverat
1214 1309 1410 1338 Mardochaeo.
1426 1311 1520 1345 Estli„
1532 1318 1585 1346 vn,
1601 1313 1642 1339 ιο.

1078 1355 1141 1384 Eliu
1160 1356 1235 1384 dixit
1249 1356 1342 1385 multa
1360 1357 1454 1386 verba
1465 1358 1614 1393 jactantias
1628 1361 1656 1386 et
1678 1366 1822 1394 arrogan-

1042 1403 1097 1438 tioe,
1107 1404 1166 1438 Job,
1177 1411 1268 1437 xxxii,
1284 1406 1332 1432 18:
1345 1414 1358 1429 ιι
1369 1404 1530 1432 Ostendam
1539 1405 1626 1433 vobis
1636 1405 1823 1442 sapientiam,

1040 1449 1146 1486 plenus
1161 1458 1226 1478 sum
1243 1451 1446 1486 sermonibus,
1463 1462 1476 1477 n
1494 1454 1548 1480 etc.
1785 1480 1787 1482 .

1077 1498 1161 1525 Ponit
1185 1498 1274 1526 isaias
1294 1497 1386 1526 verba
1408 1498 1500 1534 ipsius
1517 1499 1595 1534 regis
1616 1499 1821 1535 Assyriorum,

1041 1544 1159 1580 dicens,
1183 1547 1254 1580 1511„
1280 1553 1318 1573 x:
1343 1556 1357 1570 «ι
1381 1546 1601 1574 infortitudine
1620 1554 1728 1574 manus
1748 1554 1822 1574 mem

1040 1591 1094 1619 feci
1106 1613 1114 1627 ,
1130 1595 1157 1619 et
1172 1592 1202 1619 in
1217 1593 1362 1628 sapientia
1375 1601 1443 1621 mea
1460 1593 1603 1626 intellexi,
1618 1604 1632 1619 ιι
1650 1595 1704 1621 etc.
1723 1603 1737 1619 α
1757 1595 1822 1622 Non

1040 1638 1095 1666 suit
1110 1639 1161 1675 qui
1176 1642 1309 1667 moveret
1325 1647 1454 1676 pennam
1466 1661 1475 1674 ,
1491 1643 1519 1668 ct
1532 1640 1661 1677 aperiret
1674 1648 1708 1668 os
1721 1648 1820 1674 suum,

1041 1688 1068 1713 et
1083 1686 1228 1721 ganniret.
1251 1696 1264 1712 ι)

1079 1733 1115 1760 De
1139 1733 1415 1760 Nabuchodonosor
1440 1732 1612 1768 intelligitur
1635 1732 1674 1760 ad
1694 1732 1820 1760 litteram

1039 1779 1115 1806 illud
1123 1780 1190 1813 isa„
1203 1787 1263 1812 xiv,
1278 1781 1318 1812 13,
1336 1781 1365 1805 14
1378 1788 1386 1805 :
1398 1790 1410 1804 ιι
1423 1779 1543 1807 Dicebas
1558 1779 1588 1807 in
1598 1778 1689 1807 corde
1703 1780 1755 1807 tuo
1769 1788 1775 1806 :
1791 1780 1820 1821 ¹.¹¹

1041 1825 1146 1853 coelum
1167 1825 1383 1860 conscendam,
1404 1834 1494 1862 super
1514 1829 1593 1854 astra
1611 1826 1659 1854 Dei
1682 1825 1821 1854 exaltabo

1039 1872 1148 1900 solium
1161 1880 1273 1906 meum,
1289 1880 1339 1900 ero
1355 1872 1459 1900 similis
1471 1872 1630 1901 Altissimo.
1649 1883 1661 1898 ι)

1077 1920 1130 1947 Per
1151 1919 1329 1947 Hieremiam
1345 1919 1452 1947 dicitur
1469 1919 1506 1947 de
1523 1919 1608 1947 Moab
1625 1927 1632 1947 :
1653 1930 1668 1945 ιι
1681 1919 1821 1947 Sublimi·

1040 1967 1128 1994 tatem
1150 1967 1213 2002 ejus
1229 1968 1256 1994 et
1270 1966 1471 2002 arrogantiam
1491 1966 1571 2001 eius,
1588 1968 1616 1994 et
1635 1966 1820 2002 superbiam,

1040 2016 1068 2041 ct
1081 2013 1267 2041 altitudinem
1288 2013 1387 2041 cordis
1401 2013 1491 2047 illius,
1509 2021 1564 2049 ego
1579 2014 1653 2048 scio,
1668 2013 1708 2041 ait
1722 2013 1821 2042 Domi-

1040 2069 1111 2089 nus:
1126 2060 1317 2096 jactantiam,
1339 2062 1367 2088 et
1381 2060 1583 2095 arrogantiam
1598 2061 1680 2095 ejus,
1695 2062 1723 2088 et
1737 2060 1821 2097 quod

1040 2116 1100 2136 non
1124 2108 1160 2135 sit
1173 2107 1258 2142 juxta
1277 2115 1344 2135 eam
1364 2106 1456 2134 virtus
1478 2107 1556 2142 ejus,
1572 2117 1585 2133 n
1609 2109 1663 2136 etc.
1687 2109 1818 2142 Hierem„

1039 2162 1140 2189 nvin,
1155 2156 1248 2182 29-30.

1075 2201 1354 2230 Nabuchodonosor
1373 2209 1426 2229 rex
1449 2200 1610 2237 Babylonis
1631 2200 1706 2229 dixit
1726 2201 1820 2229 tribus

1040 2249 1127 2276 sociis
1143 2248 1286 2282 Danielis,
1303 2247 1355 2283 qui
1373 2246 1517 2275 nolebant
1530 2249 1656 2275 statuam
1669 2247 1732 2283 ejus
1746 2247 1819 2275 ado-

1040 2303 1105 2323 rare
1120 2304 1126 2322 :
1145 2305 1159 2320 «
1174 2294 1244 2328 Quis
1259 2297 1302 2322 est
1315 2296 1406 2329 neus,
1423 2294 1474 2330 qui
1490 2302 1544 2322 vos
1559 2294 1664 2330 eripiat
1677 2294 1715 2322 de
1728 2301 1819 2322 manu

1039 2343 1128 2369 mea?
1142 2351 1154 2367 ι)
1176 2344 1259 2376 loun„
1276 2349 1317 2375 nt,
1335 2343 1378 2368 15.

1076 2389 1276 2417 Deambulans
1298 2389 1330 2416 in
1351 2388 1420 2416 aula
1440 2388 1600 2425 Babylonis
1621 2387 1818 2417 Nabuchodo-

1038 2444 1147 2471 nosor,
1169 2437 1232 2464 ait:
1252 2447 1265 2463 ιι
1288 2437 1390 2464 Nonne
1413 2435 1475 2464 haec
1497 2438 1541 2464 est
1561 2435 1694 2472 Babylon
1716 2434 1818 2462 civitas

1039 2492 1164 2519 magna,
1185 2491 1277 2518 quam
1298 2483 1443 2511 aedificavi
1465 2483 1495 2511 in
1515 2483 1640 2511 domum
1663 2482 1762 2518 regni,
1787 2482 1818 2510 in

1038 2530 1148 2559 robore
1169 2529 1348 2558 soi-titudinis
1370 2538 1459 2565 meae,
1480 2532 1508 2558 et
1530 2530 1559 2558 in
1583 2529 1680 2565 gloria
1703 2529 1818 2557 decoris

1039 2578 1097 2605 mei
1108 2579 1122 2605 Ῡ
1136 2587 1150 2604 »
1168 2579 1241 2605 Cum
1256 2576 1355 2605 adhuc
1368 2584 1466 2606 sermo
1477 2578 1552 2605 esset
1565 2576 1597 2604 in
1611 2584 1662 2604 ore
1677 2576 1751 2612 ejus,
1762 2578 1815 2604 etc.

1039 2625 1122 2660 Dan„
1139 2632 1178 2658 iv,
1194 2626 1229 2651 27
1244 2626 1272 2652 et
1285 2632 1348 2660 seq.

1075 2671 1192 2700 Audivit
1205 2672 1297 2699 Seron
1312 2671 1395 2706 quod
1410 2670 1600 2706 congregavit
1618 2670 1708 2698 ludas
1723 2669 1815 2698 eecle-
