<?xml version="1.0" encoding="UTF-8"?>
<!DOCTYPE html PUBLIC "-//W3C//DTD XHTML 1.0 Transitional//EN"
    "http://www.w3.org/TR/xhtml1/DTD/xhtml1-transitional.dtd">
<html xmlns="http://www.w3.org/1999/xhtml" xml:lang="en" lang="en">
 <head>
  <title>
</title>
<meta http-equiv="Content-Type" content="text/html;charset=utf-8" />
  <meta name='ocr-system' content='tesseract 3.04.00' />
  <meta name='ocr-capabilities' content='ocr_page ocr_carea ocr_par ocr_line ocrx_word'/>
</head>
<body>
  <div class='ocr_page' id='page_1' title='image "./operaomniasixtiv08bonauoft/operaomniasixtiv08bonauoft_0477.png"; bbox 0 0 2004 3037; ppageno 0'>
   <div class='ocr_carea' id='block_1_1' title="bbox 589 203 1389 243">
    <p class='ocr_par' dir='ltr' id='par_1_1' title="bbox 589 203 1389 243">
     <span class='ocr_line' id='line_1_1' title="bbox 589 203 1389 243; baseline 0.005 -7"><span class='ocrx_word' id='word_1_1' title='bbox 589 203 640 236; x_wconf 84' lang='lat' dir='ltr'><strong>DE</strong></span> <span class='ocrx_word' id='word_1_2' title='bbox 659 203 819 243; x_wconf 86' lang='lat' dir='ltr'><strong>QUARTO</strong></span> <span class='ocrx_word' id='word_1_3' title='bbox 842 205 1015 239; x_wconf 87' lang='lat' dir='ltr'><strong>lNlNERE.</strong></span> <span class='ocrx_word' id='word_1_4' title='bbox 1041 206 1139 239; x_wconf 87' lang='lat' dir='ltr'><strong>DIST.</strong></span> <span class='ocrx_word' id='word_1_5' title='bbox 1162 206 1199 239; x_wconf 84' lang='lat' dir='ltr'><strong>V.</strong></span> <span class='ocrx_word' id='word_1_6' title='bbox 1223 207 1313 240; x_wconf 85' lang='lat' dir='ltr'><strong>ART.</strong></span> <span class='ocrx_word' id='word_1_7' title='bbox 1336 207 1389 240; x_wconf 88' lang='lat'><strong>111.</strong></span> 
     </span>
    </p>
   </div>
   <div class='ocr_carea' id='block_1_2' title="bbox 177 271 962 2567">
    <p class='ocr_par' dir='ltr' id='par_1_2' title="bbox 179 271 962 1579">
     <span class='ocr_line' id='line_1_2' title="bbox 181 271 961 309; baseline 0.001 -8"><span class='ocrx_word' id='word_1_8' title='bbox 181 278 306 301; x_wconf 82' lang='lat' dir='ltr'><strong>manens</strong></span> <span class='ocrx_word' id='word_1_9' title='bbox 320 272 402 301; x_wconf 81' lang='lat' dir='ltr'><strong>extra</strong></span> <span class='ocrx_word' id='word_1_10' title='bbox 412 292 421 307; x_wconf 94' lang='lat'><strong>,</strong></span> <span class='ocrx_word' id='word_1_11' title='bbox 438 272 466 300; x_wconf 86' lang='lat' dir='ltr'><strong>et</strong></span> <span class='ocrx_word' id='word_1_12' title='bbox 480 271 558 300; x_wconf 84' lang='lat' dir='ltr'><strong>alius</strong></span> <span class='ocrx_word' id='word_1_13' title='bbox 573 279 591 301; x_wconf 86' lang='lat' dir='ltr'><strong>a</strong></span> <span class='ocrx_word' id='word_1_14' title='bbox 605 271 713 301; x_wconf 87' lang='lat' dir='ltr'><strong>dilecto</strong></span> <span class='ocrx_word' id='word_1_15' title='bbox 724 293 733 309; x_wconf 91' lang='lat'><strong>,</strong></span> <span class='ocrx_word' id='word_1_16' title='bbox 750 275 778 302; x_wconf 88' lang='lat' dir='ltr'><strong>et</strong></span> <span class='ocrx_word' id='word_1_17' title='bbox 790 281 884 302; x_wconf 89' lang='lat' dir='ltr'><strong>unum</strong></span> <span class='ocrx_word' id='word_1_18' title='bbox 899 282 961 303; x_wconf 90' lang='lat' dir='ltr'><strong>non</strong></span> 
     </span>
     <span class='ocr_line' id='line_1_3' title="bbox 181 318 961 356; baseline 0.003 -8"><span class='ocrx_word' id='word_1_19' title='bbox 181 318 306 348; x_wconf 82' lang='lat' dir='ltr'><strong>efficeris</strong></span> <span class='ocrx_word' id='word_1_20' title='bbox 322 327 391 348; x_wconf 88' lang='lat' dir='ltr'><strong>cum</strong></span> <span class='ocrx_word' id='word_1_21' title='bbox 403 319 481 356; x_wconf 87' lang='lat' dir='ltr'><strong>ipso.</strong></span> <span class='ocrx_word' id='word_1_22' title='bbox 503 321 594 348; x_wconf 85' lang='lat' dir='ltr'><strong>Amor</strong></span> <span class='ocrx_word' id='word_1_23' title='bbox 613 321 713 349; x_wconf 81' lang='lat' dir='ltr'><strong>autem</strong></span> <span class='ocrx_word' id='word_1_24' title='bbox 733 328 764 350; x_wconf 89' lang='lat' dir='ltr'><strong>se</strong></span> <span class='ocrx_word' id='word_1_25' title='bbox 783 321 846 350; x_wconf 86' lang='lat' dir='ltr'><strong>vult</strong></span> <span class='ocrx_word' id='word_1_26' title='bbox 867 329 961 350; x_wconf 91' lang='lat' dir='ltr'><strong>unum</strong></span> 
     </span>
     <span class='ocr_line' id='line_1_4' title="bbox 180 365 960 406; baseline 0 -10"><span class='ocrx_word' id='word_1_27' title='bbox 180 366 277 396; x_wconf 80' lang='lat' dir='ltr'><strong>facere</strong></span> <span class='ocrx_word' id='word_1_28' title='bbox 292 374 362 395; x_wconf 88' lang='lat' dir='ltr'><strong>cum</strong></span> <span class='ocrx_word' id='word_1_29' title='bbox 375 366 452 404; x_wconf 90' lang='lat' dir='ltr'><strong>ipso,</strong></span> <span class='ocrx_word' id='word_1_30' title='bbox 468 367 496 394; x_wconf 89' lang='lat' dir='ltr'><strong>et</strong></span> <span class='ocrx_word' id='word_1_31' title='bbox 510 365 578 395; x_wconf 88' lang='lat' dir='ltr'><strong>ideo</strong></span> <span class='ocrx_word' id='word_1_32' title='bbox 592 369 726 404; x_wconf 83' lang='lat' dir='ltr'><strong>penetrat</strong></span> <span class='ocrx_word' id='word_1_33' title='bbox 741 367 852 403; x_wconf 87' lang='lat' dir='ltr'><strong>omnia,</strong></span> <span class='ocrx_word' id='word_1_34' title='bbox 870 369 898 396; x_wconf 88' lang='lat' dir='ltr'><strong>et</strong></span> <span class='ocrx_word' id='word_1_35' title='bbox 908 377 960 406; x_wconf 86' lang='lat' dir='ltr'><strong>ap-</strong></span> 
     </span>
     <span class='ocr_line' id='line_1_5' title="bbox 180 413 958 451; baseline 0.003 -10"><span class='ocrx_word' id='word_1_36' title='bbox 180 413 376 450; x_wconf 78' lang='lat' dir='ltr'>propinquat,</span> <span class='ocrx_word' id='word_1_37' title='bbox 392 414 536 450; x_wconf 80' lang='lat' dir='ltr'><strong>quantum</strong></span> <span class='ocrx_word' id='word_1_38' title='bbox 551 415 663 450; x_wconf 90' lang='lat' dir='ltr'><strong>potest,</strong></span> <span class='ocrx_word' id='word_1_39' title='bbox 679 414 719 442; x_wconf 88' lang='lat' dir='ltr'><strong>ad</strong></span> <span class='ocrx_word' id='word_1_40' title='bbox 738 422 834 442; x_wconf 90' lang='lat' dir='ltr'><strong>unum</strong></span> <span class='ocrx_word' id='word_1_41' title='bbox 849 415 958 451; x_wconf 86' lang='lat' dir='ltr'><strong>ipsum.</strong></span> 
     </span>
     <span class='ocr_line' id='line_1_6' title="bbox 181 460 959 498; baseline 0.001 -9"><span class='ocrx_word' id='word_1_42' title='bbox 181 460 263 489; x_wconf 84' lang='lat' dir='ltr'>Unde</span> <span class='ocrx_word' id='word_1_43' title='bbox 278 460 424 497; x_wconf 86' lang='lat' dir='ltr'><strong>Propheta</strong></span> <span class='ocrx_word' id='word_1_44' title='bbox 436 461 493 488; x_wconf 84' lang='lat' dir='ltr'><strong>ait¹</strong></span> <span class='ocrx_word' id='word_1_45' title='bbox 511 471 518 488; x_wconf 93' lang='lat'>:</span> <span class='ocrx_word' id='word_1_46' title='bbox 546 461 597 488; x_wconf 77' lang='lat' dir='ltr'><strong>Ubi</strong></span> <span class='ocrx_word' id='word_1_47' title='bbox 611 463 670 488; x_wconf 80' lang='lat' dir='ltr'><strong>erat</strong></span> <span class='ocrx_word' id='word_1_48' title='bbox 684 463 801 497; x_wconf 76' lang='lat' dir='ltr'><strong>impetus</strong></span> <span class='ocrx_word' id='word_1_49' title='bbox 822 463 939 498; x_wconf 80' lang='lat' dir='ltr'><strong>spiritus</strong></span> <span class='ocrx_word' id='word_1_50' title='bbox 952 485 959 498; x_wconf 93' lang='lat'>‚</span> 
     </span>
     <span class='ocr_line' id='line_1_7' title="bbox 181 507 959 544; baseline 0.003 -8"><span class='ocrx_word' id='word_1_51' title='bbox 181 508 247 536; x_wconf 81' lang='lat' dir='ltr'><strong>illuc</strong></span> <span class='ocrx_word' id='word_1_52' title='bbox 262 507 465 543; x_wconf 67' lang='lat' dir='ltr'><em>gradiebantur.</em></span> <span class='ocrx_word' id='word_1_53' title='bbox 482 508 610 544; x_wconf 85' lang='lat' dir='ltr'><strong>Impetus</strong></span> <span class='ocrx_word' id='word_1_54' title='bbox 630 509 751 536; x_wconf 88' lang='lat' dir='ltr'><strong>acutum</strong></span> <span class='ocrx_word' id='word_1_55' title='bbox 765 512 817 536; x_wconf 86' lang='lat' dir='ltr'><strong>est.</strong></span> <span class='ocrx_word' id='word_1_56' title='bbox 828 519 840 535; x_wconf 64' lang='lat' dir='ltr'>u</span> <span class='ocrx_word' id='word_1_57' title='bbox 864 511 896 537; x_wconf 88' lang='lat' dir='ltr'><strong>Et</strong></span> <span class='ocrx_word' id='word_1_58' title='bbox 915 509 959 538; x_wconf 91' lang='lat' dir='ltr'><strong>in-</strong></span> 
     </span>
     <span class='ocr_line' id='line_1_8' title="bbox 180 554 961 591; baseline 0.003 -8"><span class='ocrx_word' id='word_1_59' title='bbox 180 554 226 584; x_wconf 86' lang='lat' dir='ltr'><strong>fra</strong></span> <span class='ocrx_word' id='word_1_60' title='bbox 240 554 311 583; x_wconf 90' lang='lat' dir='ltr'><strong>dicit</strong></span> <span class='ocrx_word' id='word_1_61' title='bbox 327 563 334 582; x_wconf 89' lang='lat'>:</span> <span class='ocrx_word' id='word_1_62' title='bbox 352 563 367 582; x_wconf 74' lang='lat'><strong>«1</strong></span> <span class='ocrx_word' id='word_1_63' title='bbox 379 555 505 583; x_wconf 76' lang='lat' dir='ltr'><strong>Acutum</strong></span> <span class='ocrx_word' id='word_1_64' title='bbox 519 562 581 582; x_wconf 90' lang='lat' dir='ltr'><strong>non</strong></span> <span class='ocrx_word' id='word_1_65' title='bbox 596 555 741 591; x_wconf 87' lang='lat' dir='ltr'><strong>quiescit,</strong></span> <span class='ocrx_word' id='word_1_66' title='bbox 761 555 858 584; x_wconf 90' lang='lat' dir='ltr'><strong>donec</strong></span> <span class='ocrx_word' id='word_1_67' title='bbox 873 556 961 585; x_wconf 90' lang='lat' dir='ltr'><strong>intret</strong></span> 
     </span>
     <span class='ocr_line' id='line_1_9' title="bbox 182 600 960 639; baseline 0 -8"><span class='ocrx_word' id='word_1_68' title='bbox 182 604 210 631; x_wconf 90' lang='lat' dir='ltr'><strong>et</strong></span> <span class='ocrx_word' id='word_1_69' title='bbox 224 602 374 639; x_wconf 78' lang='lat' dir='ltr'><strong>penetret,</strong></span> <span class='ocrx_word' id='word_1_70' title='bbox 389 602 417 629; x_wconf 87' lang='lat' dir='ltr'><strong>et</strong></span> <span class='ocrx_word' id='word_1_71' title='bbox 432 600 544 629; x_wconf 79' lang='lat' dir='ltr'><strong>dieat2:</strong></span> <span class='ocrx_word' id='word_1_72' title='bbox 562 603 648 629; x_wconf 80' lang='lat' dir='ltr'><strong>Tenui</strong></span> <span class='ocrx_word' id='word_1_73' title='bbox 657 610 728 634; x_wconf 76' lang='lat' dir='ltr'><strong>eum,</strong></span> <span class='ocrx_word' id='word_1_74' title='bbox 745 611 790 630; x_wconf 75' lang='lat' dir='ltr'><strong>nec</strong></span> <span class='ocrx_word' id='word_1_75' title='bbox 806 603 960 637; x_wconf 78' lang='lat' dir='ltr'><em>dimittam,</em></span> 
     </span>
     <span class='ocr_line' id='line_1_10' title="bbox 180 647 960 682; baseline 0 -4"><span class='ocrx_word' id='word_1_76' title='bbox 180 649 262 678; x_wconf 83' lang='lat' dir='ltr'><strong>donec</strong></span> <span class='ocrx_word' id='word_1_77' title='bbox 279 647 449 676; x_wconf 78' lang='lat' dir='ltr'><em>introducam</em></span> <span class='ocrx_word' id='word_1_78' title='bbox 464 656 523 676; x_wconf 86' lang='lat' dir='ltr'><strong>eum</strong></span> <span class='ocrx_word' id='word_1_79' title='bbox 541 650 571 676; x_wconf 81' lang='lat' dir='ltr'><strong>z&#39;n</strong></span> <span class='ocrx_word' id='word_1_80' title='bbox 586 649 692 676; x_wconf 85' lang='lat' dir='ltr'><strong>domum</strong></span> <span class='ocrx_word' id='word_1_81' title='bbox 714 651 812 677; x_wconf 80' lang='lat' dir='ltr'><strong>matris</strong></span> <span class='ocrx_word' id='word_1_82' title='bbox 828 659 908 682; x_wconf 79' lang='lat' dir='ltr'><strong>meae,</strong></span> <span class='ocrx_word' id='word_1_83' title='bbox 934 653 960 678; x_wconf 77' lang='lat' dir='ltr'><strong>ct</strong></span> 
     </span>
     <span class='ocr_line' id='line_1_11' title="bbox 180 696 959 734; baseline 0.001 -10"><span class='ocrx_word' id='word_1_84' title='bbox 180 698 210 724; x_wconf 74' lang='lat' dir='ltr'><strong>in</strong></span> <span class='ocrx_word' id='word_1_85' title='bbox 224 696 372 724; x_wconf 77' lang='lat' dir='ltr'><em>cubiculum</em></span> <span class='ocrx_word' id='word_1_86' title='bbox 387 696 526 730; x_wconf 68' lang='lat' dir='ltr'><strong>genitricis</strong></span> <span class='ocrx_word' id='word_1_87' title='bbox 539 704 612 723; x_wconf 80' lang='lat' dir='ltr'><strong>meoe.</strong></span> <span class='ocrx_word' id='word_1_88' title='bbox 624 696 682 724; x_wconf 87' lang='lat' dir='ltr'><strong>Sed</strong></span> <span class='ocrx_word' id='word_1_89' title='bbox 694 698 794 725; x_wconf 90' lang='lat' dir='ltr'><strong>tamen</strong></span> <span class='ocrx_word' id='word_1_90' title='bbox 808 697 906 734; x_wconf 83' lang='lat' dir='ltr'><strong>ipsum</strong></span> <span class='ocrx_word' id='word_1_91' title='bbox 920 698 959 726; x_wconf 87' lang='lat' dir='ltr'><strong>ad</strong></span> 
     </span>
     <span class='ocr_line' id='line_1_12' title="bbox 180 741 959 779; baseline 0.004 -9"><span class='ocrx_word' id='word_1_92' title='bbox 180 744 208 771; x_wconf 85' lang='lat' dir='ltr'><strong>te</strong></span> <span class='ocrx_word' id='word_1_93' title='bbox 220 741 422 770; x_wconf 88' lang='lat' dir='ltr'><strong>introductum</strong></span> <span class='ocrx_word' id='word_1_94' title='bbox 432 763 439 777; x_wconf 94' lang='lat'><strong>,</strong></span> <span class='ocrx_word' id='word_1_95' title='bbox 451 750 513 770; x_wconf 90' lang='lat' dir='ltr'><strong>non</strong></span> <span class='ocrx_word' id='word_1_96' title='bbox 523 742 659 778; x_wconf 86' lang='lat' dir='ltr'><strong>quolibet</strong></span> <span class='ocrx_word' id='word_1_97' title='bbox 673 744 765 772; x_wconf 91' lang='lat' dir='ltr'><strong>modo</strong></span> <span class='ocrx_word' id='word_1_98' title='bbox 778 765 786 779; x_wconf 92' lang='lat'><strong>,</strong></span> <span class='ocrx_word' id='word_1_99' title='bbox 802 746 834 772; x_wconf 91' lang='lat' dir='ltr'><strong>ut</strong></span> <span class='ocrx_word' id='word_1_100' title='bbox 848 745 959 773; x_wconf 90' lang='lat' dir='ltr'><strong>scilicet</strong></span> 
     </span>
     <span class='ocr_line' id='line_1_13' title="bbox 179 789 959 827; baseline 0.003 -9"><span class='ocrx_word' id='word_1_101' title='bbox 179 789 318 818; x_wconf 82' lang='lat' dir='ltr'><strong>subsistat</strong></span> <span class='ocrx_word' id='word_1_102' title='bbox 336 789 418 817; x_wconf 83' lang='lat' dir='ltr'><strong>extra</strong></span> <span class='ocrx_word' id='word_1_103' title='bbox 442 789 523 826; x_wconf 89' lang='lat' dir='ltr'><strong>apud</strong></span> <span class='ocrx_word' id='word_1_104' title='bbox 544 791 586 825; x_wconf 88' lang='lat' dir='ltr'><strong>te,</strong></span> <span class='ocrx_word' id='word_1_105' title='bbox 607 790 655 818; x_wconf 89' lang='lat' dir='ltr'><strong>vel</strong></span> <span class='ocrx_word' id='word_1_106' title='bbox 677 790 708 818; x_wconf 87' lang='lat' dir='ltr'><strong>in</strong></span> <span class='ocrx_word' id='word_1_107' title='bbox 726 791 862 827; x_wconf 88' lang='lat' dir='ltr'><strong>partibus</strong></span> <span class='ocrx_word' id='word_1_108' title='bbox 882 792 937 820; x_wconf 91' lang='lat' dir='ltr'><strong>tuis</strong></span> <span class='ocrx_word' id='word_1_109' title='bbox 951 814 959 827; x_wconf 89' lang='lat'><em>‚</em></span> 
     </span>
     <span class='ocr_line' id='line_1_14' title="bbox 180 836 960 872; baseline 0.004 -8"><span class='ocrx_word' id='word_1_110' title='bbox 180 836 242 865; x_wconf 88' lang='lat' dir='ltr'><strong>sive</strong></span> <span class='ocrx_word' id='word_1_111' title='bbox 257 837 324 864; x_wconf 86' lang='lat' dir='ltr'><strong>ante</strong></span> <span class='ocrx_word' id='word_1_112' title='bbox 340 836 449 864; x_wconf 90' lang='lat' dir='ltr'><strong>ostium</strong></span> <span class='ocrx_word' id='word_1_113' title='bbox 464 836 573 864; x_wconf 87' lang='lat' dir='ltr'><strong>domus</strong></span> <span class='ocrx_word' id='word_1_114' title='bbox 589 838 662 872; x_wconf 75' lang='lat' dir='ltr'><strong>tuae,</strong></span> <span class='ocrx_word' id='word_1_115' title='bbox 680 839 731 866; x_wconf 85' lang='lat' dir='ltr'><strong>aut</strong></span> <span class='ocrx_word' id='word_1_116' title='bbox 745 838 833 866; x_wconf 86' lang='lat' dir='ltr'><strong>etiam</strong></span> <span class='ocrx_word' id='word_1_117' title='bbox 849 839 960 867; x_wconf 85' lang='lat' dir='ltr'><strong>solum-</strong></span> 
     </span>
     <span class='ocr_line' id='line_1_15' title="bbox 180 883 961 922; baseline 0.003 -10"><span class='ocrx_word' id='word_1_118' title='bbox 180 883 271 912; x_wconf 91' lang='lat' dir='ltr'>modo</span> <span class='ocrx_word' id='word_1_119' title='bbox 286 883 316 911; x_wconf 91' lang='lat' dir='ltr'><strong>in</strong></span> <span class='ocrx_word' id='word_1_120' title='bbox 332 883 424 911; x_wconf 87' lang='lat' dir='ltr'><strong>domo</strong></span> <span class='ocrx_word' id='word_1_121' title='bbox 438 885 506 912; x_wconf 85' lang='lat' dir='ltr'><strong>tua:</strong></span> <span class='ocrx_word' id='word_1_122' title='bbox 519 884 590 920; x_wconf 89' lang='lat' dir='ltr'><strong>quia</strong></span> <span class='ocrx_word' id='word_1_123' title='bbox 603 884 661 912; x_wconf 89' lang='lat' dir='ltr'><strong>hoc</strong></span> <span class='ocrx_word' id='word_1_124' title='bbox 675 893 736 913; x_wconf 91' lang='lat' dir='ltr'><strong>non</strong></span> <span class='ocrx_word' id='word_1_125' title='bbox 753 888 827 914; x_wconf 88' lang='lat' dir='ltr'><strong>essct</strong></span> <span class='ocrx_word' id='word_1_126' title='bbox 842 886 961 922; x_wconf 82' lang='lat' dir='ltr'><strong>signum</strong></span> 
     </span>
     <span class='ocr_line' id='line_1_16' title="bbox 180 930 958 968; baseline 0.005 -10"><span class='ocrx_word' id='word_1_127' title='bbox 180 938 296 966; x_wconf 77' lang='lat' dir='ltr'><strong>magnoe</strong></span> <span class='ocrx_word' id='word_1_128' title='bbox 320 930 486 959; x_wconf 78' lang='lat' dir='ltr'><strong>dilectionis</strong></span> <span class='ocrx_word' id='word_1_129' title='bbox 497 952 506 966; x_wconf 90' lang='lat'><strong>,</strong></span> <span class='ocrx_word' id='word_1_130' title='bbox 531 931 588 959; x_wconf 87' lang='lat' dir='ltr'><strong>nisi</strong></span> <span class='ocrx_word' id='word_1_131' title='bbox 608 940 703 968; x_wconf 83' lang='lat' dir='ltr'><strong>usque</strong></span> <span class='ocrx_word' id='word_1_132' title='bbox 729 933 768 960; x_wconf 88' lang='lat' dir='ltr'><strong>ad</strong></span> <span class='ocrx_word' id='word_1_133' title='bbox 793 933 958 962; x_wconf 80' lang='lat' dir='ltr'><strong>thalamum</strong></span> 
     </span>
     <span class='ocr_line' id='line_1_17' title="bbox 180 978 960 1018; baseline 0.005 -12"><span class='ocrx_word' id='word_1_134' title='bbox 180 978 351 1015; x_wconf 88' lang='lat' dir='ltr'><strong>perveniat,</strong></span> <span class='ocrx_word' id='word_1_135' title='bbox 369 980 396 1006; x_wconf 92' lang='lat' dir='ltr'><strong>et</strong></span> <span class='ocrx_word' id='word_1_136' title='bbox 410 978 586 1006; x_wconf 80' lang='lat' dir='ltr'><strong>cubiculum</strong></span> <span class='ocrx_word' id='word_1_137' title='bbox 602 979 799 1015; x_wconf 82' lang='lat' dir='ltr'><strong>ingrediatur,</strong></span> <span class='ocrx_word' id='word_1_138' title='bbox 819 983 847 1008; x_wconf 89' lang='lat' dir='ltr'><strong>et</strong></span> <span class='ocrx_word' id='word_1_139' title='bbox 866 990 960 1018; x_wconf 88' lang='lat' dir='ltr'><strong>usque</strong></span> 
     </span>
     <span class='ocr_line' id='line_1_18' title="bbox 181 1025 958 1064; baseline 0.005 -11"><span class='ocrx_word' id='word_1_140' title='bbox 181 1025 220 1054; x_wconf 86' lang='lat' dir='ltr'><strong>ad</strong></span> <span class='ocrx_word' id='word_1_141' title='bbox 234 1025 374 1053; x_wconf 86' lang='lat' dir='ltr'><strong>interiora</strong></span> <span class='ocrx_word' id='word_1_142' title='bbox 387 1027 536 1061; x_wconf 83' lang='lat' dir='ltr'><strong>penetret,</strong></span> <span class='ocrx_word' id='word_1_143' title='bbox 551 1027 579 1053; x_wconf 89' lang='lat' dir='ltr'><strong>et</strong></span> <span class='ocrx_word' id='word_1_144' title='bbox 599 1026 628 1053; x_wconf 90' lang='lat' dir='ltr'><strong>in</strong></span> <span class='ocrx_word' id='word_1_145' title='bbox 651 1027 761 1055; x_wconf 89' lang='lat' dir='ltr'><strong>intimis</strong></span> <span class='ocrx_word' id='word_1_146' title='bbox 782 1028 958 1064; x_wconf 79' lang='lat' dir='ltr'><strong>requiescat.</strong></span> 
     </span>
     <span class='ocr_line' id='line_1_19' title="bbox 180 1072 961 1109; baseline 0.003 -8"><span class='ocrx_word' id='word_1_147' title='bbox 180 1074 244 1108; x_wconf 85' lang='lat' dir='ltr'><strong>lpse</strong></span> <span class='ocrx_word' id='word_1_148' title='bbox 261 1073 360 1100; x_wconf 87' lang='lat' dir='ltr'><strong>autem</strong></span> <span class='ocrx_word' id='word_1_149' title='bbox 378 1072 554 1108; x_wconf 84' lang='lat' dir='ltr'><strong>ingreditur,</strong></span> <span class='ocrx_word' id='word_1_150' title='bbox 574 1074 607 1100; x_wconf 90' lang='lat' dir='ltr'><strong>ut</strong></span> <span class='ocrx_word' id='word_1_151' title='bbox 632 1074 660 1100; x_wconf 88' lang='lat' dir='ltr'><strong>et</strong></span> <span class='ocrx_word' id='word_1_152' title='bbox 678 1075 710 1101; x_wconf 85' lang='lat' dir='ltr'><strong>tu</strong></span> <span class='ocrx_word' id='word_1_153' title='bbox 724 1074 902 1109; x_wconf 79' lang='lat' dir='ltr'><strong>ingrediaris</strong></span> <span class='ocrx_word' id='word_1_154' title='bbox 922 1076 961 1104; x_wconf 87' lang='lat' dir='ltr'><strong>ad</strong></span> 
     </span>
     <span class='ocr_line' id='line_1_20' title="bbox 180 1119 961 1150; baseline 0.004 -3"><span class='ocrx_word' id='word_1_155' title='bbox 180 1119 276 1147; x_wconf 87' lang='lat' dir='ltr'><strong>illum.</strong></span> <span class='ocrx_word' id='word_1_156' title='bbox 297 1129 311 1144; x_wconf 90' lang='lat'>»</span> <span class='ocrx_word' id='word_1_157' title='bbox 333 1120 398 1147; x_wconf 82' lang='lat' dir='ltr'><strong>Hoec</strong></span> <span class='ocrx_word' id='word_1_158' title='bbox 411 1119 481 1147; x_wconf 88' lang='lat' dir='ltr'><strong>&#39;ille.</strong></span> <span class='ocrx_word' id='word_1_159' title='bbox 509 1119 709 1147; x_wconf 90' lang='lat' dir='ltr'><strong>Linconiensis</strong></span> <span class='ocrx_word' id='word_1_160' title='bbox 733 1121 808 1149; x_wconf 90' lang='lat' dir='ltr'><strong>illud</strong></span> <span class='ocrx_word' id='word_1_161' title='bbox 834 1122 961 1150; x_wconf 86' lang='lat' dir='ltr'><strong>verbum</strong></span> 
     </span>
     <span class='ocr_line' id='line_1_21' title="bbox 180 1165 961 1204; baseline 0.003 -10"><span class='ocrx_word' id='word_1_162' title='bbox 180 1165 317 1203; x_wconf 80' lang='lat' dir='ltr'><strong>exponit,</strong></span> <span class='ocrx_word' id='word_1_163' title='bbox 332 1166 433 1194; x_wconf 88' lang='lat' dir='ltr'><strong>dicens</strong></span> <span class='ocrx_word' id='word_1_164' title='bbox 444 1167 484 1194; x_wconf 87' lang='lat' dir='ltr'><strong>sic</strong></span> <span class='ocrx_word' id='word_1_165' title='bbox 501 1176 507 1194; x_wconf 91' lang='lat'>:</span> <span class='ocrx_word' id='word_1_166' title='bbox 525 1176 539 1193; x_wconf 86' lang='lat'>«</span> <span class='ocrx_word' id='word_1_167' title='bbox 549 1167 668 1194; x_wconf 79' lang='lat' dir='ltr'><em>Acutum</em></span> <span class='ocrx_word' id='word_1_168' title='bbox 683 1167 790 1195; x_wconf 90' lang='lat' dir='ltr'><strong>dicitur</strong></span> <span class='ocrx_word' id='word_1_169' title='bbox 802 1170 861 1196; x_wconf 88' lang='lat' dir='ltr'><strong>tam</strong></span> <span class='ocrx_word' id='word_1_170' title='bbox 878 1169 961 1204; x_wconf 84' lang='lat' dir='ltr'><strong>qnod</strong></span> 
     </span>
     <span class='ocr_line' id='line_1_22' title="bbox 181 1213 962 1250; baseline 0.003 -9"><span class='ocrx_word' id='word_1_171' title='bbox 181 1213 288 1241; x_wconf 84' lang='lat' dir='ltr'><strong>subtile</strong></span> <span class='ocrx_word' id='word_1_172' title='bbox 299 1215 327 1241; x_wconf 90' lang='lat' dir='ltr'><strong>et</strong></span> <span class='ocrx_word' id='word_1_173' title='bbox 340 1213 558 1250; x_wconf 87' lang='lat' dir='ltr'><strong>penetrativum</strong></span> <span class='ocrx_word' id='word_1_174' title='bbox 573 1215 632 1248; x_wconf 84' lang='lat' dir='ltr'><strong>est,</strong></span> <span class='ocrx_word' id='word_1_175' title='bbox 645 1222 737 1250; x_wconf 88' lang='lat' dir='ltr'><strong>quam</strong></span> <span class='ocrx_word' id='word_1_176' title='bbox 753 1215 836 1250; x_wconf 87' lang='lat' dir='ltr'><strong>quod</strong></span> <span class='ocrx_word' id='word_1_177' title='bbox 854 1216 883 1243; x_wconf 92' lang='lat' dir='ltr'><strong>in</strong></span> <span class='ocrx_word' id='word_1_178' title='bbox 899 1224 962 1243; x_wconf 87' lang='lat' dir='ltr'><strong>mo-</strong></span> 
     </span>
     <span class='ocr_line' id='line_1_23' title="bbox 180 1260 961 1290; baseline 0.003 -2"><span class='ocrx_word' id='word_1_179' title='bbox 180 1261 259 1288; x_wconf 90' lang='lat' dir='ltr'><strong>tione</strong></span> <span class='ocrx_word' id='word_1_180' title='bbox 269 1260 358 1288; x_wconf 81' lang='lat' dir='ltr'><strong>velox</strong></span> <span class='ocrx_word' id='word_1_181' title='bbox 369 1262 419 1288; x_wconf 86' lang='lat' dir='ltr'><strong>est.</strong></span> <span class='ocrx_word' id='word_1_182' title='bbox 428 1260 591 1288; x_wconf 88' lang='lat' dir='ltr'><strong>lnhiatione</strong></span> <span class='ocrx_word' id='word_1_183' title='bbox 603 1262 701 1288; x_wconf 83' lang='lat' dir='ltr'><strong>autem</strong></span> <span class='ocrx_word' id='word_1_184' title='bbox 712 1261 850 1290; x_wconf 85' lang='lat' dir='ltr'><strong>tendente</strong></span> <span class='ocrx_word' id='word_1_185' title='bbox 858 1262 887 1290; x_wconf 92' lang='lat' dir='ltr'><strong>in</strong></span> <span class='ocrx_word' id='word_1_186' title='bbox 898 1271 961 1290; x_wconf 89' lang='lat' dir='ltr'><strong>rem</strong></span> 
     </span>
     <span class='ocr_line' id='line_1_24' title="bbox 181 1307 961 1343; baseline 0.003 -8"><span class='ocrx_word' id='word_1_187' title='bbox 181 1309 320 1342; x_wconf 86' lang='lat' dir='ltr'><strong>amatam,</strong></span> <span class='ocrx_word' id='word_1_188' title='bbox 331 1307 405 1335; x_wconf 86' lang='lat' dir='ltr'><strong>nihil</strong></span> <span class='ocrx_word' id='word_1_189' title='bbox 415 1307 557 1335; x_wconf 70' lang='lat' dir='ltr'><strong>velocius</strong></span> <span class='ocrx_word' id='word_1_190' title='bbox 569 1307 651 1335; x_wconf 91' lang='lat' dir='ltr'><strong>Unde</strong></span> <span class='ocrx_word' id='word_1_191' title='bbox 662 1308 735 1335; x_wconf 86' lang='lat' dir='ltr'><strong>nihil</strong></span> <span class='ocrx_word' id='word_1_192' title='bbox 746 1309 859 1336; x_wconf 86' lang='lat' dir='ltr'><strong>acutius</strong></span> <span class='ocrx_word' id='word_1_193' title='bbox 870 1331 878 1343; x_wconf 86' lang='lat'><strong>,</strong></span> <span class='ocrx_word' id='word_1_194' title='bbox 887 1309 961 1337; x_wconf 86' lang='lat' dir='ltr'><strong>nihil</strong></span> 
     </span>
     <span class='ocr_line' id='line_1_25' title="bbox 180 1354 961 1392; baseline 0.004 -11"><span class='ocrx_word' id='word_1_195' title='bbox 180 1354 318 1382; x_wconf 89' lang='lat' dir='ltr'><strong>subtilius</strong></span> <span class='ocrx_word' id='word_1_196' title='bbox 336 1362 450 1389; x_wconf 86' lang='lat' dir='ltr'><strong>amore,</strong></span> <span class='ocrx_word' id='word_1_197' title='bbox 465 1356 516 1382; x_wconf 86' lang='lat' dir='ltr'><strong>aut</strong></span> <span class='ocrx_word' id='word_1_198' title='bbox 529 1355 752 1391; x_wconf 79' lang='lat' dir='ltr'><strong>penetrabilius,</strong></span> <span class='ocrx_word' id='word_1_199' title='bbox 770 1355 841 1392; x_wconf 83' lang='lat' dir='ltr'><strong>quia</strong></span> <span class='ocrx_word' id='word_1_200' title='bbox 855 1358 961 1384; x_wconf 83' lang='lat' dir='ltr'><strong>natura</strong></span> 
     </span>
     <span class='ocr_line' id='line_1_26' title="bbox 180 1401 960 1438; baseline 0.001 -9"><span class='ocrx_word' id='word_1_201' title='bbox 180 1409 242 1429; x_wconf 88' lang='lat' dir='ltr'><strong>non</strong></span> <span class='ocrx_word' id='word_1_202' title='bbox 256 1401 396 1438; x_wconf 91' lang='lat' dir='ltr'><strong>quiescit,</strong></span> <span class='ocrx_word' id='word_1_203' title='bbox 416 1402 512 1430; x_wconf 90' lang='lat' dir='ltr'><strong>donec</strong></span> <span class='ocrx_word' id='word_1_204' title='bbox 527 1402 700 1430; x_wconf 79' lang='lat' dir='ltr'><strong>naturaliter</strong></span> <span class='ocrx_word' id='word_1_205' title='bbox 714 1404 807 1430; x_wconf 86' lang='lat' dir='ltr'><strong>totam</strong></span> <span class='ocrx_word' id='word_1_206' title='bbox 823 1403 960 1431; x_wconf 84' lang='lat' dir='ltr'><strong>amabilis</strong></span> 
     </span>
     <span class='ocr_line' id='line_1_27' title="bbox 180 1449 962 1485; baseline 0.003 -9"><span class='ocrx_word' id='word_1_207' title='bbox 180 1449 377 1484; x_wconf 84' lang='lat' dir='ltr'><strong>penetraverit</strong></span> <span class='ocrx_word' id='word_1_208' title='bbox 391 1449 548 1483; x_wconf 87' lang='lat' dir='ltr'><strong>virtutem,</strong></span> <span class='ocrx_word' id='word_1_209' title='bbox 565 1451 592 1477; x_wconf 91' lang='lat' dir='ltr'><strong>et</strong></span> <span class='ocrx_word' id='word_1_210' title='bbox 606 1450 840 1485; x_wconf 83' lang='lat' dir='ltr'><strong>profunditatem</strong></span> <span class='ocrx_word' id='word_1_211' title='bbox 850 1472 858 1485; x_wconf 89' lang='lat'><strong>,</strong></span> <span class='ocrx_word' id='word_1_212' title='bbox 876 1453 903 1478; x_wconf 90' lang='lat' dir='ltr'><strong>et</strong></span> <span class='ocrx_word' id='word_1_213' title='bbox 919 1452 962 1478; x_wconf 87' lang='lat' dir='ltr'><strong>to-</strong></span> 
     </span>
     <span class='ocr_line' id='line_1_28' title="bbox 180 1495 960 1532; baseline 0.003 -9"><span class='ocrx_word' id='word_1_214' title='bbox 180 1495 338 1530; x_wconf 81' lang='lat' dir='ltr'><strong>talitatem,</strong></span> <span class='ocrx_word' id='word_1_215' title='bbox 355 1498 501 1532; x_wconf 88' lang='lat' dir='ltr'><strong>quantum</strong></span> <span class='ocrx_word' id='word_1_216' title='bbox 515 1497 620 1531; x_wconf 87' lang='lat' dir='ltr'><strong>potest.</strong></span> <span class='ocrx_word' id='word_1_217' title='bbox 644 1498 704 1524; x_wconf 86' lang='lat' dir='ltr'><strong>Hoc</strong></span> <span class='ocrx_word' id='word_1_218' title='bbox 719 1497 808 1532; x_wconf 86' lang='lat' dir='ltr'><strong>igitur</strong></span> <span class='ocrx_word' id='word_1_219' title='bbox 824 1497 960 1525; x_wconf 53' lang='lat' dir='ltr'><strong>existimo</strong></span> 
     </span>
     <span class='ocr_line' id='line_1_29' title="bbox 180 1542 726 1579; baseline -0.002 -9"><span class='ocrx_word' id='word_1_220' title='bbox 180 1542 341 1578; x_wconf 85' lang='lat' dir='ltr'><strong>significari</strong></span> <span class='ocrx_word' id='word_1_221' title='bbox 356 1551 411 1579; x_wconf 87' lang='lat' dir='ltr'><strong>per</strong></span> <span class='ocrx_word' id='word_1_222' title='bbox 426 1545 543 1570; x_wconf 78' lang='lat' dir='ltr'><strong>acutum.</strong></span> <span class='ocrx_word' id='word_1_223' title='bbox 557 1554 570 1568; x_wconf 83' lang='lat'>»</span> <span class='ocrx_word' id='word_1_224' title='bbox 590 1545 654 1570; x_wconf 68' lang='lat' dir='ltr'><strong>Haec</strong></span> <span class='ocrx_word' id='word_1_225' title='bbox 667 1543 726 1571; x_wconf 88' lang='lat' dir='ltr'><strong>ille.</strong></span> 
     </span>
    </p>

    <p class='ocr_par' dir='ltr' id='par_1_3' title="bbox 177 1589 960 2237">
     <span class='ocr_line' id='line_1_30' title="bbox 215 1589 960 1626; baseline 0.004 -10"><span class='ocrx_word' id='word_1_226' title='bbox 215 1589 322 1623; x_wconf 83' lang='lat' dir='ltr'><strong>Quinta</strong></span> <span class='ocrx_word' id='word_1_227' title='bbox 338 1589 504 1625; x_wconf 83' lang='lat' dir='ltr'><strong>proprietas</strong></span> <span class='ocrx_word' id='word_1_228' title='bbox 515 1590 577 1617; x_wconf 89' lang='lat' dir='ltr'><strong>sive</strong></span> <span class='ocrx_word' id='word_1_229' title='bbox 593 1590 704 1625; x_wconf 86' lang='lat' dir='ltr'><strong>gradus</strong></span> <span class='ocrx_word' id='word_1_230' title='bbox 720 1591 865 1626; x_wconf 79' lang='lat' dir='ltr'><strong>seraphici</strong></span> <span class='ocrx_word' id='word_1_231' title='bbox 881 1599 960 1620; x_wconf 83' lang='lat' dir='ltr'><strong>amo-</strong></span> 
     </span>
     <span class='ocr_line' id='line_1_31' title="bbox 179 1635 960 1674; baseline 0.003 -10"><span class='ocrx_word' id='word_1_232' title='bbox 179 1635 219 1664; x_wconf 89' lang='lat' dir='ltr'><strong>ris</strong></span> <span class='ocrx_word' id='word_1_233' title='bbox 237 1638 279 1664; x_wconf 86' lang='lat' dir='ltr'><strong>est</strong></span> <span class='ocrx_word' id='word_1_234' title='bbox 293 1637 521 1671; x_wconf 77' lang='lat' dir='ltr'><strong>superfervidum.</strong></span> <span class='ocrx_word' id='word_1_235' title='bbox 547 1637 633 1670; x_wconf 79' lang='lat' dir='ltr'><strong>Quod</strong></span> <span class='ocrx_word' id='word_1_236' title='bbox 654 1637 854 1665; x_wconf 88' lang='lat' dir='ltr'><strong>Linconiensis</strong></span> <span class='ocrx_word' id='word_1_237' title='bbox 869 1647 960 1674; x_wconf 74' lang='lat' dir='ltr'><strong>expo-</strong></span> 
     </span>
     <span class='ocr_line' id='line_1_32' title="bbox 179 1683 960 1721; baseline 0.004 -11"><span class='ocrx_word' id='word_1_238' title='bbox 179 1683 232 1718; x_wconf 84' lang='lat' dir='ltr'><strong>nit,</strong></span> <span class='ocrx_word' id='word_1_239' title='bbox 247 1683 346 1720; x_wconf 83' lang='lat' dir='ltr'><strong>primo</strong></span> <span class='ocrx_word' id='word_1_240' title='bbox 362 1683 520 1711; x_wconf 88' lang='lat' dir='ltr'><strong>ostendens</strong></span> <span class='ocrx_word' id='word_1_241' title='bbox 535 1684 609 1719; x_wconf 88' lang='lat' dir='ltr'><strong>quid</strong></span> <span class='ocrx_word' id='word_1_242' title='bbox 621 1684 656 1711; x_wconf 90' lang='lat' dir='ltr'><strong>sit</strong></span> <span class='ocrx_word' id='word_1_243' title='bbox 670 1684 829 1720; x_wconf 86' lang='lat' dir='ltr'><strong>fervidum,</strong></span> <span class='ocrx_word' id='word_1_244' title='bbox 848 1686 960 1721; x_wconf 81' lang='lat' dir='ltr'><strong>etquid</strong></span> 
     </span>
     <span class='ocr_line' id='line_1_33' title="bbox 178 1730 960 1766; baseline 0.003 -8"><span class='ocrx_word' id='word_1_245' title='bbox 178 1730 215 1758; x_wconf 82' lang='lat' dir='ltr'><strong>sit</strong></span> <span class='ocrx_word' id='word_1_246' title='bbox 229 1730 476 1766; x_wconf 87' lang='lat' dir='ltr'><strong>superfervidum.</strong></span> <span class='ocrx_word' id='word_1_247' title='bbox 493 1730 565 1758; x_wconf 86' lang='lat' dir='ltr'><strong>Dicit</strong></span> <span class='ocrx_word' id='word_1_248' title='bbox 580 1738 650 1766; x_wconf 86' lang='lat' dir='ltr'><strong>ergo</strong></span> <span class='ocrx_word' id='word_1_249' title='bbox 671 1731 712 1759; x_wconf 86' lang='lat' dir='ltr'><strong>sic</strong></span> <span class='ocrx_word' id='word_1_250' title='bbox 729 1740 735 1759; x_wconf 91' lang='lat'><strong>:</strong></span> <span class='ocrx_word' id='word_1_251' title='bbox 755 1733 900 1760; x_wconf 72' lang='lat' dir='ltr'><strong>«Fervere</strong></span> <span class='ocrx_word' id='word_1_252' title='bbox 917 1733 960 1760; x_wconf 90' lang='lat' dir='ltr'><strong>di-</strong></span> 
     </span>
     <span class='ocr_line' id='line_1_34' title="bbox 179 1777 960 1815; baseline 0.003 -9"><span class='ocrx_word' id='word_1_253' title='bbox 179 1779 295 1813; x_wconf 88' lang='lat' dir='ltr'><strong>cuntur,</strong></span> <span class='ocrx_word' id='word_1_254' title='bbox 316 1777 368 1814; x_wconf 88' lang='lat' dir='ltr'><strong>qui</strong></span> <span class='ocrx_word' id='word_1_255' title='bbox 382 1778 527 1814; x_wconf 85' lang='lat' dir='ltr'><strong>impresso</strong></span> <span class='ocrx_word' id='word_1_256' title='bbox 551 1778 650 1806; x_wconf 86' lang='lat' dir='ltr'><strong>calore</strong></span> <span class='ocrx_word' id='word_1_257' title='bbox 675 1787 765 1815; x_wconf 86' lang='lat' dir='ltr'><strong>supra</strong></span> <span class='ocrx_word' id='word_1_258' title='bbox 787 1787 818 1807; x_wconf 91' lang='lat' dir='ltr'><strong>se</strong></span> <span class='ocrx_word' id='word_1_259' title='bbox 842 1788 960 1808; x_wconf 86' lang='lat' dir='ltr'><strong>sursum</strong></span> 
     </span>
     <span class='ocr_line' id='line_1_35' title="bbox 178 1824 958 1861; baseline 0.004 -9"><span class='ocrx_word' id='word_1_260' title='bbox 178 1824 322 1860; x_wconf 83' lang='lat' dir='ltr'><strong>feruntur,</strong></span> <span class='ocrx_word' id='word_1_261' title='bbox 351 1826 378 1853; x_wconf 88' lang='lat' dir='ltr'><strong>et</strong></span> <span class='ocrx_word' id='word_1_262' title='bbox 399 1825 523 1861; x_wconf 86' lang='lat' dir='ltr'><strong>proprio</strong></span> <span class='ocrx_word' id='word_1_263' title='bbox 549 1825 684 1860; x_wconf 87' lang='lat' dir='ltr'><strong>pondere</strong></span> <span class='ocrx_word' id='word_1_264' title='bbox 706 1826 737 1853; x_wconf 88' lang='lat' dir='ltr'><strong>in</strong></span> <span class='ocrx_word' id='word_1_265' title='bbox 761 1834 791 1854; x_wconf 90' lang='lat' dir='ltr'><strong>se</strong></span> <span class='ocrx_word' id='word_1_266' title='bbox 808 1827 958 1856; x_wconf 87' lang='lat' dir='ltr'><strong>redeunt:</strong></span> 
     </span>
     <span class='ocr_line' id='line_1_36' title="bbox 178 1871 957 1910; baseline 0.004 -11"><span class='ocrx_word' id='word_1_267' title='bbox 178 1871 351 1906; x_wconf 82' lang='lat' dir='ltr'><strong>hujusmodi</strong></span> <span class='ocrx_word' id='word_1_268' title='bbox 366 1880 454 1908; x_wconf 86' lang='lat' dir='ltr'><strong>super</strong></span> <span class='ocrx_word' id='word_1_269' title='bbox 464 1880 493 1899; x_wconf 86' lang='lat' dir='ltr'><strong>se</strong></span> <span class='ocrx_word' id='word_1_270' title='bbox 508 1872 681 1907; x_wconf 76' lang='lat' dir='ltr'><strong>levationes,</strong></span> <span class='ocrx_word' id='word_1_271' title='bbox 696 1873 764 1901; x_wconf 89' lang='lat' dir='ltr'><strong>etin</strong></span> <span class='ocrx_word' id='word_1_272' title='bbox 778 1882 809 1901; x_wconf 92' lang='lat' dir='ltr'><strong>se</strong></span> <span class='ocrx_word' id='word_1_273' title='bbox 823 1874 957 1910; x_wconf 82' lang='lat' dir='ltr'><strong>relapsus</strong></span> 
     </span>
     <span class='ocr_line' id='line_1_37' title="bbox 180 1917 958 1958; baseline 0.005 -13"><span class='ocrx_word' id='word_1_274' title='bbox 180 1917 434 1952; x_wconf 86' lang='lat' dir='ltr'><strong>vicissitudinarie,</strong></span> <span class='ocrx_word' id='word_1_275' title='bbox 444 1919 574 1947; x_wconf 83' lang='lat' dir='ltr'><strong>fervores</strong></span> <span class='ocrx_word' id='word_1_276' title='bbox 586 1919 732 1947; x_wconf 89' lang='lat' dir='ltr'><strong>dicuntur.</strong></span> <span class='ocrx_word' id='word_1_277' title='bbox 751 1921 847 1948; x_wconf 81' lang='lat' dir='ltr'><strong>Sancti</strong></span> <span class='ocrx_word' id='word_1_278' title='bbox 859 1922 958 1958; x_wconf 83' lang='lat' dir='ltr'><strong>itaque</strong></span> 
     </span>
     <span class='ocr_line' id='line_1_38' title="bbox 179 1964 958 2002; baseline 0.005 -10"><span class='ocrx_word' id='word_1_279' title='bbox 179 1964 249 1998; x_wconf 86' lang='lat' dir='ltr'><strong>viri,</strong></span> <span class='ocrx_word' id='word_1_280' title='bbox 266 1965 317 2001; x_wconf 91' lang='lat' dir='ltr'><strong>qui</strong></span> <span class='ocrx_word' id='word_1_281' title='bbox 334 1968 506 1993; x_wconf 79' lang='lat' dir='ltr'><strong>exarserunt</strong></span> <span class='ocrx_word' id='word_1_282' title='bbox 520 1966 612 1993; x_wconf 88' lang='lat' dir='ltr'><strong>sancti</strong></span> <span class='ocrx_word' id='word_1_283' title='bbox 627 1967 750 2002; x_wconf 82' lang='lat' dir='ltr'><strong>Spiritus</strong></span> <span class='ocrx_word' id='word_1_284' title='bbox 773 1968 867 1999; x_wconf 69' lang='lat' dir='ltr'><strong>gratia</strong></span> <span class='ocrx_word' id='word_1_285' title='bbox 878 1989 887 2002; x_wconf 91' lang='lat'><strong>,</strong></span> <span class='ocrx_word' id='word_1_286' title='bbox 909 1977 958 1996; x_wconf 85' lang='lat' dir='ltr'><strong>su-</strong></span> 
     </span>
     <span class='ocr_line' id='line_1_39' title="bbox 177 2011 957 2050; baseline 0.006 -12"><span class='ocrx_word' id='word_1_287' title='bbox 177 2019 233 2047; x_wconf 84' lang='lat' dir='ltr'><strong>pra</strong></span> <span class='ocrx_word' id='word_1_288' title='bbox 246 2019 276 2039; x_wconf 90' lang='lat' dir='ltr'><strong>se</strong></span> <span class='ocrx_word' id='word_1_289' title='bbox 292 2011 453 2039; x_wconf 85' lang='lat' dir='ltr'><strong>efferuntur</strong></span> <span class='ocrx_word' id='word_1_290' title='bbox 466 2012 496 2039; x_wconf 91' lang='lat' dir='ltr'><strong>in</strong></span> <span class='ocrx_word' id='word_1_291' title='bbox 513 2014 603 2040; x_wconf 90' lang='lat' dir='ltr'><strong>Deum</strong></span> <span class='ocrx_word' id='word_1_292' title='bbox 615 2034 623 2047; x_wconf 96' lang='lat'><strong>,</strong></span> <span class='ocrx_word' id='word_1_293' title='bbox 649 2016 677 2040; x_wconf 89' lang='lat' dir='ltr'><strong>et</strong></span> <span class='ocrx_word' id='word_1_294' title='bbox 691 2021 727 2041; x_wconf 78' lang='lat' dir='ltr'><strong>ex</strong></span> <span class='ocrx_word' id='word_1_295' title='bbox 743 2015 865 2050; x_wconf 89' lang='lat' dir='ltr'><strong>proprio</strong></span> <span class='ocrx_word' id='word_1_296' title='bbox 882 2023 957 2050; x_wconf 85' lang='lat' dir='ltr'><strong>pon-</strong></span> 
     </span>
     <span class='ocr_line' id='line_1_40' title="bbox 179 2058 956 2096; baseline 0.005 -10"><span class='ocrx_word' id='word_1_297' title='bbox 179 2058 248 2086; x_wconf 89' lang='lat' dir='ltr'><strong>dere</strong></span> <span class='ocrx_word' id='word_1_298' title='bbox 263 2059 399 2087; x_wconf 89' lang='lat' dir='ltr'><strong>recidunt</strong></span> <span class='ocrx_word' id='word_1_299' title='bbox 415 2059 446 2086; x_wconf 93' lang='lat' dir='ltr'><strong>in</strong></span> <span class='ocrx_word' id='word_1_300' title='bbox 462 2067 492 2087; x_wconf 90' lang='lat' dir='ltr'><strong>se</strong></span> <span class='ocrx_word' id='word_1_301' title='bbox 512 2060 550 2087; x_wconf 90' lang='lat' dir='ltr'><strong>ab</strong></span> <span class='ocrx_word' id='word_1_302' title='bbox 572 2060 679 2087; x_wconf 88' lang='lat' dir='ltr'><strong>actuali</strong></span> <span class='ocrx_word' id='word_1_303' title='bbox 698 2069 788 2096; x_wconf 87' lang='lat' dir='ltr'><strong>supra</strong></span> <span class='ocrx_word' id='word_1_304' title='bbox 807 2069 837 2088; x_wconf 88' lang='lat' dir='ltr'><strong>se</strong></span> <span class='ocrx_word' id='word_1_305' title='bbox 857 2062 956 2090; x_wconf 79' lang='lat' dir='ltr'><strong>eleva-</strong></span> 
     </span>
     <span class='ocr_line' id='line_1_41' title="bbox 178 2105 957 2144; baseline 0.004 -11"><span class='ocrx_word' id='word_1_306' title='bbox 178 2105 267 2133; x_wconf 84' lang='lat' dir='ltr'><strong>tione.</strong></span> <span class='ocrx_word' id='word_1_307' title='bbox 278 2106 310 2134; x_wconf 88' lang='lat' dir='ltr'><strong>Hi</strong></span> <span class='ocrx_word' id='word_1_308' title='bbox 320 2106 589 2134; x_wconf 88' lang='lat' dir='ltr'><strong>vicissitudinantes</strong></span> <span class='ocrx_word' id='word_1_309' title='bbox 600 2115 730 2142; x_wconf 83' lang='lat' dir='ltr'><strong>congrue</strong></span> <span class='ocrx_word' id='word_1_310' title='bbox 742 2108 799 2135; x_wconf 89' lang='lat' dir='ltr'><strong>dici</strong></span> <span class='ocrx_word' id='word_1_311' title='bbox 812 2112 936 2144; x_wconf 83' lang='lat' dir='ltr'><strong>possunt</strong></span> <span class='ocrx_word' id='word_1_312' title='bbox 947 2111 957 2126; x_wconf 67' lang='lat'><em>³</em></span> 
     </span>
     <span class='ocr_line' id='line_1_42' title="bbox 177 2154 958 2191; baseline 0.006 -12"><span class='ocrx_word' id='word_1_313' title='bbox 177 2154 280 2187; x_wconf 77' lang='lat' dir='ltr'><strong>spiritu</strong></span> <span class='ocrx_word' id='word_1_314' title='bbox 294 2154 446 2186; x_wconf 77' lang='lat' dir='ltr'><strong>ferventes,·</strong></span> <span class='ocrx_word' id='word_1_315' title='bbox 468 2156 496 2181; x_wconf 89' lang='lat' dir='ltr'><strong>et</strong></span> <span class='ocrx_word' id='word_1_316' title='bbox 516 2154 567 2190; x_wconf 88' lang='lat' dir='ltr'><strong>qui</strong></span> <span class='ocrx_word' id='word_1_317' title='bbox 588 2154 619 2181; x_wconf 88' lang='lat' dir='ltr'><strong>in</strong></span> <span class='ocrx_word' id='word_1_318' title='bbox 637 2154 695 2182; x_wconf 88' lang='lat' dir='ltr'><strong>hoe</strong></span> <span class='ocrx_word' id='word_1_319' title='bbox 717 2156 958 2191; x_wconf 86' lang='lat' dir='ltr'><strong>supereminent,</strong></span> 
     </span>
     <span class='ocr_line' id='line_1_43' title="bbox 178 2199 835 2237; baseline 0.006 -11"><span class='ocrx_word' id='word_1_320' title='bbox 178 2199 457 2235; x_wconf 84' lang='lat' dir='ltr'><strong>superabundanter</strong></span> <span class='ocrx_word' id='word_1_321' title='bbox 471 2200 669 2237; x_wconf 85' lang='lat' dir='ltr'><strong>superfervidi</strong></span> <span class='ocrx_word' id='word_1_322' title='bbox 686 2201 835 2230; x_wconf 90' lang='lat' dir='ltr'><strong>dicuntur.</strong></span> 
     </span>
    </p>

    <p class='ocr_par' dir='ltr' id='par_1_4' title="bbox 179 2246 957 2567">
     <span class='ocr_line' id='line_1_44' title="bbox 214 2246 957 2284; baseline 0.005 -11"><span class='ocrx_word' id='word_1_323' title='bbox 214 2246 271 2274; x_wconf 90' lang='lat' dir='ltr'><strong>Sed</strong></span> <span class='ocrx_word' id='word_1_324' title='bbox 287 2246 379 2274; x_wconf 89' lang='lat' dir='ltr'><strong>oritur</strong></span> <span class='ocrx_word' id='word_1_325' title='bbox 398 2247 521 2283; x_wconf 80' lang='lat' dir='ltr'><strong>quaestio</strong></span> <span class='ocrx_word' id='word_1_326' title='bbox 547 2257 552 2276; x_wconf 94' lang='lat'>:</span> <span class='ocrx_word' id='word_1_327' title='bbox 577 2248 697 2283; x_wconf 71' lang='lat' dir='ltr'><strong>Augen,</strong></span> <span class='ocrx_word' id='word_1_328' title='bbox 721 2257 849 2284; x_wconf 87' lang='lat' dir='ltr'><strong>quorum</strong></span> <span class='ocrx_word' id='word_1_329' title='bbox 872 2257 957 2277; x_wconf 88' lang='lat' dir='ltr'><strong>amor</strong></span> 
     </span>
     <span class='ocr_line' id='line_1_45' title="bbox 179 2293 955 2332; baseline 0.005 -12"><span class='ocrx_word' id='word_1_330' title='bbox 179 2293 294 2321; x_wconf 82' lang='lat' dir='ltr'><strong>defixus</strong></span> <span class='ocrx_word' id='word_1_331' title='bbox 314 2293 345 2321; x_wconf 90' lang='lat' dir='ltr'><strong>in</strong></span> <span class='ocrx_word' id='word_1_332' title='bbox 369 2295 462 2322; x_wconf 84' lang='lat' dir='ltr'><strong>Deum</strong></span> <span class='ocrx_word' id='word_1_333' title='bbox 481 2303 542 2322; x_wconf 91' lang='lat' dir='ltr'><strong>non</strong></span> <span class='ocrx_word' id='word_1_334' title='bbox 566 2296 686 2331; x_wconf 85' lang='lat' dir='ltr'><strong>tepescit</strong></span> <span class='ocrx_word' id='word_1_335' title='bbox 712 2298 762 2323; x_wconf 89' lang='lat' dir='ltr'><strong>aut</strong></span> <span class='ocrx_word' id='word_1_336' title='bbox 785 2297 955 2332; x_wconf 85' lang='lat' dir='ltr'><strong>remittitur,</strong></span> 
     </span>
     <span class='ocr_line' id='line_1_46' title="bbox 179 2335 955 2379; baseline 0.006 -12"><span class='ocrx_word' id='word_1_337' title='bbox 179 2341 229 2368; x_wconf 88' lang='lat' dir='ltr'><strong>aut</strong></span> <span class='ocrx_word' id='word_1_338' title='bbox 250 2340 351 2376; x_wconf 86' lang='lat' dir='ltr'><strong>aliquo</strong></span> <span class='ocrx_word' id='word_1_339' title='bbox 371 2341 463 2368; x_wconf 88' lang='lat' dir='ltr'><strong>modo</strong></span> <span class='ocrx_word' id='word_1_340' title='bbox 483 2335 611 2370; x_wconf 82' lang='lat' dir='ltr'><strong>declinat</strong></span> <span class='ocrx_word' id='word_1_341' title='bbox 627 2343 665 2370; x_wconf 85' lang='lat' dir='ltr'><strong>al)</strong></span> <span class='ocrx_word' id='word_1_342' title='bbox 691 2343 755 2378; x_wconf 84' lang='lat' dir='ltr'><strong>ipso</strong></span> <span class='ocrx_word' id='word_1_343' title='bbox 768 2364 777 2377; x_wconf 85' lang='lat'><strong>,</strong></span> <span class='ocrx_word' id='word_1_344' title='bbox 799 2344 955 2379; x_wconf 87' lang='lat' dir='ltr'><strong>quomodo</strong></span> 
     </span>
     <span class='ocr_line' id='line_1_47' title="bbox 179 2386 955 2426; baseline 0.006 -13"><span class='ocrx_word' id='word_1_345' title='bbox 179 2386 237 2414; x_wconf 90' lang='lat' dir='ltr'><strong>dici</strong></span> <span class='ocrx_word' id='word_1_346' title='bbox 251 2388 376 2423; x_wconf 88' lang='lat' dir='ltr'><strong>possunt</strong></span> <span class='ocrx_word' id='word_1_347' title='bbox 389 2387 556 2416; x_wconf 73' lang='lat' dir='ltr'><strong>ferventes?</strong></span> <span class='ocrx_word' id='word_1_348' title='bbox 572 2392 599 2417; x_wconf 91' lang='lat' dir='ltr'><strong>et</strong></span> <span class='ocrx_word' id='word_1_349' title='bbox 613 2390 636 2417; x_wconf 87' lang='lat' dir='ltr'><strong>si</strong></span> <span class='ocrx_word' id='word_1_350' title='bbox 651 2390 796 2418; x_wconf 86' lang='lat' dir='ltr'><strong>ferventes</strong></span> <span class='ocrx_word' id='word_1_351' title='bbox 812 2391 869 2417; x_wconf 88' lang='lat' dir='ltr'><strong>dici</strong></span> <span class='ocrx_word' id='word_1_352' title='bbox 885 2398 955 2426; x_wconf 84' lang='lat' dir='ltr'><strong>pos-</strong></span> 
     </span>
     <span class='ocr_line' id='line_1_48' title="bbox 179 2434 957 2473; baseline 0.006 -13"><span class='ocrx_word' id='word_1_353' title='bbox 179 2435 260 2467; x_wconf 85' lang='lat' dir='ltr'><strong>sunt,</strong></span> <span class='ocrx_word' id='word_1_354' title='bbox 273 2434 427 2469; x_wconf 91' lang='lat' dir='ltr'><strong>quomodo</strong></span> <span class='ocrx_word' id='word_1_355' title='bbox 440 2435 636 2470; x_wconf 87' lang='lat' dir='ltr'><strong>superfervidi</strong></span> <span class='ocrx_word' id='word_1_356' title='bbox 649 2436 786 2464; x_wconf 88' lang='lat' dir='ltr'><strong>dicuntur</strong></span> <span class='ocrx_word' id='word_1_357' title='bbox 796 2439 809 2464; x_wconf 66' lang='lat'><strong>²?</strong></span> <span class='ocrx_word' id='word_1_358' title='bbox 826 2440 957 2473; x_wconf 81' lang='lat' dir='ltr'><strong>Respon-</strong></span> 
     </span>
     <span class='ocr_line' id='line_1_49' title="bbox 179 2479 955 2520; baseline 0.008 -14"><span class='ocrx_word' id='word_1_359' title='bbox 179 2479 229 2507; x_wconf 89' lang='lat' dir='ltr'><strong>det</strong></span> <span class='ocrx_word' id='word_1_360' title='bbox 247 2479 445 2508; x_wconf 82' lang='lat' dir='ltr'><strong>Linconiensis</strong></span> <span class='ocrx_word' id='word_1_361' title='bbox 461 2481 545 2517; x_wconf 87' lang='lat' dir='ltr'><strong>quod</strong></span> <span class='ocrx_word' id='word_1_362' title='bbox 559 2484 654 2518; x_wconf 87' lang='lat' dir='ltr'><strong>potest</strong></span> <span class='ocrx_word' id='word_1_363' title='bbox 675 2483 733 2510; x_wconf 88' lang='lat' dir='ltr'><strong>dici</strong></span> <span class='ocrx_word' id='word_1_364' title='bbox 745 2505 753 2518; x_wconf 91' lang='lat'><strong>,</strong></span> <span class='ocrx_word' id='word_1_365' title='bbox 777 2484 859 2520; x_wconf 90' lang='lat' dir='ltr'><strong>quod</strong></span> <span class='ocrx_word' id='word_1_366' title='bbox 880 2484 955 2513; x_wconf 89' lang='lat' dir='ltr'><strong>sicut</strong></span> 
     </span>
     <span class='ocr_line' id='line_1_50' title="bbox 179 2526 954 2567; baseline 0.009 -14"><span class='ocrx_word' id='word_1_367' title='bbox 179 2526 229 2554; x_wconf 87' lang='lat' dir='ltr'><strong>Dei</strong></span> <span class='ocrx_word' id='word_1_368' title='bbox 243 2527 371 2562; x_wconf 84' lang='lat' dir='ltr'><strong>cognitio</strong></span> <span class='ocrx_word' id='word_1_369' title='bbox 387 2528 417 2556; x_wconf 89' lang='lat' dir='ltr'><strong>in</strong></span> <span class='ocrx_word' id='word_1_370' title='bbox 437 2537 467 2556; x_wconf 89' lang='lat' dir='ltr'><strong>se</strong></span> <span class='ocrx_word' id='word_1_371' title='bbox 491 2531 532 2557; x_wconf 88' lang='lat' dir='ltr'><strong>est</strong></span> <span class='ocrx_word' id='word_1_372' title='bbox 551 2529 625 2557; x_wconf 88' lang='lat' dir='ltr'><strong>sicut</strong></span> <span class='ocrx_word' id='word_1_373' title='bbox 648 2538 753 2566; x_wconf 89' lang='lat' dir='ltr'><strong>manc,</strong></span> <span class='ocrx_word' id='word_1_374' title='bbox 776 2533 803 2559; x_wconf 87' lang='lat' dir='ltr'><strong>et</strong></span> <span class='ocrx_word' id='word_1_375' title='bbox 825 2532 954 2567; x_wconf 81' lang='lat' dir='ltr'><strong>cognitio</strong></span> 
     </span>
    </p>
   </div>
   <div class='ocr_carea' id='block_1_3' title="bbox 177 2599 954 2694">
    <p class='ocr_par' dir='ltr' id='par_1_5' title="bbox 177 2599 954 2694">
     <span class='ocr_line' id='line_1_51' title="bbox 216 2599 954 2636; baseline 0.008 -12"><span class='ocrx_word' id='word_1_376' title='bbox 216 2599 223 2615; x_wconf 87' lang='lat'><strong>¹</strong></span> <span class='ocrx_word' id='word_1_377' title='bbox 239 2600 339 2631; x_wconf 78' lang='lat' dir='ltr'><strong>Ezech.‚</strong></span> <span class='ocrx_word' id='word_1_378' title='bbox 354 2604 421 2632; x_wconf 70' lang='lat'><strong>1,12.</strong></span> <span class='ocrx_word' id='word_1_379' title='bbox 439 2616 468 2620; x_wconf 89' lang='lat'>—</span> <span class='ocrx_word' id='word_1_380' title='bbox 483 2603 491 2617; x_wconf 77' lang='lat'>2</span> <span class='ocrx_word' id='word_1_381' title='bbox 506 2603 590 2634; x_wconf 63' lang='lat' dir='ltr'><strong>Cant„</strong></span> <span class='ocrx_word' id='word_1_382' title='bbox 604 2610 643 2633; x_wconf 83' lang='lat'><strong>111,</strong></span> <span class='ocrx_word' id='word_1_383' title='bbox 660 2606 683 2628; x_wconf 77' lang='lat'><strong>4.</strong></span> <span class='ocrx_word' id='word_1_384' title='bbox 694 2618 726 2622; x_wconf 89' lang='lat'><strong>—</strong></span> <span class='ocrx_word' id='word_1_385' title='bbox 740 2604 749 2620; x_wconf 71' lang='lat'>³</span> <span class='ocrx_word' id='word_1_386' title='bbox 764 2605 841 2632; x_wconf 68' lang='lat' dir='ltr'><strong>Rom„</strong></span> <span class='ocrx_word' id='word_1_387' title='bbox 856 2611 902 2636; x_wconf 78' lang='lat' dir='ltr'><strong>xn,</strong></span> <span class='ocrx_word' id='word_1_388' title='bbox 920 2608 954 2630; x_wconf 83' lang='lat'><strong>11.</strong></span> 
     </span>
     <span class='ocr_line' id='line_1_52' title="bbox 177 2635 954 2694; baseline 0.009 -35"><span class='ocrx_word' id='word_1_389' title='bbox 177 2635 237 2694; x_wconf 48' lang='lat' dir='ltr'><strong>geg</strong></span> <span class='ocrx_word' id='word_1_390' title='bbox 251 2636 326 2667; x_wconf 62' lang='lat' dir='ltr'><strong>Hug„</strong></span> <span class='ocrx_word' id='word_1_391' title='bbox 345 2644 402 2669; x_wconf 81' lang='lat' dir='ltr'><strong>sup.</strong></span> <span class='ocrx_word' id='word_1_392' title='bbox 417 2645 473 2669; x_wconf 82' lang='lat' dir='ltr'><strong>cap.</strong></span> <span class='ocrx_word' id='word_1_393' title='bbox 489 2640 555 2669; x_wconf 83' lang='lat' dir='ltr'><strong>sept.</strong></span> <span class='ocrx_word' id='word_1_394' title='bbox 575 2640 664 2671; x_wconf 74' lang='lat' dir='ltr'><strong>Anyel.</strong></span> <span class='ocrx_word' id='word_1_395' title='bbox 681 2641 761 2669; x_wconf 59' lang='lat' dir='ltr'><strong>Hier„</strong></span> <span class='ocrx_word' id='word_1_396' title='bbox 776 2641 820 2665; x_wconf 87' lang='lat' dir='ltr'><strong>lib.</strong></span> <span class='ocrx_word' id='word_1_397' title='bbox 838 2642 879 2672; x_wconf 69' lang='lat' dir='ltr'><strong>w,</strong></span> <span class='ocrx_word' id='word_1_398' title='bbox 896 2645 954 2666; x_wconf 80' lang='lat' dir='ltr'><strong>unte</strong></span> 
     </span>
    </p>
   </div>
   <div class='ocr_carea' id='block_1_4' title="bbox 1736 211 1796 241">
    <p class='ocr_par' dir='ltr' id='par_1_6' title="bbox 1736 211 1796 241">
     <span class='ocr_line' id='line_1_53' title="bbox 1736 211 1796 241; baseline 0 0"><span class='ocrx_word' id='word_1_399' title='bbox 1736 211 1796 241; x_wconf 68' lang='lat'><strong>455</strong></span> 
     </span>
    </p>
   </div>
   <div class='ocr_carea' id='block_1_5' title="bbox 1013 275 1800 2615">
    <p class='ocr_par' dir='ltr' id='par_1_7' title="bbox 1013 275 1800 2615">
     <span class='ocr_line' id='line_1_54' title="bbox 1017 275 1797 313; baseline 0.005 -11"><span class='ocrx_word' id='word_1_400' title='bbox 1017 275 1081 311; x_wconf 87' lang='lat' dir='ltr'><strong>ejus</strong></span> <span class='ocrx_word' id='word_1_401' title='bbox 1096 275 1126 303; x_wconf 91' lang='lat' dir='ltr'><strong>in</strong></span> <span class='ocrx_word' id='word_1_402' title='bbox 1141 276 1282 304; x_wconf 78' lang='lat' dir='ltr'><strong>creaturIs</strong></span> <span class='ocrx_word' id='word_1_403' title='bbox 1301 278 1345 305; x_wconf 90' lang='lat' dir='ltr'><strong>est</strong></span> <span class='ocrx_word' id='word_1_404' title='bbox 1360 276 1439 306; x_wconf 86' lang='lat' dir='ltr'><strong>velut</strong></span> <span class='ocrx_word' id='word_1_405' title='bbox 1453 284 1593 313; x_wconf 90' lang='lat' dir='ltr'><strong>vespere,</strong></span> <span class='ocrx_word' id='word_1_406' title='bbox 1609 276 1651 306; x_wconf 86' lang='lat' dir='ltr'><strong>sic</strong></span> <span class='ocrx_word' id='word_1_407' title='bbox 1666 284 1752 306; x_wconf 87' lang='lat' dir='ltr'><strong>amor</strong></span> <span class='ocrx_word' id='word_1_408' title='bbox 1765 277 1797 306; x_wconf 90' lang='lat' dir='ltr'><strong>in</strong></span> 
     </span>
     <span class='ocr_line' id='line_1_55' title="bbox 1016 321 1797 360; baseline 0.005 -11"><span class='ocrx_word' id='word_1_409' title='bbox 1016 329 1047 349; x_wconf 88' lang='lat' dir='ltr'><strong>se</strong></span> <span class='ocrx_word' id='word_1_410' title='bbox 1063 323 1106 350; x_wconf 88' lang='lat' dir='ltr'><strong>est</strong></span> <span class='ocrx_word' id='word_1_411' title='bbox 1121 321 1273 358; x_wconf 86' lang='lat' dir='ltr'><strong>elevatior,</strong></span> <span class='ocrx_word' id='word_1_412' title='bbox 1288 324 1316 352; x_wconf 89' lang='lat' dir='ltr'><strong>et</strong></span> <span class='ocrx_word' id='word_1_413' title='bbox 1330 331 1415 352; x_wconf 85' lang='lat' dir='ltr'><strong>amor</strong></span> <span class='ocrx_word' id='word_1_414' title='bbox 1430 323 1522 360; x_wconf 87' lang='lat' dir='ltr'><strong>ipsius</strong></span> <span class='ocrx_word' id='word_1_415' title='bbox 1537 323 1568 352; x_wconf 89' lang='lat' dir='ltr'><strong>in</strong></span> <span class='ocrx_word' id='word_1_416' title='bbox 1582 324 1724 353; x_wconf 85' lang='lat' dir='ltr'><strong>creaturis</strong></span> <span class='ocrx_word' id='word_1_417' title='bbox 1744 324 1797 354; x_wconf 89' lang='lat' dir='ltr'><strong>de-</strong></span> 
     </span>
     <span class='ocr_line' id='line_1_56' title="bbox 1016 369 1798 408; baseline 0.005 -12"><span class='ocrx_word' id='word_1_418' title='bbox 1016 369 1155 405; x_wconf 89' lang='lat' dir='ltr'><strong>pressior.</strong></span> <span class='ocrx_word' id='word_1_419' title='bbox 1172 371 1204 398; x_wconf 83' lang='lat' dir='ltr'><strong>Et</strong></span> <span class='ocrx_word' id='word_1_420' title='bbox 1224 370 1255 398; x_wconf 91' lang='lat' dir='ltr'><strong>in</strong></span> <span class='ocrx_word' id='word_1_421' title='bbox 1270 370 1329 398; x_wconf 89' lang='lat' dir='ltr'><strong>hoc</strong></span> <span class='ocrx_word' id='word_1_422' title='bbox 1347 372 1476 408; x_wconf 86' lang='lat' dir='ltr'><strong>utroque</strong></span> <span class='ocrx_word' id='word_1_423' title='bbox 1497 371 1589 408; x_wconf 90' lang='lat' dir='ltr'><strong>ipsius</strong></span> <span class='ocrx_word' id='word_1_424' title='bbox 1610 379 1713 400; x_wconf 86' lang='lat' dir='ltr'><strong>amore</strong></span> <span class='ocrx_word' id='word_1_425' title='bbox 1733 380 1798 401; x_wconf 87' lang='lat' dir='ltr'><strong>sese</strong></span> 
     </span>
     <span class='ocr_line' id='line_1_57' title="bbox 1016 416 1799 456; baseline 0.005 -13"><span class='ocrx_word' id='word_1_426' title='bbox 1016 416 1189 444; x_wconf 81' lang='lat' dir='ltr'><strong>naturaliter</strong></span> <span class='ocrx_word' id='word_1_427' title='bbox 1204 416 1244 444; x_wconf 89' lang='lat' dir='ltr'><strong>ad</strong></span> <span class='ocrx_word' id='word_1_428' title='bbox 1255 416 1381 445; x_wconf 91' lang='lat' dir='ltr'><strong>invicem</strong></span> <span class='ocrx_word' id='word_1_429' title='bbox 1391 419 1607 454; x_wconf 84' lang='lat' dir='ltr'><strong>consequente,</strong></span> <span class='ocrx_word' id='word_1_430' title='bbox 1620 418 1706 456; x_wconf 85' lang='lat' dir='ltr'><strong>quasi</strong></span> <span class='ocrx_word' id='word_1_431' title='bbox 1720 427 1799 456; x_wconf 84' lang='lat' dir='ltr'><strong>quoe-</strong></span> 
     </span>
     <span class='ocr_line' id='line_1_58' title="bbox 1018 462 1798 502; baseline 0.005 -12"><span class='ocrx_word' id='word_1_432' title='bbox 1018 462 1089 491; x_wconf 87' lang='lat' dir='ltr'><strong>dam</strong></span> <span class='ocrx_word' id='word_1_433' title='bbox 1101 463 1274 492; x_wconf 87' lang='lat' dir='ltr'><strong>vicissitudo</strong></span> <span class='ocrx_word' id='word_1_434' title='bbox 1290 464 1388 492; x_wconf 85' lang='lat' dir='ltr'><strong>fervor</strong></span> <span class='ocrx_word' id='word_1_435' title='bbox 1403 466 1446 492; x_wconf 88' lang='lat' dir='ltr'><strong>est</strong></span> <span class='ocrx_word' id='word_1_436' title='bbox 1459 465 1634 501; x_wconf 86' lang='lat' dir='ltr'><strong>spiritualis,</strong></span> <span class='ocrx_word' id='word_1_437' title='bbox 1651 465 1736 502; x_wconf 91' lang='lat' dir='ltr'><strong>cujus</strong></span> <span class='ocrx_word' id='word_1_438' title='bbox 1749 474 1798 494; x_wconf 84' lang='lat' dir='ltr'><strong>su·</strong></span> 
     </span>
     <span class='ocr_line' id='line_1_59' title="bbox 1016 509 1799 548; baseline 0.005 -11"><span class='ocrx_word' id='word_1_439' title='bbox 1016 509 1236 546; x_wconf 87' lang='lat' dir='ltr'><strong>pcreminentia</strong></span> <span class='ocrx_word' id='word_1_440' title='bbox 1250 512 1293 538; x_wconf 85' lang='lat' dir='ltr'><strong>est</strong></span> <span class='ocrx_word' id='word_1_441' title='bbox 1307 519 1370 539; x_wconf 84' lang='lat' dir='ltr'><strong>esse</strong></span> <span class='ocrx_word' id='word_1_442' title='bbox 1386 511 1417 539; x_wconf 93' lang='lat' dir='ltr'><strong>in</strong></span> <span class='ocrx_word' id='word_1_443' title='bbox 1431 511 1559 540; x_wconf 89' lang='lat' dir='ltr'><strong>termino</strong></span> <span class='ocrx_word' id='word_1_444' title='bbox 1573 511 1724 548; x_wconf 87' lang='lat' dir='ltr'><strong>possibilis</strong></span> <span class='ocrx_word' id='word_1_445' title='bbox 1741 512 1799 541; x_wconf 87' lang='lat' dir='ltr'><strong>sibi</strong></span> 
     </span>
     <span class='ocr_line' id='line_1_60' title="bbox 1016 557 1798 595; baseline 0.004 -10"><span class='ocrx_word' id='word_1_446' title='bbox 1016 557 1203 586; x_wconf 82' lang='lat' dir='ltr'><strong>intensionis.</strong></span> <span class='ocrx_word' id='word_1_447' title='bbox 1217 558 1269 586; x_wconf 85' lang='lat' dir='ltr'><strong>Vel</strong></span> <span class='ocrx_word' id='word_1_448' title='bbox 1282 558 1367 594; x_wconf 88' lang='lat' dir='ltr'><strong>quod</strong></span> <span class='ocrx_word' id='word_1_449' title='bbox 1379 558 1465 594; x_wconf 85' lang='lat' dir='ltr'><strong>forte,</strong></span> <span class='ocrx_word' id='word_1_450' title='bbox 1478 558 1576 594; x_wconf 89' lang='lat' dir='ltr'><strong>inquit</strong></span> <span class='ocrx_word' id='word_1_451' title='bbox 1587 559 1798 595; x_wconf 87' lang='lat' dir='ltr'><strong>Linconiensis‚</strong></span> 
     </span>
     <span class='ocr_line' id='line_1_61' title="bbox 1016 604 1799 643; baseline 0.005 -12"><span class='ocrx_word' id='word_1_452' title='bbox 1016 605 1116 640; x_wconf 88' lang='lat' dir='ltr'><strong>posset</strong></span> <span class='ocrx_word' id='word_1_453' title='bbox 1132 604 1207 640; x_wconf 87' lang='lat' dir='ltr'><strong>dici,</strong></span> <span class='ocrx_word' id='word_1_454' title='bbox 1224 613 1310 633; x_wconf 89' lang='lat' dir='ltr'><strong>amor</strong></span> <span class='ocrx_word' id='word_1_455' title='bbox 1326 613 1386 641; x_wconf 89' lang='lat' dir='ltr'><strong>quo</strong></span> <span class='ocrx_word' id='word_1_456' title='bbox 1403 606 1496 633; x_wconf 89' lang='lat' dir='ltr'><strong>Deum</strong></span> <span class='ocrx_word' id='word_1_457' title='bbox 1511 605 1609 641; x_wconf 84' lang='lat' dir='ltr'><strong>angeli</strong></span> <span class='ocrx_word' id='word_1_458' title='bbox 1624 606 1799 643; x_wconf 83' lang='lat' dir='ltr'><strong>amplexan-</strong></span> 
     </span>
     <span class='ocr_line' id='line_1_62' title="bbox 1016 650 1799 688; baseline 0.004 -10"><span class='ocrx_word' id='word_1_459' title='bbox 1016 652 1073 685; x_wconf 85' lang='lat' dir='ltr'><strong>tur,</strong></span> <span class='ocrx_word' id='word_1_460' title='bbox 1088 650 1311 687; x_wconf 83' lang='lat' dir='ltr'><strong>superfervidus</strong></span> <span class='ocrx_word' id='word_1_461' title='bbox 1326 653 1378 686; x_wconf 89' lang='lat' dir='ltr'><strong>est,</strong></span> <span class='ocrx_word' id='word_1_462' title='bbox 1396 652 1448 688; x_wconf 90' lang='lat' dir='ltr'><strong>qui</strong></span> <span class='ocrx_word' id='word_1_463' title='bbox 1460 653 1502 680; x_wconf 91' lang='lat' dir='ltr'><strong>est</strong></span> <span class='ocrx_word' id='word_1_464' title='bbox 1517 651 1649 680; x_wconf 87' lang='lat' dir='ltr'><strong>intensus</strong></span> <span class='ocrx_word' id='word_1_465' title='bbox 1665 653 1705 681; x_wconf 84' lang='lat' dir='ltr'><strong>ad</strong></span> <span class='ocrx_word' id='word_1_466' title='bbox 1720 661 1799 682; x_wconf 89' lang='lat' dir='ltr'><strong>sum-</strong></span> 
     </span>
     <span class='ocr_line' id='line_1_63' title="bbox 1017 698 1800 735; baseline 0.004 -10"><span class='ocrx_word' id='word_1_467' title='bbox 1017 706 1117 732; x_wconf 86' lang='lat' dir='ltr'><strong>mum,</strong></span> <span class='ocrx_word' id='word_1_468' title='bbox 1134 706 1195 726; x_wconf 93' lang='lat' dir='ltr'><strong>non</strong></span> <span class='ocrx_word' id='word_1_469' title='bbox 1210 698 1343 726; x_wconf 82' lang='lat' dir='ltr'><strong>lentescit</strong></span> <span class='ocrx_word' id='word_1_470' title='bbox 1357 707 1411 727; x_wconf 91' lang='lat' dir='ltr'><strong>nec</strong></span> <span class='ocrx_word' id='word_1_471' title='bbox 1426 699 1594 735; x_wconf 87' lang='lat' dir='ltr'><strong>remittitur,</strong></span> <span class='ocrx_word' id='word_1_472' title='bbox 1615 700 1668 728; x_wconf 90' lang='lat' dir='ltr'><strong>sed</strong></span> <span class='ocrx_word' id='word_1_473' title='bbox 1691 700 1800 728; x_wconf 89' lang='lat' dir='ltr'><strong>immo-</strong></span> 
     </span>
     <span class='ocr_line' id='line_1_64' title="bbox 1017 745 1800 782; baseline 0.003 -9"><span class='ocrx_word' id='word_1_474' title='bbox 1017 745 1115 773; x_wconf 89' lang='lat' dir='ltr'><strong>biliter</strong></span> <span class='ocrx_word' id='word_1_475' title='bbox 1124 746 1234 781; x_wconf 87' lang='lat' dir='ltr'><strong>perstat</strong></span> <span class='ocrx_word' id='word_1_476' title='bbox 1242 745 1278 782; x_wconf 84' lang='lat' dir='ltr'><strong>(a)</strong></span> <span class='ocrx_word' id='word_1_477' title='bbox 1290 745 1320 773; x_wconf 90' lang='lat' dir='ltr'><strong>in</strong></span> <span class='ocrx_word' id='word_1_478' title='bbox 1327 745 1502 774; x_wconf 89' lang='lat' dir='ltr'><strong>intensionis</strong></span> <span class='ocrx_word' id='word_1_479' title='bbox 1510 754 1570 774; x_wconf 84' lang='lat' dir='ltr'><strong>suae</strong></span> <span class='ocrx_word' id='word_1_480' title='bbox 1579 747 1757 775; x_wconf 86' lang='lat' dir='ltr'><strong>summitate.</strong></span> <span class='ocrx_word' id='word_1_481' title='bbox 1772 747 1800 776; x_wconf 92' lang='lat' dir='ltr'><strong>Si</strong></span> 
     </span>
     <span class='ocr_line' id='line_1_65' title="bbox 1018 791 1798 830; baseline 0.003 -11"><span class='ocrx_word' id='word_1_482' title='bbox 1018 792 1098 820; x_wconf 86' lang='lat' dir='ltr'><strong>enim</strong></span> <span class='ocrx_word' id='word_1_483' title='bbox 1112 792 1158 820; x_wconf 91' lang='lat' dir='ltr'><strong>vis</strong></span> <span class='ocrx_word' id='word_1_484' title='bbox 1174 791 1280 820; x_wconf 78' lang='lat' dir='ltr'><strong>caloris</strong></span> <span class='ocrx_word' id='word_1_485' title='bbox 1291 813 1300 827; x_wconf 92' lang='lat'><strong>,</strong></span> <span class='ocrx_word' id='word_1_486' title='bbox 1317 801 1432 820; x_wconf 91' lang='lat' dir='ltr'><strong>sursum</strong></span> <span class='ocrx_word' id='word_1_487' title='bbox 1448 792 1568 820; x_wconf 86' lang='lat' dir='ltr'><strong>ferentis</strong></span> <span class='ocrx_word' id='word_1_488' title='bbox 1589 795 1688 829; x_wconf 88' lang='lat' dir='ltr'><strong>partes</strong></span> <span class='ocrx_word' id='word_1_489' title='bbox 1707 793 1798 830; x_wconf 89' lang='lat' dir='ltr'><strong>liqui-</strong></span> 
     </span>
     <span class='ocr_line' id='line_1_66' title="bbox 1017 839 1800 877; baseline 0.004 -11"><span class='ocrx_word' id='word_1_490' title='bbox 1017 839 1047 867; x_wconf 89' lang='lat' dir='ltr'><strong>di</strong></span> <span class='ocrx_word' id='word_1_491' title='bbox 1064 839 1105 876; x_wconf 76' lang='lat' dir='ltr'><strong>(b)</strong></span> <span class='ocrx_word' id='word_1_492' title='bbox 1118 839 1274 874; x_wconf 84' lang='lat' dir='ltr'><strong>ferventis,</strong></span> <span class='ocrx_word' id='word_1_493' title='bbox 1298 847 1390 875; x_wconf 87' lang='lat' dir='ltr'><strong>supra</strong></span> <span class='ocrx_word' id='word_1_494' title='bbox 1403 847 1433 867; x_wconf 89' lang='lat' dir='ltr'><strong>se</strong></span> <span class='ocrx_word' id='word_1_495' title='bbox 1448 841 1550 876; x_wconf 88' lang='lat' dir='ltr'><strong>posset</strong></span> <span class='ocrx_word' id='word_1_496' title='bbox 1564 848 1614 868; x_wconf 89' lang='lat' dir='ltr'><strong>eas</strong></span> <span class='ocrx_word' id='word_1_497' title='bbox 1635 841 1756 877; x_wconf 85' lang='lat' dir='ltr'><strong>portare</strong></span> <span class='ocrx_word' id='word_1_498' title='bbox 1772 842 1800 869; x_wconf 94' lang='lat' dir='ltr'><strong>et</strong></span> 
     </span>
     <span class='ocr_line' id='line_1_67' title="bbox 1017 886 1799 923; baseline 0.003 -9"><span class='ocrx_word' id='word_1_499' title='bbox 1017 886 1159 914; x_wconf 85' lang='lat' dir='ltr'><strong>sustinere</strong></span> <span class='ocrx_word' id='word_1_500' title='bbox 1175 886 1205 914; x_wconf 91' lang='lat' dir='ltr'><strong>in</strong></span> <span class='ocrx_word' id='word_1_501' title='bbox 1221 894 1274 914; x_wconf 89' lang='lat' dir='ltr'><strong>sua</strong></span> <span class='ocrx_word' id='word_1_502' title='bbox 1288 894 1377 922; x_wconf 89' lang='lat' dir='ltr'><strong>super</strong></span> <span class='ocrx_word' id='word_1_503' title='bbox 1391 894 1422 914; x_wconf 91' lang='lat' dir='ltr'><strong>se</strong></span> <span class='ocrx_word' id='word_1_504' title='bbox 1444 886 1609 915; x_wconf 85' lang='lat' dir='ltr'><strong>elevatione</strong></span> <span class='ocrx_word' id='word_1_505' title='bbox 1619 909 1628 923; x_wconf 95' lang='lat'><strong>,</strong></span> <span class='ocrx_word' id='word_1_506' title='bbox 1643 887 1685 916; x_wconf 86' lang='lat' dir='ltr'><strong>ita</strong></span> <span class='ocrx_word' id='word_1_507' title='bbox 1699 889 1732 916; x_wconf 83' lang='lat' dir='ltr'><strong>ut</strong></span> <span class='ocrx_word' id='word_1_508' title='bbox 1746 895 1799 916; x_wconf 89' lang='lat' dir='ltr'><strong>ne-</strong></span> 
     </span>
     <span class='ocr_line' id='line_1_68' title="bbox 1017 927 1800 971; baseline 0.003 -10"><span class='ocrx_word' id='word_1_509' title='bbox 1017 927 1075 970; x_wconf 81' lang='lat' dir='ltr'><strong>que</strong></span> <span class='ocrx_word' id='word_1_510' title='bbox 1103 933 1210 961; x_wconf 86' lang='lat' dir='ltr'><strong>caloris</strong></span> <span class='ocrx_word' id='word_1_511' title='bbox 1229 933 1425 968; x_wconf 87' lang='lat' dir='ltr'><strong>remissione,</strong></span> <span class='ocrx_word' id='word_1_512' title='bbox 1454 941 1552 970; x_wconf 86' lang='lat' dir='ltr'><strong>neque</strong></span> <span class='ocrx_word' id='word_1_513' title='bbox 1577 934 1701 971; x_wconf 89' lang='lat' dir='ltr'><strong>proprio</strong></span> <span class='ocrx_word' id='word_1_514' title='bbox 1722 943 1800 971; x_wconf 90' lang='lat' dir='ltr'><strong>pon-</strong></span> 
     </span>
     <span class='ocr_line' id='line_1_69' title="bbox 1018 980 1800 1018; baseline 0.003 -10"><span class='ocrx_word' id='word_1_515' title='bbox 1018 981 1087 1008; x_wconf 88' lang='lat' dir='ltr'><strong>dere</strong></span> <span class='ocrx_word' id='word_1_516' title='bbox 1102 980 1308 1009; x_wconf 83' lang='lat' dir='ltr'><strong>relaberentur</strong></span> <span class='ocrx_word' id='word_1_517' title='bbox 1322 981 1361 1008; x_wconf 87' lang='lat' dir='ltr'><strong>ad</strong></span> <span class='ocrx_word' id='word_1_518' title='bbox 1376 980 1513 1015; x_wconf 82' lang='lat' dir='ltr'><strong>inferius;</strong></span> <span class='ocrx_word' id='word_1_519' title='bbox 1529 981 1681 1018; x_wconf 90' lang='lat' dir='ltr'><strong>liquidum</strong></span> <span class='ocrx_word' id='word_1_520' title='bbox 1697 982 1800 1018; x_wconf 84' lang='lat' dir='ltr'><strong>hujus-</strong></span> 
     </span>
     <span class='ocr_line' id='line_1_70' title="bbox 1017 1028 1800 1064; baseline 0.004 -9"><span class='ocrx_word' id='word_1_521' title='bbox 1017 1028 1115 1063; x_wconf 88' lang='lat' dir='ltr'><strong>modi,</strong></span> <span class='ocrx_word' id='word_1_522' title='bbox 1141 1028 1246 1056; x_wconf 80' lang='lat' dir='ltr'><strong>usitato</strong></span> <span class='ocrx_word' id='word_1_523' title='bbox 1270 1028 1361 1056; x_wconf 89' lang='lat' dir='ltr'><strong>modo</strong></span> <span class='ocrx_word' id='word_1_524' title='bbox 1384 1028 1547 1064; x_wconf 85' lang='lat' dir='ltr'><strong>loquendi,</strong></span> <span class='ocrx_word' id='word_1_525' title='bbox 1572 1036 1632 1056; x_wconf 89' lang='lat' dir='ltr'><strong>non</strong></span> <span class='ocrx_word' id='word_1_526' title='bbox 1653 1028 1800 1058; x_wconf 87' lang='lat' dir='ltr'><strong>diceretur</strong></span> 
     </span>
     <span class='ocr_line' id='line_1_71' title="bbox 1016 1074 1796 1112; baseline 0.004 -10"><span class='ocrx_word' id='word_1_527' title='bbox 1016 1075 1147 1108; x_wconf 87' lang='lat' dir='ltr'><strong>fervere,</strong></span> <span class='ocrx_word' id='word_1_528' title='bbox 1163 1074 1216 1102; x_wconf 91' lang='lat' dir='ltr'><strong>sed</strong></span> <span class='ocrx_word' id='word_1_529' title='bbox 1234 1074 1387 1102; x_wconf 86' lang='lat' dir='ltr'><strong>verissime</strong></span> <span class='ocrx_word' id='word_1_530' title='bbox 1408 1075 1555 1103; x_wconf 88' lang='lat' dir='ltr'><strong>diceretur</strong></span> <span class='ocrx_word' id='word_1_531' title='bbox 1570 1075 1774 1111; x_wconf 83' lang='lat' dir='ltr'><strong>superfervere</strong></span> <span class='ocrx_word' id='word_1_532' title='bbox 1787 1098 1796 1112; x_wconf 93' lang='lat'><strong>,</strong></span> 
     </span>
     <span class='ocr_line' id='line_1_72' title="bbox 1017 1121 1799 1159; baseline 0.004 -11"><span class='ocrx_word' id='word_1_533' title='bbox 1017 1130 1086 1149; x_wconf 82' lang='lat' dir='ltr'><strong>cnm</strong></span> <span class='ocrx_word' id='word_1_534' title='bbox 1100 1122 1222 1157; x_wconf 86' lang='lat' dir='ltr'><strong>maj0ris</strong></span> <span class='ocrx_word' id='word_1_535' title='bbox 1241 1121 1356 1149; x_wconf 86' lang='lat' dir='ltr'><strong>virtutis</strong></span> <span class='ocrx_word' id='word_1_536' title='bbox 1371 1123 1447 1150; x_wconf 89' lang='lat' dir='ltr'><strong>esset</strong></span> <span class='ocrx_word' id='word_1_537' title='bbox 1460 1122 1492 1149; x_wconf 90' lang='lat' dir='ltr'><strong>id</strong></span> <span class='ocrx_word' id='word_1_538' title='bbox 1514 1121 1630 1150; x_wconf 84' lang='lat' dir='ltr'><strong>elevare</strong></span> <span class='ocrx_word' id='word_1_539' title='bbox 1641 1143 1650 1157; x_wconf 94' lang='lat'><strong>,</strong></span> <span class='ocrx_word' id='word_1_540' title='bbox 1667 1124 1694 1151; x_wconf 88' lang='lat' dir='ltr'><strong>et</strong></span> <span class='ocrx_word' id='word_1_541' title='bbox 1715 1123 1799 1159; x_wconf 90' lang='lat' dir='ltr'><strong>quie-</strong></span> 
     </span>
     <span class='ocr_line' id='line_1_73' title="bbox 1016 1168 1799 1205; baseline 0.003 -9"><span class='ocrx_word' id='word_1_542' title='bbox 1016 1171 1077 1196; x_wconf 86' lang='lat' dir='ltr'><strong>tare</strong></span> <span class='ocrx_word' id='word_1_543' title='bbox 1093 1169 1124 1196; x_wconf 90' lang='lat' dir='ltr'><strong>in</strong></span> <span class='ocrx_word' id='word_1_544' title='bbox 1139 1177 1192 1196; x_wconf 87' lang='lat' dir='ltr'><strong>sua</strong></span> <span class='ocrx_word' id='word_1_545' title='bbox 1207 1168 1372 1196; x_wconf 88' lang='lat' dir='ltr'><strong>elevatione</strong></span> <span class='ocrx_word' id='word_1_546' title='bbox 1388 1177 1478 1205; x_wconf 85' lang='lat' dir='ltr'><strong>supra</strong></span> <span class='ocrx_word' id='word_1_547' title='bbox 1492 1177 1534 1203; x_wconf 92' lang='lat' dir='ltr'><strong>se,</strong></span> <span class='ocrx_word' id='word_1_548' title='bbox 1551 1177 1642 1205; x_wconf 88' lang='lat' dir='ltr'><strong>quam</strong></span> <span class='ocrx_word' id='word_1_549' title='bbox 1655 1169 1687 1197; x_wconf 88' lang='lat' dir='ltr'><strong>id</strong></span> <span class='ocrx_word' id='word_1_550' title='bbox 1699 1169 1799 1198; x_wconf 87' lang='lat' dir='ltr'><strong>solum</strong></span> 
     </span>
     <span class='ocr_line' id='line_1_74' title="bbox 1017 1215 1799 1252; baseline 0.003 -9"><span class='ocrx_word' id='word_1_551' title='bbox 1017 1215 1131 1244; x_wconf 83' lang='lat' dir='ltr'><strong>elevare</strong></span> <span class='ocrx_word' id='word_1_552' title='bbox 1147 1215 1260 1252; x_wconf 85' lang='lat' dir='ltr'><strong>absque</strong></span> <span class='ocrx_word' id='word_1_553' title='bbox 1276 1215 1468 1252; x_wconf 88' lang='lat' dir='ltr'><strong>quietatione,</strong></span> <span class='ocrx_word' id='word_1_554' title='bbox 1483 1215 1507 1243; x_wconf 91' lang='lat' dir='ltr'><strong>si</strong></span> <span class='ocrx_word' id='word_1_555' title='bbox 1526 1216 1558 1252; x_wconf 87' lang='lat' dir='ltr'><strong>(c)</strong></span> <span class='ocrx_word' id='word_1_556' title='bbox 1574 1216 1672 1244; x_wconf 84' lang='lat' dir='ltr'><strong>statim</strong></span> <span class='ocrx_word' id='word_1_557' title='bbox 1684 1216 1799 1245; x_wconf 85' lang='lat' dir='ltr'><strong>labere-</strong></span> 
     </span>
     <span class='ocr_line' id='line_1_75' title="bbox 1017 1262 1796 1299; baseline 0.003 -10"><span class='ocrx_word' id='word_1_558' title='bbox 1017 1264 1063 1290; x_wconf 87' lang='lat' dir='ltr'><strong>tur</strong></span> <span class='ocrx_word' id='word_1_559' title='bbox 1077 1262 1209 1290; x_wconf 85' lang='lat' dir='ltr'><strong>inferius.</strong></span> <span class='ocrx_word' id='word_1_560' title='bbox 1223 1265 1253 1290; x_wconf 89' lang='lat' dir='ltr'><strong>Et</strong></span> <span class='ocrx_word' id='word_1_561' title='bbox 1263 1263 1303 1290; x_wconf 91' lang='lat' dir='ltr'><strong>sic</strong></span> <span class='ocrx_word' id='word_1_562' title='bbox 1316 1264 1396 1298; x_wconf 85' lang='lat' dir='ltr'><strong>patet</strong></span> <span class='ocrx_word' id='word_1_563' title='bbox 1406 1262 1630 1298; x_wconf 86' lang='lat' dir='ltr'><strong>cognominatio</strong></span> <span class='ocrx_word' id='word_1_564' title='bbox 1644 1263 1796 1299; x_wconf 80' lang='lat' dir='ltr'><strong>Seraphim.</strong></span> 
     </span>
     <span class='ocr_line' id='line_1_76' title="bbox 1017 1309 1797 1346; baseline 0.003 -10"><span class='ocrx_word' id='word_1_565' title='bbox 1017 1310 1105 1337; x_wconf 87' lang='lat' dir='ltr'><strong>Docet</strong></span> <span class='ocrx_word' id='word_1_566' title='bbox 1120 1309 1208 1337; x_wconf 89' lang='lat' dir='ltr'><strong>etiam</strong></span> <span class='ocrx_word' id='word_1_567' title='bbox 1222 1309 1284 1336; x_wconf 65' lang='lat' dir='ltr'><strong>haec</strong></span> <span class='ocrx_word' id='word_1_568' title='bbox 1295 1309 1462 1345; x_wconf 87' lang='lat' dir='ltr'><strong>proprietas</strong></span> <span class='ocrx_word' id='word_1_569' title='bbox 1473 1310 1554 1337; x_wconf 90' lang='lat' dir='ltr'><strong>istius</strong></span> <span class='ocrx_word' id='word_1_570' title='bbox 1564 1309 1703 1346; x_wconf 76' lang='lat' dir='ltr'><strong>potentiae</strong></span> <span class='ocrx_word' id='word_1_571' title='bbox 1715 1318 1797 1339; x_wconf 85' lang='lat' dir='ltr'><strong>ama-</strong></span> 
     </span>
     <span class='ocr_line' id='line_1_77' title="bbox 1016 1356 1799 1392; baseline 0.003 -9"><span class='ocrx_word' id='word_1_572' title='bbox 1016 1356 1083 1384; x_wconf 72' lang='lat' dir='ltr'><strong>tIvae</strong></span> <span class='ocrx_word' id='word_1_573' title='bbox 1100 1356 1232 1392; x_wconf 87' lang='lat' dir='ltr'><strong>primum</strong></span> <span class='ocrx_word' id='word_1_574' title='bbox 1247 1358 1364 1389; x_wconf 87' lang='lat' dir='ltr'><strong>actum,</strong></span> <span class='ocrx_word' id='word_1_575' title='bbox 1381 1356 1433 1392; x_wconf 88' lang='lat' dir='ltr'><strong>qui</strong></span> <span class='ocrx_word' id='word_1_576' title='bbox 1448 1358 1490 1384; x_wconf 91' lang='lat' dir='ltr'><strong>est</strong></span> <span class='ocrx_word' id='word_1_577' title='bbox 1504 1356 1670 1392; x_wconf 86' lang='lat' dir='ltr'><strong>inclinatio,</strong></span> <span class='ocrx_word' id='word_1_578' title='bbox 1687 1358 1715 1385; x_wconf 90' lang='lat' dir='ltr'><strong>et</strong></span> <span class='ocrx_word' id='word_1_579' title='bbox 1729 1365 1799 1385; x_wconf 87' lang='lat' dir='ltr'><strong>oon-</strong></span> 
     </span>
     <span class='ocr_line' id='line_1_78' title="bbox 1017 1403 1800 1440; baseline 0.003 -10"><span class='ocrx_word' id='word_1_580' title='bbox 1017 1406 1173 1439; x_wconf 86' lang='lat' dir='ltr'><strong>sequeuter</strong></span> <span class='ocrx_word' id='word_1_581' title='bbox 1188 1403 1354 1430; x_wconf 88' lang='lat' dir='ltr'><strong>secundum</strong></span> <span class='ocrx_word' id='word_1_582' title='bbox 1370 1404 1479 1438; x_wconf 87' lang='lat' dir='ltr'><strong>actum,</strong></span> <span class='ocrx_word' id='word_1_583' title='bbox 1504 1403 1556 1440; x_wconf 89' lang='lat' dir='ltr'><strong>qui</strong></span> <span class='ocrx_word' id='word_1_584' title='bbox 1572 1405 1614 1432; x_wconf 87' lang='lat' dir='ltr'><strong>est</strong></span> <span class='ocrx_word' id='word_1_585' title='bbox 1628 1404 1721 1433; x_wconf 88' lang='lat' dir='ltr'><strong>motio</strong></span> <span class='ocrx_word' id='word_1_586' title='bbox 1736 1405 1800 1432; x_wconf 88' lang='lat' dir='ltr'><strong>ani·</strong></span> 
     </span>
     <span class='ocr_line' id='line_1_79' title="bbox 1016 1450 1798 1487; baseline 0.001 -10"><span class='ocrx_word' id='word_1_587' title='bbox 1016 1451 1057 1477; x_wconf 88' lang='lat' dir='ltr'><strong>mi</strong></span> <span class='ocrx_word' id='word_1_588' title='bbox 1086 1450 1125 1477; x_wconf 90' lang='lat' dir='ltr'><strong>ad</strong></span> <span class='ocrx_word' id='word_1_589' title='bbox 1149 1450 1321 1477; x_wconf 86' lang='lat' dir='ltr'><strong>naturaliter</strong></span> <span class='ocrx_word' id='word_1_590' title='bbox 1348 1452 1499 1484; x_wconf 85' lang='lat' dir='ltr'><strong>amatum,</strong></span> <span class='ocrx_word' id='word_1_591' title='bbox 1522 1450 1679 1478; x_wconf 88' lang='lat' dir='ltr'><strong>intendens</strong></span> <span class='ocrx_word' id='word_1_592' title='bbox 1699 1451 1798 1487; x_wconf 88' lang='lat' dir='ltr'><strong>ipsum</strong></span> 
     </span>
     <span class='ocr_line' id='line_1_80' title="bbox 1016 1496 1799 1534; baseline 0.003 -10"><span class='ocrx_word' id='word_1_593' title='bbox 1016 1499 1190 1533; x_wconf 85' lang='lat' dir='ltr'><strong>penetrare,</strong></span> <span class='ocrx_word' id='word_1_594' title='bbox 1208 1499 1239 1524; x_wconf 92' lang='lat' dir='ltr'><strong>ut</strong></span> <span class='ocrx_word' id='word_1_595' title='bbox 1260 1496 1402 1532; x_wconf 86' lang='lat' dir='ltr'><strong>possibile</strong></span> <span class='ocrx_word' id='word_1_596' title='bbox 1423 1498 1483 1532; x_wconf 78' lang='lat' dir='ltr'><strong>cst;</strong></span> <span class='ocrx_word' id='word_1_597' title='bbox 1504 1498 1532 1525; x_wconf 88' lang='lat' dir='ltr'><strong>et</strong></span> <span class='ocrx_word' id='word_1_598' title='bbox 1551 1497 1691 1534; x_wconf 86' lang='lat' dir='ltr'><strong>deinceps</strong></span> <span class='ocrx_word' id='word_1_599' title='bbox 1712 1497 1799 1526; x_wconf 90' lang='lat' dir='ltr'><strong>docet</strong></span> 
     </span>
     <span class='ocr_line' id='line_1_81' title="bbox 1016 1544 1797 1580; baseline 0.001 -7"><span class='ocrx_word' id='word_1_600' title='bbox 1016 1546 1135 1574; x_wconf 89' lang='lat' dir='ltr'><strong>tertium</strong></span> <span class='ocrx_word' id='word_1_601' title='bbox 1151 1547 1178 1572; x_wconf 88' lang='lat' dir='ltr'><strong>et</strong></span> <span class='ocrx_word' id='word_1_602' title='bbox 1191 1544 1331 1572; x_wconf 85' lang='lat' dir='ltr'><strong>ultimum</strong></span> <span class='ocrx_word' id='word_1_603' title='bbox 1346 1545 1445 1572; x_wconf 82' lang='lat' dir='ltr'><strong>aetum</strong></span> <span class='ocrx_word' id='word_1_604' title='bbox 1463 1544 1546 1572; x_wconf 86' lang='lat' dir='ltr'><strong>istius</strong></span> <span class='ocrx_word' id='word_1_605' title='bbox 1560 1545 1698 1580; x_wconf 78' lang='lat' dir='ltr'><strong>potentiae</strong></span> <span class='ocrx_word' id='word_1_606' title='bbox 1714 1553 1797 1574; x_wconf 85' lang='lat' dir='ltr'><strong>ama-</strong></span> 
     </span>
     <span class='ocr_line' id='line_1_82' title="bbox 1017 1591 1800 1628; baseline 0.003 -9"><span class='ocrx_word' id='word_1_607' title='bbox 1017 1593 1082 1619; x_wconf 80' lang='lat' dir='ltr'><strong>tivae</strong></span> <span class='ocrx_word' id='word_1_608' title='bbox 1092 1614 1099 1627; x_wconf 92' lang='lat'><strong>,</strong></span> <span class='ocrx_word' id='word_1_609' title='bbox 1114 1592 1166 1628; x_wconf 90' lang='lat' dir='ltr'><strong>qui</strong></span> <span class='ocrx_word' id='word_1_610' title='bbox 1178 1593 1220 1619; x_wconf 87' lang='lat' dir='ltr'><strong>est</strong></span> <span class='ocrx_word' id='word_1_611' title='bbox 1233 1599 1301 1618; x_wconf 89' lang='lat' dir='ltr'><strong>cum</strong></span> <span class='ocrx_word' id='word_1_612' title='bbox 1316 1593 1414 1619; x_wconf 79' lang='lat' dir='ltr'><strong>amato</strong></span> <span class='ocrx_word' id='word_1_613' title='bbox 1428 1591 1491 1626; x_wconf 83' lang='lat' dir='ltr'><strong>jam</strong></span> <span class='ocrx_word' id='word_1_614' title='bbox 1503 1591 1612 1627; x_wconf 87' lang='lat' dir='ltr'><strong>adepto</strong></span> <span class='ocrx_word' id='word_1_615' title='bbox 1628 1592 1759 1620; x_wconf 78' lang='lat' dir='ltr'><strong>adhaesio</strong></span> <span class='ocrx_word' id='word_1_616' title='bbox 1772 1594 1800 1621; x_wconf 85' lang='lat' dir='ltr'><strong>ct</strong></span> 
     </span>
     <span class='ocr_line' id='line_1_83' title="bbox 1018 1637 1800 1676; baseline 0 -9"><span class='ocrx_word' id='word_1_617' title='bbox 1018 1638 1169 1675; x_wconf 78' lang='lat' dir='ltr'><strong>quietatio.</strong></span> <span class='ocrx_word' id='word_1_618' title='bbox 1199 1637 1330 1673; x_wconf 81' lang='lat' dir='ltr'><strong>intellige</strong></span> <span class='ocrx_word' id='word_1_619' title='bbox 1358 1638 1459 1666; x_wconf 85' lang='lat' dir='ltr'><strong>tamen</strong></span> <span class='ocrx_word' id='word_1_620' title='bbox 1477 1638 1662 1674; x_wconf 88' lang='lat' dir='ltr'><strong>prioritatem</strong></span> <span class='ocrx_word' id='word_1_621' title='bbox 1681 1640 1708 1667; x_wconf 89' lang='lat' dir='ltr'><strong>et</strong></span> <span class='ocrx_word' id='word_1_622' title='bbox 1730 1647 1800 1676; x_wconf 90' lang='lat' dir='ltr'><strong>pos-</strong></span> 
     </span>
     <span class='ocr_line' id='line_1_84' title="bbox 1016 1684 1798 1721; baseline 0.001 -8"><span class='ocrx_word' id='word_1_623' title='bbox 1016 1686 1204 1713; x_wconf 86' lang='lat' dir='ltr'><strong>terioritatem</strong></span> <span class='ocrx_word' id='word_1_624' title='bbox 1223 1687 1335 1712; x_wconf 76' lang='lat' dir='ltr'><strong>naturae</strong></span> <span class='ocrx_word' id='word_1_625' title='bbox 1346 1706 1355 1718; x_wconf 89' lang='lat'><strong>,</strong></span> <span class='ocrx_word' id='word_1_626' title='bbox 1370 1692 1433 1712; x_wconf 88' lang='lat' dir='ltr'><strong>non</strong></span> <span class='ocrx_word' id='word_1_627' title='bbox 1453 1684 1606 1721; x_wconf 81' lang='lat' dir='ltr'><strong>temporis,</strong></span> <span class='ocrx_word' id='word_1_628' title='bbox 1622 1695 1636 1712; x_wconf 80' lang='lat'><strong>&gt;›</strong></span> <span class='ocrx_word' id='word_1_629' title='bbox 1654 1687 1719 1714; x_wconf 83' lang='lat' dir='ltr'><strong>Haec</strong></span> <span class='ocrx_word' id='word_1_630' title='bbox 1738 1685 1798 1714; x_wconf 88' lang='lat' dir='ltr'><strong>ille.</strong></span> 
     </span>
     <span class='ocr_line' id='line_1_85' title="bbox 1017 1732 1800 1769; baseline 0.003 -9"><span class='ocrx_word' id='word_1_631' title='bbox 1017 1735 1100 1767; x_wconf 84' lang='lat' dir='ltr'><strong>Hugo</strong></span> <span class='ocrx_word' id='word_1_632' title='bbox 1116 1740 1188 1760; x_wconf 74' lang='lat' dir='ltr'><strong>vero</strong></span> <span class='ocrx_word' id='word_1_633' title='bbox 1212 1732 1430 1759; x_wconf 86' lang='lat' dir='ltr'><strong>commentator</strong></span> <span class='ocrx_word' id='word_1_634' title='bbox 1456 1739 1606 1768; x_wconf 85' lang='lat' dir='ltr'><strong>exponens</strong></span> <span class='ocrx_word' id='word_1_635' title='bbox 1623 1732 1800 1769; x_wconf 71' lang='lat' dir='ltr'><strong>praedictum</strong></span> 
     </span>
     <span class='ocr_line' id='line_1_86' title="bbox 1015 1779 1800 1814; baseline 0 -6"><span class='ocrx_word' id='word_1_636' title='bbox 1015 1780 1158 1814; x_wconf 72' lang='lat' dir='ltr'><strong>verbum,</strong></span> <span class='ocrx_word' id='word_1_637' title='bbox 1181 1779 1291 1807; x_wconf 84' lang='lat' dir='ltr'><strong>scilicet</strong></span> <span class='ocrx_word' id='word_1_638' title='bbox 1312 1780 1546 1814; x_wconf 78' lang='lat' dir='ltr'><strong>superfervidum,</strong></span> <span class='ocrx_word' id='word_1_639' title='bbox 1563 1779 1633 1808; x_wconf 90' lang='lat' dir='ltr'><strong>dicit</strong></span> <span class='ocrx_word' id='word_1_640' title='bbox 1653 1780 1663 1796; x_wconf 45' lang='lat' dir='ltr'><em>a</em></span> <span class='ocrx_word' id='word_1_641' title='bbox 1689 1789 1696 1808; x_wconf 70' lang='grc' dir='ltr'>ε</span> <span class='ocrx_word' id='word_1_642' title='bbox 1714 1789 1728 1806; x_wconf 77' lang='lat' dir='ltr'><strong>&lt;t</strong></span> <span class='ocrx_word' id='word_1_643' title='bbox 1742 1780 1800 1808; x_wconf 86' lang='lat' dir='ltr'><strong>Ad-</strong></span> 
     </span>
     <span class='ocr_line' id='line_1_87' title="bbox 1016 1825 1799 1863; baseline 0 -8"><span class='ocrx_word' id='word_1_644' title='bbox 1016 1829 1118 1855; x_wconf 86' lang='lat' dir='ltr'><strong>monet</strong></span> <span class='ocrx_word' id='word_1_645' title='bbox 1136 1835 1192 1854; x_wconf 87' lang='lat' dir='ltr'><strong>nos</strong></span> <span class='ocrx_word' id='word_1_646' title='bbox 1207 1826 1269 1854; x_wconf 83' lang='lat' dir='ltr'><strong>haec</strong></span> <span class='ocrx_word' id='word_1_647' title='bbox 1293 1834 1340 1854; x_wconf 85' lang='lat' dir='ltr'><strong>res</strong></span> <span class='ocrx_word' id='word_1_648' title='bbox 1365 1825 1481 1862; x_wconf 86' lang='lat' dir='ltr'><strong>aliquid</strong></span> <span class='ocrx_word' id='word_1_649' title='bbox 1495 1826 1591 1861; x_wconf 81' lang='lat' dir='ltr'><strong>magis</strong></span> <span class='ocrx_word' id='word_1_650' title='bbox 1614 1827 1744 1863; x_wconf 85' lang='lat' dir='ltr'><strong>cogitare</strong></span> <span class='ocrx_word' id='word_1_651' title='bbox 1761 1827 1799 1855; x_wconf 90' lang='lat' dir='ltr'><strong>de</strong></span> 
     </span>
     <span class='ocr_line' id='line_1_88' title="bbox 1016 1873 1799 1911; baseline 0 -9"><span class='ocrx_word' id='word_1_652' title='bbox 1016 1874 1204 1911; x_wconf 78' lang='lat' dir='ltr'><strong>superfervido</strong></span> <span class='ocrx_word' id='word_1_653' title='bbox 1215 1896 1224 1909; x_wconf 84' lang='lat'><strong>,</strong></span> <span class='ocrx_word' id='word_1_654' title='bbox 1249 1882 1341 1910; x_wconf 85' lang='lat' dir='ltr'><strong>quam</strong></span> <span class='ocrx_word' id='word_1_655' title='bbox 1368 1873 1405 1901; x_wconf 93' lang='lat' dir='ltr'><strong>de</strong></span> <span class='ocrx_word' id='word_1_656' title='bbox 1430 1874 1519 1901; x_wconf 68' lang='lat' dir='ltr'><strong>calido</strong></span> <span class='ocrx_word' id='word_1_657' title='bbox 1540 1875 1567 1902; x_wconf 90' lang='lat' dir='ltr'><strong>et</strong></span> <span class='ocrx_word' id='word_1_658' title='bbox 1591 1877 1679 1903; x_wconf 79' lang='lat' dir='ltr'><strong>acuto.</strong></span> <span class='ocrx_word' id='word_1_659' title='bbox 1704 1874 1799 1903; x_wconf 91' lang='lat' dir='ltr'><strong>Nostis</strong></span> 
     </span>
     <span class='ocr_line' id='line_1_89' title="bbox 1016 1920 1798 1957; baseline 0.001 -8"><span class='ocrx_word' id='word_1_660' title='bbox 1016 1923 1096 1950; x_wconf 89' lang='lat' dir='ltr'><strong>enim</strong></span> <span class='ocrx_word' id='word_1_661' title='bbox 1112 1921 1267 1957; x_wconf 89' lang='lat' dir='ltr'><strong>quomodo</strong></span> <span class='ocrx_word' id='word_1_662' title='bbox 1290 1920 1336 1955; x_wconf 91' lang='lat' dir='ltr'><strong>id,</strong></span> <span class='ocrx_word' id='word_1_663' title='bbox 1357 1921 1442 1956; x_wconf 89' lang='lat' dir='ltr'><strong>quod</strong></span> <span class='ocrx_word' id='word_1_664' title='bbox 1461 1920 1571 1956; x_wconf 87' lang='lat' dir='ltr'><strong>fervet,</strong></span> <span class='ocrx_word' id='word_1_665' title='bbox 1597 1921 1730 1957; x_wconf 92' lang='lat' dir='ltr'><strong>quadam</strong></span> <span class='ocrx_word' id='word_1_666' title='bbox 1749 1929 1798 1950; x_wconf 77' lang='lat' dir='ltr'><strong>ca-</strong></span> 
     </span>
     <span class='ocr_line' id='line_1_90' title="bbox 1015 1967 1796 2004; baseline 0.001 -8"><span class='ocrx_word' id='word_1_667' title='bbox 1015 1969 1087 1996; x_wconf 88' lang='lat' dir='ltr'><strong>loris</strong></span> <span class='ocrx_word' id='word_1_668' title='bbox 1109 1968 1239 1996; x_wconf 89' lang='lat' dir='ltr'><strong>incendii</strong></span> <span class='ocrx_word' id='word_1_669' title='bbox 1263 1967 1309 1995; x_wconf 88' lang='lat' dir='ltr'><strong>sui</strong></span> <span class='ocrx_word' id='word_1_670' title='bbox 1330 1968 1473 1995; x_wconf 80' lang='lat' dir='ltr'><strong>violentia</strong></span> <span class='ocrx_word' id='word_1_671' title='bbox 1491 1968 1619 2003; x_wconf 87' lang='lat' dir='ltr'><strong>jactatur</strong></span> <span class='ocrx_word' id='word_1_672' title='bbox 1645 1970 1728 1997; x_wconf 79' lang='lat' dir='ltr'><strong>extra</strong></span> <span class='ocrx_word' id='word_1_673' title='bbox 1748 1977 1796 2004; x_wconf 87' lang='lat' dir='ltr'><strong>se,</strong></span> 
     </span>
     <span class='ocr_line' id='line_1_91' title="bbox 1016 2014 1796 2051; baseline 0.001 -8"><span class='ocrx_word' id='word_1_674' title='bbox 1016 2016 1128 2043; x_wconf 89' lang='lat' dir='ltr'><strong>tollitur</strong></span> <span class='ocrx_word' id='word_1_675' title='bbox 1143 2023 1233 2051; x_wconf 83' lang='lat' dir='ltr'><strong>supra</strong></span> <span class='ocrx_word' id='word_1_676' title='bbox 1253 2023 1303 2049; x_wconf 87' lang='lat' dir='ltr'><strong>se,</strong></span> <span class='ocrx_word' id='word_1_677' title='bbox 1331 2017 1359 2042; x_wconf 90' lang='lat' dir='ltr'><strong>et</strong></span> <span class='ocrx_word' id='word_1_678' title='bbox 1380 2014 1449 2042; x_wconf 83' lang='lat' dir='ltr'><strong>facit</strong></span> <span class='ocrx_word' id='word_1_679' title='bbox 1470 2015 1636 2043; x_wconf 89' lang='lat' dir='ltr'><strong>motionem</strong></span> <span class='ocrx_word' id='word_1_680' title='bbox 1654 2024 1796 2051; x_wconf 85' lang='lat' dir='ltr'><strong>magnam</strong></span> 
     </span>
     <span class='ocr_line' id='line_1_92' title="bbox 1016 2061 1795 2096; baseline 0.001 -7"><span class='ocrx_word' id='word_1_681' title='bbox 1016 2062 1158 2090; x_wconf 87' lang='lat' dir='ltr'><strong>invisibili</strong></span> <span class='ocrx_word' id='word_1_682' title='bbox 1178 2062 1360 2089; x_wconf 82' lang='lat' dir='ltr'><strong>aestuatione.</strong></span> <span class='ocrx_word' id='word_1_683' title='bbox 1374 2072 1387 2087; x_wconf 68' lang='grc'><strong>11</strong></span> <span class='ocrx_word' id='word_1_684' title='bbox 1411 2063 1443 2089; x_wconf 88' lang='lat' dir='ltr'><strong>Et</strong></span> <span class='ocrx_word' id='word_1_685' title='bbox 1457 2061 1533 2090; x_wconf 84' lang='lat' dir='ltr'><strong>infra</strong></span> <span class='ocrx_word' id='word_1_686' title='bbox 1550 2071 1556 2089; x_wconf 73' lang='grc' dir='ltr'>ε</span> <span class='ocrx_word' id='word_1_687' title='bbox 1578 2071 1590 2087; x_wconf 74' lang='grc' dir='ltr'><strong>ι(</strong></span> <span class='ocrx_word' id='word_1_688' title='bbox 1605 2062 1691 2096; x_wconf 84' lang='lat' dir='ltr'><strong>Quod</strong></span> <span class='ocrx_word' id='word_1_689' title='bbox 1715 2063 1795 2091; x_wconf 89' lang='lat' dir='ltr'><strong>enim</strong></span> 
     </span>
     <span class='ocr_line' id='line_1_93' title="bbox 1015 2107 1794 2145; baseline 0.003 -9"><span class='ocrx_word' id='word_1_690' title='bbox 1015 2109 1097 2145; x_wconf 89' lang='lat' dir='ltr'><strong>prius</strong></span> <span class='ocrx_word' id='word_1_691' title='bbox 1111 2110 1231 2136; x_wconf 87' lang='lat' dir='ltr'><strong>acutum</strong></span> <span class='ocrx_word' id='word_1_692' title='bbox 1243 2107 1297 2136; x_wconf 88' lang='lat' dir='ltr'><strong>fuit</strong></span> <span class='ocrx_word' id='word_1_693' title='bbox 1309 2108 1339 2135; x_wconf 86' lang='lat' dir='ltr'><strong>in</strong></span> <span class='ocrx_word' id='word_1_694' title='bbox 1354 2108 1527 2143; x_wconf 86' lang='lat' dir='ltr'><strong>dilectione,</strong></span> <span class='ocrx_word' id='word_1_695' title='bbox 1544 2109 1716 2138; x_wconf 87' lang='lat' dir='ltr'><strong>obsistentia</strong></span> <span class='ocrx_word' id='word_1_696' title='bbox 1731 2118 1794 2138; x_wconf 91' lang='lat' dir='ltr'><strong>om-</strong></span> 
     </span>
     <span class='ocr_line' id='line_1_94' title="bbox 1015 2154 1793 2192; baseline 0.003 -9"><span class='ocrx_word' id='word_1_697' title='bbox 1015 2156 1065 2184; x_wconf 89' lang='lat' dir='ltr'><strong>nia</strong></span> <span class='ocrx_word' id='word_1_698' title='bbox 1077 2157 1245 2191; x_wconf 82' lang='lat' dir='ltr'><strong>penetrans,</strong></span> <span class='ocrx_word' id='word_1_699' title='bbox 1259 2154 1499 2191; x_wconf 85' lang='lat' dir='ltr'><strong>superfervidum</strong></span> <span class='ocrx_word' id='word_1_700' title='bbox 1512 2155 1558 2188; x_wconf 80' lang='lat' dir='ltr'><strong>fit,</strong></span> <span class='ocrx_word' id='word_1_701' title='bbox 1573 2156 1635 2192; x_wconf 83' lang='lat' dir='ltr'><strong>jam</strong></span> <span class='ocrx_word' id='word_1_702' title='bbox 1651 2156 1793 2192; x_wconf 81' lang='lat' dir='ltr'><strong>bulliens,</strong></span> 
     </span>
     <span class='ocr_line' id='line_1_95' title="bbox 1015 2201 1792 2238; baseline 0.004 -9"><span class='ocrx_word' id='word_1_703' title='bbox 1015 2203 1045 2230; x_wconf 88' lang='lat' dir='ltr'><strong>in</strong></span> <span class='ocrx_word' id='word_1_704' title='bbox 1060 2202 1156 2238; x_wconf 87' lang='lat' dir='ltr'><strong>seipso</strong></span> <span class='ocrx_word' id='word_1_705' title='bbox 1169 2204 1244 2229; x_wconf 88' lang='lat' dir='ltr'><strong>stare</strong></span> <span class='ocrx_word' id='word_1_706' title='bbox 1258 2210 1321 2230; x_wconf 88' lang='lat' dir='ltr'><strong>non</strong></span> <span class='ocrx_word' id='word_1_707' title='bbox 1335 2201 1447 2230; x_wconf 78' lang='lat' dir='ltr'><strong>valens.</strong></span> <span class='ocrx_word' id='word_1_708' title='bbox 1460 2204 1586 2230; x_wconf 87' lang='lat' dir='ltr'><strong>Acutum</strong></span> <span class='ocrx_word' id='word_1_709' title='bbox 1597 2205 1697 2232; x_wconf 87' lang='lat' dir='ltr'><strong>autem</strong></span> <span class='ocrx_word' id='word_1_710' title='bbox 1709 2212 1792 2232; x_wconf 84' lang='lat' dir='ltr'><strong>amo-</strong></span> 
     </span>
     <span class='ocr_line' id='line_1_96' title="bbox 1015 2249 1792 2287; baseline 0.004 -11"><span class='ocrx_word' id='word_1_711' title='bbox 1015 2250 1054 2277; x_wconf 83' lang='lat' dir='ltr'><strong>ris</strong></span> <span class='ocrx_word' id='word_1_712' title='bbox 1076 2251 1118 2277; x_wconf 87' lang='lat' dir='ltr'><strong>est</strong></span> <span class='ocrx_word' id='word_1_713' title='bbox 1137 2270 1146 2284; x_wconf 91' lang='lat'><strong>,</strong></span> <span class='ocrx_word' id='word_1_714' title='bbox 1170 2257 1238 2276; x_wconf 86' lang='lat' dir='ltr'><strong>cum</strong></span> <span class='ocrx_word' id='word_1_715' title='bbox 1260 2249 1361 2277; x_wconf 88' lang='lat' dir='ltr'><strong>omnia</strong></span> <span class='ocrx_word' id='word_1_716' title='bbox 1385 2249 1626 2278; x_wconf 88' lang='lat' dir='ltr'><strong>transcendendo</strong></span> <span class='ocrx_word' id='word_1_717' title='bbox 1651 2250 1792 2287; x_wconf 83' lang='lat' dir='ltr'><strong>despicit3</strong></span> 
     </span>
     <span class='ocr_line' id='line_1_97' title="bbox 1015 2296 1795 2334; baseline 0.003 -10"><span class='ocrx_word' id='word_1_718' title='bbox 1015 2296 1252 2332; x_wconf 84' lang='lat' dir='ltr'><strong>superfervidum</strong></span> <span class='ocrx_word' id='word_1_719' title='bbox 1267 2298 1378 2331; x_wconf 88' lang='lat' dir='ltr'><strong>autem,</strong></span> <span class='ocrx_word' id='word_1_720' title='bbox 1394 2305 1463 2324; x_wconf 90' lang='lat' dir='ltr'><strong>cum</strong></span> <span class='ocrx_word' id='word_1_721' title='bbox 1478 2297 1567 2325; x_wconf 87' lang='lat' dir='ltr'><strong>etiam</strong></span> <span class='ocrx_word' id='word_1_722' title='bbox 1581 2297 1712 2334; x_wconf 88' lang='lat' dir='ltr'><strong>seipsum</strong></span> <span class='ocrx_word' id='word_1_723' title='bbox 1726 2306 1795 2326; x_wconf 85' lang='lat' dir='ltr'><strong>con-</strong></span> 
     </span>
     <span class='ocr_line' id='line_1_98' title="bbox 1014 2343 1794 2381; baseline 0.003 -10"><span class='ocrx_word' id='word_1_724' title='bbox 1014 2343 1175 2371; x_wconf 86' lang='lat' dir='ltr'><strong>temnendo</strong></span> <span class='ocrx_word' id='word_1_725' title='bbox 1197 2343 1347 2379; x_wconf 89' lang='lat' dir='ltr'><strong>relinquit.</strong></span> <span class='ocrx_word' id='word_1_726' title='bbox 1365 2345 1438 2371; x_wconf 87' lang='lat' dir='ltr'><strong>Nam</strong></span> <span class='ocrx_word' id='word_1_727' title='bbox 1460 2344 1512 2380; x_wconf 91' lang='lat' dir='ltr'><strong>qui</strong></span> <span class='ocrx_word' id='word_1_728' title='bbox 1530 2344 1588 2373; x_wconf 90' lang='lat' dir='ltr'><strong>hoc</strong></span> <span class='ocrx_word' id='word_1_729' title='bbox 1613 2345 1712 2373; x_wconf 91' lang='lat' dir='ltr'><strong>solum</strong></span> <span class='ocrx_word' id='word_1_730' title='bbox 1737 2353 1794 2381; x_wconf 87' lang='lat' dir='ltr'><strong>ap-</strong></span> 
     </span>
     <span class='ocr_line' id='line_1_99' title="bbox 1014 2390 1794 2427; baseline 0.004 -10"><span class='ocrx_word' id='word_1_731' title='bbox 1014 2391 1095 2427; x_wconf 85' lang='lat' dir='ltr'><strong>petit,</strong></span> <span class='ocrx_word' id='word_1_732' title='bbox 1112 2390 1195 2426; x_wconf 88' lang='lat' dir='ltr'><strong>quod</strong></span> <span class='ocrx_word' id='word_1_733' title='bbox 1210 2392 1298 2425; x_wconf 81' lang='lat' dir='ltr'><strong>amat,</strong></span> <span class='ocrx_word' id='word_1_734' title='bbox 1316 2390 1347 2418; x_wconf 90' lang='lat' dir='ltr'><strong>in</strong></span> <span class='ocrx_word' id='word_1_735' title='bbox 1361 2390 1441 2419; x_wconf 89' lang='lat' dir='ltr'><strong>illius</strong></span> <span class='ocrx_word' id='word_1_736' title='bbox 1453 2391 1688 2427; x_wconf 85' lang='lat' dir='ltr'><strong>comparatione,</strong></span> <span class='ocrx_word' id='word_1_737' title='bbox 1704 2391 1794 2420; x_wconf 87' lang='lat' dir='ltr'><strong>etiam</strong></span> 
     </span>
     <span class='ocr_line' id='line_1_100' title="bbox 1013 2436 1792 2475; baseline 0.003 -11"><span class='ocrx_word' id='word_1_738' title='bbox 1013 2438 1143 2473; x_wconf 84' lang='lat' dir='ltr'><strong>seipsum</strong></span> <span class='ocrx_word' id='word_1_739' title='bbox 1158 2437 1319 2464; x_wconf 88' lang='lat' dir='ltr'><strong>contemnit</strong></span> <span class='ocrx_word' id='word_1_740' title='bbox 1334 2439 1361 2465; x_wconf 90' lang='lat' dir='ltr'><strong>et</strong></span> <span class='ocrx_word' id='word_1_741' title='bbox 1373 2438 1506 2474; x_wconf 85' lang='lat' dir='ltr'><strong>despicit.</strong></span> <span class='ocrx_word' id='word_1_742' title='bbox 1520 2440 1621 2475; x_wconf 86' lang='lat' dir='ltr'><strong>Neque</strong></span> <span class='ocrx_word' id='word_1_743' title='bbox 1633 2439 1713 2466; x_wconf 89' lang='lat' dir='ltr'><strong>enim</strong></span> <span class='ocrx_word' id='word_1_744' title='bbox 1723 2436 1792 2466; x_wconf 83' lang='lat' dir='ltr'><strong>vere</strong></span> 
     </span>
     <span class='ocr_line' id='line_1_101' title="bbox 1013 2484 1792 2521; baseline 0.003 -10"><span class='ocrx_word' id='word_1_745' title='bbox 1013 2484 1071 2512; x_wconf 87' lang='lat' dir='ltr'><strong>hoc</strong></span> <span class='ocrx_word' id='word_1_746' title='bbox 1085 2484 1181 2512; x_wconf 84' lang='lat' dir='ltr'><strong>solum</strong></span> <span class='ocrx_word' id='word_1_747' title='bbox 1196 2486 1351 2520; x_wconf 84' lang='lat' dir='ltr'><strong>appeteret,</strong></span> <span class='ocrx_word' id='word_1_748' title='bbox 1369 2485 1447 2512; x_wconf 83' lang='lat' dir='ltr'><strong>sivel</strong></span> <span class='ocrx_word' id='word_1_749' title='bbox 1457 2485 1647 2521; x_wconf 86' lang='lat' dir='ltr'><strong>semetipsum</strong></span> <span class='ocrx_word' id='word_1_750' title='bbox 1659 2493 1727 2513; x_wconf 90' lang='lat' dir='ltr'><strong>cum</strong></span> <span class='ocrx_word' id='word_1_751' title='bbox 1739 2484 1792 2513; x_wconf 91' lang='lat' dir='ltr'><strong>illo</strong></span> 
     </span>
     <span class='ocr_line' id='line_1_102' title="bbox 1015 2531 1791 2568; baseline 0 -8"><span class='ocrx_word' id='word_1_752' title='bbox 1015 2533 1127 2560; x_wconf 88' lang='lat' dir='ltr'><strong>amaret</strong></span> <span class='ocrx_word' id='word_1_753' title='bbox 1140 2541 1146 2559; x_wconf 77' lang='lat'>2</span> <span class='ocrx_word' id='word_1_754' title='bbox 1163 2539 1224 2558; x_wconf 91' lang='lat' dir='ltr'><strong>non</strong></span> <span class='ocrx_word' id='word_1_755' title='bbox 1240 2533 1339 2559; x_wconf 82' lang='lat' dir='ltr'><strong>autem</strong></span> <span class='ocrx_word' id='word_1_756' title='bbox 1353 2532 1409 2560; x_wconf 90' lang='lat' dir='ltr'><strong>hoc</strong></span> <span class='ocrx_word' id='word_1_757' title='bbox 1424 2531 1519 2560; x_wconf 82' lang='lat' dir='ltr'><strong>facere</strong></span> <span class='ocrx_word' id='word_1_758' title='bbox 1534 2534 1646 2568; x_wconf 87' lang='lat' dir='ltr'><strong>potest,</strong></span> <span class='ocrx_word' id='word_1_759' title='bbox 1660 2531 1716 2560; x_wconf 91' lang='lat' dir='ltr'><strong>nisi</strong></span> <span class='ocrx_word' id='word_1_760' title='bbox 1730 2540 1791 2560; x_wconf 88' lang='lat' dir='ltr'><strong>ma-</strong></span> 
     </span>
     <span class='ocr_line' id='line_1_103' title="bbox 1014 2578 1790 2615; baseline 0 -9"><span class='ocrx_word' id='word_1_761' title='bbox 1014 2587 1073 2615; x_wconf 87' lang='lat' dir='ltr'><strong>gna</strong></span> <span class='ocrx_word' id='word_1_762' title='bbox 1088 2581 1116 2607; x_wconf 90' lang='lat' dir='ltr'><strong>et</strong></span> <span class='ocrx_word' id='word_1_763' title='bbox 1128 2578 1284 2613; x_wconf 83' lang='lat' dir='ltr'><strong>singularis</strong></span> <span class='ocrx_word' id='word_1_764' title='bbox 1301 2579 1436 2614; x_wconf 89' lang='lat' dir='ltr'><strong>dilectio,</strong></span> <span class='ocrx_word' id='word_1_765' title='bbox 1452 2582 1483 2607; x_wconf 92' lang='lat' dir='ltr'><strong>ut</strong></span> <span class='ocrx_word' id='word_1_766' title='bbox 1496 2588 1557 2615; x_wconf 85' lang='lat' dir='ltr'><strong>prae</strong></span> <span class='ocrx_word' id='word_1_767' title='bbox 1574 2587 1675 2608; x_wconf 87' lang='lat' dir='ltr'><strong>amore</strong></span> <span class='ocrx_word' id='word_1_768' title='bbox 1694 2579 1790 2614; x_wconf 90' lang='lat' dir='ltr'><strong>illius,</strong></span> 
     </span>
    </p>
   </div>
   <div class='ocr_carea' id='block_1_6' title="bbox 1048 2677 1792 2710">
    <p class='ocr_par' dir='ltr' id='par_1_8' title="bbox 1048 2677 1792 2710">
     <span class='ocr_line' id='line_1_104' title="bbox 1048 2677 1792 2710; baseline -0.001 -8"><span class='ocrx_word' id='word_1_769' title='bbox 1048 2678 1082 2710; x_wconf 78' lang='lat' dir='ltr'><strong>(a)</strong></span> <span class='ocrx_word' id='word_1_770' title='bbox 1099 2679 1160 2702; x_wconf 76' lang='lat' dir='ltr'><strong>Coet.</strong></span> <span class='ocrx_word' id='word_1_771' title='bbox 1175 2678 1236 2701; x_wconf 75' lang='lat' dir='ltr'><strong>edit.</strong></span> <span class='ocrx_word' id='word_1_772' title='bbox 1250 2679 1401 2708; x_wconf 32' lang='lat' dir='ltr'><strong>praestatffi-</strong></span> <span class='ocrx_word' id='word_1_773' title='bbox 1418 2677 1451 2708; x_wconf 90' lang='lat' dir='ltr'><strong>(b)</strong></span> <span class='ocrx_word' id='word_1_774' title='bbox 1468 2678 1572 2708; x_wconf 83' lang='lat' dir='ltr'><strong>liquide.</strong></span> <span class='ocrx_word' id='word_1_775' title='bbox 1587 2691 1617 2695; x_wconf 89' lang='lat'>—</span> <span class='ocrx_word' id='word_1_776' title='bbox 1630 2677 1662 2709; x_wconf 81' lang='lat' dir='ltr'><strong>(c)</strong></span> <span class='ocrx_word' id='word_1_777' title='bbox 1679 2678 1740 2701; x_wconf 82' lang='lat' dir='ltr'><strong>Item</strong></span> <span class='ocrx_word' id='word_1_778' title='bbox 1757 2678 1792 2705; x_wconf 82' lang='lat' dir='ltr'><strong>et.</strong></span> 
     </span>
    </p>
   </div>
  </div>
 </body>
</html>
