2004 3037
565 230 615 263 DE
636 228 779 263 TERTIO
801 227 971 261 lTINERE.
994 227 1094 261 DIST.
1119 227 1172 260 111.

63 298 312 336 contemplatione
329 299 490 336 conspicit,
508 301 620 336 quanta
632 297 690 326 sint
704 296 816 334 gaudia
827 317 838 332 ,

64 347 176 384 quanta
190 345 300 381 ioetitia,
315 348 426 383 quanta
440 345 591 381 serenitas,
608 346 721 382 quanta
733 345 839 380 Jucun-

65 393 150 423 ditas.
175 393 287 421 Sanitas
307 392 376 421 facit
398 393 482 422 illam
504 400 639 421 securam
651 402 659 428 ;
684 392 839 428 aspectus,

64 442 185 475 rectam3
194 439 280 475 visio,
290 440 418 476 beatam,
430 439 481 477 qui
494 439 530 476 (a)
541 441 583 468 est
590 439 657 467 finis
670 439 839 475 aspectus.»

65 489 130 517 Hoec
152 486 211 515 ille.
238 487 290 515 iste
312 489 354 516 est
377 486 481 515 oculus
502 485 775 522 contemplationis,
803 484 841 513 de

67 542 128 571 quo
143 533 214 561 dicit
225 534 354 570 Sponsus
364 533 373 551 ¹
390 543 397 561 :
416 534 574 562 Vulnerasti
588 540 632 560 cor
643 541 729 560 meum
744 533 774 559 in
788 539 841 559 uno

67 582 202 609 oculorum
215 583 338 616 tuorum,
353 580 386 608 id
400 582 460 616 est,
485 582 535 608 tua
552 579 745 615 intelligentia
769 578 841 606 sim-

67 627 197 664 plificata
216 627 372 664 penetrasti
388 627 489 655 omnia
511 626 708 663 pertingendo
729 626 768 654 ad
789 633 842 654 cor

66 681 185 710 meum,
201 675 229 703 et
242 675 362 711 propter
375 675 404 702 te
417 673 608 702 vulneratum
622 673 676 702 fuit
690 681 725 702 ex
740 680 842 701 amore

67 720 172 749 intimo
187 728 246 757 quo
261 720 351 749 dilexi
365 722 402 749 te.

103 768 248 803 Tertium,
270 768 354 804 quod
368 768 489 804 ponitur
507 768 538 795 in
560 767 757 804 descriptione
774 774 844 794 cou-

69 814 289 851 temptationis,
305 816 347 843 est
365 816 448 851 quod
463 815 568 844 oculus
587 813 846 850 contemplationis

69 862 100 889 in
124 861 292 898 spectacula
315 862 464 898 sapientiae
486 864 600 890 aeternae
622 861 659 890 sit
685 861 813 889 directus
838 870 844 889 :

70 908 154 944 quod
167 910 285 937 notatur
299 916 352 944 per
365 909 423 937 hoc
437 908 522 945 quod
535 908 653 943 dicitur,
664 910 693 936 in
704 909 847 944 sapientioe

70 956 232 990 spectacula.
248 957 289 983 Ex
299 956 358 984 hoc
370 957 469 984 autem
481 957 572 992 patet,
587 955 671 992 quod
683 955 847 983 Richardus

69 1001 118 1030 hic
137 1010 198 1030 non
217 1001 323 1039 accipit
346 1002 630 1038 contemplationem
646 1004 679 1030 ut
701 1004 744 1030 cst
766 1004 848 1030 actus

70 1048 234 1077 intellectus
247 1049 367 1084 praecise
376 1069 386 1083 ,
401 1048 455 1076 sed
469 1049 557 1077 etiam
571 1050 604 1076 ut
618 1056 792 1085 saporosam
807 1048 849 1076 di-

70 1094 229 1123 lectionem
242 1095 376 1123 includit.
392 1097 465 1123 Nam
479 1095 623 1132 sapientia
637 1103 655 1123 a
666 1103 762 1130 sopore
778 1095 849 1123 dici-

72 1144 127 1177 tur,
140 1143 172 1170 ut
188 1142 258 1170 dicit
267 1143 471 1176 Bernardus2,
486 1144 514 1171 et
529 1143 681 1178 objectum
695 1142 848 1179 sapientiae

71 1189 236 1225 principale
251 1191 279 1218 et
296 1189 471 1225 primarium
488 1191 530 1218 est
545 1189 607 1226 ipse
621 1191 711 1224 Deus,
728 1189 784 1217 sub
799 1197 847 1217 ra-

71 1236 151 1264 tione
167 1244 226 1272 qua
240 1244 346 1264 verum
366 1239 409 1264 est
428 1236 617 1265 excitativum
637 1236 796 1264 voluntatis
810 1235 850 1264 ad

73 1283 135 1318 eJus
154 1290 329 1317 saporosam
349 1283 540 1311 dilectionem
556 1292 562 1311 ε
579 1285 607 1311 et
629 1286 710 1312 actus
732 1283 848 1319 sapien-

72 1330 119 1358 tiae
140 1331 183 1358 est
213 1330 409 1367 contemplari
431 1332 523 1359 Deum
538 1352 547 1366 ,
570 1339 633 1359 non
658 1338 849 1367 quocumque

73 1378 182 1413 modo,
198 1378 251 1406 sed
265 1386 302 1407 ex
317 1378 492 1413 dilectione,
505 1387 573 1407 cum
589 1378 721 1414 quadam
736 1377 850 1413 experi-

74 1424 195 1452 mentali
218 1425 361 1453 suavitate
384 1425 415 1452 in
435 1425 550 1453 affectu.
573 1425 661 1460 Igitur
683 1424 851 1460 spectacula

74 1473 224 1509 sapientiae
238 1474 306 1501 sunt
320 1473 448 1508 cognitio
458 1474 532 1507 veri,
547 1474 575 1500 et
589 1480 674 1500 amor
686 1472 747 1500 sive
760 1480 850 1508 sapor

74 1519 158 1547 honi.
172 1519 245 1547 Dicit
259 1520 338 1548 enim
352 1519 553 1548 Linconiensis
564 1540 573 1553 ,
590 1518 674 1555 quod
690 1519 852 1555 «sapientia

76 1567 167 1595 oritur
181 1575 218 1594 ex
232 1575 352 1601 amore,
372 1575 438 1603 qute
452 1566 619 1602 prorumpit
640 1565 670 1593 in
686 1565 788 1593 lumen
803 1573 853 1593 co-

76 1613 215 1650 gnitionis
229 1616 256 1642 ct
270 1621 409 1650 saporem
423 1613 607 1649 gustationiS,
618 1612 692 1640 sicut
702 1621 738 1640 ex
751 1613 850 1641 calore

74 1660 242 1697 prorumpit
255 1660 307 1688 lux
322 1663 350 1688 et
363 1660 496 1688 flamma.
512 1671 525 1684 υ
543 1660 608 1687 Haec
622 1659 681 1687 ille.
693 1661 782 1687 Actus
795 1659 849 1695 igi-

76 1711 123 1736 tur
143 1707 399 1744 contemplationis
421 1707 482 1734 duo
506 1706 652 1740 includit,
674 1706 785 1734 scilicet
804 1714 854 1734 co-

76 1754 259 1790 gnitionem,
280 1756 308 1782 et
329 1762 504 1789 saporosam
528 1753 718 1781 dilectionem
736 1761 743 1780 τ
760 1755 788 1781 et
809 1753 852 1781 di-

75 1801 162 1829 lectio
177 1801 306 1836 'adjuvat
333 1800 544 1836 cognitionem.
573 1800 654 1828 Unde
686 1799 853 1828 secundum

75 1856 246 1876 mensuram
271 1847 436 1875 dilectionis
450 1867 459 1881 ,
483 1847 668 1882 dispensatur
695 1848 723 1875 et
742 1846 852 1874 modus

76 1893 334 1928 manifestationis,
350 1893 390 1921 ait
404 1893 575 1921 Richardus.

112 1942 268 1975 Quartum,
289 1940 371 1976 quod
387 1940 504 1976 ponitur
520 1941 551 1967 in
567 1940 765 1976 descriptione
781 1948 851 1968 con—

78 1987 294 2023 temptationis,
310 1990 353 2015 est
371 1988 507 2015 mentalis
523 1988 678 2024 suspensio
701 1997 736 2016 ex
760 1988 854 2016 admi-

76 2035 189 2063 ratione
204 2037 323 2062 causata
339 2044 344 2062 :
362 2037 388 2062 et
405 2037 523 2063 notatur
541 2035 572 2062 in
586 2035 643 2062 hoc
661 2035 745 2071 quod
766 2035 854 2071 dicit,

78 2082 258 2109 admiratione
279 2090 414 2117 suspcnsoe
435 2082 480 2118 (b).
507 2084 544 2110 Dc
572 2082 628 2109 hac
656 2082 853 2110 admiratione

78 2129 148 2156 dicit
162 2128 338 2164 Richardus,
363 2129 441 2156 libro
457 2129 560 2165 quinto
586 2129 618 2156 de
631 2129 704 2156 Arca
719 2131 832 2163 mystica
843 2151 852 2165 ‚

78 2184 143 2212 cap.
153 2184 233 2203 nono
242 2177 267 2203 ³:
279 2186 292 2202 «
300 2178 338 2203 Ex
349 2177 478 2204 novitate
490 2176 531 2204 rei
544 2184 610 2212 quae
620 2178 662 2203 est
673 2184 762 2212 supra
772 2184 855 2212 spem

79 2226 107 2251 et
120 2225 251 2250 nostram
268 2223 492 2251 aestimationem
508 2224 600 2251 oritur
615 2223 773 2251 admiratio
787 2244 795 2256 ‚
817 2231 853 2251 ex

79 2270 274 2298 admiratione
288 2273 388 2298 autem
402 2271 538 2298 accressit
552 2271 671 2298 attentio
683 2292 693 2303 ,
716 2273 744 2298 et
758 2279 794 2297 ex
810 2272 853 2298 at·-

78 2316 207 2345 tentione
222 2317 366 2352 cognitio,
382 2319 410 2345 et
424 2325 460 2344 ex
475 2317 520 2344 his
535 2318 639 2345 mentis
654 2317 825 2353 suspensio;
838 2326 852 2342 ³)

81 2364 168 2399 quia,
183 2364 257 2392 sicut
277 2364 347 2391 dicit
369 2363 505 2392 ibidem:
526 2366 628 2392 «Dum
650 2364 783 2392 humana
810 2364 855 2390 in·

80 2410 257 2446 telligentia,
273 2410 375 2438 divino
395 2410 507 2438 lumine
532 2411 692 2445 irradiata,
713 2410 856 2445 intelligi-

81 2457 188 2484 bilium
201 2457 450 2493 contemplatione
464 2458 666 2493 suspenditur,
682 2458 755 2485 dum
768 2457 797 2484 in
809 2465 856 2484 eo-

82 2511 149 2531 rum
164 2503 358 2532 admiratione
369 2526 378 2539 ,
403 2505 442 2532 ad
456 2505 582 2532 modum
597 2513 712 2533 aurorae
722 2526 732 2539 ,
748 2504 857 2531 disten-

83 2550 172 2585 ditur,
186 2552 297 2586 quanto
312 2559 429 2588 semper
443 2552 482 2579 ad
496 2552 601 2580 altiora
615 2551 663 2579 vel
683 2552 722 2580 ad
736 2550 857 2579 mirabi-

120 2626 123 2638 ¹
142 2624 226 2653 Cant,
244 2630 278 2655 ιν,
299 2626 322 2649 9.
340 2639 369 2643 -
389 2627 397 2640 ’·”
414 2627 498 2656 ilcru.¹
520 2626 549 2650 cle
570 2634 636 2657 loss.
656 2627 737 2655 Doni„
756 2633 778 2650 c.
798 2632 856 2656 xri,

86 2661 145 2684 circ.
164 2659 234 2683 med.
250 2673 275 2677 —-
293 2660 301 2674 ³
315 2661 442 2691 menard,
458 2662 487 2685 cle
501 2662 649 2693 Contempl„
661 2663 705 2686 lib.
723 2663 755 2692 V,
773 2669 795 2686 c.
816 2668 856 2690 [ῖς

85 2696 111 2720 hi
132 2695 200 2720 enim
219 2695 276 2719 libri
303 2696 443 2727 Benjamin.
471 2698 587 2728 majoris,
604 2697 644 2721 vel
665 2698 694 2721 de
717 2697 855 2728 contempl.

1611 229 1667 259 421

893 296 968 325 liora
983 295 1110 332 ducitur,
1127 297 1212 324 tanto
1227 295 1355 333 amplius
1365 297 1506 332 tantoque
1521 295 1672 332 copiosius

894 343 933 372 ad
948 343 1074 371 modum
1097 350 1212 371 aurorae
1230 342 1379 372 dilatatur.
1396 342 1477 371 Unde
1501 343 1614 379 quanto
1633 341 1672 370 ab

894 389 1005 418 infimis
1019 389 1052 418 fit
1065 389 1218 424 remotior,
1241 391 1321 418 tanto
1336 389 1493 425 semetipsa
1507 389 1621 426 purior,
1645 390 1674 418 et

896 436 935 464 ad
949 436 1088 465 sublimia
1103 435 1237 465 subtilior
1258 436 1416 464 invenitur.
1439 438 1480 464 Ex
1496 444 1557 472 quo
1573 436 1673 472 scqui-

897 485 953 518 tur,
970 483 1053 520 quod
1068 485 1149 512 tanto
1165 483 1194 511 in
1210 483 1414 520 superioribus
1429 483 1539 510 diutius
1553 491 1675 520 suspen-

897 529 986 566 ditur,
1003 532 1116 567 quanto
1132 538 1150 558 a
1163 529 1381 558 retrahentibus
1397 529 1538 558 dilatatur
1553 530 1582 558 et
1596 529 1677 558 elon-

898 579 993 613 gatur.
1009 587 1023 604 η
1041 578 1080 605 De
1094 577 1151 605 hoc
1166 576 1329 613 suspendio
1345 576 1416 604 dicit
1435 577 1490 605 Job
1509 575 1519 592 ”
1537 585 1544 605 :
1559 577 1676 612 Suspen-

899 624 975 652 dium
990 625 1070 659 eleqit
1087 626 1180 652 anima
1191 632 1259 652 mea.
1277 623 1364 658 Quod
1376 623 1568 652 Vercellensis
1584 631 1676 659 expo-

899 679 986 706 nenS,
1001 671 1072 699 dicit
1087 671 1128 698 sic
1142 679 1150 698 :
1169 670 1387 707 «Suspendium
1399 670 1476 699 illud
1491 672 1534 699 est
1546 669 1678 699 extensio

900 718 1006 747 mentis
1021 718 1051 746 in
1065 719 1173 746 aeterna
1187 717 1375 753 spectacula,
1393 719 1439 753 ut,
1457 725 1525 745 cum
1545 717 1612 745 fieri
1625 725 1680 753 po-

900 767 975 799 test,
999 772 1157 801 nunquam
1178 772 1215 793 ex
1239 764 1401 793 intentione
1422 763 1583 792 voluntatis
1593 785 1602 799 ,
1626 763 1680 792 sed

901 812 966 840 sola
979 811 1215 848 interpellatione
1229 811 1420 846 necessitatis,
1436 810 1513 840 acies
1528 809 1599 839 inde
1609 809 1680 838 flec-

901 860 988 893 tatur,
1004 861 1036 887 ut
1052 858 1122 887 dicit
1136 858 1287 887 Psalmista
1303 858 1314 876 ⁵
1329 867 1336 886 ε
1362 858 1439 886 Oculi
1460 859 1514 886 mei
1528 865 1632 894 semper
1644 857 1680 885 ad

902 907 1055 938 Dominum,

1127 985 1370 1020 DISTINCTIO
1398 985 1455 1019 III.

906 1068 1031 1102 Qualiter
1045 1068 1236 1103 contemplatio
1252 1067 1363 1103 differat
1378 1076 1395 1095 α
1409 1068 1584 1101 cogitatione,
1600 1067 1683 1094 medi-

956 1114 1067 1147 tatione,
1083 1114 1274 1148 speculatione,
1290 1115 1316 1140 et
1331 1113 1363 1140 ab
1378 1113 1512 1140 intuitiva
1524 1113 1634 1140 visione.

940 1188 1034 1216 Tertio
1046 1188 1212 1216 videndum
1221 1189 1263 1216 est
1272 1188 1396 1224 qualiter
1408 1187 1618 1224 contemplatio
1631 1187 1685 1215 dif-

905 1235 979 1264 ferat
991 1236 1023 1272 (c)
1032 1244 1049 1263 a
1057 1235 1246 1270 cogitatione,
1258 1235 1461 1269 meditatione,
1471 1234 1684 1271 speculatione,

905 1284 933 1310 et
948 1283 985 1311 ab
1002 1283 1137 1311 intuitiva
1147 1282 1318 1318 cognitione
1330 1290 1337 1309 ι
1349 1282 1411 1309 haec
1426 1281 1505 1310 enim
1520 1282 1683 1318 quemdam

907 1330 1044 1358 ordinem
1059 1331 1088 1357 et
1102 1329 1230 1365 gradum
1244 1329 1356 1357 habent
1370 1329 1445 1357 inter
1460 1337 1499 1356 se.
1516 1330 1589 1356 Nam
1604 1329 1685 1364 cogi-

906 1378 995 1412 tatio,
1011 1385 1077 1413 quae
1100 1377 1193 1405 oritur
1217 1384 1254 1404 ex
1276 1376 1505 1411 imaginatione,
1531 1375 1636 1403 transit
1658 1377 1687 1403 et

906 1424 1080 1453 terminatur
1105 1424 1136 1451 in
1162 1423 1399 1451 meditationem.
1422 1423 1570 1450 Meditatio
1580 1443 1589 1458 ,
1619 1430 1686 1458 quae

908 1471 1001 1499 oritur
1016 1479 1052 1499 ex
1066 1470 1179 1499 ratione
1190 1491 1200 1504 ,
1220 1470 1322 1498 transit
1340 1472 1367 1498 et
1381 1470 1555 1498 terminatur
1573 1469 1604 1496 in
1619 1477 1686 1506 spe-

908 1518 1098 1546 culationem.
1114 1517 1284 1553 speculatio
1296 1538 1306 1553 ,
1323 1517 1394 1552 quia
1415 1516 1524 1552 partim
1544 1517 1636 1544 oritur
1652 1523 1687 1544 ex

907 1565 1040 1598 ratione,
1065 1566 1094 1592 et
1115 1564 1225 1600 partim
1244 1572 1280 1591 ex
1304 1563 1513 1598 intelligentia,
1536 1564 1638 1591 transit
1660 1565 1687 1591 et

908 1611 1081 1640 terminatur
1102 1611 1133 1639 in
1153 1610 1444 1647 contemplationem.
1471 1610 1686 1646 Contemplatio

909 1660 1008 1687 autem
1023 1680 1032 1693 ,
1053 1666 1119 1694 quae
1141 1659 1235 1686 oritur
1251 1666 1288 1685 cx
1307 1657 1499 1692 intelligentia
1513 1678 1522 1692 ,
1536 1657 1639 1684 transit
1659 1658 1687 1684 et

909 1707 1133 1734 consummatur
1147 1705 1179 1732 in
1198 1704 1366 1732 intuitivam
1386 1703 1596 1739 cognitionem.
1622 1704 1686 1731 Haec

910 1753 990 1781 enim
1003 1752 1104 1780 omnia
1114 1752 1144 1780 in
1158 1751 1216 1779 hoc
1231 1751 1421 1787 conveniunt,
1434 1760 1502 1780 cum
1516 1750 1625 1779 fuerint
1639 1758 1688 1779 or-

910 1800 1031 1835 dInata,
1054 1799 1138 1836 quod
1161 1799 1292 1834 dirigunt
1313 1799 1344 1826 in
1359 1798 1496 1826 divinum
1517 1799 1685 1834 aspectum,

910 1846 963 1875 sed
982 1849 1083 1874 tamen
1099 1845 1268 1873 differenter
1283 1854 1290 1872 ε
1308 1847 1335 1873 et
1349 1845 1411 1873 haec
1427 1845 1594 1873 differentia
1613 1852 1687 1881 prae-

911 1893 1057 1921 dictorum
1072 1893 1202 1929 quatuor
1216 1900 1234 1920 a
1249 1892 1510 1928 contemplatione,
1525 1893 1621 1927 potest
1638 1899 1688 1919 co-

910 1940 1013 1976 gnosci
1034 1947 1088 1976 per
1116 1941 1255 1975 quatuor,
1281 1947 1347 1975 quae
1375 1938 1406 1966 in
1430 1937 1688 1974 contemplationis

911 1986 1087 2014 diffinitione
1100 1987 1262 2022 ponuntur,
1278 1993 1369 2021 quam
1381 1985 1544 2013 Richardus
1558 1985 1642 2021 ponit
1657 1985 1687 2012 in

910 2033 987 2061 libro
1003 2033 1114 2069 primo,
1134 2032 1229 2068 capite
1245 2035 1360 2068 quarto.

947 2080 1043 2108 Primo
1059 2079 1158 2107 differt
1175 2078 1386 2114 contemplatio
1408 2086 1426 2105 a
1445 2078 1614 2113 cognitione
1634 2085 1688 2114 per

910 2128 968 2156 hoc
978 2148 986 2162 ,
1000 2125 1084 2162 quod
1098 2126 1129 2153 in
1143 2125 1339 2161 descriptione
1355 2125 1613 2160 contemplationis
1630 2133 1687 2161 po-

911 2174 1001 2207 nitur,
1017 2172 1101 2209 quod
1122 2171 1158 2199 sit
1178 2171 1282 2199 libera.
1306 2171 1387 2199 Unde
1409 2171 1590 2205 Richardus,
1609 2171 1687 2200 libro

910 2220 1007 2257 primo
1024 2220 1056 2246 de
1071 2220 1145 2246 Arca
1159 2221 1290 2253 mystica,
1307 2218 1401 2254 capite
1416 2218 1515 2253 tertio,
1535 2218 1606 2246 dicit
1622 2218 1664 2246 sic
1680 2227 1687 2245 τ

915 2278 929 2293 «
943 2266 1158 2302 Contemplatio
1171 2265 1266 2293 libero
1281 2265 1400 2298 volatu,
1416 2273 1607 2301 quocumque
1622 2273 1689 2293 eam

911 2315 966 2342 sert
978 2314 1120 2349 impetus,
1135 2312 1211 2340 mira
1225 2311 1354 2347 agilitate
1370 2311 1584 2340 circumfertur.
1602 2312 1689 2347 Cogi-

911 2361 982 2389 tatio
998 2362 1097 2388 autem
1110 2367 1163 2395 per
1179 2358 1267 2386 devia
1284 2367 1409 2394 quaeque
1423 2359 1503 2386 lento
1519 2359 1611 2395 pede,
1626 2359 1688 2386 sine

910 2410 1044 2444 respectu
1057 2405 1257 2442 perventionis
1268 2426 1276 2440 ,
1291 2406 1403 2442 passim
1422 2406 1481 2433 huc
1504 2406 1575 2434 illuc
1597 2413 1688 2441 vaga-

912 2456 967 2483 tur.
984 2464 997 2481 »
1015 2456 1047 2482 Et
1063 2453 1133 2489 quia
1149 2453 1287 2488 cogitatio
1304 2461 1340 2480 ex
1355 2453 1568 2488 imaginatione
1585 2453 1687 2488 oritur,

912 2502 980 2529 ideo
995 2500 1178 2537 quandoque
1194 2499 1256 2526 sine
1271 2500 1384 2527 ratione
1399 2502 1545 2533 movetur,
1568 2501 1600 2527 ut
1619 2499 1689 2527 dicit

912 2547 1075 2577 Richardus
1088 2556 1095 2574 :
1110 2549 1137 2574 et
1149 2546 1217 2574 ideo
1231 2546 1329 2575 minus
1339 2546 1433 2575 libera
1444 2548 1486 2574 est
1496 2567 1504 2581 ,
1517 2554 1608 2582 quam
1621 2554 1689 2575 con-

912 2623 952 2648 vel
966 2622 995 2646 de
1009 2623 1074 2646 :iren
1091 2621 1175 2651 Mysi„
1198 2620 1379 2644 inscribuntur.
1394 2634 1424 2638 -
1443 2622 1449 2634 ⁸
1464 2620 1522 2649 lob,
1538 2626 1588 2650 vti,
1606 2621 1643 2644 15.
1659 2633 1689 2637 —

912 2660 921 2676 ⁵
937 2658 1003 2682 Psal.
1019 2663 1090 2686 xxiv,
1105 2658 1175 2680 1:3.-
1192 2656 1224 2684 (a)
1242 2657 1303 2678 Coet.
1319 2655 1378 2680 edit.
1394 2662 1494 2686 ‹111ae.-—
1509 2655 1541 2685 (h)
1558 2656 1617 2679 Item
1634 2662 1687 2679 sus-

914 2701 1002 2725 pensa.
1013 2706 1043 2712 --
1057 2694 1086 2724 (c)
1105 2692 1163 2715 Item
1175 2690 1267 2715 differt.
