2004 3037
391 230 438 264 DE
457 228 697 268 GRATIARUM
713 227 1084 262 -SANCTIFICA'rioNE.
1106 229 1193 261 CAP.
1217 228 1350 262 XXXIII.
1616 229 1672 259 187

63 298 235 337 principalis
261 299 303 332 est
323 297 400 332 velle
424 299 454 331 et
478 299 580 335 optare
604 295 732 329 inimicis
757 295 840 325 bona

64 345 237 382 spiritualia,
261 345 336 374 sicut
357 346 400 374 est
421 345 526 381 gratia,
553 345 581 374 et
603 342 699 380 gloria
716 352 723 370 :
749 343 778 370 et
799 341 839 371 ita

64 394 198 426 tenemur
207 399 260 428 per
275 391 547 428 affectumldiligere
556 389 702 425 immicos.
713 388 840 417 Affectus

65 440 162 467 autem
177 438 343 469 dilectionis
355 437 553 472 secundarius
567 438 610 466 est
623 438 726 472 optare
741 435 839 463 inimi-

65 485 105 513 cis
119 485 200 514 bona
219 485 393 522 temporalia
408 494 415 512 :
434 484 500 516 'hoc
514 483 607 515 modo
624 490 686 512 non
706 484 841 510 tenemur

64 540 182 569 semper
209 532 331 567 diligere
357 531 505 566 inimicos,
534 530 607 566 quia
633 537 695 558 non
722 536 840 564 semper

65 579 184 616 expedit
196 579 237 607 eis
246 578 356 612 habere
367 577 449 616 bona
461 576 646 613 temporalia.

100 626 212 654 Eodem
218 625 315 657 Kmodo
325 624 568 660 distinguendum
580 625 623 651 est
634 623 671 651 de
683 622 840 651 dilectione

65 672 201 708 effectus,
217 672 288 708 quia
306 671 440 704 similiter
452 671 564 707 duplex
577 671 638 705 est,
655 670 839 705 innocentiae,

65 721 93 748 et
112 717 321 751 beneficentiae.
344 718 441 747 Primo
461 717 554 746 modo
578 718 713 747 tenemur
737 724 841 744 omnes

65 765 187 801 diligere
203 764 354 800 inimicos,
370 764 441 801 quia
454 766 588 793 tenemur
603 763 644 792 eis
658 770 720 792 non
733 763 840 791 inferre

64 812 159 846 mala,
179 811 236 840 nisi
259 811 332 840 forte
352 812 477 848 propter
496 811 613 840 bonum
629 818 778 846 personae,
794 809 841 838 vel

65 858 244 895 reipublicae.
273 858 409 886 Secundo
442 858 534 886 modo
564 857 773 892 distinguenda
800 858 842 884 est

67 905 184 933 dilectio
205 905 430 933 beneficentiae:
457 904 528 941 quia
551 904 574 931 si
599 905 641 932 est
663 903 843 931 beneficium

64 951 218 988 spirituale
228 951 267 985 ad
277 951 402 980 salutem
411 951 618 986 necessarium,
629 953 697 978 tunc
707 951 843 978 tenemur

67 999 143 1028 illud
164 999 290 1028 inimicis
308 998 490 1035 impendere,
515 997 589 1025 sicut
606 1005 691 1025 orare
710 1005 765 1033 pro
780 997 841 1031 'eis,

65 1054 129 1075 non
153 1046 275 1082 quidem
294 1045 325 1073 in
345 1044 476 1081 speciali,
499 1044 552 1072 sed
579 1044 610 1072 in
634 1043 775 1079 generali,
804 1043 843 1071 ita

66 1093 186 1126 scilicet,
202 1094 234 1120 ut
249 1100 310 1120 non
325 1091 520 1120 excludamus
541 1099 592 1118 eos
606 1090 644 1118 ab
660 1090 843 1118 orationibus

69 1139 287 1168 communibus.
301 1139 329 1167 Si
342 1147 412 1167 vero
423 1140 465 1167 est
474 1137 653 1166 beneficium
667 1137 842 1173 temporale,

69 1187 108 1214 ad
121 1187 179 1214 hoc
193 1194 254 1213 non
268 1188 413 1220 tenemur,
427 1185 484 1213 nisi
498 1185 529 1212 in
545 1193 614 1213 casu
627 1184 816 1212 necessitatis.

103 1234 177 1262 Nota
189 1235 290 1260 tamen
307 1240 368 1260 esse
383 1232 535 1268 duplicem
549 1231 720 1266 inimicum,
735 1231 844 1259 scilicet

68 1288 201 1316 personae
227 1281 348 1315 nostroe,
378 1282 405 1308 et
433 1279 576 1308 Ecclesiae.
604 1279 695 1314 Igitur
722 1279 843 1306 inimico

68 1335 201 1362 personae
223 1329 331 1354 nostrae
354 1326 547 1360 benefacere,
570 1325 757 1362 perfectionis
783 1327 843 1360 est,

68 1373 124 1401 nisi
135 1373 166 1401 in
181 1374 325 1409 quantum
335 1373 392 1409 ipsi
406 1373 453 1401 vel
466 1373 550 1401 alteri
563 1373 743 1400 beneficium
758 1380 843 1400 oeca-

68 1420 218 1448 sionaliter
229 1421 368 1448 nocivum
385 1422 469 1455 esset,
484 1420 554 1456 quia
567 1420 597 1448 in
611 1420 663 1447 tali
672 1428 742 1448 casu
757 1420 843 1448 bene-

70 1467 170 1495 ficium
197 1467 369 1494 subtrahere
402 1466 472 1494 utile
502 1468 552 1494 est.
590 1466 710 1494 Inimico
744 1468 843 1494 autem

69 1514 204 1542 Ecclesiae
216 1513 396 1542 beneficium
410 1514 581 1542 subtrahere
594 1513 750 1550 perfectius
764 1515 806 1541 est
817 1515 845 1541 et

69 1560 185 1596 melius,
197 1561 252 1588 nisi
262 1561 293 1588 in
304 1562 448 1597 quantum
458 1568 512 1596 per
521 1560 700 1588 beneficium
710 1562 844 1596 speratur

69 1607 303 1636 reconciliandus
330 1608 474 1637 Ecclesiae.
501 1609 541 1635 Ex
571 1607 717 1643 praedictis
744 1609 842 1643 patet,

69 1655 152 1691 quod
166 1657 267 1691 optare
278 1655 358 1683 bona
369 1654 545 1690 temporalia
559 1654 685 1682 inimicis
700 1654 843 1688 Ecclesiae‚

68 1701 295 1739 imperfectionis
320 1704 373 1737 est,
401 1702 457 1729 nisi
486 1710 540 1738 per
567 1702 712 1737 accidens,
735 1702 844 1730 scilicet

69 1749 191 1785 quando
206 1748 365 1777 creduntur
383 1757 437 1785 per
451 1749 509 1777 hoc
524 1748 726 1777 convertendi.
743 1748 843 1776 Inimi-

68 1796 109 1824 cis
122 1804 194 1823 vero
215 1804 347 1832 personae
362 1797 465 1832 optare
480 1796 561 1823 bona
575 1795 766 1831 temporalia,
778 1803 844 1831 per-

68 1842 200 1870 fectionis
215 1845 273 1877 est,
292 1842 348 1870 nisi
361 1850 415 1878 per
430 1842 566 1870 accidens
576 1863 585 1876 ,
600 1842 708 1870 scilicet
722 1842 843 1878 quaudo

68 1890 206 1924 putantur
228 1889 268 1916 eis
286 1889 334 1916 vel
353 1889 418 1916 aliis
435 1889 551 1917 nociva.
574 1891 647 1916 Nota
664 1888 762 1924 quod,
777 1889 845 1917 licet

69 1935 198 1962 amicum
207 1935 328 1970 diligere
343 1935 379 1963 sit
392 1936 487 1971 magis
501 1935 646 1970 debitum,
662 1937 761 1963 tamen
777 1935 844 1963 dili-

70 1989 138 2016 gere
164 1981 318 2008 inimicum
346 1982 441 2017 magis
471 1984 513 2009 est
540 1982 720 2010 remissionis
748 1990 844 2018 poenae

69 2027 262 2061 meritorium,
274 2029 302 2055 et
315 2027 354 2056 ad
369 2027 427 2055 alia
440 2028 535 2055 multa
546 2029 634 2055 valet.
649 2028 757 2063 Primo,
773 2029 844 2065 quia

70 2075 164 2109 magis
178 2074 291 2102 accedit
305 2073 344 2102 ad
355 2074 566 2110 perfectionem
580 2075 711 2102 virtutis:
723 2076 844 2110 majoris

70 2121 150 2149 enim
167 2121 354 2156 perfectionis
381 2122 442 2155 est,
464 2120 535 2156 quia
559 2121 653 2156 magis
674 2122 842 2156 gratuitum.

70 2167 220 2202 Secundo,
238 2167 309 2203 quia
321 2169 420 2195 motus
435 2167 582 2195 charitatis
592 2189 600 2201 ,
618 2175 678 2203 quo
694 2167 844 2203 diligimus

69 2215 223 2243 inimicum
235 2236 244 2249 ,
271 2214 365 2249 magis
398 2214 565 2242 meritorius
593 2217 635 2242 est
663 2215 844 2242 remissionis

69 2270 178 2298 poenae,
192 2263 219 2288 et
233 2261 289 2288 hoc
304 2261 416 2288 ratione
431 2261 622 2295 difficultatis,
638 2261 706 2288 licet
721 2261 844 2296 diligere

71 2308 198 2336 amicum
213 2307 249 2335 sit
262 2307 357 2342 magis
371 2307 555 2334 meritorium
570 2307 636 2334 vitae
656 2309 781 2342 aeternae,
797 2316 843 2335 ra-

71 2355 149 2382 tione
168 2353 346 2381 intentionis.
368 2356 458 2381 Amor
477 2354 557 2381 enim
572 2354 714 2382 naturalis
728 2354 844 2382 ferven-

71 2401 175 2428 tiorem
195 2399 263 2428 facit
281 2402 396 2427 motum
421 2400 582 2435 charitatis,
597 2400 670 2428 sicut
692 2401 844 2437 dispositio

72 2447 229 2474 materialis
244 2446 356 2474 confert
369 2446 481 2474 formae.
491 2447 596 2481 Tertio,
611 2447 681 2483 quia
691 2448 845 2475 inimicum

73 2493 209 2528 diligere,
226 2495 268 2521 est
281 2493 445 2529 expressius
465 2493 583 2528 signum
597 2494 758 2529 charitatis,
774 2495 845 2531 quia

73 2542 175 2568 contra
188 2542 301 2567 motum
315 2542 426 2568 naturoe
440 2542 481 2568 cst
500 2549 506 2568 :
523 2540 603 2568 unde
618 2541 706 2568 valde
725 2541 845 2570 difficile

73 2589 126 2620 est,
136 2586 191 2614 nisi
207 2586 282 2614 adsit
296 2586 399 2622 gratia,
410 2595 464 2623 per
475 2595 565 2623 quam
580 2588 713 2615 vincatur
728 2590 844 2616 natura.

108 2647 111 2657 ¹
132 2645 183 2668 lmo
205 2645 293 2667 ametor
310 2643 352 2667 lib.
373 2644 401 2667 de
422 2645 491 2676 Spir.
514 2647 537 2669 et
557 2646 651 2677 ΑἰιὶιηἼ
672 2654 693 2671 c.
715 2653 760 2677 xx,
780 2647 846 2672 Inter

105 2685 138 2714 (a)
155 2684 214 2708 Coet.
230 2683 289 2708 edit.
305 2684 413 2714 rogavit.

896 296 970 325 Nota
986 296 1072 333 quod
1094 295 1144 326 ille
1163 297 1210 325 cui
1225 296 1334 332 injuria
1347 296 1424 325 tacta
1437 298 1480 325 est
1488 317 1496 332 ,
1511 303 1574 326 non
1588 295 1678 328 debet

896 343 1167 373 reconciliationem
1181 352 1311 380 quaerere
1322 351 1359 372 ex
1369 343 1471 372 debito
1482 343 1675 379 necessitati55

895 391 949 419 sed
963 391 987 418 si
1001 390 1082 426 facit,
1093 391 1222 427 complet
1237 391 1370 419 debitum
1381 389 1578 427 perfectionis.
1595 391 1676 421 Unde

896 437 937 468 ait
955 438 1197 475 chrysostomus,
1213 437 1297 474 quod
1311 437 1376 473 talis
1400 437 1489 465 debet
1503 437 1676 466 reconcilia-

896 488 1008 516 tionem
1029 493 1177 522 quaerere,
1198 486 1231 513 ut
1252 484 1403 521 duplicem
1422 483 1549 520 gloriam
1570 492 1675 513 conse-

896 536 1005 571 quatur
1021 542 1027 561 :
1045 540 1152 566 unam,
1168 531 1239 568 quia
1255 531 1393 566 injuriam
1411 538 1514 567 passus
1534 532 1590 566 est;
1605 530 1676 560 alte-

896 589 972 616 ram,
988 580 1059 616 quia
1073 579 1154 616 prior
1169 577 1320 614 rogaverit
1334 577 1383 614 (a).

1127 674 1269 709 CAPUT
1292 673 1448 707 XXXIII.

999 749 1037 775 Dc
1055 747 1199 775 virtutibus
1218 746 1402 774 cardinalibus
1423 747 1453 774 in
1472 754 1574 781 genere.

932 818 986 845 Per
1003 816 1124 844 virtutes
1148 815 1314 844 cardinales
1334 815 1433 844 anima
1456 816 1632 845 rectificatur
1646 815 1677 844 in

897 864 957 892 suis
984 863 1107 891 viribus.
1135 865 1209 891 Nam
1236 862 1393 898 prudentia
1421 862 1561 891 rectificat
1589 863 1678 891 ratio-

897 911 997 938 nalem
1013 919 1021 945 ;
1047 910 1205 945 fortitudo,
1237 909 1413 937 irascibilem
1424 919 1431 945 ;
1467 910 1660 945 temperantia
1667 923 1676 945 5

899 956 1178 993 concupiscibilem3
1198 957 1310 992 justitia
1326 964 1395 985 vero
1413 956 1553 984 rectificat
1574 965 1678 985 omnes

898 1003 990 1038 vires,
1010 1005 1098 1039 prout
1112 1005 1218 1032 natura
1237 1004 1353 1039 justitiae
1375 1003 1600 1039 comprehendit
1615 1011 1677 1031 non

898 1050 996 1077 solum
1011 1050 1170 1086 specialem
1182 1050 1341 1086 justitiam,
1360 1058 1426 1086 quae
1445 1050 1529 1078 estin
1544 1058 1678 1078 commu-

898 1096 1069 1132 tationibuS,
1085 1097 1133 1125 vel
1143 1097 1409 1131 distributionibus,
1424 1096 1478 1124 sed
1494 1096 1581 1125 etiam
1596 1096 1677 1131 lega-

898 1143 976 1178 lem,
1002 1152 1068 1179 quae
1091 1146 1134 1172 est
1155 1144 1252 1171 omnis
1270 1143 1376 1176 virtus,
1398 1145 1488 1179 prout
1512 1143 1575 1178 ejus
1596 1145 1678 1171 actus

899 1190 1024 1225 pertinet
1044 1191 1083 1218 ad
1104 1190 1238 1218 debitum
1254 1190 1429 1219 obedientiae
1448 1192 1675 1226 praeceptorum.

900 1237 965 1272 Ipsa
988 1237 1067 1264 enim
1084 1237 1195 1272 justitia
1214 1237 1360 1272 generalis
1380 1236 1604 1272 comprehendit
1618 1236 1677 1264 vir-

900 1283 973 1310 tutes
987 1283 1160 1311 ordinantes
1180 1283 1219 1311 ad
1239 1283 1425 1319 proximum,
1446 1285 1478 1310 ut
1496 1285 1539 1311 est
1556 1283 1678 1319 aequitas

900 1330 928 1356 et
948 1329 1127 1365 liberalitas3
1150 1332 1177 1358 et
1196 1330 1366 1358 ordinantes
1387 1330 1425 1358 ad
1445 1330 1590 1366 seipsum,
1605 1330 1679 1358 sicut

899 1375 1068 1404 innocentia
1101 1379 1129 1405 et
1159 1377 1330 1413 poenitentia
1346 1387 1354 1412 3
1384 1379 1412 1405 et
1439 1377 1609 1405 ordinantes
1639 1377 1677 1405 ad

899 1424 1006 1457 Deum,
1029 1424 1102 1451 sicut
1124 1426 1167 1452 est
1188 1424 1288 1458 latria,
1312 1424 1419 1460 pietas,
1445 1425 1473 1451 et
1496 1423 1675 1451 obedientia.

899 1471 1019 1505 Propter
1033 1470 1090 1498 hoc
1107 1471 1218 1505 justitia
1234 1471 1340 1498 dicitur
1354 1470 1476 1498 circuire
1492 1479 1595 1498 omnes
1618 1471 1676 1498 vir-

899 1517 990 1550 tutes,
1006 1519 1034 1544 et
1049 1517 1132 1552 quod
1146 1525 1207 1545 non
1226 1519 1340 1545 tantum
1361 1520 1403 1544 est
1420 1518 1511 1544 virtus
1531 1517 1676 1553 specialis,

900 1562 953 1590 sed
967 1563 1057 1590 etiam
1072 1564 1228 1598 generalis,
1246 1563 1500 1599 comprehendens
1514 1564 1601 1591 totius
1614 1563 1677 1591 ani-

899 1616 954 1636 mae
976 1609 1197 1644 rectitudinem,
1215 1618 1283 1637 cum
1305 1610 1370 1645 ipsa
1395 1610 1509 1637 dicatur
1532 1610 1677 1638 rectitudo

899 1655 1068 1683 voluntatis.
1086 1657 1154 1684 Item
1175 1665 1228 1692 per
1249 1657 1368 1684 virtutes
1383 1656 1549 1684 cardinales
1563 1657 1678 1685 instrui-

899 1703 945 1729 tur
960 1702 1052 1729 homo
1067 1702 1097 1729 in
1112 1703 1269 1739 operibus,
1289 1705 1316 1730 et
1336 1705 1439 1731 contra
1452 1703 1522 1730 vilia
1536 1705 1676 1731 armatur.

899 1748 1030 1776 Primum
1052 1748 1084 1776 fit
1108 1749 1265 1785 dupliciter
1284 1758 1290 1777 z
1307 1750 1378 1786 quia
1399 1750 1557 1778 instituitur
1577 1751 1678 1786 quoad

898 1803 929 1822 se
954 1803 1007 1830 per
1026 1795 1235 1831 prudentiam,
1252 1798 1279 1824 et
1304 1797 1407 1832 quoad
1430 1797 1601 1833 proximum
1625 1805 1678 1833 per

895 1841 1049 1876 justitiam.
1068 1843 1238 1870 Secundum
1252 1843 1340 1870 etiam
1360 1843 1393 1871 fit
1414 1843 1568 1879 dupliciter
1584 1853 1590 1871 z
1608 1844 1678 1879 quia

898 1888 990 1916 homo
1006 1890 1137 1916 armatur
1152 1889 1182 1916 in
1197 1889 1348 1925 prosperis
1366 1898 1420 1926 per
1442 1890 1677 1926 temperantiam,

899 1937 927 1961 et
945 1934 975 1961 in
995 1935 1126 1962 adversis
1145 1944 1198 1971 per
1212 1935 1424 1963 fortitudinem.
1444 1937 1515 1964 Item
1534 1937 1604 1964 dicit
1622 1939 1678 1964 Au-

899 1981 1033 2015 gustinus
1050 1981 1068 2016 ¹,
1100 1982 1184 2017 quod
1210 1982 1369 2018 prudentia
1392 1984 1435 2010 est
1462 1983 1493 2010 in
1518 1983 1676 2018 eligendis,

899 2027 1041 2055 fortitudo
1057 2028 1087 2055 in
1102 2028 1280 2062 tolerandis,
1296 2029 1490 2064 temperantia
1505 2029 1534 2056 in
1548 2029 1675 2063 utendis,

895 2074 1009 2109 justitia
1026 2074 1056 2101 in
1075 2075 1296 2102 distribuendis
1320 2077 1389 2103 Item
1410 2075 1479 2102 dicit
1500 2076 1583 2111 quod
1604 2084 1675 2111 pru-

899 2120 999 2148 dentia
1022 2123 1064 2148 est
1088 2121 1118 2148 in
1141 2121 1343 2156 praecavendis
1369 2121 1492 2156 insidiis,
1512 2122 1624 2156 justitia
1646 2122 1676 2150 in

899 2167 1110 2194 subveniendis
1131 2167 1273 2202 miseriis,
1291 2167 1432 2195 fortitudo
1452 2168 1481 2195 in
1496 2168 1676 2204 perferendis

899 2213 1050 2247 molestiis,
1067 2213 1261 2250 temperantia
1278 2214 1310 2241 in
1325 2215 1494 2242 coercendis
1509 2215 1677 2243 delectatio-

899 2260 986 2288 nibus
1009 2261 1118 2296 pravis
1143 2261 1320 2296 Augustinus
1346 2261 1387 2289 ait
1405 2262 1435 2289 in
1458 2264 1560 2289 Musica
1582 2270 1636 2289 sua
1650 2263 1675 2296 ²,

899 2307 982 2343 quod
1005 2308 1135 2335 succedit
1159 2308 1323 2344 prudentiae
1344 2309 1571 2344 contemplatio,
1596 2309 1676 2336 forti-

899 2354 993 2381 tudini
1007 2354 1130 2382 firmitas
1153 2354 1353 2388 adhaerentiae,
1374 2356 1572 2391 temperantiae
1594 2364 1675 2383 men-

899 2409 968 2428 sura
988 2401 1204 2436 delectationis,
1219 2402 1334 2436 justitiae
1355 2401 1454 2429 debita
1472 2402 1620 2429 ordinatio
1636 2402 1675 2430 ad

900 2449 991 2475 Deum
1003 2449 1030 2475 et
1041 2448 1222 2484 proximum.

936 2496 996 2522 Istae
1019 2497 1146 2530 quatuor
1160 2495 1281 2522 virtutes
1301 2495 1489 2531 appellantur
1506 2496 1673 2529 cardinales,

901 2542 982 2578 quia,
997 2541 1070 2569 sicut
1084 2542 1191 2569 ostium
1207 2542 1329 2570 vertitur
1343 2542 1374 2570 in
1390 2543 1520 2577 cardine,
1532 2543 1572 2570 sic
1588 2543 1617 2570 in
1632 2543 1676 2570 his

900 2589 1022 2616 vertitur
1035 2591 1062 2616 et
1076 2589 1185 2624 regitur
1201 2589 1260 2616 vita
1274 2589 1413 2617 hominis.
1429 2591 1576 2617 Vocantur
1589 2589 1677 2616 etiam

901 2652 975 2681 Oper.
993 2651 1019 2675 S.
1036 2651 1109 2682 Aug„
1120 2652 1232 2682 append.
1249 2653 1311 2675 tom.
1328 2652 1370 2676 Vi.
1383 2665 1414 2670 ——
1427 2652 1434 2666 ²
1448 2652 1502 2683 Aug
1515 2670 1521 2682 ,
1537 2651 1566 2675 de
1577 2652 1676 2681 Music„

900 2687 943 2710 lib.
961 2687 1004 2715 Vl,
1019 2694 1042 2711 c.
1059 2693 1117 2717 xm,
1132 2694 1159 2711 n.
1175 2689 1214 2717 55,
1230 2687 1315 2718 quoad
1329 2694 1441 2712 sensum.
