2004 3037
252 174 312 206 508

251 240 400 278 templum
417 239 548 276 Domini,
561 239 786 277 servieruntque
799 239 876 269 lucis
891 241 922 269 et
933 239 1035 278 sculp-

253 287 364 317 tilibus.
379 287 402 316 ll
416 287 524 324 Pal-al„
539 294 621 316 xxxv.

286 333 513 364 AEdificantibus
530 333 677 372 templum
689 333 761 363 filiis
773 333 850 364 Iuda
867 335 938 372 post
951 334 1034 364 redi-

251 385 316 412 tum
335 383 373 411 de
394 382 581 420 captivitate,
603 382 703 412 hostes
725 391 832 412 eorum
851 383 1034 420 scripserunt

251 429 404 459 Artaxerxi
424 429 490 466 regi
511 439 520 458 :
546 439 560 456 α
579 431 639 459 Nos
662 437 814 459 memores
836 430 921 466 salis,
947 430 1033 468 quod

251 476 438 505 comedimus
458 476 490 505 in
507 476 638 514 palatio,
661 478 690 506 et
707 476 780 514 quia
799 476 936 506 laesiones
953 477 1033 514 regis

250 524 353 553 videre
366 523 450 553 nefas
464 523 612 560 ducimus,
629 535 644 551 n
661 526 715 553 etc.
730 526 741 554 l
755 524 848 558 Esar„
865 532 903 560 xv,
921 526 966 553 ¹4.

285 571 565 601 Nabuchodonosor
579 571 654 601 dixit
665 571 831 608 majoribus
844 573 928 608 natu,
938 574 967 601 et
979 571 1033 602 du-

250 619 336 648 cibus
353 619 535 648 bellatorum
554 627 694 655 suorum,
715 619 928 656 cogitatIonem
946 627 1033 649 suam

249 674 329 702 esse,
350 667 383 695 ut
415 674 536 695 omnem
559 668 669 695 terram
699 674 754 694 suo
783 667 958 703 subjugaret
978 667 1033 695 im-

248 714 344 751 perio.
373 713 459 749 Quod
492 721 562 743 cum
593 713 753 750 placuisset
784 713 926 743 omnibus
936 735 945 750 ,
975 716 1029 742 etc.

248 761 357 797 Judith,
373 769 404 790 11.

283 809 346 837 Rex
363 810 522 843 Assuerus,
537 807 628 836 iratus
648 800 752 836 contra
768 807 868 836 vasthi
882 807 1030 844 reginam,

248 856 441 892 interrogavit
472 855 619 893 sapientes
650 855 837 884 consiliarios
864 863 952 891 suoS,
982 855 1031 884 cui

247 904 399 933 sententiae.
414 903 512 932 vasthi
527 903 693 939 subJaceret
707 911 715 931 t
733 903 785 940 qui
800 910 862 931 non
880 904 1030 940 tempera·

246 953 354 980 verunt
367 951 445 987 regis
458 950 602 986 furorem,
616 958 672 979 nec
687 952 904 979 excusaverunt
920 950 1029 978 absen-

246 1000 323 1033 tem,
341 998 395 1026 sed
408 997 564 1034 respondit
579 1005 656 1026 unus
672 1007 679 1026 :
697 1007 712 1024 «
726 997 814 1034 Regis
827 997 907 1033 justa
925 999 968 1025 est
986 997 1031 1026 in·

247 1044 392 1081 dignatio.
408 1055 422 1072 »
439 1045 530 1080 ΕςιΙι.,
548 1053 568 1080 ι,
583 1045 629 1072 18.

282 1092 374 1121 Amici
396 1094 489 1121 Aman
513 1094 541 1120 et
563 1099 640 1120 uxor
661 1091 741 1127 ejus,
757 1091 944 1120 advertentes
962 1099 1030 1128 pes-

245 1139 354 1168 simum
381 1139 516 1167 animum
543 1147 634 1175 quem
657 1138 789 1167 habehat
815 1146 886 1175 erga
911 1138 1028 1167 Mardo-

246 1186 373 1222 chaeum,
387 1194 450 1215 non
464 1187 692 1223 increpaverunt
705 1194 786 1221 eum,
801 1186 855 1214 sed
869 1185 1026 1214 dixerunt:

250 1245 262 1259 u
277 1234 351 1263 lube
373 1234 473 1271 parari
501 1233 650 1262 excelsam
671 1233 803 1269 trabem,
823 1244 838 1261 u
861 1235 915 1262 etc.
939 1234 1029 1269 Esth„

246 1289 274 1317 v,
291 1282 335 1309 14.

282 1328 430 1365 Principes
451 1330 479 1357 et
501 1330 625 1365 satrapae
656 1328 732 1357 Darii
756 1328 836 1364 regis
862 1329 1026 1361 Persarum,

245 1376 397 1412 cupientes
422 1375 505 1412 quod
529 1383 575 1404 res
599 1376 738 1412 iniquum
764 1377 902 1404 statueret
926 1375 1026 1404 decre-

246 1425 323 1457 tum,
351 1425 573 1459 proposuerunt
599 1422 734 1459 aliquid,
759 1422 843 1459 quod
869 1422 1029 1452 videbatur

245 1470 392 1505 pertinere
408 1469 447 1498 ad
463 1470 609 1498 honorem
625 1470 727 1506 ipsius.
749 1471 827 1503 lirin„
845 1478 884 1498 vi.

282 1517 423 1551 Alcimus,
442 1517 578 1553 proditor
593 1517 714 1553 impius
730 1518 813 1554 quod
828 1517 950 1546 volebat
964 1518 1028 1546 fieri

246 1572 380 1592 summus
394 1564 546 1599 sacerdo&
561 1564 635 1593 dixit
649 1565 710 1599 regi
728 1565 891 1593 Demetrio:
908 1576 920 1590 ιι
932 1566 1030 1594 Perdi-

247 1610 390 1639 ditJudas
407 1614 433 1639 et
448 1611 552 1639 fratres
568 1612 631 1647 ejus
645 1612 757 1639 amicos
773 1614 848 1640 tuos
863 1622 876 1637 n
891 1613 1029 1648 Sequitur

247 1659 368 1693 postea,
386 1658 468 1694 quod
490 1658 636 1686 Alcimum
656 1659 734 1686 hunc
757 1660 905 1687 constituit
926 1668 977 1688 rex
999 1660 1029 1688 in

249 1705 427 1738 sacerdotio,
447 1708 473 1733 ct
494 1705 648 1733 mandavit
668 1707 692 1733 ci
714 1706 811 1735 facere
832 1707 977 1735 ultionem
999 1707 1030 1736 in

249 1751 325 1779 filios
340 1752 437 1779 lsrael.
457 1754 464 1779 1
481 1753 618 1784 Mat-hah„
634 1760 690 1785 vu,
708 1755 733 1780 G.

284 1799 500 1827 Recctlcntibus
516 1799 668 1835 discipulis
683 1801 814 1834 loannis,
829 1802 915 1836 ctrpit
928 1805 1030 1831 contra

249 1846 317 1874 illos
345 1846 397 1882 qui
425 1846 526 1882 palam
554 1846 678 1874 laudant
691 1867 700 1880 ,
728 1852 755 1874 ct
785 1848 900 1876 occulte
931 1849 1029 1877 detra-

249 1892 333 1927 hunt,
349 1893 490 1921 Dominus
502 1893 601 1929 ipsum
615 1893 791 1922 mirabiliter
806 1896 1029 1924 commendare.

250 1941 363 1975 Muttlz„
381 1948 421 1968 xi.

285 1987 431 2020 i‘hariswi,
444 1987 576 2015 volentes
590 1995 695 2024 capere
712 1988 858 2016 Christum
871 1990 1031 2019 Dominum

250 2034 279 2061 in
298 2042 452 2065 sermone,
471 2037 623 2070 cmperunt
648 2043 771 2070 magnas
793 2036 919 2064 laudens
941 2037 967 2064 ei
987 2038 1031 2065 di—

250 2089 315 2109 cere
332 2091 340 2107 .-
358 2092 371 2107 «
389 2082 533 2117 Magister,
557 2083 666 2110 scimus
688 2083 758 2118 quia
778 2091 869 2111 verax
885 2092 925 2119 es,
944 2096 956 2109 n
975 2087 1028 2113 etc.

250 2129 361 2162 Macra,
377 2137 449 2162 xxii,
466 2130 509 2155 16.

285 2174 392 2202 Vidcns
415 2175 544 2203 Herodes
568 2176 697 2212 Agrippa
723 2185 774 2205 rex
797 2184 939 2213 magnus,
960 2180 1031 2216 quia

249 2221 377 2257 placeret
392 2222 498 2249 ludaeis
513 2223 580 2257 hoe,
595 2223 677 2258 quod
691 2224 840 2259 quosdam
852 2225 889 2253 de
903 2227 1031 2255 Ecclesia

250 2271 377 2304 ceperat,
394 2269 533 2305 apposuit
548 2270 772 2306 apprchendere
789 2274 814 2299 et
831 2273 958 2308 Petrum,
975 2277 1029 2302 cte.

250 2316 325 2350 Act„
342 2324 393 2350 xit,
410 2318 436 2344 3.

286 2362 394 2390 Herodi
415 2362 597 2398 nequissimo
620 2363 700 2399 regi,
717 2364 800 2399 quod
817 2366 964 2396 occiderat
984 2370 1030 2396 Ja-

250 2409 380 2445 cobum,
403 2412 431 2437 et
455 2410 686 2438 incarceraverat
709 2412 844 2447 Petrum,
864 2423 876 2438 (ι
899 2415 1030 2450 populus

250 2456 453 2485 acclamabat:
472 2459 564 2485 Voces
578 2457 638 2491 Dei,
651 2459 678 2485 ct
692 2465 752 2486 nou
769 2458 908 2488 hominis.
922 2471 935 2487 n
954 2464 1029 2498 Act„

250 2510 306 2537 ιιι,
321 2504 367 2531 ⁶22.

286 2551 389 2578 Orator
409 2551 568 2586 Tertullus,
585 2554 689 2580 contra
710 2553 834 2581 Paulum
857 2562 875 2582 a
896 2556 1029 2593 principe

250 2598 437 2626 sacerdotum
464 2599 609 2626 adductus
621 2620 629 2633 ,
656 2599 682 2626 in
710 2601 856 2636 principio
887 2604 1029 2631 orationis

251 2643 387 2672 adulatus
403 2648 443 2673 cst
456 2646 541 2673 Felici
557 2645 685 2682 praesidi.
700 2647 777 2681 Ace„
794 2655 871 2676 xxiv.

868 171 1004 205 BlBLlA
1025 172 1257 208 PAUPERUM.

1346 287 1491 324 CAPUT
1513 287 1617 323 Lxx.
1662 260 1666 266 ⁴
1705 260 1710 264 ‘
1747 259 1750 266 ’

1283 362 1323 390 De
1341 361 1475 390 derisione
1491 362 1519 390 et
1535 361 1675 390 conviciis.

1125 431 1185 460 viri
1197 431 1308 461 sochot
1321 433 1350 460 et
1366 431 1499 461 Phanuel
1512 430 1680 461 deriserunt
1697 431 1870 462 cedeonem

1088 479 1182 508 zebee
1203 482 1232 508 et
1252 480 1393 508 salmana
1406 479 1445 516 (a)
1462 481 1709 516 persequentem3
1727 480 1784 509 sed
1797 479 1870 510 inde

1088 526 1168 556 male
1182 527 1224 556 eis
1238 527 1356 562 accidit,
1370 527 1443 564 quia
1456 526 1535 556 male
1549 534 1601 557 eos
1610 529 1716 564 postea
1723 526 1867 557 stactavit.

1087 575 1193 610 Μαῖα,
1207 582 1270 604 vm.

1124 621 1307 659 contempsit
1327 620 1424 651 Nabal
1450 620 1546 650 verba
1570 621 1746 650 nuntiorum
1774 620 1869 650 David

1087 669 1316 705 stomachando,
1335 669 1438 698 dicens
1451 677 1459 697 ε
1478 678 1494 696 ιι
1507 668 1578 704 Quis
1597 670 1641 697 est
1655 668 1709 697 iste
1723 668 1827 703 David,
1841 670 1870 697 et

1088 716 1157 753 quis
1170 717 1215 744 est
1227 715 1308 744 filius
1321 715 1396 744 lsai?
1407 715 1500 744 Hodie
1514 715 1704 745 increverunt
1715 715 1805 751 servi,
1815 715 1868 753 qui

1087 762 1207 799 tugiunt
1219 762 1359 791 dominos
1372 770 1452 791 suos.
1467 772 1482 789 ιι
1499 763 1509 791 l
1523 763 1601 798 neq„
1613 770 1681 797 xxv,
1697 765 1741 792 to.

1123 809 1229 838 Michol
1241 830 1248 844 ,
1263 809 1369 838 videns
1388 817 1489 845 regem
1511 804 1605 838 Dav'id
1624 809 1782 838 saltantem
1799 811 1867 838 ante

1087 865 1188 887 arcam
1210 857 1345 892 Domini,
1367 856 1501 893 despexit
1524 864 1612 890 eum,
1631 859 1659 885 et
1673 855 1868 893 postmodum

1087 903 1258 933 insultando
1282 903 1331 932 vel
1352 903 1519 932 deridendo
1543 903 1618 931 dixit
1637 903 1665 931 ei
1688 912 1696 931 ε
1730 912 1745 929 ιι
1772 904 1867 938 Quam

1086 952 1235 988 gloriosus
1249 951 1305 980 suit
1318 951 1409 980 hodie
1423 959 1488 986 rex,
1501 961 1515 976 n
1533 952 1588 979 etc.
1602 951 1624 979 ll
1637 951 1716 985 Rea„
1730 958 1769 985 vr,
1783 950 1830 979 20.

1122 999 1266 1028 Derisorie
1281 999 1329 1027 vel
1350 998 1462 1027 ironice
1487 997 1562 1026 dixit
1582 997 1676 1035 impia
1689 996 1807 1026 «lezabel
1827 997 1867 1026 ad

1086 1047 1186 1076 Achab
1203 1055 1210 1074 ε
1229 1057 1243 1073 ιι
1257 1046 1383 1075 Grandis
1401 1045 1581 1074 auctoritatis
1596 1053 1638 1079 ες,
1653 1046 1682 1073 et
1695 1044 1772 1074 bene
1787 1044 1867 1081 regis

1087 1101 1215 1130 regnum
1231 1093 1329 1122 lsrael.
1340 1103 1353 1120 n
1372 1094 1404 1122 lV
1420 1094 1498 1128 Rea„
1512 1100 1572 1128 xxi,
1587 1094 1613 1120 ¹1.

1121 1141 1195 1176 Quia
1212 1141 1299 1178 pueri
1319 1140 1475 1169 illuserunt
1494 1139 1588 1169 Eliseo
1607 1138 1738 1168 dicentes
1759 1148 1766 1167 :
1785 1148 1800 1166 ιι
1815 1142 1866 1168 As—

1085 1188 1180 1217 cende
1191 1209 1199 1222 ,
1215 1188 1298 1216 calve
1309 1209 1318 1223 ,
1331 1198 1344 1213 u
1363 1187 1424 1216 duo
1439 1187 1499 1215 ursi
1515 1186 1721 1215 laceraverunt
1733 1185 1865 1224 quadra·

1086 1236 1167 1272 ginta
1181 1235 1258 1264 duos
1271 1243 1305 1264 ex
1318 1235 1368 1264 eis.
1387 1245 1401 1261 »
1423 1236 1456 1263 lv
1472 1236 1550 1269 nee„
1561 1241 1593 1267 n,
1605 1234 1641 1262 ‘23
1656 1235 1756 1270 etseq.

1120 1284 1260 1311 cursores
1272 1290 1349 1319 quos
1359 1282 1437 1310 misit
1446 1281 1592 1313 Ezechias,
1605 1280 1770 1317 pergebant
1783 1280 1864 1309 velo·

1085 1331 1156 1359 citer
1181 1330 1217 1358 dc
1241 1330 1357 1358 civitate
1381 1329 1411 1357 in
1433 1329 1579 1357 civitatem
1603 1327 1798 1356 nraedicantes
1807 1348 1817 1363 ,
1831 1329 1864 1356 ut

1084 1378 1138 1406 filii
1155 1377 1243 1407 lsrael
1258 1378 1474 1406 reverterentur
1489 1375 1528 1404 ad
1543 1377 1713 1411 Domsnum,
1728 1374 1786 1403 illis
1800 1373 1864 1403 irri-

1085 1425 1225 1454 dentibus
1248 1427 1277 1453 et
1303 1423 1555 1452 subsannantibus
1579 1431 1640 1452 cos.
1667 1423 1688 1451 ll
1717 1422 1842 1458 Paralip.
1852 1442 1861 1457 ,

1085 1480 1153 1501 xxx.

1120 1519 1248 1548 Mittebat
1271 1518 1413 1547 Dominus
1436 1516 1595 1554 prophetas
1621 1515 1756 1553 quotidie
1779 1523 1862 1545 com-

1084 1573 1221 1601 monen5‚
1236 1574 1271 1594 eo
1287 1565 1370 1602 quod
1383 1567 1515 1601 parceret
1527 1563 1641 1601 populo
1654 1565 1682 1592 et
1693 1562 1863 1592 habitaculo

1084 1621 1158 1641 suo:
1187 1616 1215 1640 at
1242 1613 1284 1640 illi
1313 1611 1539 1640 subsannabant
1560 1611 1664 1639 nuntio
1686 1609 1822 1644 Domini,
1837 1611 1865 1638 et

1084 1660 1343 1696 parvipendebant
1364 1666 1516 1687 sermones
1535 1659 1616 1694 ejus,
1639 1657 1864 1693 illudebantque

1085 1707 1246 1743 prophetis.
1263 1708 1283 1735 ll
1300 1708 1410 1740 Par-111„
1427 1713 1523 1734 xxxvi.

1121 1754 1322 1782 Sannabalath
1338 1756 1365 1781 et
1379 1752 1485 1780 Tobias
1500 1751 1676 1785 audierunt,
1691 1750 1775 1787 quod
1789 1750 1862 1778 oedi-

1085 1801 1231 1829 ficabatur
1253 1808 1357 1828 murus
1379 1799 1561 1833 Jerusalem,
1577 1800 1605 1826 et
1626 1797 1790 1826 irridebant
1812 1798 1862 1826 Ju-

1086 1848 1166 1876 daeos
1181 1847 1369 1875 aedificantes.
1387 1846 1509 1879 Nehem.,
1525 1853 1555 1873 ιιι
1571 1847 1598 1873 ct
1610 1852 1648 1873 iv.

1119 1897 1268 1923 Excoecato
1292 1893 1385 1922 Tobia
1398 1914 1407 1928 ,
1435 1894 1572 1928 parentes
1600 1895 1628 1921 ct
1654 1891 1772 1927 cognati
1800 1892 1864 1928 eJ'us

1085 1942 1249 1971 irridebant
1264 1942 1356 1970 vitam
1372 1941 1435 1976 ejus
1447 1961 1455 1975 ‚
1469 1939 1599 1967 dicentes
1616 1948 1623 1967 ε
1643 1951 1655 1964 u
1671 1939 1723 1967 Ubi
1740 1941 1783 1968 cst
1797 1947 1864 1976 spes

1085 1993 1136 2018 tua
1147 2011 1155 2025 ,
1171 1998 1226 2026 pro
1242 1997 1303 2026 qua
1322 1988 1528 2023 eleemosynas
1549 1989 1576 2015 et
1590 1987 1758 2023 sepulturas
1775 1986 1864 2015 facie-

1086 2037 1161 2066 bas?
1175 2047 1189 2063 ι)
1209 2037 1286 2070 Τοὸ.,
1300 2044 1332 2070 11,
1349 2038 1391 2063 ie.

1121 2084 1229 2112 Videris
1244 2083 1371 2112 Nicanor
1385 2082 1570 2116 holocausta,
1582 2089 1649 2118 qum
1664 2080 1865 2109 offerebantur

1086 2140 1103 2159 a
1117 2131 1226 2159 ludaeis
1240 2139 1295 2166 pro
1311 2137 1394 2165 rege,
1410 2129 1537 2157 irridens
1551 2128 1662 2164 sprevit
1676 2136 1742 2163 οοε,
1759 2130 1787 2156 et
1800 2127 1864 2164 pol-

1085 2181 1150 2214 luit,
1167 2183 1194 2208 ct
1208 2180 1324 2208 locutus
1339 2181 1380 2207 cst
1396 2178 1535 2213 superbe,
1551 2180 1606 2206 etc.
1623 2179 1631 2206 l
1648 2178 1749 2212 atach„
1766 2185 1816 2205 vn.

1122 2226 1296 2260 Antiochus,
1310 2225 1439 2254 crudelis
1454 2227 1612 2260 tyrannus,
1628 2232 1664 2252 ex
1678 2224 1777 2252 verbis
1794 2231 1865 2260 sep-

1085 2275 1148 2303 timi
1176 2275 1271 2304 sratris
1296 2283 1310 2301 ιι
1338 2281 1479 2302 accensus
1507 2273 1550 2300 ira
1582 2273 1613 2300 in
1643 2272 1747 2306 illum,
1775 2279 1865 2308 super

1086 2330 1190 2351 omncs
1204 2321 1353 2350 crudelius
1374 2320 1505 2348 dcsaeviit
1515 2341 1524 2354 ,
1539 2319 1660 2355 indigne
1675 2320 1771 2348 ferens
1786 2318 1863 2347 deri-

1085 2377 1151 2398 sum
1166 2377 1206 2397 se.
1224 2368 1389 2401 »11M‹1ch.‚
1405 2375 1464 2399 vu,
1480 2368 1524 2394 39.

1121 2416 1237 2444 Derisus
1252 2415 1305 2443 suit
1319 2414 1520 2450 multipliciter
1536 2413 1676 2442 Dominus
1689 2414 1772 2441 Jesus
1786 2413 1863 2442 Chri-

1084 2465 1163 2498 stus;
1179 2462 1297 2498 require
1313 2461 1344 2489 in
1362 2461 1483 2489 rubrica
1497 2461 1530 2488 de
1546 2461 1683 2488 Patientia
1697 2463 1722 2487 et
1736 2460 1863 2488 Mansue-

1086 2510 1181 2538 tudinc
1198 2511 1217 2537 ¹.

1120 2556 1247 2591 Quidam
1270 2555 1381 2590 ludaei,
1404 2554 1538 2584 videntes
1559 2553 1722 2590 discipulos
1744 2555 1862 2584 Domini

1119 2617 1126 2632 ¹
1142 2615 1200 2639 Vid.
1216 2614 1271 2645 ini„
1287 2621 1309 2638 c.
1328 2619 1416 2639 nxxix.

1115 2662 1148 2686 (a)
1165 2656 1224 2680 Coet.
1243 2655 1303 2679 edit.
1320 2654 1447 2679 salmana.
