2004 3037
706 273 794 306 CAP.
817 274 872 307 111.
897 273 1124 307 PARTICULA
1147 276 1170 307 I.
1706 283 1746 313 25

127 343 207 372 tibus
220 351 251 371 se
266 343 404 380 exponit,
418 344 447 371 et
459 342 550 371 veluti
564 343 673 378 stuppa
693 341 842 370 solaribus
862 349 908 370 ra-

127 390 186 419 diis
202 390 345 426 exposita,
362 389 401 418 ab
416 389 484 425 igne
510 389 637 426 desuper
657 388 791 417 immisso
806 396 908 417 accen-

126 437 215 465 dItur.
231 437 312 465 Unde
327 436 380 464 iste
395 436 441 464 sol
455 437 569 464 mentes
586 435 696 464 dicitur
711 443 834 464 exurere
856 436 906 464 tri-

125 483 259 520 pliciter:
277 483 348 520 quia
371 485 398 511 et
419 483 481 519 ipse
495 491 549 519 per
570 491 601 511 se
621 484 793 518 augmentat
814 483 904 511 ardo-

125 538 187 558 rem
202 530 233 558 in
252 529 371 566 spiritu,
395 531 424 557 et
449 529 598 558 mediante
623 529 731 558 ardore
750 530 906 558 obstacula

125 579 264 614 praesecat
278 585 344 613 quse
358 585 492 605 amorem
506 577 690 613 impediunt,
707 578 739 605 ut
753 576 904 605 ardentius

125 625 334 660 inflammetur,
358 625 420 661 ipse
444 624 607 661 spiritualia
629 625 775 654 beneficia
800 633 903 662 super-

125 672 222 707 addit,
252 671 362 708 qnibus
389 672 451 708 ipse
479 678 565 700 amor
589 672 620 700 in
645 672 711 709 ipso
739 673 900 709 perficitur.

123 721 194 748 Item
208 719 270 755 ipse
284 719 354 747 facit
366 721 497 747 mentem
516 727 655 754 exurere,
677 720 716 748 ad
738 720 796 748 hoc
819 720 903 757 quod

123 765 327 794 ardentissime
348 766 410 802 ipse
433 767 507 794 Deus
525 766 611 794 unice
627 766 777 802 diligatur.
802 767 902 795 Exurit

123 812 212 841 etiam
241 812 297 841 ista
322 812 466 849 sapientia
486 814 617 841 mentem
632 834 639 847 ‚
667 815 699 841 ut
724 813 755 841 in
781 822 902 842 omnem

121 859 303 896 proximum,
319 859 393 887 sicut
405 859 436 887 in
451 859 582 896 seipsum
599 861 646 895 (a),
661 860 718 888 hoc
732 869 834 889 amore
846 860 901 889 fer-

122 908 189 934 veat
200 926 209 941 ,
223 907 255 934 ut
268 907 376 934 iterum
390 906 455 942 ipsa
466 928 474 941 ,
491 906 710 934 insatiabilibus
726 907 880 935 desideriis
890 929 900 942 ‚

122 961 217 989 usque
232 953 272 981 ad
285 953 490 989 plenissimam
503 952 669 981 unitionem
684 953 816 990 aspirare
839 954 901 982 lan-

120 999 213 1035 guida
227 1008 288 1028 non
303 1000 431 1028 desistat.
448 1001 512 1027 Non
526 1001 641 1027 tantum
655 999 777 1028 virtutes
793 1009 846 1037 per
860 1001 899 1029 is-

119 1048 180 1074 tam
204 1046 380 1082 sapientiam
404 1046 568 1082 perfectum
594 1046 729 1074 obtinent
750 1047 900 1084 principa-

119 1095 201 1128 tum,
217 1093 270 1121 sed
285 1095 312 1121 et
325 1101 409 1121 mens
424 1093 507 1120 omni
521 1092 733 1129 philosophiae,
750 1095 832 1122 omni
852 1095 900 1122 in-

119 1140 306 1176 vestigationi
323 1139 465 1174 rationis,
482 1139 565 1167 omni
580 1140 794 1176 speculationi,
818 1142 900 1170 theo-

120 1187 222 1223 logicae
237 1187 326 1215 etiam
346 1186 531 1223 inquisitioni
545 1187 738 1223 praeponitur.
755 1189 900 1217 Naturalis

121 1233 200 1262 enim
214 1234 407 1270 Philosophia
423 1234 520 1270 ipsam
535 1241 656 1262 causam
676 1234 830 1269 omnium,
845 1244 900 1271 per

120 1281 177 1309 hoc
203 1281 286 1316 quod
309 1283 432 1316 apparet
459 1280 490 1308 in
516 1281 706 1309 sensibilibus
734 1282 875 1310 creaturis
888 1304 897 1317 ,

120 1328 260 1362 cognovit
273 1328 457 1362 Creatorem,
473 1327 624 1355 affirmans
639 1328 790 1356 infallibili
810 1337 898 1365 argu-

119 1375 235 1409 mento,
251 1375 335 1411 quod
355 1375 435 1402 tanta
460 1375 663 1402 creaturarum
678 1375 796 1404 bonitas
807 1397 817 1411 ,
838 1378 898 1404 tam

119 1421 263 1449 mirabilis
288 1421 379 1456 ordo,
402 1422 482 1449 tanta
506 1421 680 1449 earumdem
698 1422 897 1457 immensitas,

119 1475 180 1495 non
203 1468 258 1495 nisi
289 1467 327 1495 ab
353 1476 413 1495 uno
443 1468 732 1504 omnipotentissimo
762 1471 898 1498 Creatore

118 1514 247 1551 prodiit,
263 1514 429 1542 secundum
449 1515 524 1542 illud
548 1515 681 1550 Apostoli
696 1515 703 1531 ¹
720 1525 725 1542 :
742 1517 898 1544 Invisibilia

118 1563 169 1588 Dei
182 1569 199 1588 a
212 1564 338 1589 creatura
351 1562 463 1593 mundi,
477 1569 527 1596 per
552 1569 582 1588 ca
606 1570 665 1596 quoe
689 1563 765 1595 facta
779 1565 842 1589 sunt
857 1565 899 1591 in-

120 1609 224 1635 tellecta
239 1609 453 1643 conspiciuntur‚
471 1609 635 1643 sempiterna
650 1617 755 1643 quoque
770 1609 827 1644 ejus
840 1611 897 1637 vir-

119 1657 160 1682 tus
176 1658 201 1682 et
222 1655 373 1686 divinitas,
395 1657 450 1683 etc.
462 1665 470 1691 3
492 1656 576 1683 etsie
594 1656 676 1684 venit
700 1657 897 1693 philosophus

118 1701 157 1730 ad
173 1701 385 1737 cognitionem.
413 1702 470 1730 Sed
490 1711 558 1730 cum
574 1704 651 1730 totus
675 1704 806 1732 mundus
824 1705 898 1733 nihil

117 1749 153 1776 sit
173 1749 203 1776 in
218 1749 439 1784 comparatione
454 1749 573 1785 spiritus
596 1749 749 1777 rationalis
760 1772 768 1785 ,
794 1759 896 1779 secun-

117 1796 190 1824 dum
204 1795 297 1831 ipsius
317 1795 469 1831 sapientiae
483 1796 620 1824 increatae
635 1797 894 1834 protestationem,

117 1843 240 1871 dicentis
250 1842 262 1858 ²
275 1852 282 1870 ε
297 1843 403 1871 Ludens
417 1851 490 1870 eram
506 1845 536 1870 in
551 1844 610 1871 orbe
627 1846 775 1879 terrarum,
791 1849 816 1873 et
831 1847 896 1873 deli-

116 1892 163 1917 cioe
177 1898 241 1917 meae
255 1897 309 1917 esse
324 1898 383 1917 cum
401 1891 468 1924 filiis
483 1890 620 1917 hominum
641 1901 648 1917 ι
675 1891 796 1919 tandem
819 1894 895 1920 totus

115 1936 246 1964 mundus
264 1938 305 1964 est
319 1936 393 1964 sicut
412 1944 525 1972 parvus
540 1936 629 1964 ludus
638 1958 647 1972 ,
668 1937 698 1965 in
713 1946 773 1974 quo
788 1939 896 1974 paulu-

115 1983 178 2011 lum
192 1984 314 2019 apparet
327 1983 518 2019 pulchritudo
533 1985 668 2019 respectu
681 1985 788 2012 mentis
804 1994 894 2021 ange-

115 2029 194 2064 licae,
210 2030 258 2057 vel
276 2030 426 2057 humanae.
443 2030 525 2057 Unde
542 2030 612 2065 quia
628 2030 703 2058 nihil
728 2031 765 2059 de
784 2032 894 2060 intimis

115 2077 221 2103 mentis
236 2075 457 2103 conditionibus
470 2076 651 2110 habuerunt,
664 2077 761 2105 stricta
773 2080 800 2105 et
813 2087 894 2107 men-

116 2122 182 2150 dica
196 2124 238 2150 est
252 2122 394 2150 naturalis
409 2122 538 2157 cognitio
551 2143 559 2156 ,
584 2124 611 2149 et
633 2123 702 2150 huic
724 2124 872 2159 sapientiae
883 2147 891 2160 ,

115 2171 259 2205 quantum
281 2168 368 2196 distat
383 2170 464 2196 ortus
479 2169 517 2196 ah
542 2168 693 2196 occidente
705 2191 713 2203 ,
738 2170 892 2207 incompa-

113 2216 245 2244 rabiliter
264 2215 468 2243 substernitur.
486 2217 557 2243 Item
572 2217 708 2251 respectu
723 2216 892 2245 considera-

113 2263 200 2290 tionis
220 2262 447 2298 metaphysicae,
471 2262 519 2289 vel
534 2262 688 2293 theoricae,
709 2270 774 2298 quae
796 2264 891 2292 ambae

113 2309 168 2336 sub
183 2309 297 2336 ratione
313 2309 402 2344 entis,
417 2308 465 2336 vel
487 2309 550 2344 ejus
573 2308 807 2337 differentiarum
817 2332 825 2345 ,
844 2311 892 2339 vel

112 2356 310 2391 practicarum
330 2355 543 2388 intentionum,
563 2355 673 2383 seilicet
695 2357 750 2383 sub
776 2358 890 2385 ratione

114 2402 215 2436 unius,
239 2402 319 2436 veri,
342 2402 388 2429 vel
410 2402 499 2436 boni,
523 2403 615 2429 Deum
639 2403 891 2438 simplicissimum

113 2448 356 2484 apprehendunt;
379 2457 462 2476 mens
478 2451 577 2476 autem
595 2457 649 2484 per
669 2449 752 2476 istam
775 2451 891 2486 sapien-

112 2495 202 2529 tiam,
218 2495 273 2522 sub
289 2495 372 2522 nulla
390 2496 504 2523 ratione
528 2495 684 2531 praedicta,
702 2497 763 2524 sine
788 2497 889 2533 aliquo

113 2541 241 2576 cogitatu
257 2542 484 2577 concomitante,
499 2542 548 2570 vel
561 2542 756 2578 praecedente,
774 2546 889 2571 motum

113 2588 221 2615 amoris
243 2588 333 2616 habet
356 2589 512 2617 affectione
528 2590 647 2625 ipsum,
668 2590 720 2625 qui
744 2592 786 2617 est
809 2599 888 2618 sum-

112 2643 194 2662 mum
212 2636 343 2671 bonum,
365 2637 589 2672 apprehendere
609 2637 702 2665 modo
717 2637 863 2665 indicibili
880 2648 886 2665 :

145 2700 149 2712 ¹
165 2699 243 2729 Rom.,
259 2704 282 2728 1,
297 2700 335 2724 20.
353 2713 384 2717 —
403 2700 413 2716 ²
431 2701 516 2729 Prov„
533 2706 597 2729 vni,
617 2701 656 2723 31.
675 2713 705 2717 —
726 2700 734 2713 ³
753 2700 839 2731 Dion„
859 2701 888 2724 de

111 2735 186 2765 Myst.
205 2734 296 2765 leeol.,
312 2742 333 2760 c.
350 2736 429 2760 1.Vid.
440 2736 595 2766 infra,c.111,
610 2736 762 2766 partic.4.—
774 2737 784 2753 δ
795 2737 887 2767 Εῑοιί.,

967 342 1007 370 ad
1023 351 1115 379 quam
1129 345 1415 381 apprehensionem,
1429 354 1485 376 nec
1499 347 1663 377 intellectus
1675 357 1746 378 con-

965 391 1077 426 surgit,
1092 399 1147 420 nec
1172 392 1365 428 intelligentia
1386 395 1564 430 speculatur.
1586 397 1744 431 Quomodo

964 438 1064 465 autem
1076 438 1135 467 hoc
1149 439 1181 467 fit
1194 439 1243 475 (b),
1259 442 1286 468 et
1301 441 1456 476 quomodo
1472 442 1637 472 intellectus
1650 446 1746 480 possit

964 483 1058 512 dividi
1084 485 1122 513 ab
1144 486 1269 520 affeetu,
1289 486 1320 514 in
1340 487 1471 516 theorIca
1501 489 1589 525 hujus
1609 492 1745 527 practicae

963 532 1138 566 ostenditur,
1163 534 1191 560 et
1214 532 1251 560 de
1272 533 1318 561 his
1346 542 1412 570 quae
1436 535 1475 563 ad
1501 535 1559 564 hoc
1582 538 1743 575 pertinent,

962 585 1051 614 super
1078 578 1153 606 illud
1178 579 1304 615 Mysticae
1337 580 1505 617 Theologiae
1532 583 1542 600 ³
1568 592 1574 610 ε
1610 585 1743 620 censurae

961 625 1066 660 iqnote,
1083 627 1137 653 etc.

996 671 1164 700 Videndum
1193 675 1253 707 est,
1283 674 1437 710 quomodo
1464 678 1599 712 respectu
1626 677 1743 707 inferio-

959 725 1027 746 rum
1047 727 1132 746 mens
1147 720 1276 748 suaviter
1292 721 1468 757 disponatur
1484 732 1490 750 :
1507 726 1642 760 respectu
1663 725 1743 753 enim

960 766 1092 801 corporis
1107 766 1248 802 subjecti,
1265 767 1376 795 dictum
1392 770 1435 796 est
1448 770 1601 805 superius,
1618 772 1741 807 quando

959 819 1083 840 summae
1102 813 1253 849 sapientiae
1274 816 1387 850 regenti
1408 817 1556 845 mundum
1580 827 1664 846 mens
1688 827 1743 855 per

959 859 1044 887 istam
1065 860 1242 896 sapientiam
1262 862 1474 891 conformatur.
1497 865 1554 892 Sed
1577 867 1676 894 tamen
1691 867 1743 894 ad-

959 906 1093 934 dendum
1115 907 1249 943 ulterius,
1280 910 1363 945 quod
1387 910 1462 938 sicut
1487 919 1583 940 sessor
1606 912 1637 940 in
1663 921 1741 949 equo

959 953 1064 981 virtute
1080 953 1154 982 freni
1165 955 1334 990 jumentum
1348 956 1405 984 sibi
1421 958 1588 993 subjectum
1601 959 1687 988 vertit
1702 960 1742 988 ad

957 998 1075 1027 libitum
1099 1000 1138 1028 ad
1162 1001 1318 1037 dextrum,
1343 1003 1391 1031 vel
1416 1004 1582 1040 sinistrum;
1607 1006 1648 1034 sic
1673 1015 1740 1034 cum

957 1054 1041 1074 mens
1055 1056 1109 1083 per
1121 1048 1207 1076 istam
1222 1050 1397 1085 sapientiam
1413 1054 1527 1087 erecta,
1543 1061 1605 1081 non
1620 1056 1741 1082 curvata

958 1094 1061 1122 existat
1074 1095 1106 1122 in
1120 1104 1257 1131 corpore,
1273 1097 1377 1126 virtute
1393 1099 1486 1134 ipsius
1501 1100 1611 1128 amoris
1622 1122 1630 1135 ,
1648 1101 1739 1129 veluti

956 1141 1090 1176 quodam
1114 1142 1197 1171 freno
1222 1144 1366 1179 spirituali
1391 1154 1532 1173 sensuum
1560 1148 1739 1177 exteriorum

956 1188 1089 1223 reprimit
1113 1188 1367 1225 inordinationes,
1395 1193 1427 1219 ut
1453 1192 1493 1219 ad
1516 1194 1622 1220 nutum
1650 1196 1677 1221 et
1700 1194 1740 1222 ad

955 1233 1115 1270 imperium
1126 1235 1218 1271 ipsius
1229 1258 1238 1271 ,
1253 1237 1292 1264 ad
1307 1245 1398 1272 quem
1414 1238 1526 1273 tendit,
1542 1242 1631 1275 prout
1644 1243 1741 1276 potest

955 1280 1072 1316 melius,
1089 1290 1175 1310 omne
1190 1283 1325 1318 regimen
1341 1286 1400 1311 tam
1414 1284 1444 1311 in
1459 1285 1583 1320 viribuS,
1599 1295 1691 1322 quam
1708 1288 1739 1316 in

955 1328 1090 1356 sensibus
1115 1330 1270 1366 aequaliter
1293 1331 1460 1366 reguletur,
1476 1333 1503 1359 ct
1523 1332 1613 1361 faciat
1631 1334 1663 1361 in
1687 1343 1739 1362 suo

954 1375 1088 1409 subjecto
1117 1376 1345 1405 tabernaculum
1370 1379 1537 1407 secundum
1566 1381 1736 1417 exemplar,

955 1422 1039 1456 quod
1051 1423 1107 1450 sibi
1122 1424 1153 1451 in
1168 1425 1268 1452 monte
1282 1425 1340 1452 hoc
1355 1428 1555 1454 monstratum
1570 1428 1623 1462 est,
1637 1436 1739 1456 secun-

955 1468 1028 1496 dnm
1044 1471 1128 1505 quod
1141 1471 1243 1499 divino
1257 1472 1366 1508 Moysi,
1379 1475 1410 1500 ut
1423 1473 1550 1501 habetur
1564 1474 1594 1501 in
1606 1475 1708 1503 Exodo
1717 1476 1737 1509 Β,

955 1516 1011 1543 sub
1027 1519 1099 1552 typo
1117 1518 1219 1546 divina
1235 1519 1379 1554 sapientia
1394 1519 1560 1555 imperavit.

993 1563 1050 1590 Sed
1062 1564 1150 1591 etiam
1159 1573 1213 1600 per
1223 1565 1309 1593 istam
1320 1566 1494 1601 sapientiam
1508 1575 1592 1595 mens
1603 1572 1738 1604 respectu

955 1609 1089 1638 omnium
1111 1612 1336 1640 mundanorum
1356 1613 1539 1649 disponitur,
1555 1615 1665 1650 quibus
1684 1624 1737 1652 per

952 1656 1048 1691 ipsam
1064 1657 1214 1686 verissime
1235 1659 1415 1687 dominatur.
1435 1660 1521 1693 Quod
1537 1661 1578 1688 sic
1593 1665 1734 1698 apparet:

953 1703 980 1730 Si
996 1703 1076 1731 enim
1091 1704 1199 1740 aliquis
1214 1705 1353 1741 princeps
1368 1708 1500 1734 terrenus
1514 1707 1654 1736 universo
1669 1709 1736 1736 orbi

951 1752 1104 1785 praeesset,
1120 1753 1148 1778 et
1159 1751 1283 1779 haberet
1297 1754 1339 1779 tot
1354 1752 1492 1788 delicias,
1510 1753 1627 1782 divitias
1642 1757 1670 1782 et
1683 1755 1736 1783 ho-

951 1804 1047 1831 nores,
1065 1800 1139 1833 quot
1151 1806 1254 1826 omnes
1264 1800 1405 1827 mortales
1419 1801 1588 1828 habuerunt
1602 1802 1640 1829 ab
1651 1802 1734 1830 initio

949 1844 1067 1878 mundi,
1083 1847 1111 1872 et
1124 1845 1155 1872 in
1170 1845 1215 1873 his
1230 1846 1373 1874 oblectari
1387 1848 1577 1883 disponeret,
1588 1849 1650 1884 jam
1664 1850 1734 1885 ipsis

950 1890 1145 1925 subjiceretur
1156 1913 1164 1926 ,
1181 1892 1254 1919 dum
1269 1893 1307 1920 ab
1324 1893 1364 1920 eis
1379 1894 1524 1929 quictem,
1540 1895 1588 1922 vel
1602 1895 1734 1931 aliquam

949 1937 1164 1966 beatitudinem
1176 1960 1185 1971 ,
1214 1939 1262 1966 vel
1289 1939 1521 1975 perfectionem,
1551 1950 1642 1977 quam
1671 1951 1733 1970 non

948 1983 1060 2011 habent
1079 1985 1116 2012 de
1139 1993 1184 2020 se,
1208 1986 1344 2013 obtinere
1364 1989 1524 2022 appeteret.
1541 1988 1594 2021 Qui
1611 1997 1681 2024 ergo
1701 1990 1732 2017 in
1756 2004 1761 2008 ·

948 2030 993 2058 his
1009 2031 1187 2066 delectatur,
1203 2032 1273 2068 ipsis
1291 2042 1360 2061 vere
1376 2035 1539 2069 subjicitur.
1556 2035 1640 2062 Solus
1659 2045 1730 2071 ergo

948 2078 997 2105 ille
1013 2081 1055 2106 est
1077 2079 1233 2114 dominus,
1251 2080 1302 2116 qni
1323 2080 1363 2108 sic
1386 2082 1487 2109 omnia
1507 2082 1646 2110 inferiora
1664 2083 1729 2110 vili-

947 2125 1065 2160 pendit,
1087 2129 1118 2153 ut
1133 2127 1207 2154 nihil
1227 2129 1376 2154 terrenum
1391 2136 1444 2162 per
1465 2136 1598 2156 amorem
1614 2129 1730 2165 inquie-

948 2172 1010 2197 tum
1041 2172 1209 2207 contingat,
1241 2174 1311 2209 quia
1338 2175 1407 2200 tnnc
1442 2176 1472 2201 in
1500 2175 1729 2211 vilipensionem

949 2217 1049 2245 omnia
1070 2218 1125 2246 sub
1147 2219 1207 2246 suis
1229 2220 1357 2255 pedibus
1381 2222 1601 2249 conculcantur.
1618 2224 1649 2250 In
1671 2224 1728 2252 hoc

948 2271 1018 2298 ergo
1042 2272 1135 2300 regno
1161 2266 1332 2294 dominatur
1352 2267 1466 2302 anima,
1485 2276 1553 2295 cum
1574 2277 1635 2296 non
1657 2270 1727 2297 alibi

947 2320 1079 2347 quaerens
1095 2313 1246 2349 requiem,
1262 2314 1396 2349 supernis
1416 2314 1569 2342 desideriis
1583 2324 1612 2343 se
1628 2318 1726 2343 exten-

947 2357 1004 2392 dit,
1022 2359 1123 2387 dicens
1138 2368 1206 2387 cum
1226 2361 1366 2396 Apostolo
1382 2362 1391 2377 ⁵
1410 2370 1416 2388 ε
1442 2362 1539 2388 Omnia
1553 2365 1679 2397 reputavi
1696 2366 1726 2389 ut

945 2407 1078 2441 stercora,
1094 2410 1124 2433 ut
1139 2408 1273 2435 Christum
1290 2409 1484 2441 lucrifacerem.
1500 2408 1612 2436 Idcirco
1628 2411 1728 2436 Petrus

946 2455 972 2480 et
988 2454 1094 2481 Paulus
1106 2456 1218 2489 =qloriosi
1231 2457 1370 2490 principes
1388 2459 1466 2483 terrae
1477 2459 1621 2484 vocantur
1632 2458 1652 2484 Β.
1667 2458 1726 2484 Sub
1766 2471 1769 2474 ⁴

945 2502 1014 2535 typo
1029 2501 1117 2528 etiam
1136 2501 1247 2529 dictum
1263 2503 1305 2529 est
1323 2502 1391 2529 filiis
1415 2502 1501 2529 Israel
1516 2503 1554 2530 ab
1572 2503 1635 2539 ipsa
1650 2504 1725 2530 veri-

944 2549 1002 2574 tate
1015 2548 1260 2576 inconfusibiliter
1273 2549 1462 2584 promittente
1477 2550 1486 2566 7
1503 2559 1508 2576 :
1527 2550 1620 2577 Omnis
1641 2554 1723 2581 terra,

944 2602 1026 2628 quam
1045 2596 1186 2621 calcaverit
1208 2603 1253 2630 pes
1275 2598 1375 2630 vester,
1397 2598 1486 2622 vestra
1512 2597 1572 2622 erit.
1601 2595 1628 2623 si
1653 2604 1724 2631 ergo

943 2670 1004 2693 xxv,
1022 2666 1058 2688 40,
1075 2678 1106 2681 —
1121 2665 1128 2677 ⁵
1141 2663 1246 2694 Philip„
1265 2670 1311 2694 111,
1334 2666 1357 2687 8.
1378 2678 1403 2681 ——
1428 2664 1437 2679 θ
1457 2663 1570 2694 Anliph.‚
1595 2664 1628 2688 ad
1647 2665 1722 2689 Rene-

944 2698 1037 2722 diclux.
1048 2712 1078 2716 ——
1093 2700 1099 2712 ⁷
1115 2699 1201 2728 Dent„
1216 2705 1251 2729 m,
1268 2701 1306 2728 24,
1322 2700 1383 2728 dos„
1400 2705 1417 2728 ι,
1432 2701 1470 2722 23.

974 2739 1008 2770 (α)
1027 2739 1081 2769 Ley.
1101 2739 1218 2769 seipsam.
1233 2753 1263 2756 —
1283 2738 1314 2770 (b)
1330 2739 1386 2770 Ley.
1402 2738 1452 2763 fiat.
