2004 3037
844 230 931 264 GAP.
954 228 1154 263 xxxix-XL.

224 303 385 333 occasione
404 302 532 332 Cornelii
551 303 648 331 Deum
669 301 813 337 timentis,
827 299 903 329 dixit
916 300 970 328 Pe-

186 352 267 387 truS‚
283 351 360 386 Act„
375 358 410 386 x,
426 352 458 380 35
475 359 483 380 :
502 360 516 377 «
540 351 573 380 In
596 349 680 379 omni
703 349 790 386 gente
810 348 863 385 qui
886 347 970 376 timet

187 399 292 434 Deum,
307 400 336 428 et
350 400 492 436 operatur
503 398 658 434 Justitiam,
675 398 813 434 acceptus
828 396 871 425 est
884 394 937 424 illi.
951 404 965 421 »

408 493 552 529 CAPUT
581 492 739 528 XXXIX.

311 568 349 596 De
368 567 465 595 timore
479 573 532 602 quo
551 566 620 594 malz·
639 566 736 594 timent
755 564 844 593 bonos.

221 635 298 665 Dixit
314 635 487 665 Abimelech
501 635 541 664 ad
555 634 706 664 Abraham
723 643 729 662 :
750 643 764 661 «
777 635 853 662 Deus
868 633 967 662 tecum

185 683 272 712 estin
286 683 433 712 universis
449 691 516 720 quae
531 682 604 718 agis.
620 683 690 711 Jura
704 690 775 718 ergo
790 689 845 719 per
856 682 960 717 Deum,

182 738 220 759 ne
231 739 342 759 noceas
355 730 444 765 mihi,
459 740 474 758 »
491 732 560 765 etc.‚
571 731 649 765 Gen„
663 738 729 765 xxi,
743 730 789 758 23.

218 778 347 815 AEgyptii
361 781 574 815 persequentes
595 777 674 806 filios
695 777 801 812 lsrael,
817 777 870 814 qui
884 776 968 806 ibant

182 833 236 862 per
251 826 386 853 medium
407 825 516 861 maris,
541 825 679 854 dixerunt
694 834 701 853 :
719 834 733 852 κ
754 824 914 861 Fugiamus
929 826 967 853 ls-

181 872 313 907 raelem;
335 874 411 901 Deus
435 872 516 901 enim
540 874 656 909 pugnat
676 880 733 909 pro
754 871 814 908 eis,
828 881 842 899 ›)
864 871 965 907 Exod„

181 927 247 955 xlv,
258 920 304 948 25.

219 976 234 994 ιι
247 967 357 996 Videns
376 967 460 1003 Saul,
475 966 560 1004 quod
580 968 656 996 Deus
674 967 749 995 esset
764 974 833 995 cum
848 966 943 996 David
954 987 964 1002 ,

181 1015 270 1052 coepit
284 1023 354 1044 eum
367 1015 489 1050 timere,
503 1025 517 1042 >³
534 1016 544 1044 1
558 1016 637 1050 Req„
653 1023 744 1049 xvm,
759 1016 804 1043 12.

215 1063 354 1100 Princeps
378 1063 671 1100 quinquagenarius,
696 1063 748 1100 qui
772 1063 858 1091 tertio
883 1062 965 1091 venit

179 1110 220 1140 ad
233 1111 342 1146 Eliam,
357 1113 529 1139 reverenter
540 1112 659 1139 locutus
671 1113 714 1139 est
727 1110 753 1138 ei
768 1119 775 1138 :
793 1110 877 1147 quod
890 1110 963 1147 quia

179 1165 242 1186 non
257 1158 390 1186 fecerunt
401 1159 462 1186 duo
476 1159 536 1193 alii,
548 1158 669 1187 fuerunt
684 1158 813 1194 desuper
826 1157 964 1186 veniente

178 1205 247 1241 igne
263 1206 449 1242 consumpti,
465 1207 499 1234 lV
512 1207 591 1241 Req„
607 1214 628 1234 1.

215 1253 336 1281 Factum
351 1255 409 1289 est,
428 1262 497 1281 cum
518 1253 684 1290 completus
704 1254 780 1281 esset
799 1260 904 1281 murus
918 1253 964 1281 Je-

178 1300 329 1337 rusalem,
351 1303 384 1330 ut
404 1302 542 1330 timerent
565 1302 710 1330 universae
727 1301 830 1337 gentes
854 1300 885 1329 in
905 1301 960 1329 cir-

178 1348 259 1376 cuitu
275 1357 397 1384 eorum,
412 1350 534 1386 Nehem„
549 1358 580 1378 v1
590 1372 598 1385 ,
614 1351 660 1378 16.

217 1405 232 1422 ι(
246 1396 356 1424 Cecidit
370 1397 457 1424 timor
472 1397 553 1425 Judae
571 1405 605 1425 ac
626 1397 752 1424 fratrum
766 1395 844 1431 ejus,
857 1397 885 1423 et
905 1395 964 1424 for-

178 1443 272 1472 titudo
285 1452 375 1480 super
386 1452 490 1472 omnes
502 1446 603 1480 gentes
618 1444 649 1472 in
664 1443 788 1471 circuitu
804 1451 921 1478 eorum,
934 1445 963 1472 et

176 1491 312 1527 pervenit
323 1491 363 1519 ad
374 1499 476 1527 regem
491 1499 603 1520 nomen
618 1492 692 1527 ejus,
707 1501 721 1517 ³>
738 1493 747 1519 I
762 1491 848 1525 Mac„
859 1499 902 1524 111,
915 1491 960 1518 25.

217 1547 230 1564 ι(
245 1538 409 1566 Audierunt
425 1535 613 1573 adversarii,
626 1539 697 1575 quia
721 1540 843 1574 paratus
858 1539 901 1565 est
915 1539 962 1565 Jo-

177 1585 282 1612 nathas
298 1593 366 1612 cum
382 1585 441 1613 suis
456 1585 486 1613 in
508 1585 607 1621 bello,
622 1587 650 1613 et
665 1585 845 1619 timuerunt,
861 1587 888 1612 et
904 1584 963 1613 sor-

177 1632 367 1660 midaverunt
380 1633 411 1660 in
426 1633 517 1661 corde
531 1641 602 1667 suo,
615 1643 629 1658 n
648 1634 657 1661 Ι
673 1633 774 1666 ΜασΙι.,
790 1640 847 1666 x11,
861 1633 907 1660 28.

213 1681 375 1715 Postquam
395 1680 495 1716 Lysias
517 1680 685 1708 debellatus
707 1679 762 1707 fuit
777 1687 794 1707 a
816 1679 893 1707 Juda
905 1679 963 1707 Ma-

177 1725 312 1760 chabaeo,
329 1726 422 1754 voluit
436 1735 543 1762 pacem
559 1727 655 1755 facere
671 1735 740 1754 cum
756 1735 802 1760 eo,
817 1728 845 1754 et
863 1735 876 1752 κ
892 1734 962 1762 pro-

176 1773 255 1801 misit
265 1782 295 1801 se
307 1781 521 1802 consensurum
531 1774 671 1802 omnibus
683 1774 836 1810 quaejusta
843 1775 937 1809 erant,
946 1784 959 1801 »

177 1821 262 1857 quasi
277 1820 316 1848 ad
331 1821 516 1849 voluntatem
538 1821 630 1849 Judae.
647 1823 657 1850 1
672 1822 792 1856 macab„
809 1829 853 1856 xi,
870 1822 914 1849 14.

215 1877 228 1894 «
243 1867 373 1895 Herodes
388 1869 541 1896 metuebat
558 1870 718 1903 Joannem,
731 1869 826 1896 sciens
837 1876 906 1897 eum
922 1869 964 1896 vi-

175 1915 377 1949 rumjustum,
391 1917 418 1942 et
429 1915 614 1943 custodiebat
625 1924 705 1949 eum,
713 1925 728 1942 »
742 1917 841 1950 Marc„
853 1924 898 1950 Vl,
914 1917 961 1944 20.

211 1962 278 1989 Post
293 1961 456 1989 terribilem
478 1965 605 1990 mortem
624 1963 745 1990 Ananiae
761 1964 789 1990 et
811 1963 940 1998 Saphirae
952 1984 961 1998 ,

178 2018 193 2035 α
208 2011 292 2037 erant
307 2017 411 2036 omnes
431 2009 569 2045 discipuli
589 2010 619 2036 in
634 2009 751 2045 porticu
771 2009 958 2045 Salomonis3

177 2059 352 2084 caeterorum
367 2059 466 2084 autem
484 2065 573 2084 nemo
589 2057 721 2085 audebat
736 2065 766 2084 se
780 2057 961 2092 conjungere

176 2103 251 2138 illis,
276 2103 328 2131 sed
348 2104 564 2140 magnificabat
579 2112 629 2133 eos
643 2104 786 2141 populus.
802 2114 816 2130 »
834 2105 911 2140 Act„
926 2112 961 2140 v,

176 2152 269 2179 12-13.

212 2199 285 2226 Cum
300 2198 408 2226 Paulus
426 2199 455 2226 et
469 2198 544 2226 Silas
564 2200 662 2227 essent
676 2198 707 2226 in
723 2205 840 2226 carcere
855 2198 960 2235 positi,

176 2246 204 2274 et
226 2245 319 2281 pedes
343 2254 448 2273 eorum
471 2246 555 2282 ligno
583 2246 671 2274 stricti
686 2267 695 2280 ‚
725 2255 738 2271 «
751 2246 849 2273 subito
878 2248 961 2274 terrae

176 2294 274 2320 motus
290 2292 383 2320 faetus
398 2295 440 2321 est
459 2301 602 2329 magnus3
616 2295 714 2321 custos
725 2303 739 2318 η
753 2295 852 2321 autem
864 2301 962 2321 carce-

175 2339 215 2367 ris
226 2339 436 2367 «tremefactus
444 2341 572 2376 procidIt
582 2341 674 2368 Paulo
686 2342 714 2368 et
727 2340 791 2368 Silae
802 2340 841 2368 ad
854 2340 960 2377 pedes,

177 2388 205 2414 et
219 2386 277 2414 ait:
295 2386 426 2421 Domini,
442 2387 516 2423 quid
529 2396 577 2415 me
593 2390 710 2424 oportet
725 2388 840 2423 facere,
856 2389 888 2416 ut
903 2387 962 2416 sal-

179 2440 235 2461 vus
250 2433 345 2462 fiam?
359 2443 372 2460 »
389 2435 466 2469 Act„
480 2442 548 2469 ΧΠ,
562 2436 612 2470 26,
627 2437 661 2462 29
671 2455 681 2470 ,
695 2436 739 2463 30.

445 2528 589 2563 CAPUT
614 2529 686 2564 XL.

417 2603 456 2629 De
488 2602 631 2630 dilectione
664 2602 722 2630 Dei.

218 2670 342 2698 Daturus
369 2671 467 2707 legem
493 2671 584 2708 Moysi
613 2671 779 2708 Dominus,
808 2672 883 2700 dixit
910 2672 960 2701 ei:

185 2723 200 2743 α
223 2718 283 2752 Ego
308 2725 375 2745 sum
398 2718 539 2746 Dominus
563 2719 639 2747 Deus
664 2721 747 2755 tuus,
763 2720 831 2754 etc„
850 2719 962 2748 faciens

1747 228 1809 260 535

1025 296 1264 327 misericordiam
1278 296 1310 325 in
1323 295 1420 325 millia
1432 294 1480 324 his
1496 295 1548 332 qui
1563 294 1693 332 diligunt
1705 302 1770 332 me,
1785 297 1814 325 et

1024 345 1195 374 custodiunt
1209 344 1357 381 praecepta
1370 351 1447 372 mea.
1463 352 1478 370 >³
1495 343 1597 377 Exod„
1610 350 1664 378 xx,
1677 343 1704 371 6.

1059 392 1243 429 Principium
1269 391 1406 420 omnium
1431 390 1646 419 mandatorum
1669 389 1744 426 legis
1769 392 1812 420 est

1026 439 1146 469 dilectio
1171 439 1222 468 Dei
1231 449 1240 476 ;
1267 446 1340 467 nam
1364 437 1438 466 dixit
1465 439 1581 474 Moyses
1607 439 1677 474 post
1706 437 1811 466 decem

1024 487 1169 516 mandata
1180 486 1296 524 populo
1323 485 1449 522 repetita
1465 494 1472 513 ε
1497 494 1512 512 «
1526 484 1633 521 Diliges
1650 484 1811 514 Dominum

1024 536 1117 563 Deum
1130 536 1214 563 tuum
1229 542 1266 562 ex
1276 535 1339 562 toto
1352 532 1444 561 corde
1459 533 1510 561 tuo
1520 552 1530 567 ,
1543 533 1572 561 et
1584 540 1621 560 ex
1633 533 1694 560 tota
1709 532 1811 562 anima

1023 583 1090 616 tua,
1106 584 1134 610 et
1148 591 1184 610 ex
1206 582 1290 610 omni
1308 580 1482 609 fortitudine
1500 581 1566 615 tua,
1581 589 1595 607 >³
1612 581 1705 615 Deut„
1720 588 1767 615 Vl,
1781 582 1808 609 5.

1060 629 1209 658 Timorem
1229 630 1278 657 Dei
1302 630 1330 657 et
1352 635 1488 656 amorem
1511 627 1618 655 volens
1643 627 1811 663 specialiter

1022 677 1195 714 imprimere
1215 676 1331 713 populo
1353 677 1477 712 MoyseS,
1503 676 1597 710 Deum,
1622 682 1652 710 x,
1674 677 1718 709 12,
1743 675 1783 703 ait
1801 684 1808 703 ε

1026 733 1040 752 «
1059 726 1092 753 Et
1105 732 1203 759 nunc,
1219 724 1323 758 Israel,
1339 723 1416 759 quid
1430 722 1573 750 Dominus
1588 723 1665 750 Deus
1679 723 1746 750 tuus
1759 730 1810 759 pe-

1022 772 1056 801 tit
1071 780 1089 800 a
1103 773 1147 807 te,
1161 771 1217 800 nisi
1232 773 1264 799 ut
1278 770 1384 798 timeas
1405 769 1567 797 Dominum
1587 769 1680 797 Deum
1703 769 1808 802 tuum,

1023 820 1051 848 et
1066 818 1203 847 ambules
1219 818 1250 846 in
1263 817 1319 846 viis
1335 817 1413 853 ejsss,
1434 818 1462 845 et
1483 816 1592 852 diligas
1614 817 1707 844 eum?
1721 825 1735 843 »
1753 816 1808 844 etc.

1059 868 1223 902 Longaevus
1244 867 1332 894 Josue
1343 886 1352 899 ,
1373 866 1401 893 et
1422 863 1578 900 persenilis
1594 863 1702 898 aetatiS‚
1717 871 1809 892 voca-

1022 913 1065 942 vit
1079 913 1235 949 lsraelem‚
1251 914 1279 941 et
1294 920 1421 940 monens
1435 920 1486 940 eos
1501 911 1538 939 de
1553 910 1663 944 multis,
1681 911 1753 939 dixit
1766 910 1809 939 in-

1023 962 1067 990 ter
1082 963 1188 989 caetera
1205 970 1212 989 :
1229 970 1245 987 «
1267 962 1326 988 Hoc
1345 962 1445 988 tamen
1461 958 1685 995 diligentissime
1698 966 1809 994 praeca-

1022 1011 1106 1044 vete,
1121 1010 1154 1036 ut
1177 1008 1308 1044 diligatis
1331 1007 1492 1036 Dominum
1516 1008 1610 1035 Deum
1630 1007 1772 1035 vestrum.
1791 1016 1805 1034 »

1021 1057 1090 1091 Jos.,
1104 1057 1254 1092 xX111,11.

1058 1105 1097 1132 De
1109 1110 1181 1139 rege
1195 1102 1290 1131 David
1306 1102 1424 1138 dicitur,
1440 1102 1638 1137 Ecclesiastici,
1651 1109 1743 1136 nvn,
1757 1103 1805 1130 10:

1021 1152 1060 1179 De
1075 1151 1158 1178 omni
1173 1151 1264 1179 corde
1288 1159 1342 1178 suo
1364 1149 1502 1178 laudavit
1526 1150 1633 1184 Deum,
1654 1151 1683 1177 et
1705 1148 1808 1177 dilexit

1021 1199 1198 1233 Dominum,
1214 1198 1266 1235 qui
1280 1198 1348 1226 fecit
1367 1197 1464 1225 illum.
1483 1197 1563 1225 Unde
1578 1197 1704 1233 ipsemet
1725 1196 1807 1225 dice-

1020 1244 1088 1280 bat,
1110 1247 1184 1273 Psal.
1201 1253 1274 1281 xvn,
1288 1246 1301 1273 1
1328 1254 1334 1273 ε
1352 1253 1366 1272 ι(
1380 1244 1508 1281 Diligam
1522 1246 1567 1278 te,
1585 1244 1724 1280 Domine,
1749 1243 1807 1272 for-

1020 1293 1116 1321 titudo
1132 1301 1217 1327 mea,
1233 1303 1246 1319 »
1265 1293 1319 1321 etc.

1058 1341 1201 1368 Salomon
1218 1340 1321 1368 dilexit
1332 1340 1508 1374 Dominum,
1520 1338 1680 1368 ambulans
1693 1339 1725 1367 in
1735 1347 1808 1376 prae-

1021 1388 1113 1424 ceptis
1128 1388 1221 1416 David
1235 1388 1329 1425 patris
1344 1387 1405 1422 sui,
1420 1388 1455 1416 ΙΙΙ
1469 1388 1548 1422 Βεῃ.,
1563 1394 1612 1421 111,
1629 1388 1657 1415 3.

1056 1438 1188 1465 Testatur
1209 1436 1352 1464 Dominus
1373 1435 1410 1463 de
1425 1435 1477 1463 illa
1500 1436 1601 1462 sancta
1616 1434 1780 1470 peccatrice
1797 1444 1804 1462 ε

1024 1494 1037 1512 κ
1052 1486 1177 1514 Dimissa
1193 1487 1270 1515 {sunt
1290 1485 1317 1512 ei
1335 1486 1459 1521 peccata
1477 1484 1586 1519 multa,
1602 1484 1747 1520 quoniam
1762 1483 1807 1512 di-

1019 1533 1090 1562 lexit
1103 1533 1231 1561 multum
1242 1553 1250 1566 ,
1266 1542 1280 1559 »
1303 1533 1379 1567 Luc,
1395 1540 1454 1566 vn,
1469 1533 1514 1559 47.

1057 1581 1275 1609 Commissurus
1297 1581 1387 1608 heato
1409 1582 1493 1608 Petro
1518 1580 1661 1608 Dominus
1684 1587 1806 1616 gregem

1021 1628 1124 1656 ovium
1139 1637 1276 1663 suarum,
1294 1628 1428 1664 quaesivit
1447 1630 1548 1656 utrum
1564 1635 1633 1655 eum
1655 1627 1804 1663 diligeret3

1021 1678 1048 1704 et
1060 1676 1109 1704 ille
1126 1676 1281 1704 confidens
1298 1676 1334 1704 de
1350 1676 1432 1704 bona
1447 1675 1627 1704 conscientia
1642 1675 1806 1711 responde-

1019 1723 1071 1751 bat
1087 1732 1093 1751 ε
1114 1733 1128 1750 (ι
1144 1724 1266 1751 Domine
1278 1745 1287 1759 ,
1312 1725 1344 1752 tu
1367 1723 1441 1758 scis,
1458 1724 1530 1760 quia
1555 1731 1624 1751 amo
1646 1725 1685 1751 te.
1701 1733 1715 1750 >³
1733 1724 1806 1752 Nota

1021 1772 1136 1806 tamen,
1151 1771 1236 1807 quod
1258 1779 1320 1799 non
1343 1771 1437 1799 dixit:
1457 1780 1471 1796 κ
1484 1771 1579 1806 Diligo
1594 1772 1621 1798 te
1636 1770 1704 1806 plus
1719 1770 1754 1797 iis
1766 1792 1773 1804 ‚
1788 1780 1802 1797 »

1019 1817 1088 1846 licet
1102 1819 1143 1846 sic
1159 1818 1318 1855 quaesitum
1330 1817 1447 1852 fuisset,
1464 1818 1494 1846 in
1507 1819 1564 1846 hoo
1577 1818 1633 1846 sibi
1644 1826 1662 1846 a
1674 1817 1805 1854 superbo

1020 1868 1047 1895 et
1061 1866 1219 1894 temerario
1233 1866 1327 1894 verbo
1345 1874 1463 1894 cavens.
1478 1867 1570 1900 Joan„
1585 1873 1650 1899 xxi,
1672 1866 1718 1893 15.

1055 1913 1126 1942 Miro
1151 1913 1244 1941 modo
1268 1913 1413 1949 diligebat
1438 1913 1586 1941 Christum
1605 1912 1732 1946 PauluS‚
1753 1913 1805 1948 qui

1019 1962 1082 1989 tam
1102 1969 1204 1989 secure
1229 1960 1348 1989 dicebat
1374 1971 1381 1989 :
1407 1970 1422 1987 «
1444 1961 1513 1994 Quis
1537 1968 1593 1988 nos
1615 1959 1766 1996 separabit
1787 1968 1805 1987 a

1020 2009 1160 2036 charitate
1175 2008 1302 2036 Christi?
1316 2018 1328 2034 n
1346 2009 1436 2042 Rom.,
1451 2015 1514 2041 vm,
1529 2008 1580 2042 35,
1597 2009 1650 2042 38;
1667 2009 1694 2034 et
1712 2008 1780 2043 post
1795 2017 1803 2034 :

1023 2065 1036 2082 «
1051 2057 1150 2084 Certus
1165 2063 1230 2082 sum
1246 2055 1317 2091 quia
1331 2063 1429 2091 neque
1444 2063 1540 2089 mors,
1556 2064 1570 2080 ³)
1588 2055 1644 2082 etc.

1054 2102 1213 2139 Apostolus
1225 2102 1334 2130 Paulus
1348 2102 1438 2130 talem
1453 2102 1520 2130 tulit
1532 2102 1708 2130 sententiam
1720 2111 1726 2130 :
1746 2110 1760 2128 «
1774 2101 1803 2130 Si

1020 2150 1087 2186 quis
1102 2158 1164 2177 non
1179 2152 1259 2178 amat
1273 2150 1434 2177 Dominum
1448 2151 1547 2177 Jesum
1563 2149 1720 2185 Christum,
1732 2156 1804 2178 ana-

1018 2198 1119 2226 thema
1134 2198 1184 2232 sit,
1200 2199 1300 2226 Maran
1318 2198 1402 2226 Atha.
1419 2207 1432 2224 »
1451 2199 1460 2226 1
1475 2198 1550 2232 Cor„
1566 2205 1631 2232 xvr,
1647 2199 1693 2225 22.

1056 2245 1130 2279 Quia
1145 2253 1230 2272 amor
1254 2247 1296 2272 est
1311 2245 1403 2272 virtus
1419 2245 1547 2279 unitiva,
1563 2253 1708 2279 magnum
1722 2251 1806 2273 amo-

1018 2300 1083 2321 rem
1097 2292 1136 2320 ad
1150 2292 1296 2320 Christum
1309 2292 1416 2320 Paulus
1430 2292 1572 2328 habebat,
1584 2292 1636 2329 qui
1649 2293 1675 2321 ei
1688 2292 1725 2329 (ιι)
1737 2301 1804 2321 cru-

1019 2340 1122 2367 cifixus
1137 2341 1218 2375 erat,
1235 2340 1306 2374 Gal„
1322 2347 1354 2368 11.

1057 2389 1090 2415 Et
1101 2389 1198 2424 potest
1221 2387 1371 2415 nominari
1396 2387 1434 2415 de
1454 2387 1562 2422 Paulo,
1578 2387 1662 2424 quod
1676 2387 1804 2415 Christus

1020 2436 1082 2463 erat
1094 2443 1147 2462 sua
1164 2435 1324 2471 sapientia,
1339 2436 1349 2463 1
1368 2435 1439 2470 Cor„
1457 2443 1494 2469 ιι,
1508 2436 1526 2462 2
1543 2444 1549 2463 :
1565 2444 1579 2461 ‹<
1595 2437 1657 2462 Non
1671 2434 1804 2470 judicavi

1019 2490 1067 2510 me
1080 2482 1153 2510 scire
1169 2482 1251 2510 aliud
1274 2482 1349 2509 inter
1361 2490 1431 2517 vos,
1447 2482 1503 2510 nisi
1526 2483 1624 2510 Jesum
1639 2482 1804 2517 Christum,

1020 2530 1048 2557 et
1075 2529 1155 2556 hunc
1184 2529 1371 2557 crucifixum.
1394 2539 1407 2556 »
1433 2531 1505 2558 ltem
1533 2538 1588 2557 sua
1615 2529 1780 2557 substantia
1793 2549 1803 2564 ,

1020 2577 1138 2612 Philip„
1155 2584 1203 2611 111,
1220 2577 1236 2603 8
1253 2585 1260 2604 :
1280 2576 1414 2604 «Omnia
1440 2576 1614 2604 detrimenta
1632 2576 1667 2613 (b)
1687 2576 1760 2611 feci,
1776 2578 1804 2604 et

1020 2624 1148 2653 arbitror
1161 2625 1193 2652 ut
1207 2625 1352 2660 stercora,
1367 2626 1399 2652 ut
1414 2624 1560 2652 Christum
1572 2623 1768 2652 lucrifaciam.
1785 2634 1800 2651 >³

1054 2725 1084 2756 (α)
1102 2723 1241 2756 Leqendum
1256 2730 1314 2747 cum
1330 2730 1370 2748 eo.
1381 2736 1412 2741 —
1427 2722 1462 2754 (b)
1481 2722 1554 2754 Vulq.
1571 2722 1764 2748 detrimentum.
