2004 3037
197 190 237 221 92
525 189 784 223 COMPENDIUM
804 185 1067 222 THEOLOGICAE
1087 184 1312 218 VERITATIS.
1335 184 1412 218 LlB.
1436 185 1475 218 ll.

198 258 254 293 est,
269 258 298 286 et
310 257 376 294 ipso
391 256 564 286 dominante
582 259 696 286 tantam
713 257 806 287 hahet
818 257 974 291 vIrtutem,

197 305 230 332 ut
243 303 268 332 si
281 303 386 333 influat
398 304 430 332 in
443 303 603 340 inferiora,
616 303 704 333 foetus
725 304 855 334 nascitur
873 304 975 333 morti-

196 350 301 379 ficatus
314 371 325 386 ,
339 351 390 379 aut
404 349 522 379 debilis.
545 350 613 379 Plus
635 353 724 380 nocet
741 351 974 386 retrocedendo,

197 405 290 434 quam
303 396 508 434 procedendo.
531 399 659 427 Moratur
679 398 711 427 in
733 398 869 436 quolibet
888 398 974 434 signo

197 445 314 480 triginta
332 444 486 473 mensibus
501 454 508 473 :
525 453 562 474 ex
580 453 641 482 quo
659 446 794 483 sequitur
808 445 892 482 quod
911 453 976 474 cur-

196 499 264 519 sum
277 499 364 519 suum
387 491 536 529 complet,
551 492 662 521 scilicet
677 493 714 530 (a)
735 493 856 528 triginta
878 492 974 520 annis.

232 538 343 575 Jupiter
358 541 402 567 est
425 538 538 575 clarus,
559 542 587 568 et
609 540 695 576 quasi
718 539 758 568 ad
780 538 872 567 instar
893 539 977 567 lactis

197 585 344 614 candidus
360 594 367 613 :
384 585 415 614 ia
429 585 624 622 qualitatibus
638 589 681 615 est
695 586 773 615 hene
785 587 976 623 temperatus,

197 632 269 669 quia
282 632 398 661 calidus
412 635 455 661 est
469 635 498 662 et
510 632 663 661 humidus.
683 634 714 662 ln
733 633 880 670 superiori
893 634 977 670 parte

197 687 258 708 suae
278 679 390 708 absidis
412 682 558 716 temperat
581 679 726 708 malitiam
755 679 882 708 Saturni.
903 682 975 709 Cum

198 726 364 754 ascenderit
377 727 408 755 in
419 726 564 755 circulum
575 727 705 762 Saturni,
722 727 868 755 contrahit
881 726 977 764 pallo-

197 781 276 808 rem,
291 772 360 801 licet
373 773 410 802 sit
424 773 530 802 clarus.
548 774 578 802 ln
594 774 730 810 quolibet
743 773 829 810 signo
844 776 978 802 moratur

195 827 250 856 per
272 827 402 855 annum,
424 822 452 848 et
473 820 515 849 ita
535 820 666 857 complet
690 828 810 849 cursum
833 828 922 848 suum
946 820 977 848 in

198 865 359 895 duodecim
374 867 468 895 annis.

233 916 308 942 Mars
322 913 438 942 calidus
452 916 494 942 est
505 935 514 948 ,
529 915 557 942 et
572 914 684 949 siccus,
700 916 729 942 et
750 914 819 943 ideo
840 915 975 943 nocivus.

198 963 239 989 Ex
254 960 485 997 proprietatibus
499 961 560 989 suis
573 960 711 989 homines
725 961 843 996 incitat,
859 969 892 989 ac
906 969 976 998 pro-

198 1009 285 1036 vocat
299 1007 339 1035 ad
353 1007 529 1036 bellandum
537 1017 546 1043 ;
558 1016 594 1036 ex
608 1008 832 1044 interpositione
847 1008 976 1044 veneris,

198 1056 225 1082 et
247 1054 326 1082 Jovis
346 1054 393 1090 (b),
418 1055 481 1090 ejus
504 1054 647 1082 nocivitas
669 1055 849 1091 reprimitur.
875 1057 978 1090 lgneus

197 1102 321 1137 apparet
332 1103 360 1129 et
373 1100 521 1129 radiosus.
539 1102 569 1129 tn
584 1101 718 1137 'quolibet
737 1102 823 1138 signo
844 1104 978 1130 moratur

198 1147 396 1185 quadraginta
412 1148 528 1176 diebus.

233 1195 282 1223 Sol
306 1195 412 1223 dicitur
436 1196 535 1224 decies
556 1196 654 1231 major
668 1197 774 1229 Terra‚·
795 1196 848 1224 sed
870 1203 975 1224 secun-

199 1242 273 1270 dum
287 1242 549 1282 Ptolemaeumffist
568 1244 616 1272 ¹40
631 1243 747 1270 vicibus
763 1243 859 1279 major
873 1245 959 1271 Terra
967 1253 975 1278 ;

197 1289 312 1317 calidus
334 1291 362 1317 et
380 1289 564 1325 luminosus,
588 1290 721 1326 eclipsim
747 1290 855 1326 patitur
863 1300 871 1325 ;
895 1299 976 1318 com-

197 1336 296 1364 munis
311 1338 353 1364 est
368 1337 526 1371 omuibus,
542 1336 622 1364 nube
637 1337 747 1365 celatur
755 1346 764 1371 3
780 1337 861 1365 solus
880 1345 932 1373 per
946 1346 976 1366 se

197 1383 290 1416 lueet,
303 1382 387 1419 quod
408 1383 483 1411 nulli
504 1383 594 1411 sideri
612 1383 708 1419 magis
723 1384 880 1420 competit:
895 1384 976 1412 unde

199 1431 227 1457 ct
241 1437 352 1458 nomen
371 1430 478 1466 accipit
492 1430 510 1457 ¹.
526 1430 629 1458 Stellas
649 1430 817 1465 illumInat,
835 1434 862 1459 et
877 1433 975 1459 tamen

198 1484 248 1505 eas
262 1485 315 1513 per
328 1477 514 1512 praesentiam
535 1485 620 1506 suam
640 1477 813 1513 apparentia
827 1477 871 1505 sui
887 1477 975 1505 lumi-

198 1523 244 1552 nis
269 1523 374 1560 privat.
408 1523 518 1552 Medius
547 1526 588 1552 est
616 1524 804 1560 planetarum
815 1546 824 1559 ,
854 1524 977 1552 odiosus

198 1570 284 1606 oegris
313 1571 406 1598 oeulis
428 1592 436 1604 ,
464 1570 517 1599 scd
546 1570 682 1598 amabilis
710 1571 801 1607 puris.
831 1573 976 1607 Tempora

199 1617 376 1653 distinguit,
404 1618 477 1646 locis
504 1618 668 1646 immundis
696 1626 757 1646 non
783 1619 975 1655 inquinatur,

199 1667 288 1693 testea
303 1665 484 1699 consolidat,
500 1665 601 1700 gelida
615 1666 752 1700 resolvit,
767 1667 854 1694 flores
868 1666 974 1702 aperit,

199 1711 308 1739 fructus
334 1714 477 1746 maturat,
494 1720 620 1748 corpora
647 1712 796 1748 diapliaua
822 1715 974 1748 penetrat,

199 1765 260 1786 non
275 1759 414 1794 quiescit,
433 1759 529 1786 visum
554 1759 697 1793 retundit,
715 1767 840 1794 vapores
864 1759 976 1793 elevat,

199 1806 408 1843 hemisphieria
436 1807 565 1835 vicissim
598 1808 757 1843 perlustrat
778 1829 786 1842 ,
816 1808 975 1844 appropin-

199 1861 295 1890 quans
309 1854 397 1881 nobis
411 1855 541 1882 aestatem
556 1854 623 1882 facit
636 1875 644 1888 ,
660 1854 802 1882 recedens
818 1863 889 1882 vcro
904 1855 977 1890 hye-

199 1908 279 1929 mem
307 1900 393 1928 efficit
409 1922 416 1935 ‚
444 1901 547 1929 oculus
573 1903 615 1928 est
639 1900 754 1928 muudi.
785 1903 815 1928 ln
844 1901 977 1937 quolibet

200 1947 285 1982 signo
299 1950 432 1976 moratur
447 1948 566 1983 triginta
581 1948 703 1982 diehuS,
719 1949 747 1976 et
761 1947 864 1975 decem
879 1948 974 1983 lioris;

200 2001 320 2021 cursum
343 2002 396 2030 per
420 2003 531 2022 annum
556 1995 624 2023 facit
652 1997 735 2022 motu
758 1995 900 2030 proprio,
926 1995 978 2023 sed

201 2040 281 2069 ‹liem
295 2041 408 2077 perficit
424 2045 507 2070 motu
522 2042 610 2078 primi
630 2041 761 2069 mobilis.

237 2090 333 2117 Venus
362 2091 405 2117 est
428 2089 532 2117 lucifer
547 2110 555 2124 ,
586 2089 701 2117 calidus
717 2110 726 2122 ,
758 2091 786 2117 et
813 2089 977 2117 humidus:

202 2135 342 2163 malitiam
366 2136 461 2163 Martis
485 2138 628 2172 temperat
651 2145 657 2163 ι
682 2144 799 2172 semper
823 2137 980 2164 comitatur

202 2182 300 2209 Solem
317 2192 325 2217 3
355 2182 406 2210 secl
434 2191 501 2210 cuin
529 2183 683 2218 praecedit,
709 2182 816 2210 dicitur
845 2183 957 2210 Lucifer
972 2193 978 2212 :

203 2229 325 2264 quando
341 2229 482 2264 sequitur,
507 2229 613 2257 dicitur
630 2231 737 2264 Yespcr
754 2239 760 2256 :
778 2229 910 2256 colorem
926 2229 979 2257 ha—

204 2275 254 2303 het
268 2275 442 2302 candentem
455 2297 463 2309 ,
479 2278 506 2304 ct
530 2276 745 2310 refulgentem,
771 2276 877 2303 electro
900 2276 980 2303 simi-

205 2321 273 2349 lem.
291 2323 366 2349 Inter
387 2322 484 2349 sidera
505 2322 572 2358 plus
594 2322 729 2358 splendet
747 2331 753 2349 :
770 2322 897 2358 complet
913 2331 980 2350 cur-

206 2376 272 2395 sum
288 2376 375 2396 suum
390 2369 420 2396 in
434 2370 484 2396 :348
501 2369 617 2396 diebus

241 2415 400 2443 Mercurius
415 2423 531 2451 semper
553 2424 622 2443 cum
646 2415 711 2443 Sole
737 2415 890 2451 graditur,
906 2424 981 2443 nun—

207 2471 298 2498 quam
313 2462 351 2490 ab
367 2470 402 2490 eo
418 2462 484 2498 plus
499 2464 534 2490 30
549 2462 691 2497 gradibus
707 2462 827 2490 distans.
844 2463 981 2490 Colorem

206 2510 296 2537 habet
321 2509 512 2544 radiantem;
541 2517 627 2543 raro,
653 2512 773 2545 propter
801 2509 981 2537 vicinitatem

207 2556 299 2591 Solis,
315 2556 457 2591 cernitur;
481 2555 650 2591 eloquentia
671 2556 727 2583 sub
744 2556 808 2592 ipso
825 2559 881 2591 est,
897 2557 982 2592 aquis

241 2618 275 2648 (a)
288 2619 343 2649 Ley.
363 2619 474 2649 complet
488 2618 596 2643 circiter.
607 2631 636 2636 —
649 2618 680 2649 (ὁ)
698 2619 757 2642 trem
776 2619 908 2649 Mercurii;
925 2627 980 2643 nam

210 2656 274 2677 mter
288 2655 393 2679 Martem
409 2655 432 2679 ct
448 2655 547 2679 Terram
561 2654 659 2685 Jupiter
674 2654 798 2685 interponi
812 2654 904 2685 nequit.

1032 253 1139 283 dicitur
1161 253 1330 290 dominari,
1345 255 1374 282 et
1395 261 1520 291 proeesse
1543 253 1716 284 seminibus.
1736 255 1808 286 Cur-

1031 309 1099 330 sum
1113 300 1243 338 complet
1257 301 1310 330 338
1324 300 1441 330 diebus.
1756 335 1758 337 ‚

1066 349 1148 377 Luna
1160 349 1280 376 noctem
1294 347 1443 376 illuminat
1449 368 1460 383 ‚
1473 347 1576 377 lumen
1589 349 1720 386 muniat,
1735 356 1809 386 aug-

1031 395 1166 423 mentum
1192 394 1302 431 patitur
1329 396 1357 423 et
1384 394 1604 423 detrimentum.
1634 394 1740 424 Infima
1766 397 1812 426 est

1032 441 1108 470 inter
1120 441 1272 478 planetas;
1285 440 1420 478 eclipsim
1433 441 1561 478 patitur,
1576 443 1604 470 et
1618 441 1708 470 efficit
1720 452 1729 478 3
1745 449 1809 472 ma-

1032 488 1114 517 culas
1136 487 1227 516 habet
1249 489 1371 524 propter
1395 488 1636 524 conjunctionem
1657 489 1722 525 ejus
1741 496 1811 518 cum

1031 534 1232 563 inferioribus.
1250 535 1321 563 Item
1344 534 1528 563 corniculata
1546 535 1696 564 interdum
1717 543 1811 573 appa-

1032 583 1091 617 rct,
1104 589 1140 610 ex
1162 589 1197 610 eo
1218 581 1302 618 quod
1326 589 1396 618 pars
1418 581 1482 617 ejus
1506 581 1673 611 illuminata
1687 590 1705 611 a
1722 581 1812 611 nobis

1033 627 1236 657 absconditur.
1251 629 1321 656 {tem
1336 627 1449 664 Regina
1464 628 1531 656 coeli
1544 629 1724 665 appellatur,
1738 629 1811 666 quia

1033 675 1082 704 Sol
1112 678 1254 712 tanquam
1284 675 1403 704 medius
1433 675 1623 712 planetarum
1654 676 1812 713 participat

1034 730 1138 750 omues
1157 721 1352 759 proprietates
1371 722 1522 758 omnium,
1535 725 1564 751 et
1583 730 1632 751 eas
1645 723 1686 751 ad
1699 724 1812 752 Lunam

1034 777 1103 797 cum
1122 768 1234 797 lumine
1254 776 1309 796 suo
1331 769 1499 797 transmittit
1520 778 1527 797 :
1550 769 1616 806 ipsa
1637 777 1709 798 vero
1731 771 1812 799 Luna

1034 823 1231 852 quaecumque
1245 823 1263 843 a
1286 814 1352 843 Sole
1375 815 1417 842 sic
1441 814 1573 851 recipit,
1594 815 1699 844 influit.
1727 816 1810 845 Unde

1034 862 1105 898 quia
1120 869 1173 898 per
1196 868 1263 889 eam
1284 861 1336 889 tali
1362 861 1455 890 modo
1479 861 1601 890 virtutes
1621 862 1812 899 planetarum

1033 907 1207 944 recipimus,
1231 907 1338 936 merito
1367 908 1479 943 Regina
1507 908 1573 937 coeli
1602 911 1734 938 vocatur.
1764 909 1812 938 llis

1034 954 1104 983 visis
1117 956 1212 991 patet,
1226 954 1310 991 quod
1324 954 1447 991 quando
1468 956 1550 984 Luna
1567 956 1665 992 primo
1677 955 1812 985 incendi-

1034 1004 1090 1037 tur,
1105 1001 1252 1038 optimum
1268 1003 1309 1029 est
1324 1001 1437 1030 semina
1455 1002 1570 1038 jacere,
1586 1003 1658 1040 quia
1672 1006 1741 1032 tunc
1756 1003 1812 1032 vir-

1034 1052 1110 1078 tutes
1124 1049 1328 1086 planetarum,
1344 1057 1420 1085 quas
1434 1049 1625 1078 inferioribus
1639 1051 1750 1087 influit,
1766 1052 1811 1080 in-

1034 1097 1104 1133 cipit
1118 1096 1268 1133 colligere.
1291 1096 1410 1132 Frigida
1433 1099 1476 1125 est
1497 1099 1525 1125 et
1547 1097 1690 1126 humida:
1713 1098 1812 1128 Solem

1033 1144 1218 1180 praecedens,
1233 1144 1395 1179 minuitur3
1419 1144 1472 1173 sed
1501 1144 1643 1173 eumdem
1663 1153 1810 1183 sequens,

1033 1191 1153 1225 crescit,
1169 1193 1197 1219 et
1217 1191 1256 1219 ab
1277 1199 1313 1219 eo
1335 1190 1507 1227 elongatur:
1525 1199 1658 1220 accessus
1677 1194 1706 1220 et
1719 1200 1813 1221 reces-

1033 1245 1082 1265 sus
1097 1237 1187 1265 maris
1206 1245 1259 1274 per
1282 1245 1348 1265 eam
1374 1240 1521 1266 causatur.
1538 1239 1628 1275 Signa
1649 1241 1748 1268 autem
1763 1247 1812 1268 zo-

1034 1285 1111 1314 diaci
1126 1285 1261 1322 quolibet
1275 1293 1376 1313 mense
1390 1285 1542 1321 percurrit.

1291 1378 1434 1412 CAPUT
1461 1379 1568 1435 Vm.-

1245 1454 1280 1480 De
1305 1455 1420 1487 quatuor
1446 1453 1600 1481 Elementis.

1072 1522 1147 1558 ignis
1163 1522 1311 1550 consumit
1326 1524 1353 1550 et
1367 1523 1526 1557 incinerat3
1543 1522 1572 1550 in
1588 1523 1812 1552 similitudinem

1033 1578 1118 1597 suam
1141 1569 1197 1597 sibi
1221 1569 1495 1606 appropinquantia
1517 1570 1676 1605 convertit3
1698 1573 1812 1599 motum

1033 1617 1101 1644 facit
1123 1616 1159 1644 dc
1183 1619 1282 1644 centro
1306 1616 1345 1644 ad
1366 1616 1652 1652 circumferentiam3
1668 1617 1768 1652 ardet,
1785 1620 1813 1646 et

1033 1664 1109 1691 lucet
1124 1663 1154 1690 in
1169 1664 1292 1691 materia
1305 1663 1417 1697 aliena,
1432 1663 1484 1691 sed
1500 1671 1560 1691 non
1574 1664 1603 1691 in
1618 1672 1672 1692 sua
1686 1664 1810 1700 sphaera.

1033 1710 1172 1738 Inferiora
1193 1709 1307 1737 reducit
1330 1710 1369 1738 ad
1393 1710 1548 1746 superiora
1563 1732 1571 1745 ‚
1595 1710 1666 1747 quia
1690 1711 1812 1739 resolvit

1034 1760 1127 1785 terrea
1141 1757 1171 1784 in
1187 1765 1316 1793 aquosa,
1333 1765 1447 1793 aquosa
1458 1757 1487 1785 in
1504 1765 1605 1793 aerea,
1622 1765 1709 1786 aerea
1725 1759 1755 1786 in
1768 1766 1809 1787 se.

1033 1804 1181 1832 Molliticat
1197 1804 1287 1838 dura,
1304 1806 1330 1832 ct
1346 1803 1466 1832 indurat
1481 1804 1600 1839 mollia,
1618 1804 1765 1840 subtiliat,
1780 1807 1812 1832 ut

1033 1853 1113 1887 patet
1133 1851 1164 1878 in
1183 1850 1363 1878 resolutione
1385 1851 1508 1886 glaciei,
1528 1853 1556 1879 et
1582 1852 1744 1879 condensat
1764 1851 1810 1880 lu-

1036 1900 1115 1932 tu1n3
1132 1897 1276 1933 depurat,
1295 1899 1326 1925 ut
1343 1898 1371 1925 iu
1388 1906 1478 1932 auro,
1502 1900 1529 1925 ct
1545 1899 1722 1934 corrumpit,
1738 1899 1813 1927 sieut

1035 1953 1084 1979 ca,
1101 1953 1166 1980 quse
1191 1945 1356 1978 consumit;
1378 1944 1520 1979 frigefacit
1540 1953 1593 1980 per
1612 1945 1765 1980 accidens,
1781 1949 1813 1974 ut

1034 1993 1113 2027 patet
1134 1991 1164 2018 iu
1189 1994 1281 2019 aceto.
1307 1993 1352 2019 Est
1375 1993 1401 2019 ct
1418 1991 1632 2027 pcnetrativus,
1648 1993 1813 2021 communi-

1035 2039 1147 2066 cativus
1161 2041 1188 2066 ct
1211 2039 1363 2067 divisivas.
1387 2041 1456 2067 ltem
1477 2039 1554 2074 ignis
1573 2040 1603 2067 in
1624 2040 1738 2076 sphoera
1759 2049 1812 2069 sua

1035 2094 1095 2114 non
1116 2086 1240 2120 relucet,
1256 2086 1327 2122 quia
1346 2088 1518 2121 compactus
1540 2094 1601 2114 non
1620 2089 1671 2114 est.
1693 2087 1811 2116 Nullum

1035 2133 1115 2160 enim
1137 2141 1244 2168 corpus
1264 2133 1448 2169 diaphanum
1469 2133 1565 2168 lucet,
1585 2134 1637 2160 sed
1657 2134 1755 2169 potius
1771 2136 1813 2162 est

1036 2179 1242 2207 illuminabile.
1273 2180 1299 2207 si
1329 2181 1428 2207 autem
1458 2179 1533 2213 iguis
1562 2179 1591 2206 in
1620 2180 1734 2215 sphoera
1759 2188 1813 2208 sua

1036 2229 1206 2263 compactus
1219 2228 1308 2258 essct,
1325 2226 1478 2261 eclipsarct
1494 2233 1597 2253 omnes
1613 2226 1731 2260 stellas,
1747 2235 1813 2262 quae

1036 2281 1125 2309 supra
1149 2273 1246 2308 ipsum
1269 2274 1345 2299 sunt.
1371 2272 1447 2307 Ignis
1469 2280 1539 2299 vero
1563 2272 1611 2300 hic
1632 2272 1709 2300 lucet
1731 2274 1812 2309 apud

1036 2328 1090 2348 nos
1105 2321 1225 2356 propter
1240 2319 1393 2346 materiam
1409 2318 1625 2353 coadunatam,
1637 2319 1666 2347 iu
1679 2328 1739 2356 qua
1753 2323 1811 2348 est:

1037 2370 1065 2394 ct
1082 2367 1138 2394 hoe
1153 2368 1246 2402 patet,
1264 2365 1335 2401 quia
1350 2373 1409 2393 una
1428 2365 1554 2393 candela
1571 2366 1654 2393 alteri
1676 2366 1813 2403 opposita

1038 2413 1177 2441 umbram
1200 2412 1276 2439 facit.

1073 2464 1128 2488 Aer
1152 2461 1193 2487 est
1220 2458 1355 2492 subtilis,
1376 2458 1496 2486 mobilis
1511 2479 1519 2492 ,
1543 2459 1733 2494 perspicuus3
1760 2467 1813 2495 per

1038 2506 1259 2543 inspirationem
1282 2507 1309 2533 et
1331 2505 1571 2541 respirationem,
1588 2505 1694 2533 caloris
1715 2505 1813 2533 cordis

1038 2553 1263 2590 temperativus;
1281 2552 1437 2580 decoratur
1452 2551 1622 2580 volatilibus
1628 2561 1637 2586 ;
1660 2552 1743 2580 locus
1757 2552 1812 2580 im-

1072 2618 1078 2633 ¹
1091 2616 1167 2646 Quasi
1177 2622 1240 2640 vero
1255 2615 1331 2646 hujus
1346 2615 1428 2645 vocis,
1445 2614 1500 2645 Sol,
1517 2614 1671 2646 etymologia
1686 2618 1752 2640 esset
1769 2622 1812 2640 no-

1039 2660 1098 2678 men
1113 2651 1265 2683 adjectivum
1282 2650 1364 2675 Solus.
