2004 3037
177 254 236 285 ³14
722 252 867 286 mAE'rAE
887 249 1058 285 SALUTIS
1077 251 1155 286 ¹1'1T.
1179 252 1246 286 Vll.

174 322 304 350 memoria
317 323 368 350 tua
379 321 483 350 homini
497 321 618 357 &auctet
628 314 716 350 Sexto
730 320 802 350 facit
813 322 892 350 recte
906 320 953 349 di-

173 367 276 396 videre
289 368 481 405 praesentem,
495 369 523 397 et
535 367 667 397 futuram
681 367 790 397 vitam:
805 368 859 405 qui
872 367 954 397 enim

173 415 260 452 ponit
277 423 308 444 se
326 416 356 444 in
375 415 500 444 articulo
520 415 638 449 mortis,
663 417 692 444 et
709 423 777 444 eam
796 415 954 452 diligenter

175 462 357 498 considerat,
373 462 458 500 quasi
475 462 508 491 in
528 462 630 491 medio
643 461 794 499 praesentis
807 464 836 490 et
849 461 954 491 futuras

175 509 241 539 vitae
251 517 283 539 se
296 510 424 539 collocat
429 520 438 546 ;
455 512 485 539 et
497 509 567 538 ideo
581 511 659 538 recte
674 510 764 546 videt,
784 509 858 547 quid
871 517 954 547 sper-

175 564 263 592 nere,
284 559 314 586 et
335 557 410 594 quid
428 557 538 593 eligere
559 557 676 586 debeat.
698 556 768 586 ldeo
794 557 902 586 dicitur
922 557 954 585 in

175 605 362 633 Ecclesiastico
376 604 404 633 ¹:
432 606 463 633 ln
482 605 528 633 die
547 605 691 640 bonorum,
711 612 744 632 ne
762 606 902 632 immemor
915 605 954 632 sis

174 652 317 680 malorum.

209 700 282 727 ltem
294 698 445 728 humilitas
463 699 507 727 est
524 698 654 735 gratiosa
675 698 767 727 instar
784 698 867 727 floris
887 705 953 735 spe-

174 745 257 782 ciosi,
268 746 419 775 luminosa
430 745 522 774 instar
531 745 636 774 sideris
647 745 770 782 radiosi,
784 747 813 775 et
823 746 955 775 virtuosa

173 793 265 822 instar
279 793 388 830 lapidis
399 793 530 830 pretiosi.
547 794 593 822 Est
607 793 707 830 itaque
722 793 874 822 humilitas
887 801 955 829 gra-

173 841 249 870 tiosa
269 842 360 870 instar
378 841 461 870 floris
482 841 625 878 speciosi:
650 843 841 878 comparatur
855 843 955 870 autem

173 888 249 917 inter
262 888 352 917 flores
366 889 515 926 praecipue
529 889 633 924 violoe,
649 897 715 925 quae
729 891 772 917 est
786 888 843 917 flos
856 888 956 916 modi-

174 944 239 972 cus,
255 938 284 964 et
298 935 385 964 valde
403 936 560 973 pretiosus.
576 937 609 964 Et
627 937 713 964 nota:
733 935 815 963 viola
836 937 878 963 est
895 934 956 964 for-

173 985 254 1012 mata
266 983 358 1011 instar
376 982 501 1011 avieulae
517 990 633 1019 parvae;
654 982 745 1010 habet
762 982 842 1010 enim
857 982 956 1019 quod-

174 1030 245 1058 dam
267 1032 397 1058 rostrum
420 1037 565 1066 parvum,
593 1031 621 1057 et
647 1029 795 1066 quasdam
815 1029 956 1066 parvulas

173 1077 251 1112 alas,
271 1079 300 1105 et
313 1076 478 1114 quamdam
499 1077 627 1105 caudam
645 1077 803 1113 parvulam
818 1086 824 1105 :
841 1078 882 1105 ita
900 1077 955 1106 hu-

173 1124 283 1154 militas
294 1124 383 1153 habet
395 1124 435 1153 ad
449 1124 573 1153 modum
588 1124 675 1152 violae
689 1124 744 1153 ista
758 1125 813 1153 tria
828 1124 956 1152 diminu-

174 1172 234 1200 t1va
256 1179 310 1208 per
331 1172 485 1208 propriam
507 1172 747 1208 reputationem:
771 1171 957 1200 habetnam-

175 1227 234 1256 que
245 1221 374 1247 rostrum
389 1219 428 1247 ad
443 1218 631 1246 laudandum
643 1220 748 1253 Deum3
762 1218 853 1246 habet
867 1219 956 1246 etiam

175 1265 270 1294 alulas
284 1265 332 1294 vel
346 1273 476 1302 pennas,
491 1265 530 1293 ad
546 1265 813 1302 contemplandum
828 1265 937 1293 coelum
946 1275 954 1300 3

175 1312 266 1341 habet
279 1313 416 1348 caudam,
429 1312 467 1340 ad
478 1312 671 1348 cogitandum
682 1312 773 1340 finem
787 1312 954 1348 proprium.

177 1361 241 1404 llae'c
259 1362 300 1388 est
322 1360 402 1388 viola
423 1359 568 1396 pretiosa,
589 1359 626 1387 de
643 1367 704 1395 qua
723 1359 830 1387 dicitur
844 1359 874 1387 in
889 1360 957 1388 Can-

177 1409 239 1435 ticis
253 1406 281 1435 ¹:
304 1408 359 1442 qu
380 1408 427 1441 flos
442 1408 546 1442 campi,
563 1408 617 1434 etc.
638 1408 686 1434 Est
703 1406 790 1434 etiam
806 1406 957 1434 humilitas

176 1453 326 1482 luminosa
336 1454 426 1482 instar
439 1453 543 1481 sideris
558 1453 686 1481 radiosi:
701 1461 772 1480 nam
788 1453 862 1480 sicut
876 1453 958 1480 sidus

176 1501 224 1529 vel
238 1501 322 1529 stella
334 1503 377 1529 est
391 1500 510 1529 modica
526 1500 556 1528 in
572 1500 757 1537 apparentia,
773 1507 841 1527 cum
857 1502 957 1528 tamen

177 1548 258 1577 sidus
276 1548 307 1576 in
329 1549 466 1583 veritate,
489 1550 520 1576 ut
542 1547 662 1576 tradunt
683 1547 898 1581 mathematici,
923 1547 959 1575 sit

177 1596 274 1631 major
296 1597 356 1624 tota
376 1597 452 1624 terra
460 1604 468 1630 ;
491 1595 533 1623 sic
555 1594 685 1629 humilis,
708 1601 776 1622 cum
796 1594 831 1621 sit
848 1602 958 1629 parvus

178 1644 208 1671 in
227 1643 364 1677 veritate,
383 1644 426 1670 est
444 1642 526 1679 apud
547 1643 638 1669 Deum
663 1641 829 1676 maximus,
851 1649 885 1669 ex
906 1649 960 1669 sua

178 1692 278 1718 tamen
293 1692 320 1718 et
338 1689 495 1718 hominum
512 1688 696 1725 reputatione
712 1687 774 1716 vult
789 1696 851 1715 esse
874 1689 960 1724 quasi

178 1737 288 1765 nullus.
313 1737 383 1765 ldeo
409 1736 515 1765 dicitur
539 1736 570 1763 in
596 1737 782 1763 Ecclesiastico
797 1736 825 1763 ³:
853 1735 960 1768 Quanto

178 1785 266 1820 major
280 1793 320 1819 es,
339 1785 456 1811 humilia
473 1785 585 1818 teipsum
607 1785 637 1810 z'n
653 1783 786 1810 omnibus.
801 1783 866 1818 lpsa
881 1782 961 1810 enim

179 1834 222 1860 est
242 1832 332 1859 instar
355 1831 450 1865 lunoe;
475 1838 546 1858 nam
567 1829 642 1857 sicut
666 1829 738 1857 luna
762 1831 804 1856 est
827 1830 961 1856 luminare

179 1878 252 1914 quod
274 1880 410 1906 minuitur
433 1886 466 1906 ea:
489 1878 731 1910 consummatione,
750 1878 782 1903 ut
805 1875 912 1903 dicitur
930 1874 961 1903 in

179 1927 367 1955 Ecclesiastico
381 1926 411 1959 ⁴:
432 1925 473 1953 sic
494 1923 614 1952 humilis
633 1932 664 1951 se
685 1923 834 1950 minorare
848 1922 960 1957 nititur,

180 1981 248 2002 cum
273 1981 291 2002 a
315 1975 373 2001 Deo
396 1980 450 2009 per
473 1971 599 2007 gratiam
622 1971 846 1998 consummatur
854 1979 861 2004 ;
888 1969 962 1998 sicut

179 2020 264 2056 virgo
282 2020 389 2054 Maria,
407 2021 439 2047 ut
459 2019 584 2047 habetur
606 2018 636 2045 in
657 2018 728 2045 Luca
737 2018 758 2052 ⁶,
784 2017 856 2053 quia
874 2024 962 2053 repu-

180 2067 250 2096 tavit
264 2075 294 2095 se
310 2066 450 2095 ancillam
464 2065 619 2100 humilem,
634 2073 703 2092 cum
718 2065 895 2093 salutaretur
910 2071 961 2092 ve-

181 2114 352 2143 nerabiliter
373 2122 426 2150 per
450 2112 662 2148 archangelum
688 2111 870 2144 Gabrielem,
893 2113 921 2139 et
945 2119 963 2140 a

182 2161 254 2190 Filio
270 2161 318 2189 Dei
334 2161 490 2196 eligeretur
501 2160 530 2187 in
547 2161 681 2187 matrem.
701 2161 746 2187 Est
762 2159 851 2186 etiam
866 2158 964 2186 humi-

182 2208 247 2237 litas
263 2209 352 2236 instar
367 2207 475 2244 lapidis
494 2207 614 2244 pretiosi
633 2206 782 2234 virtuosa:
803 2213 873 2233 nam
889 2205 964 2242 lapi-

183 2255 236 2283 des
258 2255 378 2291 pretiosi
400 2257 467 2282 suut
485 2256 516 2282 ut
538 2254 701 2290 plurimum
719 2253 880 2289 quantitate
898 2260 963 2281 mo-

184 2302 257 2336 dici,
274 2303 301 2329 et
316 2301 422 2329 virtute
437 2300 548 2336 magni.

219 2350 251 2377 Et
265 2350 354 2382 nota,
372 2347 455 2383 quod
474 2346 625 2374 humilitas
646 2348 835 2381 comparatur
851 2347 966 2382 specia-

184 2396 249 2424 liter
277 2397 304 2423 et
334 2393 453 2430 proprie
478 2393 611 2429 quinque
642 2392 793 2428 lapidibus
819 2393 964 2428 pretiosis.

185 2443 281 2472 Primo
301 2441 484 2477 amethysto,
507 2439 557 2476 qui
574 2439 707 2475 reprimit
722 2439 908 2474 ebrietatem;
925 2440 966 2467 sic

185 2490 336 2518 humilitas
346 2488 528 2525 superbiam,
544 2495 609 2522 quae
621 2494 651 2514 se
662 2485 787 2514 inebriat
802 2494 854 2522 per
870 2487 965 2514 ambi-

187 2538 306 2565 tionem.
320 2535 400 2563 Unde
416 2534 556 2570 superbia
571 2535 613 2561 est
627 2533 721 2565 ebria,
734 2535 761 2560 et
772 2541 832 2560 non
849 2541 866 2561 a
881 2534 965 2567 vino,

187 2586 219 2611 ut
234 2584 304 2612 dicit
322 2582 385 2612 Joel
399 2583 409 2599 ⁰
427 2591 432 2610 :
454 2581 705 2617 Experqiscimint,
721 2580 805 2612 ebrii,
832 2584 856 2607 ct
878 2589 929 2608 uon
950 2589 966 2607 a

222 2657 331 2685 ¹Eccli..
357 2664 398 2688 m,
414 2658 453 2682 27.
468 2670 498 2675 —
513 2655 521 2670 ²
541 2655 623 2684 Cant„
645 2661 678 2684 11,
698 2657 720 2679 1.
739 2668 769 2673 -
788 2654 797 2669 ³
819 2654 906 2685 Eccli.‚
927 2661 968 2685 111,

189 2695 227 2718 20.
245 2707 274 2712 -
294 2695 301 2708 ⁴
320 2694 490 2723 1bid.,x1.111,
510 2693 534 2716 7.
550 2705 579 2709 -
600 2693 608 2706 ³
624 2692 690 2720 Lm„
713 2697 737 2722 1,
759 2692 798 2715 as.
818 2704 848 2709 -
868 2691 877 2705 ⁶
893 2691 969 2721 ΜΛ,

193 2736 214 2760 1,
239 2731 262 2753 5.
287 2742 315 2747 —
341 2731 347 2742 ⁷
373 2729 463 2758 Eccli„
490 2733 586 2757 xxxiv,
610 2728 632 2750 6.
655 2739 684 2745 —-
703 2726 713 2743 ⁸
735 2727 742 2750 ι
765 2726 834 2756 σωκ,
855 2732 918 2757 xiii,
944 2729 967 2752 4.

1007 321 1090 356 eino,
1103 321 1158 350 sed
1178 329 1198 350 a
1215 322 1321 356 vento,
1335 320 1448 350 scilieet
1469 319 1627 357 superbis.
1641 319 1791 357 Secundo,

1005 367 1137 405 jaspidi,
1152 368 1206 406 qui
1223 367 1307 404 sugat
1328 368 1537 405 phantasmata
1552 376 1560 395 :
1585 366 1628 395 sie
1641 366 1793 397 humilitas

1007 414 1138 444 honores
1158 415 1362 450 transitorios,
1377 415 1430 452 qui
1445 415 1514 443 sunt
1531 414 1617 451 quasi
1630 414 1794 451 phantasiae

1007 461 1057 490 vel
1075 462 1210 498 somnia,
1228 461 1299 498 quia
1317 461 1424 490 dicitur
1443 460 1481 489 de
1498 461 1631 498 superbo
1651 461 1683 489 in
1700 461 1793 489 Eccle-

1007 510 1118 537 siastico
1138 509 1150 526 ⁷
1168 517 1179 537 :
1203 509 1255 537 Gor
1278 512 1354 537 tuum
1370 509 1531 544 phantasias
1551 509 1673 544 patitur.
1697 507 1794 536 Tertio

1008 555 1159 584 humilitas
1179 556 1222 584 est
1239 556 1315 584 sicut
1336 555 1513 593 sapphirus:
1535 563 1607 583 nam
1629 555 1704 583 sieut
1723 562 1794 592 sap·

1007 603 1112 640 phirus
1129 603 1264 640 reprimit
1281 602 1441 638 humores,
1460 610 1514 631 seu
1530 604 1662 631 tumores
1685 609 1793 638 corpo—

1008 649 1105 686 rales;
1136 649 1178 678 ita
1203 649 1355 678 humilitas
1383 650 1529 686 superbas
1556 651 1585 678 et
1611 648 1796 686 ampullosas

1008 696 1186 725 inflationes
1203 698 1270 734 lpsa
1283 696 1364 725 enim
1377 704 1431 724 non
1446 698 1571 732 instatur,
1587 704 1641 724 non
1655 698 1695 724 cst
1710 695 1797 724 ambi-

1010 745 1091 779 tiosa,
1107 743 1182 772 sicut
1193 742 1230 771 de
1245 743 1386 772 charitate
1398 742 1636 780 dieitApostolus
1645 742 1666 771 ⁸.
1682 743 1793 777 Quarto

1009 790 1160 819 humilitas
1174 792 1218 818 est
1231 791 1306 818 sicut
1330 790 1496 826 onychinus
1512 799 1519 819 :
1541 798 1613 819 nam
1627 791 1703 819 sicut
1718 798 1796 828 ony-

1010 838 1115 866 chinus
1130 837 1236 866 dicitur
1256 837 1411 866 hominem
1426 831 1553 866 reddere
1571 838 1715 866 invictum
1726 858 1735 873 ,
1754 837 1796 866 sie

1010 885 1161 914 humilitas
1175 884 1275 913 reddit
1288 885 1434 913 invictum
1453 884 1618 918 hominem,
1633 883 1744 913 etfacit
1757 883 1796 913 de

1009 932 1144 960 hostibus
1165 931 1359 969 triumphare.
1379 933 1411 960 ln
1436 932 1520 967 eujus
1546 930 1643 967 figura
1668 931 1792 967 dieitur,

1010 980 1094 1017 quod
1110 980 1213 1015 David,
1230 980 1282 1016 qui
1294 979 1401 1008 dieitur
1415 979 1546 1014 humilis,
1558 987 1627 1007 cum
1641 978 1794 1016 lapidibus

1009 1027 1110 1056 fundae
1137 1027 1253 1056 Goliam
1279 1026 1442 1061 interiecit,
1470 1028 1501 1054 ut
1529 1026 1636 1054 dicitur
1659 1026 1690 1054 in
1713 1025 1798 1054 libris

1011 1076 1121 1110 Requm.
1133 1074 1239 1109 Quinto
1254 1073 1405 1102 humilitas
1421 1075 1463 1102 est
1475 1073 1549 1101 sicut
1562 1072 1705 1101 adamas:
1724 1080 1797 1101 nam

1011 1122 1085 1150 sicut
1099 1121 1223 1150 adamas
1238 1123 1280 1149 est
1294 1121 1371 1157 lapis
1385 1121 1436 1157 qui
1451 1120 1551 1148 reddit
1560 1119 1716 1148 hominem
1731 1127 1796 1155 gra-

1011 1169 1130 1203 tiosum,
1141 1168 1182 1196 sie
1193 1168 1344 1196 humilitas
1352 1167 1505 1196 hominem
1518 1168 1576 1195 Deo
1587 1169 1614 1195 et
1622 1166 1796 1195 hominibus

1010 1215 1079 1244 facit
1090 1223 1152 1244 esse
1167 1215 1334 1251 placentem
1350 1216 1378 1242 et
1392 1216 1520 1250 gratum.
1537 1213 1619 1241 Unde
1636 1213 1744 1241 dieitur
1758 1212 1796 1242 de

1011 1262 1177 1290 humilitate
1201 1262 1231 1289 in
1256 1262 1461 1289 Deuteronomio
1487 1260 1497 1277 ⁹
1523 1269 1531 1288 :
1557 1260 1601 1288 Sit
1626 1260 1734 1295 placens
1760 1259 1796 1295 (α)

1012 1310 1146 1343 fratribus
1159 1310 1227 1336 suis.
1243 1310 1274 1336 Et
1288 1308 1363 1336 sieut
1377 1315 1466 1335 coram
1484 1308 1538 1335 Deo
1552 1310 1577 1334 et
1593 1306 1745 1334 hominibus
1760 1307 1799 1334 est

1012 1357 1139 1391 superbia
1160 1355 1268 1387 odiosa,
1285 1357 1317 1383 ut
1329 1354 1437 1389 dicitur
1452 1353 1482 1381 in
1501 1354 1690 1381 Ecclesiastico
1706 1353 1742 1386 ¹⁰,-
1759 1352 1799 1381 ita

1012 1402 1164 1431 humilitas
1178 1404 1221 1430 est
1236 1403 1295 1429 Deo
1311 1403 1338 1429 et
1352 1400 1527 1429 hominibus
1541 1400 1682 1435 gratiosa.

1050 1451 1120 1478 ltem
1141 1448 1292 1477 humilitas
1315 1456 1384 1476 cum
1404 1449 1462 1475 Deo
1481 1447 1567 1483 quasi
1588 1446 1625 1475 de
1644 1445 1710 1482 pari
1727 1453 1800 1474 con-

1015 1497 1107 1525 tendit
1128 1497 1175 1532 (ὁ),
1191 1504 1259 1524 cum
1275 1494 1580 1529 divinaliberalitate‚
1597 1494 1659 1528 ejus
1673 1493 1800 1528 gratiam

1014 1551 1132 1580 semper
1146 1543 1335 1579 recipiend0;
1359 1542 1530 1578 superbiam
1550 1539 1800 1576 circumvenit(c),

1015 1591 1170 1619 meliorem
1185 1592 1301 1627 partem
1317 1589 1471 1625 eligendo;
1491 1588 1647 1616 diabolum
1664 1586 1800 1623 despicit,

1016 1639 1078 1673 ejus
1098 1637 1222 1674 laqueos
1243 1636 1411 1665 evadendo.
1437 1635 1589 1664 Humilitas
1610 1635 1699 1671 igitur
1715 1634 1801 1670 quasi

1017 1685 1053 1713 de
1069 1685 1133 1721 pari
1148 1684 1299 1712 contendit
1318 1691 1386 1711 cum
1407 1682 1509 1710 divina
1524 1681 1712 1716 liberalitate,
1728 1681 1802 1718 quia

1017 1735 1129 1768 quanto
1145 1731 1248 1759 divina
1269 1730 1431 1758 liberalitas
1451 1730 1558 1757 animae
1581 1729 1668 1765 plura
1684 1729 1801 1763 tribuit,

1017 1781 1098 1808 tanto
1117 1779 1182 1815 ipsa
1196 1778 1235 1806 ad
1252 1777 1458 1813 recipiendum
1478 1776 1510 1804 fit
1528 1776 1680 1812 capacior3
1697 1779 1725 1804 et
1744 1775 1802 1804 hoc

1018 1826 1124 1862 triplici
1141 1827 1214 1859 arte,
1230 1824 1339 1853 scilicet
1353 1832 1385 1852 se
1400 1823 1555 1852 dilatando
1569 1831 1623 1860 per
1639 1822 1803 1859 gratiarum

1017 1873 1180 1907 actionem,
1199 1870 1386 1900 incurvando
1401 1878 1455 1907 per
1471 1870 1611 1899 devotam
1626 1870 1803 1905 orationem,

1019 1922 1047 1948 et
1066 1919 1242 1948 evacuando
1262 1926 1316 1955 per
1336 1918 1489 1946 modicam
1510 1918 1555 1945 sui
1575 1917 1802 1953 reputationem.

1018 1967 1116 1995 Primo
1132 1966 1212 1994 enim
1232 1965 1399 2000 humilitas,
1421 1973 1490 1993 cum
1511 1964 1615 2001 recipit
1640 1963 1690 1992 Dei
1713 1964 1804 1992 bene-

1018 2014 1096 2046 ficia,
1116 2013 1225 2049 gratias
1234 2013 1353 2048 agendo
1364 2020 1394 2040 se
1407 2012 1510 2040 dilatat
1517 2021 1525 2047 3
1542 2014 1571 2040 et
1580 2012 1621 2039 sic
1631 2010 1803 2048 recipiendo

1019 2063 1104 2097 parat
1118 2068 1235 2097 semper
1246 2060 1347 2088 locum
1356 2080 1365 2093 ,
1381 2061 1413 2087 ut
1426 2061 1499 2087 Deus
1515 2058 1644 2095 amplius
1657 2057 1802 2086 infundat.

1020 2108 1101 2137 Unde
1114 2108 1179 2144 ipsa
1188 2109 1229 2136 est
1244 2115 1290 2134 vas
1304 2107 1467 2134 admirabile
1479 2113 1546 2142 opas
1558 2106 1676 2140 EoeceIst',
1693 2107 1725 2133 ut
1734 2104 1805 2133 diei-

1021 2158 1069 2184 tur
1095 2155 1125 2183 in
1155 2155 1342 2182 Ecclesiastico
1358 2156 1387 2182 ¹¹.
1413 2155 1444 2181 Et
1470 2153 1548 2181 bene
1575 2151 1725 2180 humilitas
1752 2158 1806 2179 vas

1022 2201 1199 2231 admirabile
1222 2201 1348 2234 dicitur,
1373 2200 1460 2236 quia,
1488 2199 1561 2227 dum
1586 2198 1741 2235 impletur,
1768 2198 1805 2226 de

1022 2249 1195 2285 impletione
1224 2247 1363 2284 capacior
1388 2246 1523 2274 efficitur.
1548 2245 1684 2274 Secundo
1709 2244 1806 2273 humi-

1022 2296 1089 2325 litas
1103 2303 1156 2332 per
1171 2295 1338 2322 orationem
1353 2301 1382 2321 se
1398 2293 1544 2327 incurvat,
1560 2294 1589 2321 et
1603 2293 1645 2320 sic
1657 2292 1696 2320 ad
1709 2291 1804 2326 magis

1022 2341 1222 2371 hauriendum
1247 2349 1278 2368 se
1302 2342 1472 2376 praeparat:
1499 2347 1570 2367 nam
1595 2339 1669 2367 sicut
1697 2337 1805 2373 hydria

1023 2390 1163 2417 curvatur
1190 2389 1222 2415 ut
1243 2387 1361 2415 hauriat
1383 2394 1512 2422 aquam,
1535 2386 1577 2413 sie
1600 2384 1750 2413 humilitas
1773 2392 1804 2411 se

1023 2436 1158 2464 incurvat
1181 2437 1213 2462 ut
1238 2434 1373 2467 hauriat,
1398 2436 1425 2461 et
1447 2433 1503 2460 hoc
1527 2431 1662 2466 orando,
1679 2431 1805 2466 gratiam

1025 2483 1174 2516 divinam3
1191 2483 1219 2509 et
1237 2482 1349 2517 quanto
1366 2481 1440 2508 Deus
1455 2479 1583 2515 amplius
1598 2477 1708 2512 donat,
1724 2480 1804 2506 tanto

1025 2530 1089 2565 ipsa
1117 2528 1245 2564 amplius
1271 2527 1418 2563 postulat,
1441 2526 1501 2554 imo
1526 2533 1681 2560 nunquam
1706 2527 1805 2560 petere

1025 2578 1133 2611 cessat5
1151 2578 1179 2604 et
1192 2576 1260 2604 ideo
1276 2575 1307 2603 in
1328 2582 1363 2603 ea
1383 2573 1539 2610 impletur,
1556 2572 1639 2608 quod
1654 2571 1759 2599 dicitur
1774 2570 1805 2599 in

1027 2667 1057 2673 -
1072 2655 1080 2669 Ξ*
1093 2655 1178 2683 Dent„
1194 2659 1293 2683 xxxin,
1309 2654 1347 2678 24.
1360 2664 1391 2670 —
1407 2651 1426 2668 ¹⁸
1443 2651 1538 2680 Eccli.,
1555 2657 1586 2681 x,
1601 2652 1625 2675 Ἰ.
1643 2663 1674 2668 -
1694 2649 1713 2666 ¹¹
1730 2648 1802 2677 ibid„

1027 2696 1102 2720 xciii,
1117 2691 1140 2714 2.
1155 2702 1186 2707 —
1199 2690 1230 2719 (a)
1249 2689 1308 2713 Caet.
1324 2688 1385 2712 edit.
1405 2687 1463 2711 odd.
1480 2687 1522 2712 de.
1540 2686 1616 2718 —(b)
1631 2684 1719 2717 Suppl.
1735 2683 1803 2709 scili-

1027 2728 1075 2751 cet.
1089 2739 1118 2744 —
1132 2725 1162 2756 (c)
1179 2725 1239 2750 Coet.
1255 2725 1315 2749 edit.
1330 2723 1388 2748 add.
1405 2725 1438 2748 et.
