2004 3037
812 250 942 283 CAPUT
962 250 1120 284 CXXXIV.

155 318 271 347 famoso
287 318 416 355 epulone
431 339 441 353 ‚
456 318 508 355 qui
521 319 658 346 mortuus
673 319 732 354 est,
754 319 784 346 et
802 318 936 356 sepultus

155 365 187 393 in
201 365 329 402 inferno,
346 367 401 394 etc.
417 366 494 401 Luc„
509 373 570 401 xvr,
584 365 629 393 22.

192 412 321 442 Herodes
350 413 456 441 sedens
483 421 539 450 pro
566 412 728 448 tribunali,
758 414 786 440 et
814 413 936 442 vestitus

153 462 234 489 veste
247 460 356 496 regali,
373 460 608 489 concionabatur
627 460 667 488 ad
683 459 832 497 populum
852 469 859 488 ι
880 468 936 497 po-

153 507 243 543 pulus
263 509 362 536 autem
382 507 568 536 acclamabat
588 516 594 534 :
615 517 628 534 «
643 507 692 536 Dei
707 514 815 541 voces,
831 509 859 535 et
873 515 935 535 non

153 554 284 582 hominis
301 563 307 582 ε
323 565 337 582 »
356 554 510 583 confestim
526 556 625 582 autem
637 553 781 591 percussit
795 561 864 581 eum
878 555 936 582 An-

154 601 237 636 gelus
251 601 384 637 Domini,
401 610 437 630 eo
454 601 537 638 quod
559 609 621 629 non
640 601 770 629 dedisset
786 601 934 629 honorem

153 649 225 683 Deo,
242 650 270 676 et
285 650 509 685 consumptus'a
521 648 674 676 vermibus
689 647 844 685 expiravit,
856 649 932 685 Act„

152 703 203 730 xii,
218 697 310 724 21-23.

366 777 509 811 CAPUT
533 776 715 811 CXXXIV.

324 858 363 884 De
380 857 502 892 pretiosa
519 859 604 884 morte
619 857 762 891 justorum.

190 943 202 959 «
214 934 286 961 Cum
300 935 397 962 essent
406 933 436 961 in
451 942 523 970 agro
534 934 605 961 Cain
615 935 643 962 ct
653 933 736 969 Abel,
751 933 935 962 consurrexit

151 980 221 1008 Cain
240 981 384 1008 adversus
398 981 472 1008 Abel
486 981 606 1008 fratrem
623 989 725 1015 suum,
748 982 776 1008 et
790 980 934 1008 interfecit

150 1035 228 1056 eum.
240 1038 254 1054 »i
271 1029 349 1062 Gen„
364 1036 402 1063 1v,
415 1029 441 1055 8.
458 1027 612 1056 Rationem
628 1029 727 1056 autem
737 1027 831 1063 tangit
845 1029 932 1055 Joan-

149 1082 212 1110 nes,
225 1074 345 1103 dicens:
362 1075 531 1108 «Quoniam
547 1083 639 1111 opera
654 1074 747 1110 ipsius
761 1074 835 1102 Abel
850 1076 933 1103 erant

147 1121 236 1156 justa.
247 1132 261 1149 »
280 1123 395 1156 lJoan.,
411 1130 457 1157 in,
475 1123 518 1149 12.

188 1181 200 1194 «
209 1169 379 1198 Ambulavit
389 1170 488 1198 Enoch
499 1178 567 1197 cum
580 1171 650 1204 Deo,
664 1171 692 1197 et
706 1177 767 1197 non
783 1169 931 1205 apparuit,

148 1217 220 1253 quia
231 1217 296 1245 tulit
310 1225 378 1244 eum
393 1218 478 1244 Deus.
488 1226 501 1242 n
521 1217 598 1251 Gen„
614 1224 642 1251 v,
657 1216 702 1244 24.

186 1273 200 1290 α
211 1266 339 1293 Mortuus
348 1266 390 1291 est
399 1264 549 1292 Abraham
561 1263 591 1291 in
601 1265 749 1291 senectute
760 1263 852 1298 bona,
863 1271 932 1298 pro-

147 1313 298 1347 vectaeque
313 1311 420 1345 aetatis,
443 1313 470 1339 et
489 1311 597 1347 plenus
617 1311 749 1346 dierum,
770 1318 933 1346 cougrega-

148 1361 253 1395 tusque
269 1360 311 1386 est
326 1358 365 1386 ad
379 1358 527 1395 populum
542 1367 639 1386 suum.
656 1370 668 1383 »
688 1358 763 1390 Gen„
780 1366 848 1393 xxv,
864 1359 888 1385 8.

188 1415 201 1432 «
214 1406 359 1442 Completi
376 1407 444 1433 sunt
463 1405 526 1433 dies
545 1406 624 1434 Isaac
645 1407 764 1433 eentum
784 1405 934 1440 octoginta

150 1461 315 1488 annorum,
341 1455 594 1489 consumptusque
615 1454 698 1481 aetate
719 1454 854 1480 mortuus
876 1454 932 1487 est,

150 1502 178 1528 et
197 1500 349 1536 appositus
374 1502 417 1528 est
438 1500 554 1536 populo
581 1508 635 1528 suo
661 1508 750 1528 senex
776 1502 804 1527 et
825 1499 933 1535 plenus

147 1555 307 1575 annorum.
323 1557 336 1573 n
357 1547 433 1580 Gen„
448 1556 539 1581 xxxv,
552 1548 648 1575 28-29.

186 1594 308 1629 «Jacob,
317 1594 406 1622 finitis
418 1594 577 1627 mandatis,
587 1594 698 1630 quibus
712 1594 790 1621 filios
805 1593 931 1621 instrue-

146 1641 212 1676 bat,
229 1641 350 1677 collegit
367 1641 460 1677 pedes
478 1649 547 1669 suos
565 1649 653 1677 snper
676 1641 818 1668 lectulum
832 1649 931 1676 suum,

147 1690 175 1716 et
199 1688 289 1723 obiit,
308 1690 335 1716 et
356 1688 509 1725 appositus
524 1690 566 1716 est
580 1687 619 1716 ad
633 1688 782 1724 populum
801 1696 898 1715 suum.
915 1698 928 1714 »

147 1736 226 1770 Gen„
241 1743 324 1770 xux,
340 1737 386 1764 32.

182 1784 255 1811 Cum
278 1782 444 1818 adjurasset
469 1782 578 1819 Joseph
604 1782 707 1810 fratres
730 1790 815 1816 suos,
841 1783 931 1818 atque

147 1830 282 1858 dixisset:
301 1840 313 1856 (ι
330 1831 405 1857 Deus
428 1829 558 1857 visitabit
581 1837 646 1864 VOS,
667 1831 816 1865 asportate
833 1829 933 1857 vohis-

147 1885 214 1904 cum
230 1884 297 1904 ossa
313 1885 381 1904 mea
394 1876 432 1904 de
447 1877 514 1904 loco
529 1877 602 1911 isto,
619 1886 632 1902 »
648 1878 783 1904 mortuus
799 1877 858 1911 est,
875 1877 929 1904 etc.

149 1924 227 1958 Gen.,
246 1932 277 1958 L,
293 1925 338 1957 24,
354 1925 400 1950 25.

186 1971 410 1999 «Ascenderunt
423 1971 538 2006 Moyses
549 1972 576 1997 et
590 1972 698 2005 Aaron,
707 1970 791 2005 juxta
806 1969 930 1997 manda-

145 2021 209 2046 tum
226 2018 353 2052 Domini,
364 2018 394 2046 in
409 2020 542 2046 montem
557 2020 626 2052 Hor,
641 2026 742 2046 coram
758 2017 840 2046 omni
855 2017 931 2044 mul-

144 2066 270 2094 titudine
278 2076 286 2101 3
304 2074 433 2102 cumque
446 2068 545 2094 Aaron
561 2066 739 2103 expoliasset
753 2074 783 2094 se
799 2065 931 2093 vestibus

146 2113 223 2147 suis,
238 2113 336 2140 induit
350 2114 391 2140 eis
406 2113 593 2150 Eleazarum,
606 2124 618 2141 »
636 2115 664 2141 et
679 2115 815 2142 mortuus
830 2115 872 2141 est
886 2112 929 2140 ibi

144 2162 255 2188 Aaron.
270 2162 365 2195 Num,
380 2169 430 2193 xx,
447 2162 539 2189 27-29.

180 2209 294 2243 Moyses
313 2216 415 2235 servus
431 2207 547 2236 Domini
566 2210 728 2236 «mortuus
747 2208 834 2236 estin
853 2210 930 2236 terra

143 2254 241 2289 Moab,
254 2254 377 2290 jubente
394 2255 533 2291 Domino,
550 2257 578 2283 et
592 2255 726 2292 sepelivit
747 2263 817 2283 eum
832 2255 930 2283 Domi-

144 2309 217 2337 nus3
237 2301 289 2329 sed
312 2310 373 2330 non
397 2303 539 2338 cognovit
557 2303 649 2330 homo
672 2302 841 2339 sepulcrum
866 2302 929 2338 ejus

143 2348 283 2385 usquein
296 2351 470 2385 praesentem
485 2349 598 2378 diem.»
618 2352 709 2385 Dent„
725 2358 824 2385 xxxiv,
842 2350 900 2377 5-6.

180 2396 282 2431 David,
296 2398 365 2432 post
378 2397 600 2425 instructionem
614 2397 668 2424 filii
684 2397 729 2425 sui
745 2397 927 2431 Salomonis,

144 2444 172 2470 et
187 2443 353 2471 orationem
367 2452 459 2480 quam
473 2444 541 2472 fecit
555 2444 593 2472 ad
606 2444 765 2472 Dominum
781 2452 837 2480 pro
852 2452 888 2472 eo
901 2446 929 2472 et

144 2491 205 2518 toto
216 2491 362 2527 populo,«
370 2493 503 2519 mortuus
514 2492 595 2520 estin
604 2493 750 2520 senectute
760 2491 854 2526 bona,
864 2491 929 2527 plc-

144 2546 200 2566 nus
215 2539 343 2574 dierum,
353 2539 461 2567 divitiis
478 2542 505 2567 et
521 2539 648 2575 gloria.»
659 2541 778 2571 1Paral..
790 2547 869 2575 xxm,
881 2541 926 2567 28.

184 2596 196 2611 ι(
206 2587 279 2613 Cum
299 2588 456 2622 pergerent
474 2586 563 2614 simul
576 2586 654 2615 Ellas
669 2589 696 2614 et
716 2586 826 2615 Eliseus
835 2607 844 2621 ‚
860 2595 927 2614 ecce

145 2641 248 2661 currus
264 2633 368 2668 igneus
390 2636 418 2662 et
439 2634 508 2670 equi
527 2634 608 2670 ignei
631 2633 794 2662 diviserunt
814 2636 928 2662 utrum-

178 2724 211 2754 (a)
231 2724 292 2748 Coet.
311 2724 371 2749 edit,
387 2725 542 2756 sepelierunt
557 2732 616 2749 eum
633 2725 718 2750 onmis
730 2725 849 2756 coguatio
864 2727 927 2758 ejus,

267 2777 341 2801 Toni.
364 2778 432 2802 Vm.

1714 255 1769 284 64⁴1

992 326 1065 355 que,
1081 321 1109 347 et
1119 319 1254 348 ascendit
1267 319 1343 348 Elias
1354 327 1408 356 per
1423 319 1572 348 turbinem
1583 319 1614 348 in
1627 320 1746 349 coelum.
1758 332 1771 348 »

990 367 1024 394 lv
1038 367 1116 402 Rea„
1132 374 1168 402 n,
1183 368 1228 395 11.

1030 413 1172 449 «Spiritus
1181 413 1297 442 Domini
1305 413 1402 442 induit
1409 413 1580 442 Zachariam
1591 413 1687 443 filium
1697 415 1710 443 J
1713 415 1775 444 oia-

991 460 1051 496 dae,
1078 463 1105 489 et
1130 461 1204 489 dixit
1226 460 1364 498 populo:
1384 462 1508 496 «Quare
1533 462 1775 498 transgredimini

990 509 1172 544 praeceptum
1185 508 1314 543 Domini,
1326 508 1410 545 quod
1423 508 1511 537 vobis
1521 517 1583 537 non
1592 510 1747 545 proderit?
1757 520 1771 538 n

990 554 1044 588 Qui
1060 555 1232 591 congregati
1249 555 1391 584 adversus
1407 564 1487 591 eum,
1502 556 1646 584 miseruut
1659 557 1775 593 lapides

987 602 1074 637 J'uxta
1093 602 1172 638 regis
1195 602 1367 639 imperium,
1382 613 1395 630 »
1414 604 1442 631 et
1462 603 1503 630 sic
1525 603 1693 632 interfectus
1721 607 1772 632 est.

989 650 1011 677 11
1027 650 1166 685 Paralip.,
1183 658 1266 685 xxw,
1281 651 1328 685 20,
1344 652 1387 679 21.

1025 696 1141 731 Tobias,
1159 697 1210 724 «in
1219 697 1295 725 hora
1309 698 1413 725 mortis
1427 705 1500 733 suae,
1512 697 1630 726 vocavit
1649 698 1775 727 Tobiam

989 742 1086 771 filium
1106 752 1209 779 suum,
1229 746 1256 772 et
1272 745 1386 780 septem
1402 745 1528 780 juvenes
1546 746 1671 781 nepotes
1692 754 1773 781 suos,

990 789 1124 826 dixitque
1147 791 1188 818 eis
1209 799 1216 818 :
1235 792 1330 827 Prope
1351 792 1393 820 est
1406 791 1510 819 Ninive
1530 791 1701 827 interitus,»
1719 794 1774 821 etc.

992 837 1137 872 Tob.,x1v‚
1150 839 1175 865 Pi.
1188 839 1221 866 Et
1231 838 1268 866 de
1283 838 1375 867 Tohia
1390 838 1453 866 filio
1470 839 1549 874 ejus,
1561 838 1668 867 dicitur
1682 839 1775 875 paulo

989 886 1075 919 post:
1089 894 1103 911 «
1115 885 1274 921 completis
1289 886 1375 914 annis
1390 887 1555 922 nonaginta
1569 894 1682 915 novem
1696 887 1726 915 in
1740 888 1776 915 ti-

990 939 1074 959 more
1105 932 1237 968 Domini,
1263 941 1332 961 cum
1355 934 1468 969 gaudio
1495 934 1674 970 sepelierunt
1694 943 1772 963 eum.

991 977 1091 1005 Omnis
1106 980 1244 1013 cognatio
1261 980 1334 1015 ejus,
1348 990 1362 1006 n
1381 982 1434 1008 etc.
1453 980 1488 1017 (a)
1505 981 1591 1016 ibid„
1608 983 1701 1009 16-17.

1029 1035 1042 1050 «
1056 1025 1133 1053 Vixit
1147 1026 1202 1054 Job
1215 1028 1282 1062 post
1302 1027 1422 1062 flagella
1436 1030 1556 1056 centum
1572 1029 1773 1064 quadraginta

991 1074 1087 1109 annis,
1104 1076 1132 1102 et
1144 1075 1218 1104 vidit
1232 1076 1311 1104 filios
1325 1068 1458 1105 filiorum
1473 1085 1567 1114 usque
1583 1077 1623 1106 ad
1638 1079 1774 1114 quartam

991 1122 1232 1157 generationem,
1249 1125 1277 1152 et
1298 1126 1434 1152 mortuus
1453 1126 1496 1153 est
1515 1133 1606 1153 senex
1627 1128 1654 1153 et
1668 1125 1775 1161 plenus

992 1168 1119 1197 dierum.
1136 1180 1149 1196 »
1167 1171 1226 1205 Job,
1242 1179 1313 1206 xm,
1332 1173 1374 1200 16.

1027 1217 1126 1245 Noluit
1139 1217 1233 1246 David
1247 1218 1318 1246 flere
1330 1227 1386 1255 pro
1400 1219 1462 1247 filio
1474 1220 1630 1249 innocente
1642 1222 1774 1256 mortuo,

992 1263 1044 1299 qui
1057 1264 1177 1292 fleverat
1190 1273 1245 1301 pro
1259 1265 1378 1294 infirmo
1386 1275 1394 1302 3
1416 1266 1469 1295 sed
1483 1268 1613 1296 multum
1626 1268 1707 1296 flevit
1718 1277 1774 1305 pro

990 1311 1140 1346 parricida
1152 1320 1306 1348 suspenso.
1323 1314 1344 1341 11
1360 1315 1437 1349 Req„
1453 1322 1494 1342 xn
1509 1316 1538 1343 et
1550 1323 1628 1343 xviii.

1027 1359 1095 1386 Post
1120 1358 1345 1388 instructionem
1371 1363 1398 1388 et
1421 1361 1669 1390 confortationem
1693 1362 1773 1391 filio-

990 1413 1073 1440 rum,
1089 1406 1262 1435 Mathathias
1282 1408 1461 1437 «benedixit
1484 1417 1549 1444 θος,
1567 1411 1595 1438 et
1618 1409 1775 1438 defunctus

992 1453 1145 1489 appositus
1161 1456 1203 1483 est
1218 1455 1257 1482 ad
1272 1458 1370 1491 patres
1388 1464 1467 1484 suos.
1480 1466 1492 1483 »
1512 1459 1521 1485 1
1536 1458 1639 1492 Mac-h„
1656 1466 1687 1493 11,
1706 1459 1749 1486 69.

1027 1501 1134 1528 Videns
1149 1501 1239 1530 Judas
1260 1502 1443 1531 Machabaeus
1463 1504 1685 1532 multitudinem
1706 1505 1775 1532 hos-

992 1548 1078 1583 tium,
1096 1550 1123 1576 et
1144 1549 1324 1585 paucitatem
1345 1558 1484 1586 suorum,
1501 1551 1556 1578 ait:
1575 1561 1588 1577 «
1604 1551 1631 1579 Si
1651 1552 1775 1588 propin-

991 1595 1128 1630 quaverit
1141 1597 1258 1632 tempus
1276 1598 1427 1632 nostrum,
1443 1598 1608 1626 moriamur
1622 1598 1653 1626 in
1667 1599 1773 1627 virtute

989 1644 1112 1678 propter
1126 1642 1229 1671 fratres
1244 1646 1396 1672 nostros.»
1416 1647 1424 1673 I
1440 1646 1545 1678 Macte„
1562 1654 1602 1680 ιΧ,
1619 1647 1663 1674 10.

1026 1689 1191 1725 Eleazarus,
1203 1693 1327 1726 propter
1340 1691 1434 1719 multa
1449 1694 1594 1720 tormenta
1609 1692 1666 1720 sihi
1680 1692 1771 1730 illata,

989 1735 1049 1764 vita
1065 1736 1190 1765 decessit
1208 1738 1375 1766 «universae
1390 1738 1470 1773 genti
1482 1739 1659 1767 memoriam
1669 1741 1773 1769 mortis

989 1791 1049 1810 suae
1064 1783 1104 1811 ad
1123 1784 1293 1821 exemplum
1308 1785 1423 1813 virtutis
1443 1788 1471 1813 et
1489 1786 1670 1814 fortitudinis
1686 1787 1772 1816 dere-

988 1829 1139 1866 linquens.
1153 1842 1166 1858 »
1189 1833 1211 1860 11
1227 1833 1331 1867 Maeli„
1347 1841 1384 1865 Vi,
1403 1834 1447 1861 31.

1025 1878 1143 1913 Septem
1159 1878 1201 1905 illi
1220 1878 1323 1907 fratres
1344 1888 1412 1907 cum
1431 1880 1481 1916 pia
1494 1882 1588 1909 matre
1608 1889 1662 1909 sua
1680 1881 1773 1910 finem

987 1924 1064 1952 miro
1081 1925 1174 1953 modo
1190 1925 1381 1954 laudabiliter
1395 1927 1537 1962 fecerunt,
1550 1931 1577 1956 et
1592 1932 1716 1964 possunt
1730 1929 1772 1957 ibi

988 1971 1082 1999 multa
1095 1973 1191 1999 notari
1206 1973 1320 2000 virtutis
1338 1974 1485 2009 exempla.
1501 1976 1523 2002 11
1538 1976 1640 2009 Maeli„
1655 1983 1706 2003 vu.

1023 2019 1078 2045 Pro
1104 2019 1225 2047 veritate
1252 2022 1279 2047 et
1307 2020 1435 2048 maritali
1463 2021 1616 2050 honestate
1643 2024 1771 2051 Joannes

988 2065 1115 2100 Baptista
1144 2065 1308 2094 decollatus
1333 2067 1387 2095 fuit
1411 2067 1449 2095 ab
1473 2069 1589 2097 Herode
1614 2070 1768 2098 tetrarcha.

988 2112 1100 2146 Matth„
1116 2121 1178 2148 xiv,-
1197 2114 1295 2147 Marc„
1312 2122 1350 2141 vr.

1024 2160 1062 2186 De
1078 2159 1131 2187 illo
1146 2160 1262 2188 famoso
1281 2169 1411 2196 paupere
1426 2163 1534 2190 Lazaro
1551 2163 1693 2200 scriptum
1709 2166 1765 2199 est,

986 2207 1063 2241 Luc„
1078 2215 1135 2242 xw,
1152 2208 1186 2235 22
1201 2217 1208 2235 z
1226 2218 1238 2234 α
1253 2209 1373 2236 Factum
1389 2211 1432 2236 est
1452 2212 1482 2237 ut
1502 2213 1667 2238 moreretur
1687 2219 1768 2238 men-

987 2253 1085 2289 dicus,
1101 2256 1129 2282 et
1142 2257 1309 2291 portaretur
1325 2255 1364 2284 ab
1382 2256 1495 2292 angelis
1510 2257 1540 2284 in
1559 2258 1657 2286 sinum
1674 2258 1767 2287 Abra-

986 2300 1048 2336 hae,
1063 2310 1077 2327 n
1095 2304 1150 2331 etc.

1024 2348 1285 2386 Qualitercumque
1307 2350 1414 2378 vixerit
1437 2351 1488 2379 ille
1512 2351 1603 2386 latro,
1626 2352 1673 2380 cui
1694 2361 1768 2388 pen-

987 2395 1067 2423 denti
1082 2396 1157 2424 dixit
1170 2397 1318 2425 Christus:
1333 2407 1347 2424 «
1362 2398 1454 2426 Hodie
1469 2407 1586 2426 mecum
1602 2399 1658 2427 eris
1673 2400 1703 2427 in
1717 2408 1769 2435 pa-

986 2443 1097 2478 radiso,
1112 2454 1124 2470 »
1143 2443 1266 2472 feliciter
1277 2447 1414 2473 mortuus
1429 2447 1480 2474 esi.
1498 2447 1572 2479 Luc„
1588 2454 1668 2481 xxiii,
1685 2448 1729 2475 43.

1023 2492 1096 2518 Dum
1105 2491 1288 2527 lapidaretur
1295 2493 1399 2520 beatus
1405 2493 1580 2529 Stephanus,
1587 2504 1599 2519 α
1606 2494 1768 2522 invocabat
1808 2505 1811 2507 ·

986 2539 1163 2573 Dominum,
1184 2541 1212 2567 et
1233 2539 1352 2567 dicebat
1369 2549 1375 2567 :
1395 2550 1409 2566 «
1428 2541 1550 2568 Domine
1565 2542 1646 2576 Jesu,
1664 2542 1764 2577 accipe

986 2586 1121 2622 spiritum
1137 2594 1249 2614 meum.
1266 2596 1279 2613 »
1292 2587 1395 2615 Positis
1410 2590 1508 2616 autem
1524 2588 1651 2624 genibus
1671 2589 1765 2617 excla-

985 2633 1093 2667 mavit,
1110 2641 1183 2661 voce
1196 2642 1307 2669 magna
1326 2634 1426 2662 dicens
1443 2645 1449 2663 :
1471 2645 1484 2661 «
1498 2636 1634 2671 Domine,
1655 2644 1692 2664 ne
1708 2638 1766 2665 sta-

985 2683 1050 2709 tuas
1062 2680 1119 2708 illis
1133 2681 1191 2709 hoc
1211 2684 1377 2717 peccatum.
1396 2693 1408 2709 >›
1432 2684 1464 2710 Et
1479 2691 1548 2711 cum
1560 2683 1617 2711 hoc
1633 2683 1764 2718 dixisset,

987 2727 1172 2756 obdormivit
1196 2728 1226 2756 ln
1250 2728 1413 2758 Domino.»
1431 2730 1507 2763 Act„
1532 2738 1582 2765 vn,
1605 2732 1696 2758 58-59.
1715 2731 1766 2759 Cui

1608 2785 1644 2813 41
