2004 3037
825 243 1040 277 PROLOGUS.
1724 257 1740 285 3

131 315 180 344 dei
204 315 340 352 superius
358 314 530 350 aedificetur,
552 315 593 348 et,
616 312 746 350 perfecto
769 312 907 347 aedificio,

127 361 191 398 jam
205 361 287 398 ligna
307 361 461 399 supposita
475 360 593 398 penitus
608 361 784 388 amoventur
799 359 852 396 (a):
867 359 909 388 sic

131 409 160 437 et
178 416 276 443 mem,
293 416 361 437 cum
375 408 473 445 primo
496 407 533 436 sit
553 407 584 435 in
603 414 705 435 amore
727 405 909 443 imperfecta,

130 458 198 493 post
221 455 261 484 ad
278 455 388 484 amoris
408 454 620 491 perfectionem
642 453 817 482 meditando
839 461 909 481 con-

131 502 241 539 surgit3
255 504 284 530 et
297 510 365 530 cum
379 509 434 538 per
444 502 572 530 multum
585 500 757 530 exercitium
766 499 796 528 in
807 507 910 528 amore

131 549 245 578 unitivo
268 548 356 577 fuerit
383 548 572 583 confirmata,
603 549 631 576 et
658 548 780 584 propter
803 547 910 575 multas

132 595 333 632 flammigeras
347 596 456 624 amoris
470 595 658 629 affectiones,
674 594 736 622 sive
757 594 910 630 aspiratio-

134 652 196 680 nes,
211 653 301 681 supra
314 644 444 681 seipsam
457 643 601 672 Creatoris
615 642 661 670 sui
677 642 799 670 dextera
812 641 912 670 suble-

133 693 201 720 vata
216 691 299 720 citius
314 699 406 728 quam
421 690 543 726 cogitari
562 689 667 726 possit,
688 689 751 717 sine
766 689 848 717 omni
863 696 911 717 co-

133 738 274 774 gitatione
283 738 406 775 praevia,
416 737 464 766 vel
477 737 704 771 concomitante,
716 736 912 772 quotiescum-

133 793 191 821 que
205 785 314 822 placet,
336 784 444 813 centies
459 784 506 813 vel
520 783 659 812 millesies
674 783 711 811 de
727 783 775 810 die
784 803 793 818 ,
811 782 860 811 vel
874 782 911 811 de

132 834 219 861 nocte
233 833 264 861 in
283 834 342 861 Deo
361 832 501 866 afficitur,
522 831 561 860 ad
580 831 680 868 ipsum
699 831 798 859 solum
819 830 912 866 possi-

135 879 268 908 dendum
285 879 556 907 innumerabilibus
571 877 724 906 desideriis
739 877 909 914 aspirando.

134 926 179 954 Sic
196 926 276 954 enim
298 926 423 962 quilibet
443 933 540 953 novus
559 924 722 961 discipulus
741 924 781 952 ad
801 924 913 960 perfec-

134 972 246 1000 tionem
265 972 354 1008 hujus
377 971 505 1000 scientiae
529 971 678 1007 gradatim
702 970 859 1005 ascendat,
881 972 914 998 ut

133 1018 231 1054 primo
247 1019 279 1046 in
292 1018 342 1047 via
355 1019 529 1055 purgativa,
545 1026 610 1054 quae
626 1019 669 1045 est
687 1018 736 1046 via
749 1018 871 1054 puerilis
886 1020 914 1045 et

133 1065 349 1102 incipientium,
364 1065 577 1094 studiosissime
589 1073 620 1093 se
631 1067 774 1101 exerceat,
787 1073 854 1101 quae
866 1065 914 1093 hic

133 1112 236 1149 incipit
254 1113 282 1140 ¹:
305 1114 422 1140 ‚Iustitia
445 1115 469 1140 et
491 1113 630 1147 judicium
650 1113 819 1147 proeparatio
842 1112 914 1140 sedis

135 1161 198 1186 tuoe.
215 1160 318 1187 Postea
338 1161 437 1187 autem
455 1167 509 1196 per
528 1159 656 1195 spatium
672 1158 784 1187 modici
799 1161 914 1194 tempo-

134 1206 189 1240 ris,
205 1206 314 1234 scilicet
332 1214 386 1242 per
405 1214 539 1234 mensem
559 1214 668 1240 unum,
683 1205 731 1233 vel
755 1213 808 1242 per
826 1205 913 1240 duos,

135 1253 300 1281 secundum
311 1253 404 1289 quod,
416 1253 519 1281 divino
530 1253 779 1289 superirradiante
790 1252 914 1287 lumine,

135 1298 193 1327 sibi
212 1299 361 1327 videbitur
377 1300 533 1336 expedire,
549 1300 588 1327 ad
604 1308 738 1327 amorem
753 1299 913 1335 cogitando

135 1348 304 1381 consurgat.
315 1346 402 1380 Quod
418 1346 441 1373 si
457 1348 727 1382 praesumptuosum
739 1345 813 1374 forte
826 1346 914 1374 alicui

133 1392 279 1428 videatur,
302 1393 386 1429 quod
404 1393 505 1420 anima
524 1393 658 1420 involuta
673 1393 801 1428 peccatis
816 1392 915 1420 multi-

133 1439 275 1475 plicibus,
290 1440 399 1468 audeat
419 1448 436 1467 a
455 1440 567 1468 Christo
588 1439 698 1467 amoris
713 1442 811 1475 petere
826 1440 913 1467 unio-

134 1493 219 1520 nem,
236 1486 268 1514 in
282 1487 379 1522 seipso
394 1486 502 1521 cogitet
516 1486 591 1513 nihil
606 1494 668 1513 esse
685 1486 825 1522 periculi,
841 1486 913 1514 dum

135 1532 232 1568 primo
241 1533 390 1560 osculetur
398 1533 431 1569 (b)
439 1533 469 1560 in
477 1533 553 1569 pede
562 1541 614 1568 per
621 1535 812 1569 peccatorum
820 1541 915 1561 recor-

136 1579 305 1614 dationem;
322 1580 453 1608 secundo
468 1580 498 1607 in
514 1588 616 1615 manu,
632 1588 685 1616 per
699 1580 915 1608 beneficiorum

136 1626 192 1654 sibi
201 1626 376 1655 collatorum
382 1627 625 1662 recognitionem3
633 1627 717 1654 tertio
726 1627 866 1655 ascendat
876 1627 915 1654 ad

137 1673 272 1701 osculum
285 1673 343 1701 oris
361 1673 402 1710 (c).
425 1674 525 1710 ipsum
543 1673 642 1701 solum
657 1673 871 1708 desiderando,
888 1675 916 1701 et

136 1719 192 1756 ipsi
208 1720 263 1748 soli
278 1720 430 1748 affectibus
447 1720 639 1756 flammigeris
655 1721 850 1755 adhaerendo,
866 1723 913 1755 ut,

137 1767 301 1794 secundum
309 1767 391 1803 quod
400 1768 612 1803 subsequenter
618 1767 778 1801 videbitur,
786 1767 914 1795 dicendo

138 1814 306 1842 Orationem
322 1814 518 1849 Dominicam,
540 1817 628 1850 prout
648 1822 702 1850 per
721 1814 817 1850 ipsam
830 1822 915 1842 mens

138 1861 296 1896 cogitando
313 1861 475 1896 consurgit,
492 1861 626 1889 ordinate
636 1861 915 1895 ascendat.Quarto,

139 1916 169 1935 se
184 1907 350 1935 exercendo
367 1907 532 1935 secundum
546 1907 627 1935 viam
647 1908 745 1942 illam,
769 1917 835 1944 quae
849 1908 916 1936 illu-

138 1954 280 1982 minativa
295 1954 411 1989 dicitur,
432 1962 499 1990 quae
513 1954 555 1982 ibi
570 1954 672 1990 incipit
687 1956 697 1971 2
710 1964 716 1982 :
733 1955 795 1983 Nox
809 1956 914 1982 illumi-

139 2004 214 2029 natio
229 2011 286 2030 mea
301 2005 330 2029 in
345 2003 452 2030 deliciis
466 2005 545 2034 meis,
564 2002 737 2031 conscendit
755 2003 856 2031 anima
877 2003 916 2031 ad

141 2048 233 2076 multo
249 2049 472 2076 eminentiorem
488 2049 616 2084 gradum
631 2052 658 2077 et
672 2052 794 2083 statum,
809 2049 840 2076 in
855 2058 916 2085 quo

142 2095 244 2130 etiam,
260 2095 503 2131 quotiescumque
525 2096 602 2130 vult,
622 2096 683 2123 sine
698 2096 800 2131 aliqua
815 2096 916 2131 cogni-

141 2141 220 2169 tione
239 2142 366 2178 praevia,
388 2142 488 2170 anima
510 2144 568 2169 Deo
588 2141 759 2169 immediate
781 2142 916 2177 afficitur,

142 2196 209 2224 quae
224 2189 263 2216 ad
277 2189 402 2224 plenum
418 2197 479 2217 non
499 2190 594 2225 potest
613 2188 715 2224 aliqua
729 2188 860 2216 humana
875 2188 917 2215 in-

143 2235 256 2262 dustria
282 2235 399 2263 edoceri
408 2246 416 2271 3
442 2235 494 2263 sed
518 2235 682 2263 exercendo
707 2243 737 2262 se
761 2243 814 2271 per
838 2235 917 2262 viam

142 2281 330 2317 purgativam
355 2284 384 2309 et
409 2282 653 2316 illuminativam,
682 2282 782 2309 anima
808 2282 919 2317 experi-

143 2328 308 2356 mentaliter
322 2329 462 2365 percipit,
478 2329 542 2356 solo
560 2330 617 2356 Deo
638 2328 758 2356 interius
774 2328 919 2364 dirigente

144 2377 172 2402 et
188 2375 326 2409 docente,
342 2376 425 2411 quod
439 2384 501 2403 non
519 2377 614 2411 potest
628 2375 657 2402 vi
675 2375 776 2411 aliqua
790 2376 921 2408 mortali,

144 2422 192 2449 vel
215 2422 383 2458 eloquentia
405 2422 540 2456 reserari,
560 2421 643 2457 quod
662 2430 716 2449 nec
738 2422 921 2457 Aristoteles,

145 2476 199 2496 nec
220 2469 317 2504 Plato,
342 2477 397 2496 nec
419 2469 526 2505 aliquis
550 2469 683 2496 mortalis
703 2469 804 2504 aliqua
826 2469 922 2505 philo-

146 2516 251 2552 sophia
265 2516 312 2543 vel
327 2516 449 2544 scientia
465 2517 574 2552 potest,
590 2523 644 2542 nec
661 2516 771 2551 potuit,
792 2524 846 2543 nec
869 2524 921 2551 po-

148 2563 212 2590 terit
222 2562 394 2599 intelligere,
406 2563 488 2599 quod
498 2562 579 2590 solus
589 2562 742 2596 Dominus,
753 2563 814 2590 sive
826 2571 920 2598 amor,

149 2609 236 2637 docet
247 2610 369 2638 interius
381 2620 387 2638 z
402 2612 435 2638 ut
449 2610 542 2638 discat
555 2609 652 2637 omnis
661 2609 813 2638 rationalis
823 2610 923 2638 anima

182 2675 217 2707 (α)
246 2676 306 2700 Coet.
332 2676 392 2700 edit.
415 2676 594 2700 admoventur.
616 2689 645 2693 -
671 2674 704 2705 (ὁ)
729 2675 867 2699 osculatur.
895 2689 924 2694 —-

151 2712 180 2742 (c)
199 2711 303 2735 amoris.
313 2725 344 2730 —
355 2711 389 2741 (d)
402 2712 510 2735 occulto.
520 2725 551 2729 —
561 2712 592 2742 (e)
603 2711 665 2735 Coet.
681 2710 741 2734 edit.
756 2710 822 2734 deest
836 2713 872 2736 ut.

963 320 981 341 a
991 321 1109 342 summo
1122 315 1244 343 Doctore
1255 317 1283 344 et
1291 317 1400 345 oeterno
1411 318 1565 355 acquirere
1575 319 1739 356 scientiam,

965 359 995 388 in
1015 369 1076 397 qua
1093 362 1191 390 omnis
1211 363 1287 391 rat10
1303 365 1331 391 et
1350 364 1515 394 intellectus
1530 367 1644 404 deficit,
1661 371 1689 397 ct
1703 370 1742 398 as-

965 407 1057 435 fectus
1084 416 1138 444 per
1166 417 1300 438 amorem
1330 410 1505 448 dispositus,
1531 416 1743 445 transcendens

966 462 1087 482 omnem
1108 455 1272 484 humanam
1294 457 1535 496 intelligentiam,
1557 465 1743 498 supernatat,

966 501 1031 529 sola
1052 502 1163 530 amoris
1181 503 1284 531 unit1vi
1309 505 1414 539 regula
1437 506 1477 534 ad
1496 506 1609 543 ipsum,
1630 509 1680 545 qui
1702 513 1744 538 est

964 547 1031 576 fons
1043 549 1132 577 totius
1143 549 1294 586 bonitatis,
1310 552 1446 588 spiritum
1462 553 1613 590 dirigente.

1002 596 1066 623 Haec
1080 595 1170 632 igitur
1185 599 1228 625 est
1242 600 1356 633 mystica
1371 600 1519 636 theoloqia,
1534 601 1566 629 id
1581 605 1633 637 est,
1649 605 1745 632 occul-

966 643 1012 670 tus
1026 650 1124 671 sermo
1140 643 1275 680 divinus,
1292 654 1353 681 quo
1368 654 1453 674 mens
1468 648 1575 676 ardore
1591 649 1745 687 disposita,

966 688 1076 724 linguis
1100 690 1291 730 affectionum
1320 692 1466 721 Christum
1495 703 1582 723 suum
1606 697 1746 726 dilectum

967 735 1080 764 occulte
1088 736 1127 773 (d)
1136 737 1309 774 alloquitur,
1315 738 1345 766 in
1353 741 1398 776 cuj
1405 742 1566 778 usmystico
1576 745 1698 772 tractatu
1706 745 1747 773 sic

966 783 1147 818 proceditur.
1165 784 1262 813 Primo
1282 786 1485 816 manifestatur
1502 789 1552 818 via
1573 791 1744 828 purgativa,

967 829 997 856 in
1017 838 1077 866 qua
1092 830 1280 860 declarantur
1294 833 1368 861 tria:
1384 835 1497 871 primo,
1514 838 1669 872 quomodo
1684 839 1746 867 ani-

967 884 1018 904 ma
1040 878 1162 913 purgari
1184 878 1306 914 debeat;
1331 881 1477 917 secundo,
1500 884 1655 919 quomodo
1678 893 1748 913 vera

969 924 1118 960 oratione,
1132 925 1231 960 gratiae
1246 926 1432 957 abundantia
1446 929 1618 966 impetretur
1623 941 1631 968 3
1651 932 1747 969 tertio,

969 972 1124 1007 quomodo
1146 976 1284 1009 peccator
1302 976 1424 1011 plenam
1445 978 1482 1005 de
1506 981 1633 1014 peccatis
1651 981 1748 1009 indul-

969 1019 1099 1053 gentiam
1114 1023 1323 1057 consequatur.
1335 1024 1471 1053 Secundo
1485 1025 1545 1054 duo
1560 1027 1748 1056 manifestan-

969 1066 1032 1093 tur:
1057 1067 1154 1102 primo
1178 1068 1215 1096 de
1238 1069 1287 1097 via
1308 1070 1506 1100 illuminativa
1529 1074 1676 1110 subditur,
1696 1076 1747 1104 ubi

969 1112 1066 1148 primo
1087 1114 1220 1149 docetur,
1246 1118 1402 1152 quomodo
1425 1127 1509 1147 mens
1533 1121 1674 1150 usualiter
1696 1131 1749 1158 per

971 1160 1154 1189 Dominicam
1168 1163 1337 1192 Orationem
1352 1165 1540 1201 meditando,
1561 1169 1600 1196 ad
1615 1177 1749 1198 amorem

970 1209 1142 1243 consurgat,
1172 1210 1320 1245 secundo,
1348 1213 1503 1248 quomodo
1531 1222 1584 1250 per
1612 1216 1749 1245 eamdem

970 1253 1065 1288 viam,
1090 1256 1273 1291 expositione
1295 1259 1440 1287 Orationis
1456 1261 1629 1297 Dominicae,
1654 1264 1750 1291 omnis

971 1299 1129 1335 Scriptura,
1143 1303 1306 1338 anagogice
1321 1306 1416 1333 totum
1430 1306 1587 1336 referendo
1602 1309 1632 1336 in
1647 1311 1749 1345 Deum,

971 1346 1159 1382 spiritualiter
1178 1353 1344 1386 exponatur
1351 1362 1359 1386 3
1379 1353 1462 1381 tertio
1485 1354 1697 1384 determinatur
1713 1357 1749 1386 de

972 1394 1019 1422 via
1033 1395 1161 1431 unitiva,
1177 1405 1243 1433 quae
1263 1398 1365 1435 incipit
1380 1400 1419 1427 ibi
1432 1402 1460 1428 ²⁵:
1481 1402 1502 1429 Ο
1523 1405 1676 1439 sapientia,
1691 1414 1750 1440 quoe

972 1449 1004 1468 em
1028 1450 1072 1470 ore
1086 1444 1236 1477 Athesim]
1259 1447 1331 1473 etc.:
1354 1447 1407 1474 ubi
1431 1448 1528 1483 primo
1548 1451 1750 1480 manifestatur

972 1492 1082 1523 quanta
1092 1491 1158 1518 vitae
1171 1491 1347 1527 sublimitas,
1360 1495 1388 1521 et
1402 1498 1513 1529 quanta
1527 1496 1668 1526 virtutum
1680 1507 1748 1527 con-

972 1537 1130 1564 summatio
1147 1545 1201 1573 per
1215 1539 1372 1574 mysticam
1386 1541 1577 1577 sapientiam,
1593 1545 1631 1571 ad
1645 1545 1703 1573 hoc
1719 1549 1749 1573 ut

971 1583 1066 1618 magis
1080 1586 1245 1619 appetatur,
1257 1587 1284 1612 et
1298 1585 1336 1613 ab
1349 1586 1419 1622 ipsis
1430 1590 1633 1618 exercentibus
1647 1593 1748 1628 acqui-

972 1631 1060 1657 ratur.
1073 1631 1159 1663 Quod
1174 1630 1197 1658 si
1212 1630 1286 1659 forte
1303 1632 1390 1660 alicui
1405 1633 1513 1669 legenti
1526 1636 1612 1664 nimis
1628 1638 1748 1667 difficile

1777 849 1858 869 Divisio

1782 881 1849 901 totius

1763 913 1842 939 operis.

972 1675 1117 1711 videatur,
1141 1680 1263 1713 propter
1285 1679 1412 1707 scientiae
1433 1682 1680 1720 profunditatem,
1702 1687 1749 1714 vel
1788 1712 1792 1713 .

971 1725 1092 1759 propter
1106 1724 1267 1752 verborum
1281 1725 1505 1763 obscuritatem,
1522 1732 1553 1757 ut
1565 1731 1595 1766 (e)
1601 1731 1664 1766 jam
1675 1732 1749 1761 illud

972 1771 1073 1805 tangat
1086 1771 1170 1799 tertia
1182 1772 1240 1807 via,
1252 1781 1317 1808 quae
1332 1775 1374 1802 est
1388 1783 1477 1811 super
1487 1784 1608 1806 omnem
1619 1779 1749 1808 intellec—

972 1819 1045 1853 tum,-
1063 1820 1196 1846 exerceat
1210 1827 1240 1846 se
1255 1820 1286 1846 in
1302 1820 1348 1848 via
1362 1823 1529 1859 purgativa,
1539 1827 1567 1852 et
1582 1826 1630 1853 via
1640 1827 1749 1855 illumi-

972 1863 1070 1892 nativa
1085 1865 1298 1902 subsequente,
1314 1870 1342 1894 et
1357 1869 1454 1896 statim
1474 1872 1651 1907 experietur,
1667 1875 1695 1901 et
1709 1874 1751 1902 in-

974 1910 1084 1945 telliget
1103 1911 1135 1939 in
1157 1912 1271 1948 seipso,
1293 1914 1358 1942 solo
1379 1916 1438 1943 Deo
1456 1915 1578 1945 interius
1598 1924 1750 1955 operante,

974 1957 1124 1993 quidquid
1139 1958 1175 1986 de
1196 1960 1279 1988 tertia
1293 1960 1343 1988 via
1362 1961 1491 1991 inveniet
1510 1964 1540 1992 in
1560 1966 1683 2002 scripto,
1705 1968 1750 1995 vel

974 2004 1075 2032 audiet
1086 2005 1125 2032 ab
1138 2005 1251 2042 aliquo.
1267 2009 1341 2035 Nam
1356 2008 1386 2035 in
1402 2009 1458 2037 hac
1473 2011 1751 2046 sapientia‘necessc

974 2054 1031 2086 est,
1052 2055 1083 2080 ut
1097 2053 1128 2080 in
1147 2054 1244 2089 seipso
1264 2055 1362 2090 primo
1379 2058 1522 2093 percipiat
1538 2061 1750 2095 experimenta-

974 2097 1039 2125 liter
1054 2099 1225 2135 veritatem;
1244 2103 1272 2128 et
1294 2102 1401 2130 deinde
1422 2105 1596 2133 sententiam
1617 2108 1751 2137 omnium

974 2144 1153 2180 verborum,
1173 2155 1238 2181 quae
1253 2148 1292 2175 ad
1305 2150 1463 2184 mysticam
1477 2152 1653 2187 sapientiam
1664 2156 1752 2190 perti·

975 2193 1055 2226 nent,
1069 2191 1100 2219 in
1113 2195 1335 2229 comparatione
1349 2197 1507 2231 cujuslibet
1521 2199 1662 2229 doctrinae
1672 2202 1750 2230 facil-

975 2237 1078 2266 limam
1084 2239 1242 2274 judicabit.
1256 2243 1320 2270 llaec
1332 2244 1475 2279 sapientia
1487 2246 1518 2274 in
1532 2247 1589 2275 hoc
1603 2248 1700 2278 differt
1714 2251 1752 2279 ab

977 2285 1116 2314 omnibus
1130 2287 1194 2314 aliis
1207 2288 1346 2325 scientiis,
1358 2291 1429 2326 quia
1442 2292 1472 2320 in
1484 2293 1540 2321 hac
1554 2296 1652 2330 primo
1667 2305 1753 2333 opor-

977 2334 1015 2360 tet
1029 2341 1115 2361 usum
1135 2334 1245 2363 habere
1260 2336 1291 2363 in
1306 2337 1419 2373 seipso,
1436 2347 1527 2375 quam
1542 2342 1633 2371 verba
1647 2343 1753 2372 intelli-

979 2386 1062 2414 gere,
1088 2382 1115 2407 et
1141 2382 1270 2416 practica
1292 2383 1340 2411 hic
1362 2386 1502 2420 praecedit
1528 2388 1699 2417 theoricam.
1723 2392 1753 2418 ln

979 2425 1043 2453 aliis
1063 2427 1190 2455 scientiis
1211 2437 1329 2458 necesse
1352 2434 1393 2459 est
1413 2433 1511 2468 primo
1530 2436 1622 2463 verba
1645 2437 1752 2465 intelli-

980 2480 1058 2507 gere,
1071 2482 1173 2509 quam,
1183 2483 1250 2511 quae
1266 2477 1438 2514 addiscitur,
1455 2480 1576 2509 scientia
1590 2482 1752 2512 habeatur:

980 2527 1060 2555 quae,
1082 2522 1113 2548 in
1130 2524 1274 2557 quantum
1289 2532 1307 2551 a
1323 2525 1463 2553 nobiliori
1486 2527 1606 2556 doctore
1626 2531 1754 2566 acquiri-

981 2569 1037 2602 tur,
1052 2567 1083 2595 in
1098 2570 1214 2596 tantum
1229 2570 1312 2598 citius
1326 2572 1554 2608 possidetur;[et
1568 2576 1607 2603 ita
1621 2576 1663 2611 fit,
1678 2580 1710 2606 ut
1723 2578 1754 2605 in

981 2613 1046 2649 ipsa
1056 2614 1174 2651 aliquis,
1190 2618 1249 2645 Deo
1265 2617 1400 2654 docente,
1414 2620 1450 2647 sit
1464 2622 1620 2656 perfectior
1630 2623 1756 2660 discipu-

1016 2680 1020 2692 ¹
1039 2679 1107 2703 Psal.
1128 2686 1263 2711 Lxxxvm,
1285 2684 1322 2706 1-5.
1342 2697 1372 2702 --
1394 2685 1403 2700 ²
1422 2685 1490 2709 Psal.
1510 2693 1643 2718 cxxxvm,
1668 2691 1704 2713 11.
1728 2703 1753 2706 -

983 2716 990 2727 ³
1006 2716 1108 2745 Antiph.
1125 2716 1152 2743 Ο,
1172 2724 1202 2740 ex
1218 2717 1307 2748 Εοοίὶ,,
1324 2725 1394 2750 xxiv,
1412 2722 1433 2745 5.

1782 2251 1875 2274 Quomo-

1782 2282 1808 2301 do
1826 2288 1861 2302 sa-

1781 2314 1863 2338 pientia

1775 2344 1867 2369 mystica

1779 2375 1863 2394 differat

1779 2407 1805 2426 ab
1820 2407 1868 2425 aliis

1770 2437 1874 2459 scientiis.
