<?xml version="1.0" encoding="UTF-8"?>
<!DOCTYPE html PUBLIC "-//W3C//DTD XHTML 1.0 Transitional//EN"
    "http://www.w3.org/TR/xhtml1/DTD/xhtml1-transitional.dtd">
<html xmlns="http://www.w3.org/1999/xhtml" xml:lang="en" lang="en">
 <head>
  <title>
</title>
<meta http-equiv="Content-Type" content="text/html;charset=utf-8" />
  <meta name='ocr-system' content='tesseract 3.04.00' />
  <meta name='ocr-capabilities' content='ocr_page ocr_carea ocr_par ocr_line ocrx_word'/>
</head>
<body>
  <div class='ocr_page' id='page_1' title='image "./operaomniasixtiv08bonauoft_0227.png"; bbox 0 0 2004 3037; ppageno 0'>
   <div class='ocr_carea' id='block_1_1' title="bbox 540 200 1359 236">
    <p class='ocr_par' dir='ltr' id='par_1_1' title="bbox 540 200 1359 236">
     <span class='ocr_line' id='line_1_1' title="bbox 540 200 1359 236; baseline 0 -2"><span class='ocrx_word' id='word_1_1' title='bbox 540 201 590 235; x_wconf 87' lang='lat' dir='ltr'>DE</span> <span class='ocrx_word' id='word_1_2' title='bbox 611 200 965 236; x_wconf 75' lang='lat' dir='ltr'>SACRAMENTORUM</span> <span class='ocrx_word' id='word_1_3' title='bbox 986 201 1172 233; x_wconf 82' lang='lat' dir='ltr'>VlRTUTE.</span> <span class='ocrx_word' id='word_1_4' title='bbox 1196 202 1283 234; x_wconf 80' lang='lat' dir='ltr'>CAP.</span> <span class='ocrx_word' id='word_1_5' title='bbox 1307 202 1359 234; x_wconf 78' lang='lat' dir='ltr'>lx.</span> 
     </span>
    </p>
   </div>
   <div class='ocr_carea' id='block_1_2' title="bbox 151 268 935 2594">
    <p class='ocr_par' dir='ltr' id='par_1_2' title="bbox 151 268 933 1287">
     <span class='ocr_line' id='line_1_2' title="bbox 152 268 929 306; baseline 0 -10"><span class='ocrx_word' id='word_1_6' title='bbox 152 276 263 297; x_wconf 85' lang='lat' dir='ltr'>nomen</span> <span class='ocrx_word' id='word_1_7' title='bbox 279 269 414 304; x_wconf 80' lang='lat' dir='ltr'>Patentis,</span> <span class='ocrx_word' id='word_1_8' title='bbox 436 270 585 306; x_wconf 78' lang='lat' dir='ltr'>Sapientis,</span> <span class='ocrx_word' id='word_1_9' title='bbox 604 271 632 299; x_wconf 88' lang='lat' dir='ltr'>et</span> <span class='ocrx_word' id='word_1_10' title='bbox 645 271 780 306; x_wconf 71' lang='lat' dir='ltr'>Bmiqni:</span> <span class='ocrx_word' id='word_1_11' title='bbox 804 269 876 306; x_wconf 89' lang='lat' dir='ltr'>quia</span> <span class='ocrx_word' id='word_1_12' title='bbox 898 268 929 296; x_wconf 90' lang='lat' dir='ltr'>in</span> 
     </span>
     <span class='ocr_line' id='line_1_3' title="bbox 153 315 931 354; baseline -0.003 -10"><span class='ocrx_word' id='word_1_13' title='bbox 153 323 345 353; x_wconf 82' lang='lat' dir='ltr'>quocumque</span> <span class='ocrx_word' id='word_1_14' title='bbox 368 316 510 346; x_wconf 85' lang='lat' dir='ltr'><strong>idiomate</strong></span> <span class='ocrx_word' id='word_1_15' title='bbox 533 317 712 354; x_wconf 80' lang='lat' dir='ltr'><strong>baptizetur,</strong></span> <span class='ocrx_word' id='word_1_16' title='bbox 734 324 795 345; x_wconf 89' lang='lat' dir='ltr'>non</span> <span class='ocrx_word' id='word_1_17' title='bbox 820 315 931 344; x_wconf 89' lang='lat' dir='ltr'>debent</span> 
     </span>
     <span class='ocr_line' id='line_1_4' title="bbox 152 361 931 400; baseline -0.001 -10"><span class='ocrx_word' id='word_1_18' title='bbox 152 361 225 399; x_wconf 88' lang='lat' dir='ltr'>poni</span> <span class='ocrx_word' id='word_1_19' title='bbox 239 363 431 400; x_wconf 86' lang='lat' dir='ltr'>appropriata</span> <span class='ocrx_word' id='word_1_20' title='bbox 444 363 538 392; x_wconf 88' lang='lat' dir='ltr'>tribus</span> <span class='ocrx_word' id='word_1_21' title='bbox 555 363 706 400; x_wconf 87' lang='lat' dir='ltr'>personis,</span> <span class='ocrx_word' id='word_1_22' title='bbox 723 363 777 392; x_wconf 89' lang='lat' dir='ltr'>sed</span> <span class='ocrx_word' id='word_1_23' title='bbox 791 369 931 399; x_wconf 85' lang='lat' dir='ltr'>expressa</span> 
     </span>
     <span class='ocr_line' id='line_1_5' title="bbox 152 409 931 446; baseline 0 -10"><span class='ocrx_word' id='word_1_24' title='bbox 152 409 276 437; x_wconf 87' lang='lat' dir='ltr'>nomina</span> <span class='ocrx_word' id='word_1_25' title='bbox 289 417 494 446; x_wconf 83' lang='lat' dir='ltr'>personarum.</span> <span class='ocrx_word' id='word_1_26' title='bbox 516 409 652 438; x_wconf 86' lang='lat' dir='ltr'>Similiter</span> <span class='ocrx_word' id='word_1_27' title='bbox 666 410 734 438; x_wconf 91' lang='lat' dir='ltr'>loco</span> <span class='ocrx_word' id='word_1_28' title='bbox 755 409 838 437; x_wconf 89' lang='lat' dir='ltr'>verbi</span> <span class='ocrx_word' id='word_1_29' title='bbox 857 410 931 444; x_wconf 82' lang='lat' dir='ltr'>Bap-</span> 
     </span>
     <span class='ocr_line' id='line_1_6' title="bbox 154 455 932 492; baseline 0.001 -10"><span class='ocrx_word' id='word_1_30' title='bbox 154 457 226 491; x_wconf 80' lang='lat' dir='ltr'>tizo,</span> <span class='ocrx_word' id='word_1_31' title='bbox 239 463 301 484; x_wconf 88' lang='lat' dir='ltr'>non</span> <span class='ocrx_word' id='word_1_32' title='bbox 316 456 406 485; x_wconf 87' lang='lat' dir='ltr'>debet</span> <span class='ocrx_word' id='word_1_33' title='bbox 421 455 479 484; x_wconf 83' lang='lat' dir='ltr'>dici</span> <span class='ocrx_word' id='word_1_34' title='bbox 496 466 503 484; x_wconf 90' lang='lat'>:</span> <span class='ocrx_word' id='word_1_35' title='bbox 522 457 670 492; x_wconf 74' lang='lat' dir='ltr'>Immerqo,</span> <span class='ocrx_word' id='word_1_36' title='bbox 686 456 733 485; x_wconf 88' lang='lat' dir='ltr'>vel</span> <span class='ocrx_word' id='word_1_37' title='bbox 747 457 866 491; x_wconf 76' lang='lat' dir='ltr'>Intinqo.</span> <span class='ocrx_word' id='word_1_38' title='bbox 883 456 932 483; x_wconf 89' lang='lat' dir='ltr'>Se-</span> 
     </span>
     <span class='ocr_line' id='line_1_7' title="bbox 154 502 932 540; baseline 0.001 -11"><span class='ocrx_word' id='word_1_39' title='bbox 154 502 286 530; x_wconf 86' lang='lat' dir='ltr'>cundum</span> <span class='ocrx_word' id='word_1_40' title='bbox 300 505 342 532; x_wconf 86' lang='lat' dir='ltr'>est</span> <span class='ocrx_word' id='word_1_41' title='bbox 354 503 469 532; x_wconf 88' lang='lat' dir='ltr'>ablutio</span> <span class='ocrx_word' id='word_1_42' title='bbox 481 511 536 540; x_wconf 88' lang='lat' dir='ltr'>per</span> <span class='ocrx_word' id='word_1_43' title='bbox 546 503 725 532; x_wconf 88' lang='lat' dir='ltr'>elementum</span> <span class='ocrx_word' id='word_1_44' title='bbox 738 511 823 540; x_wconf 80' lang='lat' dir='ltr'>aquae</span> <span class='ocrx_word' id='word_1_45' title='bbox 836 502 932 538; x_wconf 85' lang='lat' dir='ltr'>cujus-</span> 
     </span>
     <span class='ocr_line' id='line_1_8' title="bbox 153 548 930 586; baseline 0 -9"><span class='ocrx_word' id='word_1_46' title='bbox 153 548 239 583; x_wconf 87' lang='lat' dir='ltr'>libet,</span> <span class='ocrx_word' id='word_1_47' title='bbox 254 549 301 578; x_wconf 83' lang='lat' dir='ltr'>vel</span> <span class='ocrx_word' id='word_1_48' title='bbox 324 549 425 585; x_wconf 87' lang='lat' dir='ltr'>maris,</span> <span class='ocrx_word' id='word_1_49' title='bbox 446 550 494 578; x_wconf 87' lang='lat' dir='ltr'>vel</span> <span class='ocrx_word' id='word_1_50' title='bbox 513 550 612 586; x_wconf 87' lang='lat' dir='ltr'>fontis,</span> <span class='ocrx_word' id='word_1_51' title='bbox 637 550 685 578; x_wconf 84' lang='lat' dir='ltr'>vel</span> <span class='ocrx_word' id='word_1_52' title='bbox 705 549 850 584; x_wconf 87' lang='lat' dir='ltr'>fluminis,</span> <span class='ocrx_word' id='word_1_53' title='bbox 869 549 930 577; x_wconf 82' lang='lat' dir='ltr'>sive</span> 
     </span>
     <span class='ocr_line' id='line_1_9' title="bbox 152 595 929 634; baseline 0.001 -11"><span class='ocrx_word' id='word_1_54' title='bbox 152 595 283 632; x_wconf 77' lang='lat' dir='ltr'>frigidae,</span> <span class='ocrx_word' id='word_1_55' title='bbox 304 596 352 624; x_wconf 87' lang='lat' dir='ltr'>vel</span> <span class='ocrx_word' id='word_1_56' title='bbox 365 596 484 632; x_wconf 75' lang='lat' dir='ltr'>calidae,</span> <span class='ocrx_word' id='word_1_57' title='bbox 498 597 530 625; x_wconf 88' lang='lat' dir='ltr'>in</span> <span class='ocrx_word' id='word_1_58' title='bbox 544 599 605 626; x_wconf 90' lang='lat' dir='ltr'>toto</span> <span class='ocrx_word' id='word_1_59' title='bbox 627 605 752 634; x_wconf 85' lang='lat' dir='ltr'>corpore</span> <span class='ocrx_word' id='word_1_60' title='bbox 774 596 929 631; x_wconf 79' lang='lat' dir='ltr'>facienda,</span> 
     </span>
     <span class='ocr_line' id='line_1_10' title="bbox 152 641 930 680; baseline 0 -10"><span class='ocrx_word' id='word_1_61' title='bbox 152 641 201 670; x_wconf 87' lang='lat' dir='ltr'>vel</span> <span class='ocrx_word' id='word_1_62' title='bbox 215 642 319 670; x_wconf 86' lang='lat' dir='ltr'>saltem</span> <span class='ocrx_word' id='word_1_63' title='bbox 332 642 364 671; x_wconf 88' lang='lat' dir='ltr'>in</span> <span class='ocrx_word' id='word_1_64' title='bbox 384 642 512 679; x_wconf 84' lang='lat' dir='ltr'>digniori</span> <span class='ocrx_word' id='word_1_65' title='bbox 528 645 629 680; x_wconf 86' lang='lat' dir='ltr'>parte,</span> <span class='ocrx_word' id='word_1_66' title='bbox 648 643 759 672; x_wconf 88' lang='lat' dir='ltr'>scilicet</span> <span class='ocrx_word' id='word_1_67' title='bbox 772 643 803 672; x_wconf 89' lang='lat' dir='ltr'>in</span> <span class='ocrx_word' id='word_1_68' title='bbox 824 642 930 680; x_wconf 87' lang='lat' dir='ltr'>capite.</span> 
     </span>
     <span class='ocr_line' id='line_1_11' title="bbox 152 689 932 726; baseline 0.003 -10"><span class='ocrx_word' id='word_1_69' title='bbox 152 689 278 717; x_wconf 90' lang='lat' dir='ltr'>Tertium</span> <span class='ocrx_word' id='word_1_70' title='bbox 295 691 346 724; x_wconf 90' lang='lat' dir='ltr'>est,</span> <span class='ocrx_word' id='word_1_71' title='bbox 362 689 446 726; x_wconf 88' lang='lat' dir='ltr'>quod</span> <span class='ocrx_word' id='word_1_72' title='bbox 463 690 614 718; x_wconf 87' lang='lat' dir='ltr'>immersio</span> <span class='ocrx_word' id='word_1_73' title='bbox 626 690 681 718; x_wconf 89' lang='lat' dir='ltr'>ista</span> <span class='ocrx_word' id='word_1_74' title='bbox 697 690 748 718; x_wconf 87' lang='lat' dir='ltr'>fiat</span> <span class='ocrx_word' id='word_1_75' title='bbox 762 690 800 718; x_wconf 88' lang='lat' dir='ltr'>ab</span> <span class='ocrx_word' id='word_1_76' title='bbox 815 698 889 723; x_wconf 88' lang='lat' dir='ltr'>uno,</span> <span class='ocrx_word' id='word_1_77' title='bbox 903 691 932 717; x_wconf 80' lang='lat' dir='ltr'>et</span> 
     </span>
     <span class='ocr_line' id='line_1_12' title="bbox 152 735 930 773; baseline 0.003 -10"><span class='ocrx_word' id='word_1_78' title='bbox 152 735 183 763; x_wconf 89' lang='lat' dir='ltr'>in</span> <span class='ocrx_word' id='word_1_79' title='bbox 202 735 309 764; x_wconf 88' lang='lat' dir='ltr'>eodem</span> <span class='ocrx_word' id='word_1_80' title='bbox 330 737 475 773; x_wconf 88' lang='lat' dir='ltr'>tempore,</span> <span class='ocrx_word' id='word_1_81' title='bbox 502 737 625 773; x_wconf 89' lang='lat' dir='ltr'>quando</span> <span class='ocrx_word' id='word_1_82' title='bbox 647 737 744 765; x_wconf 82' lang='lat' dir='ltr'>forma</span> <span class='ocrx_word' id='word_1_83' title='bbox 767 737 930 765; x_wconf 87' lang='lat' dir='ltr'>verborum</span> 
     </span>
     <span class='ocr_line' id='line_1_13' title="bbox 152 782 932 820; baseline 0.003 -10"><span class='ocrx_word' id='word_1_84' title='bbox 152 782 337 820; x_wconf 84' lang='lat' dir='ltr'><strong>exprimitur,</strong></span> <span class='ocrx_word' id='word_1_85' title='bbox 352 783 393 812; x_wconf 90' lang='lat' dir='ltr'>ita</span> <span class='ocrx_word' id='word_1_86' title='bbox 412 784 493 820; x_wconf 88' lang='lat' dir='ltr'>quod</span> <span class='ocrx_word' id='word_1_87' title='bbox 506 792 568 813; x_wconf 93' lang='lat' dir='ltr'>non</span> <span class='ocrx_word' id='word_1_88' title='bbox 581 792 659 812; x_wconf 90' lang='lat' dir='ltr'>unus</span> <span class='ocrx_word' id='word_1_89' title='bbox 672 792 800 820; x_wconf 89' lang='lat' dir='ltr'>puerum</span> <span class='ocrx_word' id='word_1_90' title='bbox 812 784 932 812; x_wconf 87' lang='lat' dir='ltr'>immer-</span> 
     </span>
     <span class='ocr_line' id='line_1_14' title="bbox 153 829 930 866; baseline 0.001 -9"><span class='ocrx_word' id='word_1_91' title='bbox 153 831 214 866; x_wconf 89' lang='lat' dir='ltr'>gat,</span> <span class='ocrx_word' id='word_1_92' title='bbox 229 831 258 857; x_wconf 88' lang='lat' dir='ltr'>et</span> <span class='ocrx_word' id='word_1_93' title='bbox 271 829 346 858; x_wconf 89' lang='lat' dir='ltr'>alius</span> <span class='ocrx_word' id='word_1_94' title='bbox 359 830 453 859; x_wconf 85' lang='lat' dir='ltr'>verba</span> <span class='ocrx_word' id='word_1_95' title='bbox 466 831 607 866; x_wconf 79' lang='lat' dir='ltr'>proferat.</span> <span class='ocrx_word' id='word_1_96' title='bbox 623 832 765 864; x_wconf 84' lang='lat' dir='ltr'>Quartum</span> <span class='ocrx_word' id='word_1_97' title='bbox 780 833 822 858; x_wconf 91' lang='lat' dir='ltr'>est</span> <span class='ocrx_word' id='word_1_98' title='bbox 835 831 930 859; x_wconf 88' lang='lat' dir='ltr'>inten-</span> 
     </span>
     <span class='ocr_line' id='line_1_15' title="bbox 153 876 931 914; baseline 0.001 -10"><span class='ocrx_word' id='word_1_99' title='bbox 153 876 204 911; x_wconf 85' lang='lat' dir='ltr'>tio,</span> <span class='ocrx_word' id='word_1_100' title='bbox 215 876 264 904; x_wconf 81' lang='lat' dir='ltr'>vel</span> <span class='ocrx_word' id='word_1_101' title='bbox 279 876 426 913; x_wconf 87' lang='lat' dir='ltr'>specialis,</span> <span class='ocrx_word' id='word_1_102' title='bbox 440 877 487 905; x_wconf 87' lang='lat' dir='ltr'>vel</span> <span class='ocrx_word' id='word_1_103' title='bbox 503 878 648 913; x_wconf 87' lang='lat' dir='ltr'>generalis</span> <span class='ocrx_word' id='word_1_104' title='bbox 660 887 666 905; x_wconf 73' lang='grc' dir='ltr'>ε</span> <span class='ocrx_word' id='word_1_105' title='bbox 683 877 818 914; x_wconf 87' lang='lat' dir='ltr'>specialis</span> <span class='ocrx_word' id='word_1_106' title='bbox 832 879 931 905; x_wconf 87' lang='lat' dir='ltr'>autem</span> 
     </span>
     <span class='ocr_line' id='line_1_16' title="bbox 152 922 930 960; baseline 0.003 -10"><span class='ocrx_word' id='word_1_107' title='bbox 152 922 275 951; x_wconf 91' lang='lat' dir='ltr'>intentio</span> <span class='ocrx_word' id='word_1_108' title='bbox 305 926 367 959; x_wconf 87' lang='lat' dir='ltr'>est,</span> <span class='ocrx_word' id='word_1_109' title='bbox 395 926 428 952; x_wconf 90' lang='lat' dir='ltr'>ut</span> <span class='ocrx_word' id='word_1_110' title='bbox 450 924 502 952; x_wconf 89' lang='lat' dir='ltr'>iste</span> <span class='ocrx_word' id='word_1_111' title='bbox 530 924 726 960; x_wconf 89' lang='lat' dir='ltr'>baptizandus</span> <span class='ocrx_word' id='word_1_112' title='bbox 750 924 912 952; x_wconf 89' lang='lat' dir='ltr'>mundetur</span> <span class='ocrx_word' id='word_1_113' title='bbox 921 934 930 960; x_wconf 84' lang='lat'>;</span> 
     </span>
     <span class='ocr_line' id='line_1_17' title="bbox 153 970 930 1007; baseline 0.001 -9"><span class='ocrx_word' id='word_1_114' title='bbox 153 970 300 1005; x_wconf 90' lang='lat' dir='ltr'>generalis</span> <span class='ocrx_word' id='word_1_115' title='bbox 316 972 414 998; x_wconf 89' lang='lat' dir='ltr'>autem</span> <span class='ocrx_word' id='word_1_116' title='bbox 433 972 476 998; x_wconf 91' lang='lat' dir='ltr'>est</span> <span class='ocrx_word' id='word_1_117' title='bbox 492 970 588 998; x_wconf 87' lang='lat' dir='ltr'>facere</span> <span class='ocrx_word' id='word_1_118' title='bbox 608 970 684 999; x_wconf 88' lang='lat' dir='ltr'>illud</span> <span class='ocrx_word' id='word_1_119' title='bbox 699 971 782 1007; x_wconf 86' lang='lat' dir='ltr'>quod</span> <span class='ocrx_word' id='word_1_120' title='bbox 797 971 866 999; x_wconf 89' lang='lat' dir='ltr'>facit</span> <span class='ocrx_word' id='word_1_121' title='bbox 879 973 930 999; x_wconf 88' lang='lat' dir='ltr'>Ec—</span> 
     </span>
     <span class='ocr_line' id='line_1_18' title="bbox 153 1016 933 1054; baseline 0.003 -10"><span class='ocrx_word' id='word_1_122' title='bbox 153 1016 250 1044; x_wconf 87' lang='lat' dir='ltr'>clesia.</span> <span class='ocrx_word' id='word_1_123' title='bbox 266 1017 389 1045; x_wconf 81' lang='lat' dir='ltr'>Intentio</span> <span class='ocrx_word' id='word_1_124' title='bbox 410 1025 532 1053; x_wconf 89' lang='lat' dir='ltr'>quoque</span> <span class='ocrx_word' id='word_1_125' title='bbox 547 1017 627 1045; x_wconf 93' lang='lat' dir='ltr'>illius</span> <span class='ocrx_word' id='word_1_126' title='bbox 643 1018 802 1054; x_wconf 82' lang='lat' dir='ltr'>requiritur</span> <span class='ocrx_word' id='word_1_127' title='bbox 823 1018 874 1054; x_wconf 90' lang='lat' dir='ltr'>qui</span> <span class='ocrx_word' id='word_1_128' title='bbox 889 1020 933 1046; x_wconf 78' lang='lat' dir='ltr'>est</span> 
     </span>
     <span class='ocr_line' id='line_1_19' title="bbox 152 1062 931 1100; baseline 0.003 -10"><span class='ocrx_word' id='word_1_129' title='bbox 152 1062 349 1099; x_wconf 86' lang='lat' dir='ltr'>baptizandus</span> <span class='ocrx_word' id='word_1_130' title='bbox 358 1083 369 1098; x_wconf 92' lang='lat'>,</span> <span class='ocrx_word' id='word_1_131' title='bbox 397 1063 421 1091; x_wconf 83' lang='lat' dir='ltr'>si</span> <span class='ocrx_word' id='word_1_132' title='bbox 446 1066 488 1091; x_wconf 89' lang='lat' dir='ltr'>est</span> <span class='ocrx_word' id='word_1_133' title='bbox 513 1064 649 1099; x_wconf 80' lang='lat' dir='ltr'>adultuS,</span> <span class='ocrx_word' id='word_1_134' title='bbox 673 1065 744 1100; x_wconf 88' lang='lat' dir='ltr'>quia</span> <span class='ocrx_word' id='word_1_135' title='bbox 767 1065 819 1100; x_wconf 92' lang='lat' dir='ltr'>qui</span> <span class='ocrx_word' id='word_1_136' title='bbox 847 1065 931 1093; x_wconf 87' lang='lat' dir='ltr'>inviti</span> 
     </span>
     <span class='ocr_line' id='line_1_20' title="bbox 151 1109 931 1146; baseline 0.001 -8"><span class='ocrx_word' id='word_1_137' title='bbox 151 1109 348 1145; x_wconf 85' lang='lat' dir='ltr'>baptizantur,</span> <span class='ocrx_word' id='word_1_138' title='bbox 363 1117 425 1138; x_wconf 90' lang='lat' dir='ltr'>non</span> <span class='ocrx_word' id='word_1_139' title='bbox 441 1109 586 1146; x_wconf 89' lang='lat' dir='ltr'>recipiunt</span> <span class='ocrx_word' id='word_1_140' title='bbox 597 1113 823 1139; x_wconf 81' lang='lat' dir='ltr'>sacramentum.</span> <span class='ocrx_word' id='word_1_141' title='bbox 841 1111 931 1145; x_wconf 91' lang='lat' dir='ltr'>Quin-</span> 
     </span>
     <span class='ocr_line' id='line_1_21' title="bbox 152 1156 931 1194; baseline 0.003 -10"><span class='ocrx_word' id='word_1_142' title='bbox 152 1157 216 1184; x_wconf 90' lang='lat' dir='ltr'>tum</span> <span class='ocrx_word' id='word_1_143' title='bbox 231 1158 273 1184; x_wconf 90' lang='lat' dir='ltr'>est</span> <span class='ocrx_word' id='word_1_144' title='bbox 285 1156 361 1184; x_wconf 90' lang='lat' dir='ltr'>fides</span> <span class='ocrx_word' id='word_1_145' title='bbox 378 1156 470 1193; x_wconf 89' lang='lat' dir='ltr'>ipsius</span> <span class='ocrx_word' id='word_1_146' title='bbox 485 1156 676 1193; x_wconf 85' lang='lat' dir='ltr'>baptizandi,</span> <span class='ocrx_word' id='word_1_147' title='bbox 691 1158 762 1194; x_wconf 86' lang='lat' dir='ltr'>quia</span> <span class='ocrx_word' id='word_1_148' title='bbox 777 1158 808 1186; x_wconf 93' lang='lat' dir='ltr'>in</span> <span class='ocrx_word' id='word_1_149' title='bbox 822 1158 931 1187; x_wconf 87' lang='lat' dir='ltr'>adultis</span> 
     </span>
     <span class='ocr_line' id='line_1_22' title="bbox 151 1203 929 1240; baseline 0.004 -10"><span class='ocrx_word' id='word_1_150' title='bbox 151 1203 311 1239; x_wconf 84' lang='lat' dir='ltr'>requiritur</span> <span class='ocrx_word' id='word_1_151' title='bbox 321 1203 396 1231; x_wconf 84' lang='lat' dir='ltr'>fides</span> <span class='ocrx_word' id='word_1_152' title='bbox 406 1204 528 1240; x_wconf 89' lang='lat' dir='ltr'>propria</span> <span class='ocrx_word' id='word_1_153' title='bbox 533 1213 542 1239; x_wconf 86' lang='lat'>;</span> <span class='ocrx_word' id='word_1_154' title='bbox 554 1204 607 1232; x_wconf 87' lang='lat' dir='ltr'>sed</span> <span class='ocrx_word' id='word_1_155' title='bbox 621 1205 652 1232; x_wconf 93' lang='lat' dir='ltr'>in</span> <span class='ocrx_word' id='word_1_156' title='bbox 665 1205 798 1240; x_wconf 88' lang='lat' dir='ltr'>parvulis</span> <span class='ocrx_word' id='word_1_157' title='bbox 813 1205 910 1233; x_wconf 88' lang='lat' dir='ltr'>aliena</span> <span class='ocrx_word' id='word_1_158' title='bbox 919 1226 929 1240; x_wconf 81' lang='lat'>,</span> 
     </span>
     <span class='ocr_line' id='line_1_23' title="bbox 153 1250 825 1287; baseline 0.003 -10"><span class='ocrx_word' id='word_1_159' title='bbox 153 1250 225 1286; x_wconf 87' lang='lat' dir='ltr'>quia</span> <span class='ocrx_word' id='word_1_160' title='bbox 238 1250 355 1285; x_wconf 88' lang='lat' dir='ltr'>parvuli</span> <span class='ocrx_word' id='word_1_161' title='bbox 365 1250 397 1278; x_wconf 90' lang='lat' dir='ltr'>in</span> <span class='ocrx_word' id='word_1_162' title='bbox 407 1250 468 1278; x_wconf 91' lang='lat' dir='ltr'>fide</span> <span class='ocrx_word' id='word_1_163' title='bbox 482 1251 617 1279; x_wconf 82' lang='lat' dir='ltr'>Ecclesiae</span> <span class='ocrx_word' id='word_1_164' title='bbox 631 1251 825 1287; x_wconf 86' lang='lat' dir='ltr'>baptizantur.</span> 
     </span>
    </p>

    <p class='ocr_par' dir='ltr' id='par_1_3' title="bbox 152 1297 932 1942">
     <span class='ocr_line' id='line_1_24' title="bbox 188 1297 930 1335; baseline 0.004 -11"><span class='ocrx_word' id='word_1_165' title='bbox 188 1297 353 1334; x_wconf 80' lang='lat' dir='ltr'>Baptismus</span> <span class='ocrx_word' id='word_1_166' title='bbox 368 1298 473 1326; x_wconf 89' lang='lat' dir='ltr'>merito</span> <span class='ocrx_word' id='word_1_167' title='bbox 487 1297 521 1325; x_wconf 85' lang='lat' dir='ltr'>fit</span> <span class='ocrx_word' id='word_1_168' title='bbox 539 1298 569 1326; x_wconf 89' lang='lat' dir='ltr'>in</span> <span class='ocrx_word' id='word_1_169' title='bbox 583 1306 679 1335; x_wconf 88' lang='lat' dir='ltr'>aqua,</span> <span class='ocrx_word' id='word_1_170' title='bbox 697 1301 724 1326; x_wconf 90' lang='lat' dir='ltr'>et</span> <span class='ocrx_word' id='word_1_171' title='bbox 742 1307 803 1327; x_wconf 92' lang='lat' dir='ltr'>non</span> <span class='ocrx_word' id='word_1_172' title='bbox 821 1299 852 1326; x_wconf 92' lang='lat' dir='ltr'>in</span> <span class='ocrx_word' id='word_1_173' title='bbox 871 1299 930 1328; x_wconf 89' lang='lat' dir='ltr'>alio</span> 
     </span>
     <span class='ocr_line' id='line_1_25' title="bbox 152 1344 930 1382; baseline 0.003 -10"><span class='ocrx_word' id='word_1_174' title='bbox 152 1344 286 1380; x_wconf 89' lang='lat' dir='ltr'>liquore,</span> <span class='ocrx_word' id='word_1_175' title='bbox 302 1344 374 1381; x_wconf 86' lang='lat' dir='ltr'>quia</span> <span class='ocrx_word' id='word_1_176' title='bbox 395 1353 463 1372; x_wconf 88' lang='lat' dir='ltr'>cum</span> <span class='ocrx_word' id='word_1_177' title='bbox 481 1345 574 1373; x_wconf 88' lang='lat' dir='ltr'>homo</span> <span class='ocrx_word' id='word_1_178' title='bbox 598 1354 652 1382; x_wconf 84' lang='lat' dir='ltr'>per</span> <span class='ocrx_word' id='word_1_179' title='bbox 674 1347 828 1382; x_wconf 86' lang='lat' dir='ltr'>peccatum</span> <span class='ocrx_word' id='word_1_180' title='bbox 841 1345 930 1382; x_wconf 92' lang='lat' dir='ltr'>primi</span> 
     </span>
     <span class='ocr_line' id='line_1_26' title="bbox 152 1391 930 1428; baseline 0.004 -10"><span class='ocrx_word' id='word_1_181' title='bbox 152 1391 281 1426; x_wconf 87' lang='lat' dir='ltr'>parentis</span> <span class='ocrx_word' id='word_1_182' title='bbox 293 1391 416 1419; x_wconf 86' lang='lat' dir='ltr'>incurrit</span> <span class='ocrx_word' id='word_1_183' title='bbox 429 1391 663 1427; x_wconf 83' lang='lat' dir='ltr'>immunditiam,</span> <span class='ocrx_word' id='word_1_184' title='bbox 679 1395 706 1420; x_wconf 89' lang='lat' dir='ltr'>et</span> <span class='ocrx_word' id='word_1_185' title='bbox 720 1393 930 1428; x_wconf 85' lang='lat' dir='ltr'>ignorantiam,</span> 
     </span>
     <span class='ocr_line' id='line_1_27' title="bbox 154 1438 931 1475; baseline 0.004 -10"><span class='ocrx_word' id='word_1_186' title='bbox 154 1439 182 1465; x_wconf 85' lang='lat' dir='ltr'>et</span> <span class='ocrx_word' id='word_1_187' title='bbox 198 1438 467 1473; x_wconf 83' lang='lat' dir='ltr'>concupiscentiam</span> <span class='ocrx_word' id='word_1_188' title='bbox 479 1459 486 1471; x_wconf 95' lang='lat'>,</span> <span class='ocrx_word' id='word_1_189' title='bbox 500 1447 554 1474; x_wconf 91' lang='lat' dir='ltr'>per</span> <span class='ocrx_word' id='word_1_190' title='bbox 574 1439 754 1475; x_wconf 88' lang='lat' dir='ltr'>Baptismum</span> <span class='ocrx_word' id='word_1_191' title='bbox 769 1440 807 1467; x_wconf 91' lang='lat' dir='ltr'>ab</span> <span class='ocrx_word' id='word_1_192' title='bbox 822 1440 867 1467; x_wconf 90' lang='lat' dir='ltr'>his</span> <span class='ocrx_word' id='word_1_193' title='bbox 882 1440 931 1468; x_wconf 89' lang='lat' dir='ltr'>tri-</span> 
     </span>
     <span class='ocr_line' id='line_1_28' title="bbox 153 1483 931 1522; baseline 0.003 -10"><span class='ocrx_word' id='word_1_194' title='bbox 153 1484 209 1512; x_wconf 82' lang='lat' dir='ltr'>bus</span> <span class='ocrx_word' id='word_1_195' title='bbox 222 1483 374 1512; x_wconf 87' lang='lat' dir='ltr'>liberatur.</span> <span class='ocrx_word' id='word_1_196' title='bbox 391 1486 424 1513; x_wconf 88' lang='lat' dir='ltr'>Et</span> <span class='ocrx_word' id='word_1_197' title='bbox 444 1485 500 1513; x_wconf 88' lang='lat' dir='ltr'>hoc</span> <span class='ocrx_word' id='word_1_198' title='bbox 520 1487 637 1513; x_wconf 88' lang='lat' dir='ltr'>notatur</span> <span class='ocrx_word' id='word_1_199' title='bbox 651 1486 680 1513; x_wconf 90' lang='lat' dir='ltr'>in</span> <span class='ocrx_word' id='word_1_200' title='bbox 700 1486 931 1522; x_wconf 85' lang='lat' dir='ltr'>proprietatibus</span> 
     </span>
     <span class='ocr_line' id='line_1_29' title="bbox 153 1531 932 1568; baseline 0.003 -10"><span class='ocrx_word' id='word_1_201' title='bbox 153 1538 256 1567; x_wconf 75' lang='lat' dir='ltr'>aquae,</span> <span class='ocrx_word' id='word_1_202' title='bbox 276 1531 384 1559; x_wconf 86' lang='lat' dir='ltr'>scilicet</span> <span class='ocrx_word' id='word_1_203' title='bbox 406 1531 552 1567; x_wconf 87' lang='lat' dir='ltr'>puritate,</span> <span class='ocrx_word' id='word_1_204' title='bbox 575 1532 782 1568; x_wconf 79' lang='lat' dir='ltr'>perspicuitate</span> <span class='ocrx_word' id='word_1_205' title='bbox 804 1535 831 1560; x_wconf 88' lang='lat' dir='ltr'>et</span> <span class='ocrx_word' id='word_1_206' title='bbox 851 1532 932 1568; x_wconf 79' lang='lat' dir='ltr'>frigi—</span> 
     </span>
     <span class='ocr_line' id='line_1_30' title="bbox 154 1576 931 1615; baseline 0.003 -10"><span class='ocrx_word' id='word_1_207' title='bbox 154 1576 253 1605; x_wconf 83' lang='lat' dir='ltr'>ditate.</span> <span class='ocrx_word' id='word_1_208' title='bbox 274 1579 346 1606; x_wconf 89' lang='lat' dir='ltr'>Nam</span> <span class='ocrx_word' id='word_1_209' title='bbox 365 1577 549 1614; x_wconf 89' lang='lat' dir='ltr'>baptismalis</span> <span class='ocrx_word' id='word_1_210' title='bbox 567 1586 646 1614; x_wconf 88' lang='lat' dir='ltr'>aqua</span> <span class='ocrx_word' id='word_1_211' title='bbox 667 1587 721 1607; x_wconf 88' lang='lat' dir='ltr'>sua</span> <span class='ocrx_word' id='word_1_212' title='bbox 736 1580 861 1615; x_wconf 88' lang='lat' dir='ltr'>puritate</span> <span class='ocrx_word' id='word_1_213' title='bbox 876 1587 931 1608; x_wconf 88' lang='lat' dir='ltr'>nos</span> 
     </span>
     <span class='ocr_line' id='line_1_31' title="bbox 152 1625 932 1663; baseline 0.003 -11"><span class='ocrx_word' id='word_1_214' title='bbox 152 1625 291 1659; x_wconf 87' lang='lat' dir='ltr'>mundat,</span> <span class='ocrx_word' id='word_1_215' title='bbox 307 1633 360 1652; x_wconf 89' lang='lat' dir='ltr'>sua</span> <span class='ocrx_word' id='word_1_216' title='bbox 372 1625 580 1661; x_wconf 82' lang='lat' dir='ltr'>perspicuitate</span> <span class='ocrx_word' id='word_1_217' title='bbox 595 1625 759 1660; x_wconf 89' lang='lat' dir='ltr'>illuminat,</span> <span class='ocrx_word' id='word_1_218' title='bbox 775 1628 863 1663; x_wconf 88' lang='lat' dir='ltr'>atque</span> <span class='ocrx_word' id='word_1_219' title='bbox 878 1634 932 1654; x_wconf 87' lang='lat' dir='ltr'>sua</span> 
     </span>
     <span class='ocr_line' id='line_1_32' title="bbox 152 1671 932 1709; baseline 0.001 -9"><span class='ocrx_word' id='word_1_220' title='bbox 152 1671 311 1708; x_wconf 82' lang='lat' dir='ltr'>frigiditate</span> <span class='ocrx_word' id='word_1_221' title='bbox 326 1671 364 1699; x_wconf 89' lang='lat' dir='ltr'>ab</span> <span class='ocrx_word' id='word_1_222' title='bbox 385 1674 456 1699; x_wconf 79' lang='lat' dir='ltr'>aestu</span> <span class='ocrx_word' id='word_1_223' title='bbox 476 1672 721 1708; x_wconf 81' lang='lat' dir='ltr'>concupiscentiae</span> <span class='ocrx_word' id='word_1_224' title='bbox 745 1681 801 1701; x_wconf 92' lang='lat' dir='ltr'>nos</span> <span class='ocrx_word' id='word_1_225' title='bbox 821 1675 932 1709; x_wconf 88' lang='lat' dir='ltr'>tempe-</span> 
     </span>
     <span class='ocr_line' id='line_1_33' title="bbox 153 1718 932 1755; baseline 0.003 -9"><span class='ocrx_word' id='word_1_226' title='bbox 153 1720 207 1746; x_wconf 85' lang='lat' dir='ltr'>rat.</span> <span class='ocrx_word' id='word_1_227' title='bbox 223 1719 294 1746; x_wconf 86' lang='lat' dir='ltr'>Item</span> <span class='ocrx_word' id='word_1_228' title='bbox 305 1718 470 1754; x_wconf 83' lang='lat' dir='ltr'>baptismus</span> <span class='ocrx_word' id='word_1_229' title='bbox 485 1719 518 1746; x_wconf 88' lang='lat' dir='ltr'>fit</span> <span class='ocrx_word' id='word_1_230' title='bbox 530 1719 560 1746; x_wconf 90' lang='lat' dir='ltr'>in</span> <span class='ocrx_word' id='word_1_231' title='bbox 575 1727 664 1755; x_wconf 86' lang='lat' dir='ltr'>aqua,</span> <span class='ocrx_word' id='word_1_232' title='bbox 677 1727 714 1747; x_wconf 91' lang='lat' dir='ltr'>ne</span> <span class='ocrx_word' id='word_1_233' title='bbox 725 1727 815 1755; x_wconf 87' lang='lat' dir='ltr'>quem</span> <span class='ocrx_word' id='word_1_234' title='bbox 829 1719 932 1755; x_wconf 88' lang='lat' dir='ltr'>inopia</span> 
     </span>
     <span class='ocr_line' id='line_1_34' title="bbox 154 1765 931 1802; baseline 0.003 -10"><span class='ocrx_word' id='word_1_235' title='bbox 154 1766 324 1800; x_wconf 78' lang='lat' dir='ltr'>excusaret,</span> <span class='ocrx_word' id='word_1_236' title='bbox 353 1767 381 1793; x_wconf 86' lang='lat' dir='ltr'>et</span> <span class='ocrx_word' id='word_1_237' title='bbox 408 1774 444 1793; x_wconf 87' lang='lat' dir='ltr'>ne</span> <span class='ocrx_word' id='word_1_238' title='bbox 471 1767 592 1802; x_wconf 84' lang='lat' dir='ltr'>propter</span> <span class='ocrx_word' id='word_1_239' title='bbox 620 1765 768 1794; x_wconf 83' lang='lat' dir='ltr'>defectum</span> <span class='ocrx_word' id='word_1_240' title='bbox 795 1767 931 1795; x_wconf 91' lang='lat' dir='ltr'>homines</span> 
     </span>
     <span class='ocr_line' id='line_1_35' title="bbox 154 1812 931 1849; baseline 0.003 -10"><span class='ocrx_word' id='word_1_241' title='bbox 154 1812 255 1840; x_wconf 86' lang='lat' dir='ltr'>salutis</span> <span class='ocrx_word' id='word_1_242' title='bbox 271 1812 438 1848; x_wconf 84' lang='lat' dir='ltr'>perieulum</span> <span class='ocrx_word' id='word_1_243' title='bbox 453 1813 651 1848; x_wconf 86' lang='lat' dir='ltr'>incurrerent,</span> <span class='ocrx_word' id='word_1_244' title='bbox 666 1813 689 1840; x_wconf 89' lang='lat' dir='ltr'>si</span> <span class='ocrx_word' id='word_1_245' title='bbox 708 1813 739 1840; x_wconf 93' lang='lat' dir='ltr'>in</span> <span class='ocrx_word' id='word_1_246' title='bbox 754 1813 813 1841; x_wconf 92' lang='lat' dir='ltr'>alio</span> <span class='ocrx_word' id='word_1_247' title='bbox 828 1814 931 1849; x_wconf 87' lang='lat' dir='ltr'>aliquo</span> 
     </span>
     <span class='ocr_line' id='line_1_36' title="bbox 155 1858 932 1896; baseline 0.003 -10"><span class='ocrx_word' id='word_1_248' title='bbox 155 1858 270 1895; x_wconf 85' lang='lat' dir='ltr'>liquore</span> <span class='ocrx_word' id='word_1_249' title='bbox 292 1859 390 1895; x_wconf 72' lang='lat' dir='ltr'>fieret,</span> <span class='ocrx_word' id='word_1_250' title='bbox 414 1861 442 1887; x_wconf 89' lang='lat' dir='ltr'>et</span> <span class='ocrx_word' id='word_1_251' title='bbox 465 1861 495 1887; x_wconf 87' lang='lat' dir='ltr'>ut</span> <span class='ocrx_word' id='word_1_252' title='bbox 523 1860 690 1888; x_wconf 89' lang='lat' dir='ltr'>inveniatur</span> <span class='ocrx_word' id='word_1_253' title='bbox 718 1860 799 1896; x_wconf 88' lang='lat' dir='ltr'>apud</span> <span class='ocrx_word' id='word_1_254' title='bbox 827 1868 932 1888; x_wconf 90' lang='lat' dir='ltr'>omnes</span> 
     </span>
     <span class='ocr_line' id='line_1_37' title="bbox 155 1906 619 1942; baseline 0.002 -9"><span class='ocrx_word' id='word_1_255' title='bbox 155 1906 321 1933; x_wconf 85' lang='lat' dir='ltr'>communis</span> <span class='ocrx_word' id='word_1_256' title='bbox 336 1906 472 1942; x_wconf 86' lang='lat' dir='ltr'>Baptismi</span> <span class='ocrx_word' id='word_1_257' title='bbox 487 1906 619 1934; x_wconf 86' lang='lat' dir='ltr'>materia.</span> 
     </span>
    </p>

    <p class='ocr_par' dir='ltr' id='par_1_4' title="bbox 155 1951 934 2499">
     <span class='ocr_line' id='line_1_38' title="bbox 190 1951 932 1989; baseline 0.004 -11"><span class='ocrx_word' id='word_1_258' title='bbox 190 1951 305 1987; x_wconf 84' lang='lat' dir='ltr'>Triplex</span> <span class='ocrx_word' id='word_1_259' title='bbox 327 1954 425 1980; x_wconf 87' lang='lat' dir='ltr'>autem</span> <span class='ocrx_word' id='word_1_260' title='bbox 444 1955 486 1980; x_wconf 87' lang='lat' dir='ltr'>est</span> <span class='ocrx_word' id='word_1_261' title='bbox 508 1953 687 1989; x_wconf 83' lang='lat' dir='ltr'>baptismus,</span> <span class='ocrx_word' id='word_1_262' title='bbox 705 1954 815 1981; x_wconf 86' lang='lat' dir='ltr'>scilicet</span> <span class='ocrx_word' id='word_1_263' title='bbox 835 1954 932 1981; x_wconf 85' lang='lat' dir='ltr'>flumi-</span> 
     </span>
     <span class='ocr_line' id='line_1_39' title="bbox 156 1996 934 2034; baseline 0.005 -10"><span class='ocrx_word' id='word_1_264' title='bbox 156 1996 211 2029; x_wconf 78' lang='lat' dir='ltr'>nis,</span> <span class='ocrx_word' id='word_1_265' title='bbox 230 1997 373 2032; x_wconf 84' lang='lat' dir='ltr'>flaminis,</span> <span class='ocrx_word' id='word_1_266' title='bbox 397 2001 425 2026; x_wconf 92' lang='lat' dir='ltr'>et</span> <span class='ocrx_word' id='word_1_267' title='bbox 445 1999 607 2034; x_wconf 85' lang='lat' dir='ltr'>sanguinis.</span> <span class='ocrx_word' id='word_1_268' title='bbox 634 2002 710 2028; x_wconf 86' lang='lat' dir='ltr'>Inter</span> <span class='ocrx_word' id='word_1_269' title='bbox 733 2001 788 2028; x_wconf 93' lang='lat' dir='ltr'>hos</span> <span class='ocrx_word' id='word_1_270' title='bbox 806 2001 870 2028; x_wconf 89' lang='lat' dir='ltr'>talis</span> <span class='ocrx_word' id='word_1_271' title='bbox 891 2003 934 2028; x_wconf 86' lang='lat' dir='ltr'>est</span> 
     </span>
     <span class='ocr_line' id='line_1_40' title="bbox 157 2043 933 2083; baseline 0.005 -13"><span class='ocrx_word' id='word_1_272' title='bbox 157 2043 332 2078; x_wconf 82' lang='lat' dir='ltr'>differentia,</span> <span class='ocrx_word' id='word_1_273' title='bbox 344 2044 414 2080; x_wconf 89' lang='lat' dir='ltr'>quia</span> <span class='ocrx_word' id='word_1_274' title='bbox 423 2045 588 2080; x_wconf 83' lang='lat' dir='ltr'>baptismus</span> <span class='ocrx_word' id='word_1_275' title='bbox 602 2046 733 2074; x_wconf 88' lang='lat' dir='ltr'>fluminis</span> <span class='ocrx_word' id='word_1_276' title='bbox 744 2055 761 2074; x_wconf 95' lang='lat' dir='ltr'>a</span> <span class='ocrx_word' id='word_1_277' title='bbox 774 2049 835 2074; x_wconf 87' lang='lat' dir='ltr'>tota</span> <span class='ocrx_word' id='word_1_278' title='bbox 844 2055 933 2083; x_wconf 84' lang='lat' dir='ltr'>poena</span> 
     </span>
     <span class='ocr_line' id='line_1_41' title="bbox 155 2089 932 2126; baseline 0.004 -9"><span class='ocrx_word' id='word_1_279' title='bbox 155 2089 276 2124; x_wconf 89' lang='lat' dir='ltr'>liberat,</span> <span class='ocrx_word' id='word_1_280' title='bbox 295 2092 323 2118; x_wconf 89' lang='lat' dir='ltr'>et</span> <span class='ocrx_word' id='word_1_281' title='bbox 338 2098 356 2118; x_wconf 84' lang='lat' dir='ltr'>a</span> <span class='ocrx_word' id='word_1_282' title='bbox 374 2091 476 2126; x_wconf 87' lang='lat' dir='ltr'>eulpa,</span> <span class='ocrx_word' id='word_1_283' title='bbox 492 2093 519 2118; x_wconf 88' lang='lat' dir='ltr'>et</span> <span class='ocrx_word' id='word_1_284' title='bbox 534 2092 659 2126; x_wconf 80' lang='lat' dir='ltr'>gratiam</span> <span class='ocrx_word' id='word_1_285' title='bbox 673 2093 704 2119; x_wconf 91' lang='lat' dir='ltr'>in</span> <span class='ocrx_word' id='word_1_286' title='bbox 718 2093 820 2120; x_wconf 84' lang='lat' dir='ltr'>habitu</span> <span class='ocrx_word' id='word_1_287' title='bbox 835 2093 932 2120; x_wconf 80' lang='lat' dir='ltr'>infun-</span> 
     </span>
     <span class='ocr_line' id='line_1_42' title="bbox 157 2135 933 2174; baseline 0.003 -10"><span class='ocrx_word' id='word_1_288' title='bbox 157 2135 216 2171; x_wconf 87' lang='lat' dir='ltr'>dit,</span> <span class='ocrx_word' id='word_1_289' title='bbox 230 2139 257 2164; x_wconf 91' lang='lat' dir='ltr'>et</span> <span class='ocrx_word' id='word_1_290' title='bbox 271 2137 470 2165; x_wconf 84' lang='lat' dir='ltr'>characterem</span> <span class='ocrx_word' id='word_1_291' title='bbox 485 2137 645 2174; x_wconf 89' lang='lat' dir='ltr'>imprimit,-</span> <span class='ocrx_word' id='word_1_292' title='bbox 661 2138 825 2174; x_wconf 83' lang='lat' dir='ltr'>baptismus</span> <span class='ocrx_word' id='word_1_293' title='bbox 839 2139 933 2166; x_wconf 86' lang='lat' dir='ltr'>flami·</span> 
     </span>
     <span class='ocr_line' id='line_1_43' title="bbox 155 2183 933 2220; baseline 0.003 -10"><span class='ocrx_word' id='word_1_294' title='bbox 155 2183 201 2210; x_wconf 89' lang='lat' dir='ltr'>nis</span> <span class='ocrx_word' id='word_1_295' title='bbox 213 2183 292 2211; x_wconf 85' lang='lat' dir='ltr'>delet</span> <span class='ocrx_word' id='word_1_296' title='bbox 306 2183 425 2219; x_wconf 86' lang='lat' dir='ltr'>eulpam</span> <span class='ocrx_word' id='word_1_297' title='bbox 435 2191 496 2211; x_wconf 91' lang='lat' dir='ltr'>non</span> <span class='ocrx_word' id='word_1_298' title='bbox 508 2184 599 2211; x_wconf 86' lang='lat' dir='ltr'>semel</span> <span class='ocrx_word' id='word_1_299' title='bbox 610 2186 734 2219; x_wconf 87' lang='lat' dir='ltr'>tantum,</span> <span class='ocrx_word' id='word_1_300' title='bbox 747 2185 799 2212; x_wconf 88' lang='lat' dir='ltr'>sed</span> <span class='ocrx_word' id='word_1_301' title='bbox 810 2185 933 2220; x_wconf 85' lang='lat' dir='ltr'>pluries,</span> 
     </span>
     <span class='ocr_line' id='line_1_44' title="bbox 157 2230 933 2266; baseline 0.003 -9"><span class='ocrx_word' id='word_1_302' title='bbox 157 2231 184 2257; x_wconf 88' lang='lat' dir='ltr'>et</span> <span class='ocrx_word' id='word_1_303' title='bbox 197 2230 287 2258; x_wconf 85' lang='lat' dir='ltr'>habet</span> <span class='ocrx_word' id='word_1_304' title='bbox 300 2230 425 2264; x_wconf 82' lang='lat' dir='ltr'>gratiam</span> <span class='ocrx_word' id='word_1_305' title='bbox 439 2230 469 2257; x_wconf 91' lang='lat' dir='ltr'>in</span> <span class='ocrx_word' id='word_1_306' title='bbox 484 2239 540 2257; x_wconf 93' lang='lat' dir='ltr'>usu</span> <span class='ocrx_word' id='word_1_307' title='bbox 551 2251 559 2264; x_wconf 94' lang='lat'>,</span> <span class='ocrx_word' id='word_1_308' title='bbox 576 2230 606 2258; x_wconf 93' lang='lat' dir='ltr'>in</span> <span class='ocrx_word' id='word_1_309' title='bbox 622 2239 682 2266; x_wconf 90' lang='lat' dir='ltr'>quo</span> <span class='ocrx_word' id='word_1_310' title='bbox 698 2231 829 2259; x_wconf 89' lang='lat' dir='ltr'>consistit</span> <span class='ocrx_word' id='word_1_311' title='bbox 845 2232 933 2259; x_wconf 89' lang='lat' dir='ltr'>meri-</span> 
     </span>
     <span class='ocr_line' id='line_1_45' title="bbox 156 2276 934 2312; baseline 0.003 -9"><span class='ocrx_word' id='word_1_312' title='bbox 156 2278 235 2311; x_wconf 72' lang='lat' dir='ltr'>tum,</span> <span class='ocrx_word' id='word_1_313' title='bbox 250 2276 414 2312; x_wconf 84' lang='lat' dir='ltr'>baptismus</span> <span class='ocrx_word' id='word_1_314' title='bbox 428 2276 579 2311; x_wconf 87' lang='lat' dir='ltr'>sanguinis</span> <span class='ocrx_word' id='word_1_315' title='bbox 594 2276 700 2304; x_wconf 84' lang='lat' dir='ltr'>liberat</span> <span class='ocrx_word' id='word_1_316' title='bbox 718 2277 756 2304; x_wconf 89' lang='lat' dir='ltr'>ab</span> <span class='ocrx_word' id='word_1_317' title='bbox 777 2278 858 2305; x_wconf 92' lang='lat' dir='ltr'>omni</span> <span class='ocrx_word' id='word_1_318' title='bbox 874 2280 934 2305; x_wconf 88' lang='lat' dir='ltr'>ten-</span> 
     </span>
     <span class='ocr_line' id='line_1_46' title="bbox 156 2323 934 2360; baseline 0.003 -10"><span class='ocrx_word' id='word_1_319' title='bbox 156 2323 281 2357; x_wconf 88' lang='lat' dir='ltr'>tatione,</span> <span class='ocrx_word' id='word_1_320' title='bbox 297 2325 324 2350; x_wconf 86' lang='lat' dir='ltr'>et</span> <span class='ocrx_word' id='word_1_321' title='bbox 343 2323 456 2350; x_wconf 83' lang='lat' dir='ltr'>confert</span> <span class='ocrx_word' id='word_1_322' title='bbox 473 2323 569 2350; x_wconf 91' lang='lat' dir='ltr'>statim</span> <span class='ocrx_word' id='word_1_323' title='bbox 584 2323 757 2358; x_wconf 61' lang='lat' dir='ltr'>praemium,</span> <span class='ocrx_word' id='word_1_324' title='bbox 781 2325 851 2360; x_wconf 87' lang='lat' dir='ltr'>quia</span> <span class='ocrx_word' id='word_1_325' title='bbox 866 2333 934 2360; x_wconf 91' lang='lat' dir='ltr'>pro-</span> 
     </span>
     <span class='ocr_line' id='line_1_47' title="bbox 156 2371 934 2406; baseline 0.003 -8"><span class='ocrx_word' id='word_1_326' title='bbox 156 2371 254 2406; x_wconf 85' lang='lat' dir='ltr'>prium</span> <span class='ocrx_word' id='word_1_327' title='bbox 277 2372 320 2398; x_wconf 88' lang='lat' dir='ltr'>est</span> <span class='ocrx_word' id='word_1_328' title='bbox 344 2373 508 2406; x_wconf 88' lang='lat' dir='ltr'>martyrum</span> <span class='ocrx_word' id='word_1_329' title='bbox 536 2372 632 2399; x_wconf 83' lang='lat' dir='ltr'>statim</span> <span class='ocrx_word' id='word_1_330' title='bbox 661 2372 790 2400; x_wconf 86' lang='lat' dir='ltr'>evolare.</span> <span class='ocrx_word' id='word_1_331' title='bbox 820 2374 861 2400; x_wconf 73' lang='lat' dir='ltr'>Ex</span> <span class='ocrx_word' id='word_1_332' title='bbox 889 2373 934 2400; x_wconf 89' lang='lat' dir='ltr'>his</span> 
     </span>
     <span class='ocr_line' id='line_1_48' title="bbox 157 2417 934 2456; baseline 0.004 -12"><span class='ocrx_word' id='word_1_333' title='bbox 157 2420 236 2452; x_wconf 85' lang='lat' dir='ltr'>patet</span> <span class='ocrx_word' id='word_1_334' title='bbox 250 2417 316 2453; x_wconf 87' lang='lat' dir='ltr'>quis</span> <span class='ocrx_word' id='word_1_335' title='bbox 332 2418 367 2445; x_wconf 90' lang='lat' dir='ltr'>sit</span> <span class='ocrx_word' id='word_1_336' title='bbox 381 2418 487 2445; x_wconf 88' lang='lat' dir='ltr'>melior</span> <span class='ocrx_word' id='word_1_337' title='bbox 501 2419 575 2446; x_wconf 88' lang='lat' dir='ltr'>inter</span> <span class='ocrx_word' id='word_1_338' title='bbox 593 2419 647 2447; x_wconf 90' lang='lat' dir='ltr'>hos</span> <span class='ocrx_word' id='word_1_339' title='bbox 663 2419 827 2455; x_wconf 86' lang='lat' dir='ltr'>baptismos</span> <span class='ocrx_word' id='word_1_340' title='bbox 837 2441 847 2455; x_wconf 91' lang='lat'>,</span> <span class='ocrx_word' id='word_1_341' title='bbox 863 2420 934 2456; x_wconf 88' lang='lat' dir='ltr'>quia</span> 
     </span>
     <span class='ocr_line' id='line_1_49' title="bbox 158 2463 754 2499; baseline 0.005 -8"><span class='ocrx_word' id='word_1_342' title='bbox 158 2471 187 2491; x_wconf 86' lang='lat' dir='ltr'>se</span> <span class='ocrx_word' id='word_1_343' title='bbox 199 2463 319 2498; x_wconf 90' lang='lat' dir='ltr'>habent,</span> <span class='ocrx_word' id='word_1_344' title='bbox 335 2467 366 2492; x_wconf 92' lang='lat' dir='ltr'>ut</span> <span class='ocrx_word' id='word_1_345' title='bbox 385 2465 566 2499; x_wconf 84' lang='lat' dir='ltr'>excedentia,</span> <span class='ocrx_word' id='word_1_346' title='bbox 583 2467 611 2492; x_wconf 86' lang='lat' dir='ltr'>et</span> <span class='ocrx_word' id='word_1_347' title='bbox 626 2474 754 2494; x_wconf 77' lang='lat' dir='ltr'>excessa.</span> 
     </span>
    </p>

    <p class='ocr_par' dir='ltr' id='par_1_5' title="bbox 159 2511 935 2594">
     <span class='ocr_line' id='line_1_50' title="bbox 193 2511 935 2547; baseline 0.005 -9"><span class='ocrx_word' id='word_1_348' title='bbox 193 2511 225 2538; x_wconf 88' lang='lat' dir='ltr'>ln</span> <span class='ocrx_word' id='word_1_349' title='bbox 244 2511 391 2547; x_wconf 87' lang='lat' dir='ltr'>baptismo</span> <span class='ocrx_word' id='word_1_350' title='bbox 408 2511 562 2547; x_wconf 88' lang='lat' dir='ltr'>quoddam</span> <span class='ocrx_word' id='word_1_351' title='bbox 577 2514 620 2539; x_wconf 89' lang='lat' dir='ltr'>est</span> <span class='ocrx_word' id='word_1_352' title='bbox 634 2515 851 2541; x_wconf 87' lang='lat' dir='ltr'>sacramentum</span> <span class='ocrx_word' id='word_1_353' title='bbox 871 2515 935 2541; x_wconf 86' lang='lat' dir='ltr'>tan-</span> 
     </span>
     <span class='ocr_line' id='line_1_51' title="bbox 159 2557 934 2594; baseline 0.005 -10"><span class='ocrx_word' id='word_1_354' title='bbox 159 2558 237 2590; x_wconf 84' lang='lat' dir='ltr'>tum,</span> <span class='ocrx_word' id='word_1_355' title='bbox 253 2559 286 2584; x_wconf 91' lang='lat' dir='ltr'>ut</span> <span class='ocrx_word' id='word_1_356' title='bbox 299 2557 411 2585; x_wconf 89' lang='lat' dir='ltr'>ablutio</span> <span class='ocrx_word' id='word_1_357' title='bbox 427 2558 568 2593; x_wconf 77' lang='lat' dir='ltr'>exterior;</span> <span class='ocrx_word' id='word_1_358' title='bbox 585 2559 740 2594; x_wconf 86' lang='lat' dir='ltr'>quoddam</span> <span class='ocrx_word' id='word_1_359' title='bbox 755 2563 798 2588; x_wconf 90' lang='lat' dir='ltr'>est</span> <span class='ocrx_word' id='word_1_360' title='bbox 811 2568 857 2588; x_wconf 89' lang='lat' dir='ltr'>res</span> <span class='ocrx_word' id='word_1_361' title='bbox 872 2562 934 2588; x_wconf 83' lang='lat' dir='ltr'>tan-</span> 
     </span>
    </p>
   </div>
   <div class='ocr_carea' id='block_1_3' title="bbox 162 2619 934 2679">
    <p class='ocr_par' dir='ltr' id='par_1_6' title="bbox 162 2619 934 2679">
     <span class='ocr_line' id='line_1_52' title="bbox 190 2619 934 2677; baseline 0.009 -36"><span class='ocrx_word' id='word_1_362' title='bbox 190 2620 198 2636; x_wconf 85' lang='lat'><strong>¹</strong></span> <span class='ocrx_word' id='word_1_363' title='bbox 215 2619 315 2677; x_wconf 36' lang='lat' dir='ltr'>{mmm</span> <span class='ocrx_word' id='word_1_364' title='bbox 336 2626 382 2651; x_wconf 90' lang='lat'>111,</span> <span class='ocrx_word' id='word_1_365' title='bbox 401 2622 435 2644; x_wconf 76' lang='lat'>16.</span> <span class='ocrx_word' id='word_1_366' title='bbox 453 2635 480 2638; x_wconf 94' lang='lat'>—-</span> <span class='ocrx_word' id='word_1_367' title='bbox 498 2622 601 2653; x_wconf 79' lang='lat' dir='ltr'>²1bid.,</span> <span class='ocrx_word' id='word_1_368' title='bbox 616 2628 713 2653; x_wconf 73' lang='lat' dir='ltr'>xxviii,</span> <span class='ocrx_word' id='word_1_369' title='bbox 729 2625 766 2647; x_wconf 74' lang='lat'>19.</span> <span class='ocrx_word' id='word_1_370' title='bbox 785 2637 811 2641; x_wconf 92' lang='lat'>—</span> <span class='ocrx_word' id='word_1_371' title='bbox 826 2623 836 2640; x_wconf 78' lang='lat'>⁸</span> <span class='ocrx_word' id='word_1_372' title='bbox 850 2624 934 2653; x_wconf 61' lang='lat' dir='ltr'>Joan„</span> 
     </span>
     <span class='ocr_line' id='line_1_53' title="bbox 162 2661 241 2679; baseline 0 -1"><span class='ocrx_word' id='word_1_373' title='bbox 162 2661 201 2679; x_wconf 88' lang='grc'><strong>111,</strong></span> <span class='ocrx_word' id='word_1_374' title='bbox 219 2672 241 2678; x_wconf 83' lang='grc'>..</span> 
     </span>
    </p>
   </div>
   <div class='ocr_carea' id='block_1_4' title="bbox 1703 203 1761 233">
    <p class='ocr_par' dir='ltr' id='par_1_7' title="bbox 1703 203 1761 233">
     <span class='ocr_line' id='line_1_54' title="bbox 1703 203 1761 233; baseline 0 -1"><span class='ocrx_word' id='word_1_375' title='bbox 1703 203 1761 233; x_wconf 74' lang='lat'>207</span> 
     </span>
    </p>
   </div>
   <div class='ocr_carea' id='block_1_5' title="bbox 986 269 1767 444">
    <p class='ocr_par' dir='ltr' id='par_1_8' title="bbox 986 269 1765 349">
     <span class='ocr_line' id='line_1_55' title="bbox 986 269 1765 306; baseline 0 -10"><span class='ocrx_word' id='word_1_376' title='bbox 986 270 1049 297; x_wconf 92' lang='lat' dir='ltr'>tum</span> <span class='ocrx_word' id='word_1_377' title='bbox 1059 289 1068 304; x_wconf 92' lang='lat'><em>‚</em></span> <span class='ocrx_word' id='word_1_378' title='bbox 1083 270 1116 297; x_wconf 90' lang='lat' dir='ltr'>ut</span> <span class='ocrx_word' id='word_1_379' title='bbox 1128 269 1222 305; x_wconf 82' lang='lat' dir='ltr'>gratia</span> <span class='ocrx_word' id='word_1_380' title='bbox 1236 269 1358 298; x_wconf 87' lang='lat' dir='ltr'>interior</span> <span class='ocrx_word' id='word_1_381' title='bbox 1362 279 1372 306; x_wconf 68' lang='grc' dir='ltr'><strong><em>ς</em></strong></span> <span class='ocrx_word' id='word_1_382' title='bbox 1392 269 1548 306; x_wconf 85' lang='lat' dir='ltr'>quoddam</span> <span class='ocrx_word' id='word_1_383' title='bbox 1565 277 1612 298; x_wconf 87' lang='lat' dir='ltr'>res</span> <span class='ocrx_word' id='word_1_384' title='bbox 1626 270 1655 297; x_wconf 85' lang='lat' dir='ltr'>et</span> <span class='ocrx_word' id='word_1_385' title='bbox 1667 276 1765 297; x_wconf 76' lang='lat' dir='ltr'>sacra-</span> 
     </span>
     <span class='ocr_line' id='line_1_56' title="bbox 986 315 1359 349; baseline 0.003 -6"><span class='ocrx_word' id='word_1_386' title='bbox 986 317 1137 349; x_wconf 88' lang='lat' dir='ltr'>mentum,</span> <span class='ocrx_word' id='word_1_387' title='bbox 1151 317 1184 343; x_wconf 91' lang='lat' dir='ltr'>ut</span> <span class='ocrx_word' id='word_1_388' title='bbox 1198 315 1359 345; x_wconf 81' lang='lat' dir='ltr'>character.</span> 
     </span>
    </p>

    <p class='ocr_par' dir='ltr' id='par_1_9' title="bbox 987 361 1767 444">
     <span class='ocr_line' id='line_1_57' title="bbox 1024 361 1767 399; baseline 0 -8"><span class='ocrx_word' id='word_1_389' title='bbox 1024 362 1095 391; x_wconf 88' lang='lat' dir='ltr'>Octo</span> <span class='ocrx_word' id='word_1_390' title='bbox 1109 364 1177 390; x_wconf 89' lang='lat' dir='ltr'>sunt</span> <span class='ocrx_word' id='word_1_391' title='bbox 1196 361 1234 390; x_wconf 87' lang='lat' dir='ltr'>de</span> <span class='ocrx_word' id='word_1_392' title='bbox 1252 362 1437 391; x_wconf 87' lang='lat' dir='ltr'>solemnitate</span> <span class='ocrx_word' id='word_1_393' title='bbox 1453 362 1608 399; x_wconf 88' lang='lat' dir='ltr'>baptismi,</span> <span class='ocrx_word' id='word_1_394' title='bbox 1626 370 1692 399; x_wconf 83' lang='lat' dir='ltr'>quoe</span> <span class='ocrx_word' id='word_1_395' title='bbox 1705 369 1767 391; x_wconf 87' lang='lat' dir='ltr'>non</span> 
     </span>
     <span class='ocr_line' id='line_1_58' title="bbox 987 407 1532 444; baseline 0.002 -8"><span class='ocrx_word' id='word_1_396' title='bbox 987 410 1056 437; x_wconf 80' lang='lat' dir='ltr'>sunt</span> <span class='ocrx_word' id='word_1_397' title='bbox 1068 407 1105 437; x_wconf 89' lang='lat' dir='ltr'>de</span> <span class='ocrx_word' id='word_1_398' title='bbox 1120 408 1297 444; x_wconf 84' lang='lat' dir='ltr'>substantia3</span> <span class='ocrx_word' id='word_1_399' title='bbox 1312 408 1392 437; x_wconf 90' lang='lat' dir='ltr'>unde</span> <span class='ocrx_word' id='word_1_400' title='bbox 1406 417 1509 437; x_wconf 83' lang='lat' dir='ltr'>versus</span> <span class='ocrx_word' id='word_1_401' title='bbox 1526 418 1532 436; x_wconf 93' lang='lat'><strong>:</strong></span> 
     </span>
    </p>
   </div>
   <div class='ocr_carea' id='block_1_6' title="bbox 988 466 1802 2596">
    <p class='ocr_par' dir='ltr' id='par_1_10' title="bbox 1020 466 1704 497">
     <span class='ocr_line' id='line_1_59' title="bbox 1020 466 1704 497; baseline 0 -6"><span class='ocrx_word' id='word_1_402' title='bbox 1020 466 1071 496; x_wconf 83' lang='lat' dir='ltr'>Sal,</span> <span class='ocrx_word' id='word_1_403' title='bbox 1087 467 1183 497; x_wconf 90' lang='lat' dir='ltr'>oleum,</span> <span class='ocrx_word' id='word_1_404' title='bbox 1198 467 1323 496; x_wconf 86' lang='lat' dir='ltr'>chrisma,</span> <span class='ocrx_word' id='word_1_405' title='bbox 1339 474 1438 497; x_wconf 77' lang='lat' dir='ltr'>cereuS,</span> <span class='ocrx_word' id='word_1_406' title='bbox 1454 466 1598 497; x_wconf 84' lang='lat' dir='ltr'>chrismale,</span> <span class='ocrx_word' id='word_1_407' title='bbox 1615 467 1704 497; x_wconf 84' lang='lat' dir='ltr'>saliva,</span> 
     </span>
    </p>

    <p class='ocr_par' dir='ltr' id='par_1_11' title="bbox 1021 502 1632 534">
     <span class='ocr_line' id='line_1_60' title="bbox 1021 502 1632 534; baseline -0.002 -7"><span class='ocrx_word' id='word_1_408' title='bbox 1021 502 1115 531; x_wconf 73' lang='lat' dir='ltr'>Fletus,</span> <span class='ocrx_word' id='word_1_409' title='bbox 1130 502 1251 527; x_wconf 85' lang='lat' dir='ltr'>virtutem</span> <span class='ocrx_word' id='word_1_410' title='bbox 1266 502 1425 533; x_wconf 77' lang='lat' dir='ltr'>baptismatis</span> <span class='ocrx_word' id='word_1_411' title='bbox 1440 503 1488 527; x_wconf 88' lang='lat' dir='ltr'>ista</span> <span class='ocrx_word' id='word_1_412' title='bbox 1501 502 1612 534; x_wconf 82' lang='lat' dir='ltr'>figurant</span> <span class='ocrx_word' id='word_1_413' title='bbox 1627 510 1632 526; x_wconf 92' lang='lat'>:</span> 
     </span>
    </p>

    <p class='ocr_par' dir='ltr' id='par_1_12' title="bbox 1020 538 1708 569">
     <span class='ocr_line' id='line_1_61' title="bbox 1020 538 1708 569; baseline 0 -7"><span class='ocrx_word' id='word_1_414' title='bbox 1020 538 1082 562; x_wconf 81' lang='lat' dir='ltr'>Haec</span> <span class='ocrx_word' id='word_1_415' title='bbox 1094 545 1154 563; x_wconf 87' lang='lat' dir='ltr'>cum</span> <span class='ocrx_word' id='word_1_416' title='bbox 1166 538 1273 569; x_wconf 79' lang='lat' dir='ltr'>patrinis</span> <span class='ocrx_word' id='word_1_417' title='bbox 1287 545 1340 562; x_wconf 90' lang='lat' dir='ltr'>non</span> <span class='ocrx_word' id='word_1_418' title='bbox 1355 540 1456 563; x_wconf 84' lang='lat' dir='ltr'>mutant</span> <span class='ocrx_word' id='word_1_419' title='bbox 1470 545 1535 569; x_wconf 84' lang='lat' dir='ltr'>esse,</span> <span class='ocrx_word' id='word_1_420' title='bbox 1549 538 1594 562; x_wconf 82' lang='lat' dir='ltr'>sed</span> <span class='ocrx_word' id='word_1_421' title='bbox 1606 540 1708 563; x_wconf 85' lang='lat' dir='ltr'>ornant.</span> 
     </span>
    </p>

    <p class='ocr_par' dir='ltr' id='par_1_13' title="bbox 988 595 1769 820">
     <span class='ocr_line' id='line_1_62' title="bbox 1025 595 1769 632; baseline 0 -8"><span class='ocrx_word' id='word_1_422' title='bbox 1025 596 1057 625; x_wconf 89' lang='lat' dir='ltr'>ln</span> <span class='ocrx_word' id='word_1_423' title='bbox 1071 597 1199 632; x_wconf 89' lang='lat' dir='ltr'>quatuor</span> <span class='ocrx_word' id='word_1_424' title='bbox 1213 596 1287 624; x_wconf 86' lang='lat' dir='ltr'>locis</span> <span class='ocrx_word' id='word_1_425' title='bbox 1302 596 1454 631; x_wconf 86' lang='lat' dir='ltr'>inungitur</span> <span class='ocrx_word' id='word_1_426' title='bbox 1472 595 1679 632; x_wconf 82' lang='lat' dir='ltr'>baptizandus,</span> <span class='ocrx_word' id='word_1_427' title='bbox 1694 596 1769 624; x_wconf 91' lang='lat' dir='ltr'>scili-</span> 
     </span>
     <span class='ocr_line' id='line_1_63' title="bbox 990 642 1769 680; baseline 0 -9"><span class='ocrx_word' id='word_1_428' title='bbox 990 645 1035 671; x_wconf 86' lang='lat' dir='ltr'>cet</span> <span class='ocrx_word' id='word_1_429' title='bbox 1056 643 1087 671; x_wconf 88' lang='lat' dir='ltr'>in</span> <span class='ocrx_word' id='word_1_430' title='bbox 1105 642 1217 677; x_wconf 85' lang='lat' dir='ltr'>fronte,</span> <span class='ocrx_word' id='word_1_431' title='bbox 1232 644 1265 671; x_wconf 88' lang='lat' dir='ltr'>ut</span> <span class='ocrx_word' id='word_1_432' title='bbox 1283 643 1375 671; x_wconf 85' lang='lat' dir='ltr'>fidem</span> <span class='ocrx_word' id='word_1_433' title='bbox 1389 643 1509 680; x_wconf 91' lang='lat' dir='ltr'>publice</span> <span class='ocrx_word' id='word_1_434' title='bbox 1529 645 1722 679; x_wconf 80' lang='lat' dir='ltr'>protestetur3</span> <span class='ocrx_word' id='word_1_435' title='bbox 1738 643 1769 672; x_wconf 89' lang='lat' dir='ltr'>in</span> 
     </span>
     <span class='ocr_line' id='line_1_64' title="bbox 988 690 1767 726; baseline 0 -8"><span class='ocrx_word' id='word_1_436' title='bbox 988 690 1109 725; x_wconf 81' lang='lat' dir='ltr'>vertice,</span> <span class='ocrx_word' id='word_1_437' title='bbox 1121 691 1154 718; x_wconf 90' lang='lat' dir='ltr'>ut</span> <span class='ocrx_word' id='word_1_438' title='bbox 1168 690 1286 726; x_wconf 87' lang='lat' dir='ltr'>agenda</span> <span class='ocrx_word' id='word_1_439' title='bbox 1299 690 1337 719; x_wconf 84' lang='lat' dir='ltr'>ab</span> <span class='ocrx_word' id='word_1_440' title='bbox 1350 698 1386 718; x_wconf 89' lang='lat' dir='ltr'>eo</span> <span class='ocrx_word' id='word_1_441' title='bbox 1401 690 1538 718; x_wconf 87' lang='lat' dir='ltr'>subtilius</span> <span class='ocrx_word' id='word_1_442' title='bbox 1549 690 1751 726; x_wconf 82' lang='lat' dir='ltr'>intelligantur</span> <span class='ocrx_word' id='word_1_443' title='bbox 1759 700 1767 726; x_wconf 80' lang='lat'><em>3</em></span> 
     </span>
     <span class='ocr_line' id='line_1_65' title="bbox 988 736 1769 773; baseline -0.001 -8"><span class='ocrx_word' id='word_1_444' title='bbox 988 736 1065 765; x_wconf 87' lang='lat' dir='ltr'>inter</span> <span class='ocrx_word' id='word_1_445' title='bbox 1079 736 1233 773; x_wconf 84' lang='lat' dir='ltr'>scapulas,</span> <span class='ocrx_word' id='word_1_446' title='bbox 1253 739 1286 765; x_wconf 90' lang='lat' dir='ltr'>ut</span> <span class='ocrx_word' id='word_1_447' title='bbox 1303 737 1411 773; x_wconf 89' lang='lat' dir='ltr'>jugum</span> <span class='ocrx_word' id='word_1_448' title='bbox 1435 737 1538 765; x_wconf 88' lang='lat' dir='ltr'>Christi</span> <span class='ocrx_word' id='word_1_449' title='bbox 1560 737 1680 765; x_wconf 85' lang='lat' dir='ltr'>suavius</span> <span class='ocrx_word' id='word_1_450' title='bbox 1701 744 1769 773; x_wconf 87' lang='lat' dir='ltr'>por-</span> 
     </span>
     <span class='ocr_line' id='line_1_66' title="bbox 988 784 1767 820; baseline 0 -8"><span class='ocrx_word' id='word_1_451' title='bbox 988 786 1064 812; x_wconf 87' lang='lat' dir='ltr'>tetur</span> <span class='ocrx_word' id='word_1_452' title='bbox 1073 794 1082 819; x_wconf 86' lang='lat'>;</span> <span class='ocrx_word' id='word_1_453' title='bbox 1098 785 1127 812; x_wconf 93' lang='lat' dir='ltr'>in</span> <span class='ocrx_word' id='word_1_454' title='bbox 1137 787 1267 820; x_wconf 86' lang='lat' dir='ltr'>pectore,</span> <span class='ocrx_word' id='word_1_455' title='bbox 1281 786 1315 813; x_wconf 90' lang='lat' dir='ltr'>ut</span> <span class='ocrx_word' id='word_1_456' title='bbox 1326 785 1405 813; x_wconf 89' lang='lat' dir='ltr'>dulci</span> <span class='ocrx_word' id='word_1_457' title='bbox 1421 785 1511 813; x_wconf 90' lang='lat' dir='ltr'>corde</span> <span class='ocrx_word' id='word_1_458' title='bbox 1528 786 1602 813; x_wconf 88' lang='lat' dir='ltr'>Deus</span> <span class='ocrx_word' id='word_1_459' title='bbox 1617 784 1767 820; x_wconf 83' lang='lat' dir='ltr'>diligatur.</span> 
     </span>
    </p>

    <p class='ocr_par' dir='ltr' id='par_1_14' title="bbox 988 830 1770 1093">
     <span class='ocr_line' id='line_1_67' title="bbox 1024 830 1769 867; baseline 0 -9"><span class='ocrx_word' id='word_1_460' title='bbox 1024 831 1188 867; x_wconf 87' lang='lat' dir='ltr'>Baptismus</span> <span class='ocrx_word' id='word_1_461' title='bbox 1201 831 1256 859; x_wconf 83' lang='lat' dir='ltr'>fuit</span> <span class='ocrx_word' id='word_1_462' title='bbox 1270 831 1461 860; x_wconf 86' lang='lat' dir='ltr'>materialiter</span> <span class='ocrx_word' id='word_1_463' title='bbox 1474 831 1631 866; x_wconf 89' lang='lat' dir='ltr'>institutus,</span> <span class='ocrx_word' id='word_1_464' title='bbox 1646 830 1769 867; x_wconf 87' lang='lat' dir='ltr'>quando</span> 
     </span>
     <span class='ocr_line' id='line_1_68' title="bbox 989 877 1769 914; baseline 0 -9"><span class='ocrx_word' id='word_1_465' title='bbox 989 877 1118 906; x_wconf 89' lang='lat' dir='ltr'>Christus</span> <span class='ocrx_word' id='word_1_466' title='bbox 1135 880 1144 896; x_wconf 88' lang='lat'>²</span> <span class='ocrx_word' id='word_1_467' title='bbox 1166 878 1331 914; x_wconf 87' lang='lat' dir='ltr'>baptizatus</span> <span class='ocrx_word' id='word_1_468' title='bbox 1350 877 1404 906; x_wconf 78' lang='lat' dir='ltr'>suit</span> <span class='ocrx_word' id='word_1_469' title='bbox 1412 887 1420 913; x_wconf 82' lang='lat'>3</span> <span class='ocrx_word' id='word_1_470' title='bbox 1444 877 1622 912; x_wconf 84' lang='lat' dir='ltr'>formaliter,</span> <span class='ocrx_word' id='word_1_471' title='bbox 1645 877 1769 914; x_wconf 89' lang='lat' dir='ltr'>quando</span> 
     </span>
     <span class='ocr_line' id='line_1_69' title="bbox 989 923 1769 960; baseline -0.001 -8"><span class='ocrx_word' id='word_1_472' title='bbox 989 924 1063 953; x_wconf 79' lang='lat' dir='ltr'>dixit</span> <span class='ocrx_word' id='word_1_473' title='bbox 1075 923 1100 952; x_wconf 84' lang='lat'>²:</span> <span class='ocrx_word' id='word_1_474' title='bbox 1116 924 1214 960; x_wconf 84' lang='lat' dir='ltr'>Ite(a)‚</span> <span class='ocrx_word' id='word_1_475' title='bbox 1230 925 1319 952; x_wconf 82' lang='lat' dir='ltr'>docete</span> <span class='ocrx_word' id='word_1_476' title='bbox 1332 933 1420 952; x_wconf 80' lang='lat' dir='ltr'>omnes</span> <span class='ocrx_word' id='word_1_477' title='bbox 1433 927 1534 960; x_wconf 65' lang='lat' dir='ltr'>gentes,</span> <span class='ocrx_word' id='word_1_478' title='bbox 1549 927 1615 960; x_wconf 82' lang='lat' dir='ltr'>etc.;</span> <span class='ocrx_word' id='word_1_479' title='bbox 1631 924 1769 959; x_wconf 82' lang='lat' dir='ltr'>finaliter,</span> 
     </span>
     <span class='ocr_line' id='line_1_70' title="bbox 989 970 1770 1009; baseline -0.001 -10"><span class='ocrx_word' id='word_1_480' title='bbox 989 972 1111 1009; x_wconf 84' lang='lat' dir='ltr'>quando</span> <span class='ocrx_word' id='word_1_481' title='bbox 1139 970 1213 999; x_wconf 79' lang='lat' dir='ltr'>dixit</span> <span class='ocrx_word' id='word_1_482' title='bbox 1235 971 1396 1000; x_wconf 92' lang='lat' dir='ltr'>Nicodemo</span> <span class='ocrx_word' id='word_1_483' title='bbox 1418 972 1428 988; x_wconf 81' lang='lat'><strong>³</strong></span> <span class='ocrx_word' id='word_1_484' title='bbox 1453 980 1460 999; x_wconf 94' lang='lat'><strong>:</strong></span> <span class='ocrx_word' id='word_1_485' title='bbox 1484 972 1549 1000; x_wconf 83' lang='lat' dir='ltr'>Nisi</span> <span class='ocrx_word' id='word_1_486' title='bbox 1572 973 1633 1007; x_wconf 75' lang='lat' dir='ltr'>quis</span> <span class='ocrx_word' id='word_1_487' title='bbox 1661 973 1770 999; x_wconf 78' lang='lat' dir='ltr'>renatus</span> 
     </span>
     <span class='ocr_line' id='line_1_71' title="bbox 988 1018 1770 1054; baseline -0.001 -8"><span class='ocrx_word' id='word_1_488' title='bbox 988 1020 1089 1052; x_wconf 76' lang='lat' dir='ltr'>fuerit,</span> <span class='ocrx_word' id='word_1_489' title='bbox 1114 1020 1186 1054; x_wconf 85' lang='lat' dir='ltr'>etc.;</span> <span class='ocrx_word' id='word_1_490' title='bbox 1207 1018 1358 1053; x_wconf 82' lang='lat' dir='ltr'>effective,</span> <span class='ocrx_word' id='word_1_491' title='bbox 1373 1018 1495 1054; x_wconf 89' lang='lat' dir='ltr'>quando</span> <span class='ocrx_word' id='word_1_492' title='bbox 1517 1018 1645 1046; x_wconf 88' lang='lat' dir='ltr'>Christus</span> <span class='ocrx_word' id='word_1_493' title='bbox 1666 1025 1770 1054; x_wconf 89' lang='lat' dir='ltr'>passus</span> 
     </span>
     <span class='ocr_line' id='line_1_72' title="bbox 989 1067 1041 1093; baseline 0 0"><span class='ocrx_word' id='word_1_494' title='bbox 989 1067 1041 1093; x_wconf 85' lang='lat' dir='ltr'>est.</span> 
     </span>
    </p>

    <p class='ocr_par' dir='ltr' id='par_1_15' title="bbox 988 1111 1802 2596">
     <span class='ocr_line' id='line_1_73' title="bbox 1025 1111 1770 1148; baseline -0.003 -8"><span class='ocrx_word' id='word_1_495' title='bbox 1025 1112 1151 1140; x_wconf 86' lang='lat' dir='ltr'>Effectus</span> <span class='ocrx_word' id='word_1_496' title='bbox 1175 1111 1315 1148; x_wconf 83' lang='lat' dir='ltr'>baptismi</span> <span class='ocrx_word' id='word_1_497' title='bbox 1336 1111 1491 1148; x_wconf 78' lang='lat' dir='ltr'>multiplex</span> <span class='ocrx_word' id='word_1_498' title='bbox 1516 1114 1567 1139; x_wconf 82' lang='lat' dir='ltr'>est.</span> <span class='ocrx_word' id='word_1_499' title='bbox 1598 1114 1622 1140; x_wconf 84' lang='lat'>¹.</span> <span class='ocrx_word' id='word_1_500' title='bbox 1647 1112 1689 1140; x_wconf 79' lang='lat' dir='ltr'>Ad</span> <span class='ocrx_word' id='word_1_501' title='bbox 1712 1111 1770 1139; x_wconf 88' lang='lat' dir='ltr'>alia</span> 
     </span>
     <span class='ocr_line' id='line_1_74' title="bbox 989 1158 1771 1195; baseline -0.001 -8"><span class='ocrx_word' id='word_1_502' title='bbox 989 1160 1175 1187; x_wconf 82' lang='lat' dir='ltr'>sacramenta</span> <span class='ocrx_word' id='word_1_503' title='bbox 1187 1160 1344 1195; x_wconf 82' lang='lat' dir='ltr'>praeparat,</span> <span class='ocrx_word' id='word_1_504' title='bbox 1357 1159 1427 1194; x_wconf 85' lang='lat' dir='ltr'>quia</span> <span class='ocrx_word' id='word_1_505' title='bbox 1442 1158 1605 1194; x_wconf 85' lang='lat' dir='ltr'>Baptismus</span> <span class='ocrx_word' id='word_1_506' title='bbox 1620 1160 1662 1186; x_wconf 86' lang='lat' dir='ltr'>est</span> <span class='ocrx_word' id='word_1_507' title='bbox 1675 1166 1771 1186; x_wconf 84' lang='lat' dir='ltr'>sacra-</span> 
     </span>
     <span class='ocr_line' id='line_1_75' title="bbox 989 1205 1768 1241; baseline -0.001 -8"><span class='ocrx_word' id='word_1_508' title='bbox 989 1208 1123 1234; x_wconf 89' lang='lat' dir='ltr'>mentum</span> <span class='ocrx_word' id='word_1_509' title='bbox 1152 1205 1334 1233; x_wconf 90' lang='lat' dir='ltr'>intrantium.</span> <span class='ocrx_word' id='word_1_510' title='bbox 1363 1205 1390 1232; x_wconf 73' lang='lat'>2.</span> <span class='ocrx_word' id='word_1_511' title='bbox 1421 1207 1443 1232; x_wconf 87' lang='grc' dir='ltr'>Α</span> <span class='ocrx_word' id='word_1_512' title='bbox 1472 1207 1594 1241; x_wconf 86' lang='lat' dir='ltr'>peccato</span> <span class='ocrx_word' id='word_1_513' title='bbox 1626 1205 1768 1239; x_wconf 90' lang='lat' dir='ltr'>mundat,</span> 
     </span>
     <span class='ocr_line' id='line_1_76' title="bbox 989 1251 1771 1289; baseline -0.003 -9"><span class='ocrx_word' id='word_1_514' title='bbox 989 1253 1072 1289; x_wconf 88' lang='lat' dir='ltr'>quod</span> <span class='ocrx_word' id='word_1_515' title='bbox 1087 1251 1286 1287; x_wconf 84' lang='lat' dir='ltr'>significatum</span> <span class='ocrx_word' id='word_1_516' title='bbox 1302 1254 1344 1279; x_wconf 88' lang='lat' dir='ltr'>est</span> <span class='ocrx_word' id='word_1_517' title='bbox 1363 1251 1393 1279; x_wconf 94' lang='lat' dir='ltr'>in</span> <span class='ocrx_word' id='word_1_518' title='bbox 1408 1251 1478 1279; x_wconf 84' lang='lat' dir='ltr'>Mari</span> <span class='ocrx_word' id='word_1_519' title='bbox 1492 1251 1591 1279; x_wconf 88' lang='lat' dir='ltr'>Rubro</span> <span class='ocrx_word' id='word_1_520' title='bbox 1603 1271 1612 1286; x_wconf 88' lang='lat'>,</span> <span class='ocrx_word' id='word_1_521' title='bbox 1627 1251 1680 1279; x_wconf 89' lang='lat' dir='ltr'>ubi</span> <span class='ocrx_word' id='word_1_522' title='bbox 1701 1251 1771 1278; x_wconf 90' lang='lat' dir='ltr'>sub-</span> 
     </span>
     <span class='ocr_line' id='line_1_77' title="bbox 989 1298 1771 1334; baseline -0.001 -7"><span class='ocrx_word' id='word_1_523' title='bbox 989 1299 1078 1327; x_wconf 87' lang='lat' dir='ltr'>mersi</span> <span class='ocrx_word' id='word_1_524' title='bbox 1106 1301 1174 1326; x_wconf 90' lang='lat' dir='ltr'>sunt</span> <span class='ocrx_word' id='word_1_525' title='bbox 1201 1298 1346 1334; x_wconf 82' lang='lat' dir='ltr'>AEgyptii,</span> <span class='ocrx_word' id='word_1_526' title='bbox 1372 1298 1425 1325; x_wconf 90' lang='lat' dir='ltr'>sed</span> <span class='ocrx_word' id='word_1_527' title='bbox 1447 1298 1500 1325; x_wconf 86' lang='lat' dir='ltr'>filii</span> <span class='ocrx_word' id='word_1_528' title='bbox 1529 1298 1617 1326; x_wconf 85' lang='lat' dir='ltr'>lsrael</span> <span class='ocrx_word' id='word_1_529' title='bbox 1639 1298 1771 1326; x_wconf 84' lang='lat' dir='ltr'>exierunt</span> 
     </span>
     <span class='ocr_line' id='line_1_78' title="bbox 989 1345 1771 1382; baseline -0.003 -8"><span class='ocrx_word' id='word_1_530' title='bbox 989 1347 1092 1376; x_wconf 88' lang='lat' dir='ltr'>securi.</span> <span class='ocrx_word' id='word_1_531' title='bbox 1119 1348 1209 1381; x_wconf 88' lang='lat' dir='ltr'>Nota,</span> <span class='ocrx_word' id='word_1_532' title='bbox 1231 1345 1315 1382; x_wconf 90' lang='lat' dir='ltr'>quod</span> <span class='ocrx_word' id='word_1_533' title='bbox 1336 1345 1366 1373; x_wconf 92' lang='lat' dir='ltr'>in</span> <span class='ocrx_word' id='word_1_534' title='bbox 1382 1345 1531 1381; x_wconf 86' lang='lat' dir='ltr'>baptismo</span> <span class='ocrx_word' id='word_1_535' title='bbox 1551 1345 1665 1373; x_wconf 88' lang='lat' dir='ltr'>deletur</span> <span class='ocrx_word' id='word_1_536' title='bbox 1685 1345 1771 1380; x_wconf 88' lang='lat' dir='ltr'>origi—</span> 
     </span>
     <span class='ocr_line' id='line_1_79' title="bbox 988 1391 1769 1430; baseline -0.004 -8"><span class='ocrx_word' id='word_1_537' title='bbox 988 1393 1064 1422; x_wconf 89' lang='lat' dir='ltr'>nalis</span> <span class='ocrx_word' id='word_1_538' title='bbox 1078 1393 1192 1430; x_wconf 89' lang='lat' dir='ltr'>peccati</span> <span class='ocrx_word' id='word_1_539' title='bbox 1207 1392 1345 1427; x_wconf 80' lang='lat' dir='ltr'>macula3</span> <span class='ocrx_word' id='word_1_540' title='bbox 1361 1392 1455 1420; x_wconf 79' lang='lat' dir='ltr'>fomes</span> <span class='ocrx_word' id='word_1_541' title='bbox 1476 1400 1548 1419; x_wconf 90' lang='lat' dir='ltr'>vero</span> <span class='ocrx_word' id='word_1_542' title='bbox 1566 1400 1627 1420; x_wconf 92' lang='lat' dir='ltr'>non</span> <span class='ocrx_word' id='word_1_543' title='bbox 1647 1391 1769 1425; x_wconf 86' lang='lat' dir='ltr'>tollitur,</span> 
     </span>
     <span class='ocr_line' id='line_1_80' title="bbox 988 1438 1769 1474; baseline -0.003 -6"><span class='ocrx_word' id='word_1_544' title='bbox 988 1440 1041 1468; x_wconf 84' lang='lat' dir='ltr'>sed</span> <span class='ocrx_word' id='word_1_545' title='bbox 1056 1440 1224 1468; x_wconf 87' lang='lat' dir='ltr'>remittitur.</span> <span class='ocrx_word' id='word_1_546' title='bbox 1252 1442 1278 1468; x_wconf 88' lang='lat'>3.</span> <span class='ocrx_word' id='word_1_547' title='bbox 1303 1441 1423 1467; x_wconf 79' lang='lat' dir='ltr'>Poenam</span> <span class='ocrx_word' id='word_1_548' title='bbox 1442 1439 1568 1474; x_wconf 81' lang='lat' dir='ltr'>relaxat;</span> <span class='ocrx_word' id='word_1_549' title='bbox 1590 1439 1670 1466; x_wconf 89' lang='lat' dir='ltr'>unde</span> <span class='ocrx_word' id='word_1_550' title='bbox 1685 1438 1769 1474; x_wconf 87' lang='lat' dir='ltr'>pueri</span> 
     </span>
     <span class='ocr_line' id='line_1_81' title="bbox 988 1485 1770 1514; baseline -0.003 0"><span class='ocrx_word' id='word_1_551' title='bbox 988 1486 1152 1514; x_wconf 90' lang='lat' dir='ltr'>induuntur</span> <span class='ocrx_word' id='word_1_552' title='bbox 1166 1488 1246 1514; x_wconf 83' lang='lat' dir='ltr'>veste</span> <span class='ocrx_word' id='word_1_553' title='bbox 1262 1486 1403 1514; x_wconf 78' lang='lat' dir='ltr'>candida.</span> <span class='ocrx_word' id='word_1_554' title='bbox 1418 1487 1444 1513; x_wconf 73' lang='lat'>4.</span> <span class='ocrx_word' id='word_1_555' title='bbox 1462 1485 1646 1513; x_wconf 83' lang='lat' dir='ltr'>Rationalem</span> <span class='ocrx_word' id='word_1_556' title='bbox 1660 1485 1770 1512; x_wconf 84' lang='lat' dir='ltr'>illumi-</span> 
     </span>
     <span class='ocr_line' id='line_1_82' title="bbox 989 1531 1769 1569; baseline -0.004 -8"><span class='ocrx_word' id='word_1_557' title='bbox 989 1535 1054 1568; x_wconf 81' lang='lat' dir='ltr'>nat3</span> <span class='ocrx_word' id='word_1_558' title='bbox 1066 1533 1147 1561; x_wconf 90' lang='lat' dir='ltr'>unde</span> <span class='ocrx_word' id='word_1_559' title='bbox 1158 1533 1279 1569; x_wconf 86' lang='lat' dir='ltr'>ponitur</span> <span class='ocrx_word' id='word_1_560' title='bbox 1290 1533 1374 1560; x_wconf 89' lang='lat' dir='ltr'>salin</span> <span class='ocrx_word' id='word_1_561' title='bbox 1385 1540 1446 1560; x_wconf 90' lang='lat' dir='ltr'>ore.</span> <span class='ocrx_word' id='word_1_562' title='bbox 1461 1534 1486 1559; x_wconf 77' lang='lat'>5.</span> <span class='ocrx_word' id='word_1_563' title='bbox 1503 1531 1769 1567; x_wconf 88' lang='lat' dir='ltr'>Concupiscibilem</span> 
     </span>
     <span class='ocr_line' id='line_1_83' title="bbox 990 1577 1768 1614; baseline -0.004 -6"><span class='ocrx_word' id='word_1_564' title='bbox 990 1580 1029 1608; x_wconf 90' lang='lat' dir='ltr'>ad</span> <span class='ocrx_word' id='word_1_565' title='bbox 1043 1580 1159 1608; x_wconf 91' lang='lat' dir='ltr'>bonum</span> <span class='ocrx_word' id='word_1_566' title='bbox 1174 1579 1356 1613; x_wconf 87' lang='lat' dir='ltr'>inflammat;</span> <span class='ocrx_word' id='word_1_567' title='bbox 1368 1579 1448 1606; x_wconf 88' lang='lat' dir='ltr'>unde</span> <span class='ocrx_word' id='word_1_568' title='bbox 1462 1579 1548 1606; x_wconf 89' lang='lat' dir='ltr'>datur</span> <span class='ocrx_word' id='word_1_569' title='bbox 1561 1577 1686 1606; x_wconf 86' lang='lat' dir='ltr'>candela</span> <span class='ocrx_word' id='word_1_570' title='bbox 1697 1585 1768 1614; x_wconf 86' lang='lat' dir='ltr'>pue-</span> 
     </span>
     <span class='ocr_line' id='line_1_84' title="bbox 989 1624 1770 1660; baseline -0.005 -5"><span class='ocrx_word' id='word_1_571' title='bbox 989 1635 1033 1655; x_wconf 90' lang='lat' dir='ltr'>ro.</span> <span class='ocrx_word' id='word_1_572' title='bbox 1055 1629 1081 1654; x_wconf 84' lang='lat'>6.</span> <span class='ocrx_word' id='word_1_573' title='bbox 1102 1626 1281 1654; x_wconf 81' lang='lat' dir='ltr'>irascibilem</span> <span class='ocrx_word' id='word_1_574' title='bbox 1308 1625 1471 1660; x_wconf 81' lang='lat' dir='ltr'>confortat;</span> <span class='ocrx_word' id='word_1_575' title='bbox 1491 1625 1571 1652; x_wconf 91' lang='lat' dir='ltr'>unde</span> <span class='ocrx_word' id='word_1_576' title='bbox 1592 1624 1680 1652; x_wconf 88' lang='lat' dir='ltr'>Israel</span> <span class='ocrx_word' id='word_1_577' title='bbox 1701 1624 1770 1651; x_wconf 87' lang='lat' dir='ltr'>vicit</span> 
     </span>
     <span class='ocr_line' id='line_1_85' title="bbox 989 1671 1768 1709; baseline -0.005 -7"><span class='ocrx_word' id='word_1_578' title='bbox 989 1673 1129 1702; x_wconf 86' lang='lat' dir='ltr'>Amalech</span> <span class='ocrx_word' id='word_1_579' title='bbox 1148 1675 1215 1709; x_wconf 85' lang='lat' dir='ltr'>post</span> <span class='ocrx_word' id='word_1_580' title='bbox 1238 1673 1392 1700; x_wconf 86' lang='lat' dir='ltr'>transitum</span> <span class='ocrx_word' id='word_1_581' title='bbox 1411 1671 1496 1700; x_wconf 89' lang='lat' dir='ltr'>Maris</span> <span class='ocrx_word' id='word_1_582' title='bbox 1517 1671 1619 1699; x_wconf 86' lang='lat' dir='ltr'>Rubri.</span> <span class='ocrx_word' id='word_1_583' title='bbox 1645 1673 1670 1698; x_wconf 79' lang='lat'>7.</span> <span class='ocrx_word' id='word_1_584' title='bbox 1697 1672 1768 1699; x_wconf 88' lang='lat' dir='ltr'>Gra-</span> 
     </span>
     <span class='ocr_line' id='line_1_86' title="bbox 989 1717 1769 1755; baseline -0.005 -7"><span class='ocrx_word' id='word_1_585' title='bbox 989 1720 1059 1748; x_wconf 88' lang='lat' dir='ltr'>tiam</span> <span class='ocrx_word' id='word_1_586' title='bbox 1078 1720 1203 1748; x_wconf 85' lang='lat' dir='ltr'>tribuit:</span> <span class='ocrx_word' id='word_1_587' title='bbox 1227 1719 1312 1755; x_wconf 89' lang='lat' dir='ltr'>quod</span> <span class='ocrx_word' id='word_1_588' title='bbox 1335 1719 1495 1754; x_wconf 86' lang='lat' dir='ltr'>figuratum</span> <span class='ocrx_word' id='word_1_589' title='bbox 1519 1721 1561 1746; x_wconf 88' lang='lat' dir='ltr'>est</span> <span class='ocrx_word' id='word_1_590' title='bbox 1581 1725 1635 1753; x_wconf 89' lang='lat' dir='ltr'>per</span> <span class='ocrx_word' id='word_1_591' title='bbox 1659 1717 1769 1745; x_wconf 85' lang='lat' dir='ltr'>colum-</span> 
     </span>
     <span class='ocr_line' id='line_1_87' title="bbox 989 1764 1767 1802; baseline -0.005 -7"><span class='ocrx_word' id='word_1_592' title='bbox 989 1766 1080 1801; x_wconf 86' lang='lat' dir='ltr'>bam,</span> <span class='ocrx_word' id='word_1_593' title='bbox 1114 1775 1180 1802; x_wconf 81' lang='lat' dir='ltr'>quae</span> <span class='ocrx_word' id='word_1_594' title='bbox 1214 1766 1290 1793; x_wconf 89' lang='lat' dir='ltr'>sedit</span> <span class='ocrx_word' id='word_1_595' title='bbox 1322 1774 1410 1802; x_wconf 91' lang='lat' dir='ltr'>super</span> <span class='ocrx_word' id='word_1_596' title='bbox 1444 1767 1542 1793; x_wconf 77' lang='lat' dir='ltr'>Iesum</span> <span class='ocrx_word' id='word_1_597' title='bbox 1577 1764 1767 1800; x_wconf 89' lang='lat' dir='ltr'>baptizatum.</span> 
     </span>
     <span class='ocr_line' id='line_1_88' title="bbox 990 1811 1769 1848; baseline -0.004 -7"><span class='ocrx_word' id='word_1_598' title='bbox 990 1815 1016 1841; x_wconf 87' lang='lat'>8.</span> <span class='ocrx_word' id='word_1_599' title='bbox 1044 1813 1249 1841; x_wconf 82' lang='lat' dir='ltr'>Characterem</span> <span class='ocrx_word' id='word_1_600' title='bbox 1273 1812 1416 1848; x_wconf 88' lang='lat' dir='ltr'>imprimit</span> <span class='ocrx_word' id='word_1_601' title='bbox 1440 1821 1445 1839; x_wconf 97' lang='lat'>:</span> <span class='ocrx_word' id='word_1_602' title='bbox 1468 1812 1525 1839; x_wconf 88' lang='lat' dir='ltr'>hoc</span> <span class='ocrx_word' id='word_1_603' title='bbox 1548 1811 1693 1846; x_wconf 88' lang='lat' dir='ltr'>figuratur</span> <span class='ocrx_word' id='word_1_604' title='bbox 1716 1818 1769 1846; x_wconf 86' lang='lat' dir='ltr'>per</span> 
     </span>
     <span class='ocr_line' id='line_1_89' title="bbox 989 1857 1768 1895; baseline -0.006 -7"><span class='ocrx_word' id='word_1_605' title='bbox 989 1868 1071 1888; x_wconf 87' lang='lat' dir='ltr'>mare</span> <span class='ocrx_word' id='word_1_606' title='bbox 1091 1860 1219 1888; x_wconf 87' lang='lat' dir='ltr'>vitreum</span> <span class='ocrx_word' id='word_1_607' title='bbox 1237 1860 1268 1887; x_wconf 91' lang='lat' dir='ltr'>in</span> <span class='ocrx_word' id='word_1_608' title='bbox 1289 1859 1477 1895; x_wconf 84' lang='lat' dir='ltr'>Apocalypsi.</span> <span class='ocrx_word' id='word_1_609' title='bbox 1494 1861 1519 1885; x_wconf 88' lang='lat'>9.</span> <span class='ocrx_word' id='word_1_610' title='bbox 1536 1858 1679 1886; x_wconf 81' lang='lat' dir='ltr'>Fomitem</span> <span class='ocrx_word' id='word_1_611' title='bbox 1693 1857 1768 1884; x_wconf 86' lang='lat' dir='ltr'>miti-</span> 
     </span>
     <span class='ocr_line' id='line_1_90' title="bbox 990 1905 1768 1943; baseline -0.004 -9"><span class='ocrx_word' id='word_1_612' title='bbox 990 1908 1058 1942; x_wconf 83' lang='lat' dir='ltr'>gat,</span> <span class='ocrx_word' id='word_1_613' title='bbox 1075 1907 1158 1943; x_wconf 88' lang='lat' dir='ltr'>quod</span> <span class='ocrx_word' id='word_1_614' title='bbox 1172 1906 1317 1942; x_wconf 86' lang='lat' dir='ltr'>significat</span> <span class='ocrx_word' id='word_1_615' title='bbox 1336 1914 1420 1941; x_wconf 73' lang='lat' dir='ltr'>aquae</span> <span class='ocrx_word' id='word_1_616' title='bbox 1441 1905 1595 1940; x_wconf 82' lang='lat' dir='ltr'>frigiditas.</span> <span class='ocrx_word' id='word_1_617' title='bbox 1616 1906 1660 1932; x_wconf 84' lang='lat'>10.</span> <span class='ocrx_word' id='word_1_618' title='bbox 1681 1905 1768 1932; x_wconf 83' lang='lat' dir='ltr'>Com·</span> 
     </span>
     <span class='ocr_line' id='line_1_91' title="bbox 990 1951 1769 1988; baseline -0.005 -7"><span class='ocrx_word' id='word_1_619' title='bbox 990 1953 1164 1981; x_wconf 88' lang='lat' dir='ltr'>munionem</span> <span class='ocrx_word' id='word_1_620' title='bbox 1192 1953 1327 1982; x_wconf 63' lang='lat' dir='ltr'>Ecclesiae</span> <span class='ocrx_word' id='word_1_621' title='bbox 1353 1954 1488 1988; x_wconf 82' lang='lat' dir='ltr'>praestat,</span> <span class='ocrx_word' id='word_1_622' title='bbox 1515 1952 1589 1979; x_wconf 87' lang='lat' dir='ltr'>sicut</span> <span class='ocrx_word' id='word_1_623' title='bbox 1611 1951 1769 1979; x_wconf 84' lang='lat' dir='ltr'>Hieremias</span> 
     </span>
     <span class='ocr_line' id='line_1_92' title="bbox 991 1997 1769 2035; baseline -0.004 -8"><span class='ocrx_word' id='word_1_624' title='bbox 991 2001 1180 2028; x_wconf 87' lang='lat' dir='ltr'>circumcisus</span> <span class='ocrx_word' id='word_1_625' title='bbox 1195 2000 1258 2034; x_wconf 75' lang='lat' dir='ltr'>fuit,</span> <span class='ocrx_word' id='word_1_626' title='bbox 1275 2000 1413 2035; x_wconf 89' lang='lat' dir='ltr'>quamvis</span> <span class='ocrx_word' id='word_1_627' title='bbox 1427 1998 1623 2026; x_wconf 86' lang='lat' dir='ltr'>sanctificatus</span> <span class='ocrx_word' id='word_1_628' title='bbox 1638 1997 1724 2025; x_wconf 84' lang='lat' dir='ltr'>fuerit</span> <span class='ocrx_word' id='word_1_629' title='bbox 1739 1997 1769 2024; x_wconf 93' lang='lat' dir='ltr'>in</span> 
     </span>
     <span class='ocr_line' id='line_1_93' title="bbox 990 2043 1770 2079; baseline -0.005 -5"><span class='ocrx_word' id='word_1_630' title='bbox 990 2049 1084 2074; x_wconf 87' lang='lat' dir='ltr'>utero.</span> <span class='ocrx_word' id='word_1_631' title='bbox 1105 2048 1149 2073; x_wconf 81' lang='lat'>11.</span> <span class='ocrx_word' id='word_1_632' title='bbox 1163 2048 1185 2074; x_wconf 84' lang='grc' dir='ltr'><strong>Α</strong></span> <span class='ocrx_word' id='word_1_633' title='bbox 1200 2045 1394 2073; x_wconf 79' lang='lat' dir='ltr'>satisfactione</span> <span class='ocrx_word' id='word_1_634' title='bbox 1410 2045 1547 2072; x_wconf 81' lang='lat' dir='ltr'>exteriori</span> <span class='ocrx_word' id='word_1_635' title='bbox 1563 2045 1683 2078; x_wconf 86' lang='lat' dir='ltr'>liberat,</span> <span class='ocrx_word' id='word_1_636' title='bbox 1699 2043 1770 2079; x_wconf 86' lang='lat' dir='ltr'>quia</span> 
     </span>
     <span class='ocr_line' id='line_1_94' title="bbox 991 2089 1769 2128; baseline -0.004 -9"><span class='ocrx_word' id='word_1_637' title='bbox 991 2100 1052 2120; x_wconf 88' lang='lat' dir='ltr'>non</span> <span class='ocrx_word' id='word_1_638' title='bbox 1070 2092 1193 2127; x_wconf 88' lang='lat' dir='ltr'>requirit</span> <span class='ocrx_word' id='word_1_639' title='bbox 1215 2093 1357 2128; x_wconf 86' lang='lat' dir='ltr'>gemitum</span> <span class='ocrx_word' id='word_1_640' title='bbox 1381 2100 1478 2127; x_wconf 89' lang='lat' dir='ltr'>neque</span> <span class='ocrx_word' id='word_1_641' title='bbox 1493 2091 1644 2126; x_wconf 86' lang='lat' dir='ltr'>planctum</span> <span class='ocrx_word' id='word_1_642' title='bbox 1661 2099 1667 2117; x_wconf 71' lang='grc' dir='ltr'>ε</span> <span class='ocrx_word' id='word_1_643' title='bbox 1684 2089 1769 2117; x_wconf 89' lang='lat' dir='ltr'>intel-</span> 
     </span>
     <span class='ocr_line' id='line_1_95' title="bbox 991 2136 1770 2174; baseline -0.001 -9"><span class='ocrx_word' id='word_1_644' title='bbox 991 2139 1048 2174; x_wconf 88' lang='lat' dir='ltr'>lige</span> <span class='ocrx_word' id='word_1_645' title='bbox 1065 2138 1240 2166; x_wconf 76' lang='lat' dir='ltr'>exteriorem</span> <span class='ocrx_word' id='word_1_646' title='bbox 1251 2160 1259 2172; x_wconf 91' lang='lat'>,</span> <span class='ocrx_word' id='word_1_647' title='bbox 1275 2146 1336 2164; x_wconf 91' lang='lat' dir='ltr'>non</span> <span class='ocrx_word' id='word_1_648' title='bbox 1358 2138 1541 2170; x_wconf 83' lang='lat' dir='ltr'>interiorem;</span> <span class='ocrx_word' id='word_1_649' title='bbox 1558 2145 1628 2164; x_wconf 87' lang='lat' dir='ltr'>nam</span> <span class='ocrx_word' id='word_1_650' title='bbox 1649 2136 1770 2164; x_wconf 83' lang='lat' dir='ltr'>interior</span> 
     </span>
     <span class='ocr_line' id='line_1_96' title="bbox 991 2184 1769 2220; baseline -0.001 -8"><span class='ocrx_word' id='word_1_651' title='bbox 991 2185 1151 2220; x_wconf 84' lang='lat' dir='ltr'>requiritur</span> <span class='ocrx_word' id='word_1_652' title='bbox 1170 2184 1199 2211; x_wconf 89' lang='lat' dir='ltr'>in</span> <span class='ocrx_word' id='word_1_653' title='bbox 1224 2184 1342 2218; x_wconf 89' lang='lat' dir='ltr'>adulto,</span> <span class='ocrx_word' id='word_1_654' title='bbox 1359 2184 1467 2211; x_wconf 83' lang='lat' dir='ltr'>scilieet</span> <span class='ocrx_word' id='word_1_655' title='bbox 1482 2184 1630 2211; x_wconf 83' lang='lat' dir='ltr'>contritio.</span> <span class='ocrx_word' id='word_1_656' title='bbox 1653 2186 1694 2211; x_wconf 78' lang='lat'>12.</span> <span class='ocrx_word' id='word_1_657' title='bbox 1716 2185 1769 2211; x_wconf 85' lang='lat' dir='ltr'>Po-</span> 
     </span>
     <span class='ocr_line' id='line_1_97' title="bbox 992 2230 1770 2266; baseline -0.003 -7"><span class='ocrx_word' id='word_1_658' title='bbox 992 2233 1126 2259; x_wconf 78' lang='lat' dir='ltr'>testatem</span> <span class='ocrx_word' id='word_1_659' title='bbox 1142 2231 1254 2258; x_wconf 87' lang='lat' dir='ltr'>diaboii</span> <span class='ocrx_word' id='word_1_660' title='bbox 1269 2230 1375 2258; x_wconf 88' lang='lat' dir='ltr'>minuit</span> <span class='ocrx_word' id='word_1_661' title='bbox 1391 2239 1397 2257; x_wconf 94' lang='lat'>:</span> <span class='ocrx_word' id='word_1_662' title='bbox 1415 2231 1496 2266; x_wconf 90' lang='lat' dir='ltr'>quod</span> <span class='ocrx_word' id='word_1_663' title='bbox 1514 2230 1659 2266; x_wconf 84' lang='lat' dir='ltr'>significat</span> <span class='ocrx_word' id='word_1_664' title='bbox 1673 2230 1770 2258; x_wconf 72' lang='lat' dir='ltr'>exsuf-</span> 
     </span>
     <span class='ocr_line' id='line_1_98' title="bbox 992 2277 1769 2313; baseline -0.003 -7"><span class='ocrx_word' id='word_1_665' title='bbox 992 2278 1083 2306; x_wconf 84' lang='lat' dir='ltr'>flatio.</span> <span class='ocrx_word' id='word_1_666' title='bbox 1108 2279 1150 2305; x_wconf 73' lang='lat'>13.</span> <span class='ocrx_word' id='word_1_667' title='bbox 1169 2279 1294 2305; x_wconf 70' lang='lat' dir='ltr'>,ianuam</span> <span class='ocrx_word' id='word_1_668' title='bbox 1314 2277 1379 2305; x_wconf 74' lang='lat' dir='ltr'>coeli</span> <span class='ocrx_word' id='word_1_669' title='bbox 1399 2278 1509 2313; x_wconf 78' lang='lat' dir='ltr'>aperit3</span> <span class='ocrx_word' id='word_1_670' title='bbox 1526 2277 1609 2313; x_wconf 88' lang='lat' dir='ltr'>quod</span> <span class='ocrx_word' id='word_1_671' title='bbox 1625 2277 1769 2312; x_wconf 88' lang='lat' dir='ltr'>significa-</span> 
     </span>
     <span class='ocr_line' id='line_1_99' title="bbox 991 2325 1769 2361; baseline -0.001 -8"><span class='ocrx_word' id='word_1_672' title='bbox 991 2328 1054 2354; x_wconf 90' lang='lat' dir='ltr'>tum</span> <span class='ocrx_word' id='word_1_673' title='bbox 1069 2328 1126 2360; x_wconf 85' lang='lat' dir='ltr'>est,</span> <span class='ocrx_word' id='word_1_674' title='bbox 1147 2325 1268 2361; x_wconf 85' lang='lat' dir='ltr'>quando</span> <span class='ocrx_word' id='word_1_675' title='bbox 1287 2326 1399 2354; x_wconf 89' lang='lat' dir='ltr'>Christo</span> <span class='ocrx_word' id='word_1_676' title='bbox 1419 2326 1567 2361; x_wconf 88' lang='lat' dir='ltr'>baptizato</span> <span class='ocrx_word' id='word_1_677' title='bbox 1590 2325 1682 2361; x_wconf 87' lang='lat' dir='ltr'>aperti</span> <span class='ocrx_word' id='word_1_678' title='bbox 1702 2327 1769 2352; x_wconf 86' lang='lat' dir='ltr'>sunt</span> 
     </span>
     <span class='ocr_line' id='line_1_100' title="bbox 992 2372 1768 2408; baseline -0.003 -7"><span class='ocrx_word' id='word_1_679' title='bbox 992 2373 1068 2401; x_wconf 83' lang='lat' dir='ltr'>coeli.</span> <span class='ocrx_word' id='word_1_680' title='bbox 1084 2374 1117 2401; x_wconf 87' lang='lat' dir='ltr'>Et</span> <span class='ocrx_word' id='word_1_681' title='bbox 1130 2372 1296 2400; x_wconf 87' lang='lat' dir='ltr'>notandum</span> <span class='ocrx_word' id='word_1_682' title='bbox 1320 2373 1403 2408; x_wconf 88' lang='lat' dir='ltr'>quod</span> <span class='ocrx_word' id='word_1_683' title='bbox 1421 2373 1520 2408; x_wconf 86' lang='lat' dir='ltr'>passio</span> <span class='ocrx_word' id='word_1_684' title='bbox 1536 2372 1638 2400; x_wconf 87' lang='lat' dir='ltr'>Christi</span> <span class='ocrx_word' id='word_1_685' title='bbox 1654 2372 1768 2407; x_wconf 90' lang='lat' dir='ltr'>aperuit</span> 
     </span>
     <span class='ocr_line' id='line_1_101' title="bbox 988 2418 1802 2455; baseline -0.002 -8"><span class='ocrx_word' id='word_1_686' title='bbox 988 2420 1112 2454; x_wconf 82' lang='lat' dir='ltr'>januam</span> <span class='ocrx_word' id='word_1_687' title='bbox 1127 2419 1193 2447; x_wconf 88' lang='lat' dir='ltr'>coeli</span> <span class='ocrx_word' id='word_1_688' title='bbox 1208 2427 1262 2455; x_wconf 88' lang='lat' dir='ltr'>per</span> <span class='ocrx_word' id='word_1_689' title='bbox 1274 2427 1394 2447; x_wconf 89' lang='lat' dir='ltr'>causam</span> <span class='ocrx_word' id='word_1_690' title='bbox 1409 2419 1591 2447; x_wconf 88' lang='lat' dir='ltr'>meritoriam</span> <span class='ocrx_word' id='word_1_691' title='bbox 1603 2421 1631 2446; x_wconf 91' lang='lat' dir='ltr'>et</span> <span class='ocrx_word' id='word_1_692' title='bbox 1642 2418 1767 2446; x_wconf 84' lang='lat' dir='ltr'>satisfac·</span> <span class='ocrx_word' id='word_1_693' title='bbox 1799 2447 1802 2449; x_wconf 18' lang='grc' dir='ltr'><strong>Α</strong></span> 
     </span>
     <span class='ocr_line' id='line_1_102' title="bbox 991 2466 1767 2502; baseline -0.003 -8"><span class='ocrx_word' id='word_1_694' title='bbox 991 2467 1098 2495; x_wconf 84' lang='lat' dir='ltr'>toriam</span> <span class='ocrx_word' id='word_1_695' title='bbox 1111 2467 1280 2502; x_wconf 85' lang='lat' dir='ltr'>generalem</span> <span class='ocrx_word' id='word_1_696' title='bbox 1291 2476 1299 2501; x_wconf 80' lang='lat'>3</span> <span class='ocrx_word' id='word_1_697' title='bbox 1315 2466 1480 2502; x_wconf 89' lang='lat' dir='ltr'>baptismus</span> <span class='ocrx_word' id='word_1_698' title='bbox 1494 2468 1594 2494; x_wconf 88' lang='lat' dir='ltr'>autem</span> <span class='ocrx_word' id='word_1_699' title='bbox 1607 2466 1701 2501; x_wconf 90' lang='lat' dir='ltr'>aperit</span> <span class='ocrx_word' id='word_1_700' title='bbox 1715 2472 1767 2500; x_wconf 87' lang='lat' dir='ltr'>per</span> 
     </span>
     <span class='ocr_line' id='line_1_103' title="bbox 991 2511 1767 2548; baseline -0.003 -7"><span class='ocrx_word' id='word_1_701' title='bbox 991 2521 1112 2541; x_wconf 89' lang='lat' dir='ltr'>causam</span> <span class='ocrx_word' id='word_1_702' title='bbox 1140 2513 1314 2541; x_wconf 85' lang='lat' dir='ltr'>efficientem</span> <span class='ocrx_word' id='word_1_703' title='bbox 1346 2513 1525 2548; x_wconf 81' lang='lat' dir='ltr'>singularem</span> <span class='ocrx_word' id='word_1_704' title='bbox 1555 2522 1561 2540; x_wconf 88' lang='lat'>:</span> <span class='ocrx_word' id='word_1_705' title='bbox 1592 2512 1661 2539; x_wconf 84' lang='lat' dir='ltr'>facit</span> <span class='ocrx_word' id='word_1_706' title='bbox 1688 2511 1767 2539; x_wconf 81' lang='lat' dir='ltr'>enim</span> 
     </span>
     <span class='ocr_line' id='line_1_104' title="bbox 989 2558 1766 2596; baseline -0.003 -9"><span class='ocrx_word' id='word_1_707' title='bbox 989 2560 1101 2595; x_wconf 82' lang='lat' dir='ltr'>justum</span> <span class='ocrx_word' id='word_1_708' title='bbox 1111 2560 1145 2596; x_wconf 77' lang='lat' dir='ltr'>(h)</span> <span class='ocrx_word' id='word_1_709' title='bbox 1160 2560 1313 2587; x_wconf 91' lang='lat' dir='ltr'>hominem</span> <span class='ocrx_word' id='word_1_710' title='bbox 1328 2560 1424 2587; x_wconf 86' lang='lat' dir='ltr'>statim</span> <span class='ocrx_word' id='word_1_711' title='bbox 1434 2560 1467 2595; x_wconf 84' lang='lat' dir='ltr'>(c)</span> <span class='ocrx_word' id='word_1_712' title='bbox 1482 2559 1610 2587; x_wconf 84' lang='lat' dir='ltr'>evolare.</span> <span class='ocrx_word' id='word_1_713' title='bbox 1625 2559 1668 2585; x_wconf 70' lang='lat'>14.</span> <span class='ocrx_word' id='word_1_714' title='bbox 1678 2559 1715 2585; x_wconf 86' lang='lat' dir='ltr'>Os</span> <span class='ocrx_word' id='word_1_715' title='bbox 1727 2558 1766 2586; x_wconf 90' lang='lat' dir='ltr'>ad</span> 
     </span>
    </p>
   </div>
   <div class='ocr_carea' id='block_1_7' title="bbox 993 2621 1765 2689">
    <p class='ocr_par' dir='ltr' id='par_1_16' title="bbox 993 2621 1765 2689">
     <span class='ocr_line' id='line_1_105' title="bbox 1023 2621 1765 2655; baseline -0.004 -7"><span class='ocrx_word' id='word_1_716' title='bbox 1023 2625 1056 2655; x_wconf 84' lang='grc' dir='ltr'>(α)</span> <span class='ocrx_word' id='word_1_717' title='bbox 1072 2623 1148 2654; x_wconf 82' lang='lat' dir='ltr'>Vulg.</span> <span class='ocrx_word' id='word_1_718' title='bbox 1169 2624 1262 2647; x_wconf 77' lang='lat' dir='ltr'>szles</span> <span class='ocrx_word' id='word_1_719' title='bbox 1283 2630 1350 2654; x_wconf 70' lang='lat' dir='ltr'>erqo.</span> <span class='ocrx_word' id='word_1_720' title='bbox 1370 2636 1400 2640; x_wconf 99' lang='lat'><strong>—</strong></span> <span class='ocrx_word' id='word_1_721' title='bbox 1421 2622 1453 2653; x_wconf 80' lang='lat' dir='ltr'>(b)</span> <span class='ocrx_word' id='word_1_722' title='bbox 1470 2622 1538 2646; x_wconf 77' lang='lat' dir='ltr'>Edit.</span> <span class='ocrx_word' id='word_1_723' title='bbox 1562 2622 1616 2646; x_wconf 77' lang='lat' dir='ltr'>Vat.</span> <span class='ocrx_word' id='word_1_724' title='bbox 1631 2621 1718 2646; x_wconf 80' lang='lat' dir='ltr'>istum.</span> <span class='ocrx_word' id='word_1_725' title='bbox 1735 2633 1765 2639; x_wconf 92' lang='lat'>—</span> 
     </span>
     <span class='ocr_line' id='line_1_106' title="bbox 993 2658 1350 2689; baseline 0 -7"><span class='ocrx_word' id='word_1_726' title='bbox 993 2660 1022 2689; x_wconf 78' lang='lat' dir='ltr'>(c)</span> <span class='ocrx_word' id='word_1_727' title='bbox 1037 2659 1097 2684; x_wconf 78' lang='lat' dir='ltr'>Caet.</span> <span class='ocrx_word' id='word_1_728' title='bbox 1111 2658 1170 2682; x_wconf 54' lang='lat' dir='ltr'>alst.</span> <span class='ocrx_word' id='word_1_729' title='bbox 1185 2658 1350 2689; x_wconf 74' lang='lat' dir='ltr'>singularem.</span> 
     </span>
    </p>
   </div>
  </div>
 </body>
</html>
