2004 3037
217 295 320 319 cussus
343 287 388 317 est
408 294 428 315 a
449 285 538 315 leone
560 283 630 320 ille,
652 282 706 320 qui
727 281 824 312 noluit
843 282 998 319 percutere

217 334 382 374 quemdam
395 333 434 363 de
447 330 517 361 filiis
528 330 754 369 prophetarum.
769 329 804 359 111
815 330 895 365 Rea„
908 337 960 368 xx.

251 383 325 411 Cum
342 380 384 411 ad
402 379 580 409 mandatum
599 377 701 414 Elisei,
714 379 848 407 Naaman
860 375 999 413 indigna-

217 432 263 460 tus
281 428 392 465 abiret,
409 427 550 456 dixerunt
568 424 596 455 ei
616 425 695 455 servi
711 424 778 454 sui:
797 425 917 460 «Pater,
932 425 960 453 et
973 423 998 452 si

217 485 282 508 rem
310 475 457 513 grandem
483 473 605 503 dixisset
630 472 685 502 tibi
709 472 878 509 Propheta,
900 471 998 500 facere

219 524 378 557 debueras,
393 533 407 550 η
425 523 480 552 etc.
496 522 530 551 1v
543 522 622 557 Βες]υ
636 527 665 549 v.

253 570 361 600 Tobias
378 569 491 607 junior,
506 567 616 598 auditis
633 565 890 596 exhortationibus
908 564 1000 602 patris

218 617 388 657 respondit,
403 619 432 646 et
445 616 520 646 dixit
533 625 540 646 :
558 625 574 643 α
587 615 694 645 Omnia
712 621 909 652 quaecumque
923 621 1000 650 prae-

219 667 322 705 cepisti
334 665 423 702 mihi,
438 667 534 703 pater,
548 663 667 694 faciam.
681 674 694 690 n
715 664 791 699 Tob„
805 671 834 692 v.

254 714 408 752 Quidquid
420 713 613 752 praecipiebat
625 712 842 746 mardochaeus,
857 710 1001 741 observa-

218 764 270 794 bat
282 763 386 800 regina
399 761 510 798 Esther,
526 763 555 790 et
572 761 614 790 ita
632 758 897 794 madefaciebat,
910 760 944 787 ut
963 766 1001 787 eo

219 813 354 848 tempore
366 809 453 838 solita
466 810 539 843 erat,
553 815 616 845 quo
631 815 699 836 eam
712 805 873 844 parvulam
887 804 1001 834 nutrie-

218 858 280 888 bat.
295 857 403 890 Esther,
418 864 450 885 11.

255 903 510 934 commendantur
538 911 556 931 a
581 901 707 930 Domino
735 899 920 936 nechabssae,
950 899 1002 936 qui

220 952 381 982 noluerunt
400 951 505 980 vinum
523 949 644 985 bibere,
666 955 722 986 pro
738 955 775 977 eo
790 946 874 984 quod
892 954 1003 983 proece-

220 1002 305 1037 perat
324 998 367 1028 eis
389 999 473 1035 pater
492 1005 608 1033 eorum,
632 995 735 1025 dicens
755 1004 762 1024 :
784 1005 799 1022 α
812 996 877 1024 Non
895 993 1004 1023 bibetis

221 1047 324 1076 vinum
341 1053 438 1083 usque
461 1044 492 1074 in
514 1043 744 1081 sempiternum,
765 1043 794 1072 et
813 1041 922 1071 domos
941 1048 1004 1070 non

221 1093 416 1128 aedificabitis,
429 1102 443 1119 n
460 1093 516 1121 etc.
531 1093 623 1125 Hier„
638 1098 727 1120 xxxv.
745 1091 778 1118 Et
792 1091 863 1118 nota
878 1087 1006 1117 difficul-

223 1142 314 1170 tatem
328 1140 360 1169 in
375 1140 427 1168 illa
441 1138 625 1169 obedientia.

259 1190 348 1217 Jonas
362 1187 534 1224 insipienter
552 1185 717 1222 refugiebat
738 1184 863 1213 obedire
879 1183 1005 1212 Domino

224 1234 416 1273 praecipienti,
425 1235 457 1263 ut
465 1234 519 1262 iret
526 1233 565 1262 ad
571 1232 797 1270 praedicandum
805 1231 840 1267 (a)
849 1231 880 1259 in
887 1230 1005 1265 Ninive;

225 1283 279 1311 sed
299 1281 443 1318 fugiendo
469 1280 603 1315 devenit,
625 1287 686 1316 quo
711 1278 850 1308 Dominus
870 1278 1005 1314 iusserat.

225 1331 316 1363 Jocnz„
331 1337 340 1357 1
355 1331 382 1357 et
395 1336 436 1357 ιιι.

263 1375 434 1406 Mathathias
448 1375 523 1404 dixit
537 1374 642 1404 nuntio
656 1374 735 1410 regIs
748 1373 885 1402 Antiochi
898 1382 907 1400 ε
925 1372 1008 1402 «Etsi

228 1431 332 1453 omnes
344 1422 491 1452 obediunt
506 1423 568 1458 regi
583 1421 738 1456 Antiocho,
755 1429 812 1458 ego
827 1423 855 1449 et
867 1420 922 1450 filii
936 1420 1009 1455 mei,

229 1474 257 1501 et
277 1471 380 1500 fratres
400 1470 460 1499 mei
478 1469 655 1499 obediemus
673 1468 734 1505 legi
752 1469 871 1505 patrum
890 1469 1009 1496 nostro-

228 1526 335 1547 rum.»
351 1519 361 1547 Ι
376 1518 479 1552 Maeli„
495 1525 525 1545 ιι.

264 1565 340 1595 Dixit
353 1573 432 1593 unus
446 1564 568 1593 illorum
587 1565 700 1600 septem
719 1562 843 1591 fratrum
862 1572 868 1590 ε
892 1563 1011 1591 «Parati

230 1620 332 1642 sumus
361 1611 458 1648 magis
491 1611 582 1646 mori,
605 1618 698 1648 quam
726 1609 836 1646 patrias
858 1609 908 1638 Dei
930 1609 1012 1646 leges

230 1659 429 1697 praevaricari.
441 1670 453 1685 n
472 1661 491 1688 11
508 1659 644 1694 Machala„
659 1666 707 1686 vn.
868 1662 871 1665 ·

268 1706 422 1735 Descendit
440 1714 516 1742 puer
531 1707 613 1734 Jesus
629 1713 697 1733 cum
711 1705 798 1733 Maria
815 1706 843 1732 et
858 1703 967 1740 ioseph
982 1703 1013 1732 in

232 1753 423 1788 Hierusalem,
443 1764 455 1778 «
469 1755 496 1781 et
510 1755 572 1781 erat
585 1752 720 1780 subditus
735 1751 802 1780 iliis.
814 1763 826 1777 ν
845 1751 921 1786 Luc„
938 1759 969 1779 ιι.

268 1801 330 1829 Cito
341 1802 369 1828 et
382 1800 508 1836 perfecte
523 1799 702 1828 obedierunt
717 1799 760 1826 illi
777 1798 912 1834 apostoli,
929 1798 980 1834 qui
996 1806 1014 1826 a

233 1848 358 1876 Domino
374 1847 480 1879 vocati,
501 1846 663 1874 «continuo
679 1845 784 1874 relictis
796 1845 909 1873 retibus
923 1844 1015 1873 secuti

233 1897 300 1923 sunt
314 1902 422 1929 eum,i›
441 1894 553 1928 Maelii„
569 1901 607 1922 iv.
623 1892 761 1921 Similiter
776 1892 813 1920 de
825 1891 957 1920 Matthoeo
973 1891 1017 1919 di·

234 1943 308 1971 citur
317 1942 395 1974 Lite„
404 1949 421 1970 v
434 1951 440 1969 :
454 1952 466 1967 ιι
478 1940 593 1970 Relictis
606 1940 757 1975 omnibus,
766 1947 890 1976 surgens
899 1941 1016 1968 secutus

234 1991 277 2018 est
291 1997 369 2017 eum.
386 1999 398 2014 »

271 2037 309 2064 De
333 2034 543 2064 obedientibus
568 2034 678 2070 verbo,
705 2036 733 2062 et
760 2041 821 2062 non
845 2033 939 2068 sacto,
963 2040 1016 2061 seu

235 2084 311 2112 sacto
344 2082 411 2119 plus
437 2090 529 2118 quam
558 2081 650 2110 verbo
662 2102 671 2115 ,
701 2081 842 2117 proponit
873 2080 1017 2108 Dominus

236 2130 407 2166 exemplum
435 2129 565 2157 duorum
594 2128 726 2156 tiliorum
738 2149 747 2163 ,
783 2135 913 2164 quorum
939 2135 1018 2155 unus

236 2177 310 2204 dixit
325 2185 355 2205 se
374 2176 485 2204 iturum
506 2175 537 2203 in
558 2175 677 2203 vineam
700 2174 811 2211 patris,
831 2176 860 2202 et
879 2175 1018 2211 operatu-

236 2231 302 2251 rum
313 2245 322 2258 ,
355 2226 383 2251 et
414 2231 475 2251 non
504 2222 572 2257 ivit;
609 2222 684 2250 alius
718 2222 858 2258 negavit,
893 2224 921 2250 et
954 2221 1015 2250 ivit.

238 2270 350 2305 Mallia,
366 2278 427 2298 xxi.

274 2316 367 2344 Etiam
381 2316 468 2345 malis
484 2315 612 2352 praelatis
628 2315 832 2344 obediendum
848 2323 924 2350 esse,
940 2322 1017 2351 prae-

239 2363 316 2400 cepit
326 2363 598 2397 nominus‚Matih.,
615 2369 706 2390 xxiii:
723 2363 835 2399 “Super
846 2361 1018 2390 cathedram

239 2410 341 2447 Moysi,
357 2421 369 2436 n
390 2412 444 2438 ete.
464 2420 476 2435 (ι
488 2410 592 2438 Omnia
606 2417 803 2446 quaecumque
818 2409 946 2437 dixerint
964 2417 1017 2437 vo-

238 2459 284 2487 bis
300 2460 413 2487 servate
427 2461 454 2487 et
468 2457 563 2486 facite.
581 2468 593 2483 »

275 2506 409 2534 Salvator
422 2508 522 2533 noster
534 2504 594 2540 legi
605 2504 702 2532 voluit
715 2502 839 2532 obedire
855 2503 884 2532 in
896 2503 1019 2531 circum-

240 2553 364 2588 cisione,
380 2553 411 2580 in
427 2551 579 2581 oblatione
600 2551 677 2579 sacta
699 2551 729 2579 in
752 2550 874 2587 templo,
894 2551 971 2585 Luc„
986 2558 1016 2585 n,

241 2602 267 2628 et
281 2601 311 2628 in
327 2608 378 2628 esu
393 2599 462 2635 agni
478 2598 636 2635 paschalis,
653 2598 765 2631 Maelii„
781 2606 859 2626 xxvl.

277 2647 451 2683 Exemplum
474 2645 649 2674 obedientiae
670 2646 812 2682 proponit
835 2645 923 2674 nobis
942 2649 1019 2682 Apo-

272 2699 306 2729 (α)
325 2699 392 2723 Edit.
414 2699 468 2722 l'en.
487 2697 699 2731 praecipiendum.

832 212 968 246 BlBLlA
988 211 1220 246 PAUPERUM.

1054 281 1148 311 stolus
1159 282 1193 311 in
1204 280 1358 311 salvatore
1368 276 1482 318 nostro,
1494 281 1597 311 dicens
1607 290 1614 311 :
1625 291 1639 309 α
1646 276 1833 314 raemsobe-

1055 329 1141 358 diens
1153 337 1250 366 usque
1260 329 1300 358 ad
1310 331 1449 364 mortem,
1457 339 1471 356 a
1486 329 1604 366 Philip„
1616 337 1648 359 ιι.
1657 329 1713 359 Ubi
1725 331 1755 360 et
1763 330 1834 360 insi-

1055 377 1129 405 nuat
1148 376 1326 406 obedientiae
1344 376 1490 412 fructum,
1511 376 1644 407 subdens
1659 386 1668 406 ι
1686 386 1700 404 α
1714 379 1836 416 Propter

1056 424 1141 462 quod
1157 426 1234 454 Deus
1248 424 1390 454 exaltavit
1402 425 1500 460 illum,
1515 434 1530 452 i·
1547 426 1603 454 etc.

1090 472 1268 501 Comminati
1288 473 1356 500 sunt
1376 472 1526 509 principes
1543 472 1734 501 sacerdotum
1751 472 1847 501 Petro-

1056 520 1086 548 et
1093 519 1211 554 Ioanni,
1223 527 1261 548 ne
1275 519 1354 548 ultra
1366 518 1563 556 loquerentur
1575 519 1607 548 in
1620 519 1742 548 nomine
1751 520 1818 549 Jesu
1825 529 1835 556 ;

1056 566 1109 604 qui
1124 566 1339 604 respondentes
1350 566 1392 595 eis
1405 575 1413 595 :
1427 566 1476 595 «Si
1488 567 1600 603 justum
1615 568 1659 595 est
1669 574 1724 596 vos
1738 566 1838 604 potius

1057 613 1177 650 audire,
1191 621 1285 652 quam
1297 615 1406 650 Deum,
1425 614 1558 650 judicate
1572 623 1579 642 :
1597 621 1658 642 non
1673 613 1753 643 enim
1766 621 1839 651 pos-

1056 669 1170 698 sumus,
1185 669 1253 699 quae
1265 661 1397 690 vidimus
1408 664 1438 690 et
1449 661 1631 697 audivimus,
1640 669 1702 690 non
1714 661 1810 699 loqui.
1819 671 1836 688 i·

1057 710 1132 742 Act„
1147 715 1189 737 iv.

1093 755 1204 784 Deinde
1223 762 1294 783 eum
1308 756 1502 791 arguerentur
1516 754 1644 791 apostoli
1659 763 1678 784 a
1696 754 1840 792 principi-

1057 803 1116 832 bus
1129 801 1335 837 sacerdotum,
1349 801 1422 838 quia
1444 808 1507 829 non
1525 804 1716 831 servaverant
1734 810 1840 831 eorum

1058 849 1218 885 mandata,
1241 848 1464 886 responderunt
1486 849 1587 877 Petrus
1615 850 1643 877 et
1672 848 1801 886 apostoli
1830 857 1839 877 :

1062 906 1075 923 α
1090 895 1217 926 obedire
1237 895 1364 924 Domino
1379 896 1497 932 oportet
1510 895 1606 932 magis
1611 917 1621 932 ,
1638 903 1730 932 quam
1742 895 1842 925 homi·

1059 944 1186 974 nibus.»
1202 945 1279 980 Act„
1293 951 1322 973 v.

1095 992 1201 1022 Saulus
1221 992 1262 1021 ad
1283 994 1394 1021 terram
1407 993 1587 1029 prostratus,
1606 990 1732 1020 audiens
1749 989 1842 1020 verba

1060 1041 1128 1069 lesu
1141 1039 1292 1074 NazarenL
1301 1041 1439 1077 prompte
1452 1038 1607 1076 respondit
1622 1039 1648 1067 ei
1661 1048 1667 1066 :
1683 1049 1697 1065 «ι
1707 1037 1842 1074 Domine,

1061 1087 1136 1125 quid
1156 1095 1205 1116 me
1226 1087 1271 1116 vis
1293 1087 1410 1115 faeere?
1424 1097 1438 1113 ι)
1461 1087 1538 1120 Act„
1559 1094 1601 1114 ix.

1097 1135 1250 1164 Cornelius
1265 1134 1341 1164 dixit
1353 1134 1442 1164 beato
1455 1135 1540 1163 Petro
1557 1143 1564 1162 z
1587 1143 1601 1160 α
1611 1135 1720 1164 Omnes
1741 1141 1797 1162 nos
1810 1133 1842 1162 in

1062 1185 1221 1219 conspeetu
1238 1185 1288 1210 tuo
1299 1189 1413 1217 sumuS,
1423 1181 1528 1210 audire
1538 1181 1633 1218 parati
1645 1180 1747 1210 omnia
1761 1188 1842 1217 quae-

1063 1237 1192 1267 cumque
1207 1231 1355 1266 praecepta
1369 1232 1437 1257 sunt
1451 1228 1505 1257 tibi
1520 1236 1538 1257 a
1548 1228 1684 1257 Domino.
1696 1238 1709 1254 n
1725 1228 1800 1260 Act„
1810 1235 1841 1256 x.

1099 1276 1221 1312 Paulus,
1237 1276 1330 1305 electo
1340 1276 1397 1305 sibi
1408 1276 1467 1305 Sila
1479 1276 1510 1304 in
1521 1275 1648 1311 socium,
1658 1286 1671 1301 «ι
1680 1274 1843 1311 perambu-

1063 1323 1145 1353 labat
1157 1324 1273 1361 Syriam
1287 1326 1315 1352 et
1328 1323 1477 1359 Ciliciam,
1493 1322 1674 1352 confirmans
1689 1321 1844 1356 ecclesias,

1064 1373 1093 1400 et
1106 1371 1280 1408 praecipiens
1292 1370 1441 1400 custodire
1454 1372 1603 1408 praecepta
1621 1368 1842 1407 Apostolorum,

1065 1421 1094 1448 et
1107 1419 1270 1448 seniorum.
1289 1429 1302 1445 n
1320 1419 1396 1452 Act„
1412 1426 1463 1448 xv.

1309 1513 1450 1548 CAPUT
1473 1512 1598 1548 XXVI.

1292 1587 1330 1613 De
1356 1586 1500 1621 Scriptura
1526 1592 1616 1613 sacra.

1103 1659 1240 1693 Magnam
1268 1655 1466 1685 reverentiam
1492 1655 1604 1684 habere
1633 1654 1779 1683 debemus
1807 1653 1847 1682 ad

1068 1704 1264 1741 scripturam,
1285 1710 1377 1739 quam
1401 1702 1462 1738 ipse
1483 1703 1559 1729 Deus
1582 1701 1677 1730 voluit
1700 1700 1845 1735 scribere,

1067 1752 1116 1780 vel
1131 1751 1246 1779 tradere
1261 1749 1436 1786 specialiter,
1452 1751 1479 1777 et
1493 1748 1612 1776 docet-e.
1631 1747 1729 1783 Exod„
1745 1755 1844 1775 xxxii:

1072 1808 1087 1824 α
1098 1799 1244 1826 Reversus
1261 1798 1304 1824 est
1319 1797 1431 1832 Moyses
1448 1795 1484 1824 de
1500 1797 1618 1830 monte,
1633 1797 1756 1831 portans
1771 1794 1847 1822 duas

1068 1843 1186 1873 tabulas
1204 1843 1326 1879 scriptas
1344 1850 1435 1879 opere
1455 1842 1514 1870 Dei.
1529 1852 1544 1868 n
1561 1843 1626 1878 lpse
1646 1841 1735 1870 etiam
1749 1841 1848 1870 Domi-

1068 1899 1125 1920 nus
1137 1891 1237 1919 noster
1251 1891 1333 1918 Jesus
1346 1889 1476 1918 Christus
1488 1889 1559 1917 dicit
1573 1896 1604 1917 se
1621 1888 1745 1917 missum
1759 1887 1848 1917 fuisse

1070 1938 1109 1968 ad
1124 1936 1408 1973 evangelizandum,
1424 1939 1450 1964 et
1465 1936 1544 1965 misit
1558 1935 1721 1972 discipulos
1737 1935 1776 1964 ad
1791 1935 1849 1964 hoe

1070 1986 1185 2022 ipsum,
1211 1985 1323 2017 March„
1348 1992 1385 2019 x;
1414 1985 1514 2016 Mare„
1542 1991 1570 2019 ¹3
1593 1984 1672 2016 Luc„
1701 1991 1729 2012 iv
1757 1984 1786 2011 et
1813 1991 1847 2018 1;

1069 2035 1161 2065 Joun..
1182 2040 1220 2061 iv.
1236 2033 1282 2060 Sic
1298 2031 1387 2067 igitur
1400 2032 1497 2068 potest
1510 2030 1585 2067 diei,
1603 2030 1687 2067 quod
1704 2029 1752 2058 lex
1766 2032 1849 2059 vetus

1071 2081 1125 2109 tuit
1151 2080 1221 2109 data
1244 2078 1337 2115 Moysi
1361 2077 1563 2107 mediantibus
1591 2077 1730 2113 Angelis,
1756 2078 1789 2105 ut
1809 2076 1850 2105 ait

1071 2126 1239 2164 Apostolus,
1255 2127 1358 2159 Galat„
1375 2133 1416 2153 ιιι.
1439 2126 1472 2153 Et
1491 2125 1596 2153 beatus
1609 2124 1773 2160 Stephanus
1792 2123 1848 2152 hoc

1071 2175 1169 2211 ipsum
1184 2175 1315 2207 testatur,
1331 2173 1406 2205 Act„
1423 2179 1462 2200 vn
1478 2179 1484 2199 :
1505 2182 1519 2198 «ι
1533 2171 1690 2208 ,accepistis
1707 2171 1804 2207 legem
1818 2170 1848 2198 in

1073 2221 1266 2258 dispositione
1287 2218 1476 2254 angelorum.
1502 2228 1517 2245 n
1538 2218 1664 2253 Reliqua
1686 2225 1758 2246 vero
1780 2225 1849 2254 pars

1071 2269 1178 2297 veteris
1195 2266 1371 2296 Testamenti
1391 2265 1460 2293 data
1480 2265 1535 2293 fuit
1557 2265 1747 2301 inspiratione
1761 2264 1849 2300 Spiri-

1072 2318 1118 2344 tus
1141 2314 1248 2349 saneti,
1270 2315 1290 2341 11
1319 2314 1391 2347 Pet„
1410 2320 1421 2340 ι
1443 2321 1449 2339 :
1468 2321 1482 2338 α
1499 2313 1563 2340 Non
1587 2312 1667 2340 enim
1698 2311 1848 2339 voluntate

1072 2363 1204 2391 humana
1231 2360 1321 2389 allata
1343 2361 1386 2388 est
1409 2358 1573 2395 aliquando
1598 2357 1768 2395 prophetia,
1795 2357 1849 2386 sed

1073 2410 1181 2447 Spiritu
1200 2409 1301 2437 saneto
1326 2406 1461 2443 inspirati
1483 2406 1574 2434 locuti
1597 2406 1664 2433 sunt
1687 2404 1777 2433 sancti
1798 2406 1848 2434 Dei

1072 2456 1217 2486 homines.
1232 2456 1373 2483 »Novum
1388 2456 1485 2482 autem
1495 2454 1709 2481 Testamentum
1719 2452 1850 2480 eontinet

1073 2503 1165 2532 verba
1188 2504 1216 2530 et
1243 2501 1318 2530 faeta
1342 2500 1458 2529 Domini
1485 2499 1577 2528 nostri
1600 2500 1666 2527 Jesu
1691 2499 1793 2527 Christi
1817 2499 1848 2527 in

1074 2549 1253 2585 Evangeliis;
1268 2548 1361 2576 verba
1382 2546 1607 2583 Apostolorum,
1626 2546 1656 2574 in
1672 2546 1807 2582 Epistolis
1821 2548 1848 2574 et

1073 2598 1104 2626 in
1115 2595 1309 2634 Apoealypsi5
1327 2595 1396 2623 item
1410 2594 1486 2622 facta
1498 2593 1642 2629 ipsorum,
1657 2593 1688 2621 in
1700 2592 1778 2621 libro
1792 2593 1847 2620 Ac*-

1075 2648 1162 2673 torum
1182 2644 1381 2678 Apostolorum.
1405 2640 1534 2669 Christus
1560 2647 1648 2675 ergo,
1666 2647 1754 2668 verus
1773 2640 1847 2667 Deus

1074 2693 1102 2720 et
1123 2690 1234 2724 homo,
1259 2691 1374 2726 partem
1395 2686 1624 2723 Evangeliorum
1646 2685 1768 2723 protulit
1794 2693 1848 2722 per
