2004 3037
233 238 292 272 500

269 305 390 333 Factum
411 303 471 339 est,
492 303 525 331 ut
547 300 664 330 audivit
685 299 895 328 salutationem
914 299 1010 329 Mariae

233 349 405 385 Elisabeth,
428 347 627 384 exclamavit,
648 348 676 376 et
697 345 794 374 dixit:
816 355 831 373 «
853 346 1010 375 Benedicta

233 397 310 427 inter
331 396 471 425 mulieres
477 417 487 432 ,
508 398 536 425 et
559 393 735 424 benedictus
761 393 873 422 fruetus
899 393 1010 422 ventris

232 444 286 473 tui.
302 454 316 472 »
332 445 407 477 Luc„
423 452 443 472 1.

507 527 650 562 CAPUT
673 527 732 561 IX.

333 607 372 633 De
389 604 577 634 maledictione
596 612 650 639 qua
669 604 744 631 homo
763 602 911 630 maledicit.

269 679 383 708 Primus
397 679 471 706 inter
481 677 617 706 homines
629 678 688 705 Noe
703 676 810 712 legitur
820 675 1010 705 maledixisse

233 728 352 756 Canaan
366 727 467 763 nepoti
482 734 554 761 suo,
567 734 623 762 pro
646 733 682 753 eo
705 725 790 761 quod
811 724 904 753 Cham
927 724 1011 760 pater

234 774 297 810 eJus
310 773 474 801 nuditatem
484 773 576 809 ipsius
589 774 649 800 Noe
660 772 769 800 caeteris
778 770 919 799 fratribus
931 777 1010 798 nun-

233 821 330 855 tiavit,
347 822 374 849 et
393 820 489 855 magis
505 827 570 847 eam
585 821 683 854 tegere
700 818 859 846 debuisset.
879 818 955 852 Gen.,
969 824 1009 845 rx.

269 868 345 896 Inter
360 867 453 895 verba
466 865 699 899 benedictioniS,
713 873 805 901 quam
829 863 912 892 dedit
931 865 1011 892 lsaac

233 914 324 942 Jacob
345 913 408 942 filio
424 921 478 941 suo
489 934 498 947 ,
515 913 589 940 dixit
605 922 612 940 :
631 923 643 938 u
659 912 713 946 Qui
728 910 916 939 maledixerit
937 909 1007 946 tibi,

233 961 270 989 sit
283 961 332 989 ille
348 960 531 988 maledictus.
548 969 562 986 »
582 961 657 994 Gen.,
673 967 762 988 xxvn.

269 1009 308 1036 De
323 1007 441 1035 Simeon
457 1009 484 1035 et
499 1007 566 1035 Levi
582 1006 656 1034 dixit
675 1005 765 1033 Jacob
781 1007 865 1041 pater
880 1012 985 1032 eorum
1002 1013 1008 1032 :

236 1053 436 1082 «Maledictus
458 1054 540 1082 furor
564 1061 687 1088 eorum,
714 1052 785 1088 quia
809 1052 964 1088 pertinax;
984 1051 1012 1078 et

232 1101 398 1137 indignatio
414 1109 534 1135 eorum,
551 1100 622 1136 quia
635 1100 719 1128 dura.
737 1110 750 1126 n
770 1099 848 1134 Gen.,
861 1106 936 1127 xux.

271 1159 285 1175 «
300 1148 354 1182 Qui
369 1147 556 1176 maledixerit
575 1147 651 1184 patri
667 1155 736 1182 suo,
753 1148 804 1174 aut
828 1145 915 1174 matri
935 1152 1010 1180 suae,

232 1199 326 1224 morte
339 1195 492 1223 moriatur.
509 1206 522 1220 υ
539 1195 640 1230 Levit.‚
654 1202 702 1226 Π,

268 1243 355 1271 Balae
384 1242 462 1270 misit
484 1242 602 1270 nuntios
620 1241 659 1270 ad
681 1241 815 1275 Balaam,
831 1242 864 1268 ut
879 1238 1011 1273 veniret,

235 1291 263 1319 et
282 1289 473 1317 malediceret
494 1288 608 1325 populo
634 1288 721 1316 lsrael
744 1297 750 1315 z
775 1287 910 1316 audierat
932 1286 1012 1314 enim

235 1337 319 1374 quod
333 1336 509 1364 maledictus
524 1338 601 1370 erat,
615 1335 646 1363 in
662 1343 752 1372 quem
766 1334 926 1363 maledicta
942 1340 1012 1362 con-

234 1384 379 1420 gessisset.
397 1384 491 1416 Num„
506 1390 577 1410 xxii.

269 1430 374 1459 Multas
396 1429 621 1457 maledictiones
639 1428 724 1465 ponit
744 1429 858 1464 Moyses
884 1427 916 1455 in
939 1434 1011 1461 eos,

235 1477 286 1514 qui
300 1476 572 1512 transgrederentur
595 1475 703 1504 tradita
722 1474 781 1503 illis
807 1473 911 1502 divina
925 1481 1010 1501 man-

235 1525 304 1553 data
315 1545 324 1560 ‚
340 1527 432 1558 Dent„
447 1532 536 1552 xxvn.

271 1572 370 1600 Diruta
391 1571 506 1599 civitate
521 1570 635 1599 Jericho
656 1570 835 1606 imprecatus
851 1570 893 1596 est
906 1569 1012 1602 Josue,

236 1619 359 1647 dicens:
379 1628 392 1644 «
413 1618 581 1647 Maledictus
603 1617 649 1644 vir
673 1624 775 1644 coram
799 1615 944 1649 Domino,
961 1614 1013 1650 qui

235 1665 416 1695 suscitaverit
430 1669 457 1693 et
471 1663 659 1692 aedificaverit
673 1663 796 1691 ¹iericho.
814 1672 828 1688 »
845 1663 912 1695 Jos.,
926 1669 964 1688 ix.

271 1713 426 1741 Sichimitae
450 1712 525 1739 inter
544 1711 664 1747 epulas,
681 1713 709 1738 et
723 1709 832 1746 poeula
854 1708 1014 1736 maledice-

236 1761 309 1789 bant
323 1759 493 1788 Abimelecli
503 1779 512 1793 ,
525 1758 628 1793 Μαῖα,
645 1765 683 1785 ix.

273 1807 388 1835 Goliath
416 1806 575 1833 philistaeus
603 1803 757 1831 maledixit
783 1802 875 1831 David
903 1802 934 1828 in
957 1801 1014 1842 diis

239 1854 298 1883 suis
309 1875 317 1889 ,
332 1856 342 1881 1
357 1855 468 1887 Regum,
484 1859 554 1879 xvii.

274 1900 342 1929 Saul
367 1899 472 1927 volens
499 1897 638 1934 persequi
665 1896 843 1930 Philistaeos,
867 1894 1016 1930 adjuravit

239 1947 387 1985 populum
411 1946 537 1973 dicens:
556 1944 753 1972 «Maledictus
776 1942 828 1979 qui
854 1941 1016 1969 comederit

240 2003 350 2032 panem
371 2001 466 2029 usque
486 1992 526 2020 ad
540 1999 710 2027 vesperam,
728 1990 823 2018 donec
839 1989 964 2017 ulciscar
979 1987 1016 2016 de

242 2042 369 2071 inimicis
383 2041 466 2069 meis.
482 2050 496 2066 »
514 2041 521 2067 l
539 2041 616 2074 Rea„
631 2047 690 2066 xiv.

278 2088 372 2118 Semei
388 2086 569 2124 procedebat
585 2085 755 2120 egrediens,
770 2086 798 2112 et
809 2082 1017 2116 maledicebat,

243 2135 435 2170 mittebatque
456 2133 570 2169 lapides
592 2133 695 2160 contra
709 2131 816 2166 David,
834 2133 862 2158 et
875 2129 993 2157 dicebat
1009 2137 1016 2156 :

248 2194 260 2209 ι(
283 2182 447 2218 rzgrcdere,
470 2180 515 2208 vir
545 2177 742 2215 sanguinum,
770 2179 797 2205 et
827 2178 873 2205 vir
897 2175 1017 2205 Belial»

244 2233 265 2259 ll
278 2232 356 2264 Regi„
370 2237 430 2257 xvi.

277 2278 396 2306 Elisaeus
420 2274 574 2302 maledixit
593 2273 693 2310 pueris
716 2271 909 2299 illudentibus
931 2271 977 2304 ei,
992 2272 1020 2298 et

245 2323 429 2353 dicentibus:
445 2332 458 2347 α
466 2320 597 2348 Ascende
608 2341 616 2355 ,
631 2319 730 2354 calve;
747 2329 759 2344 ι)
779 2317 936 2345 etlacerati
953 2318 1020 2344 sunt

245 2369 443 2407 quadraginta
467 2368 551 2404 pueri
567 2376 584 2394 a
605 2366 725 2393 duobus
742 2364 826 2391 ursis.
840 2365 872 2391 lV
894 2365 972 2398 neq„
988 2371 1017 2391 11.

277 2420 351 2446 Cum
374 2415 464 2444 Judas
485 2414 668 2442 Maeliabteus
692 2411 840 2439 obsideret
863 2411 1019 2446 quoddam

244 2464 414 2501 praesidinm
425 2484 434 2497 ,
450 2462 492 2489 illi
508 2460 559 2497 qui
574 2460 651 2487 intus
672 2460 755 2486 erant
766 2479 775 2493 ,
791 2466 879 2493 supra
894 2457 1019 2484 modum

244 2510 476 2544 maledicebant,
489 2510 517 2536 et
531 2514 682 2536 sermones
697 2504 842 2533 nefandos
855 2504 1018 2539 jactabant,

244 2561 265 2588 ll
280 2559 382 2591 Maeli„
396 2565 426 2584 x.

280 2604 416 2634 Pharisaei
430 2600 648 2632 maledicebant
670 2607 747 2628 caeco
768 2601 837 2628 nato
851 2606 905 2635 per
920 2599 1018 2626 Domi-

278 2706 311 2735 (a)
328 2705 388 2729 Cat.
404 2703 464 2726 cu'il.
482 2700 559 2732 quod.
575 2712 603 2718 --
620 2699 653 2729 (b)
672 2700 731 2723 Item
747 2698 779 2722 ad
792 2699 848 2722 boc.

845 230 980 278 ΒΙΒῌΑ
997 229 1229 266 PAUPERUM.

1063 308 1138 329 num
1160 302 1259 331 Jesum
1273 302 1452 341 illuminato,
1460 306 1490 333 et
1507 299 1663 339 dixerunt,
1675 305 1767 338 Ioum,
1779 309 1812 332 ἰι

1064 357 1083 387 ¹«
1096 349 1138 377 Tu
1159 349 1323 386 discipulus
1345 350 1411 387 ejus
1433 350 1493 387 sis,
1508 351 1593 387 cujus
1614 349 1784 380 maledictio
1802 349 1840 378 sit

1064 402 1153 432 super
1166 404 1237 432 nos,
1253 397 1281 425 et
1294 405 1384 433 super
1397 397 1476 426 filios
1489 399 1616 427 nostros.
1631 406 1645 424 n

1099 443 1270 478 Arguebant
1289 444 1382 472 Judoei
1400 444 1541 480 Paulum,
1557 444 1688 472 dicentes
1703 451 1710 472 :
1728 453 1743 470 α
1756 443 1840 472 Sum-

1064 496 1149 516 mum
1172 490 1358 518 sacerdotem
1379 491 1429 519 Dei
1448 491 1611 519 maledicis
1625 500 1640 518 »
1654 489 1712 518 Sed
1725 489 1775 517 ille
1789 496 1840 517 ex·

1065 535 1179 564 cusavit
1191 544 1238 572 se,
1251 539 1279 565 et
1295 537 1386 566 dixit:
1403 548 1416 564 «
1430 538 1603 567 Nesciebam
1613 557 1623 572 ‚
1634 537 1756 571 fratres,
1769 534 1841 572 quia

1065 582 1203 620 princeps
1217 584 1261 612 est
1272 584 1470 613 sacerdotum.
1487 595 1500 612 »
1518 585 1594 617 Act„
1609 591 1688 612 xxiv.

1347 678 1490 713 CAPUT
1511 679 1555 712 X.

1174 750 1213 776 De
1228 751 1371 777 severitate
1388 751 1439 777 Dei
1457 757 1521 785 erga
1541 750 1734 786 delinquentes.

1104 818 1234 846 Graviter
1248 819 1365 855 punivit
1379 821 1455 847 Deus
1473 817 1627 856 peceatum
1641 819 1776 855 priorum
1789 826 1842 855 pa-

1067 866 1202 899 rentum,
1218 865 1299 901 quod
1320 865 1378 902 ipsi
1401 866 1561 895 credebant
1582 865 1720 900 veniale,
1735 873 1790 893 nec
1804 865 1845 893 ita

1068 911 1142 940 dure
1157 912 1345 948 puniendum
1360 912 1437 946 fore,
1454 913 1530 946 Gen.,
1543 921 1585 941 nt.

1103 959 1245 994 originali
1254 960 1369 987 mundo
1381 960 1454 987 Deus
1463 968 1523 987 non
1533 959 1674 996 pepercit,
1683 960 1703 988 ΙΙ
1712 959 1799 992 Ρείν.,
1808 967 1843 994 ¹13

1068 1005 1120 1033 sed
1139 1005 1237 1042 ipsum
1259 1014 1336 1042 pene
1351 1008 1446 1034 totum
1460 1006 1565 1035 diluvii
1579 1006 1774 1034 inundatione
1793 1005 1845 1034 de-

1067 1052 1155 1087 levit,
1172 1053 1249 1087 Gen.,
1264 1060 1313 1081 vn.

1104 1099 1239 1136 Quinque
1263 1100 1407 1134 civitates,
1424 1102 1546 1137 propter
1566 1101 1722 1136 peccatum
1743 1101 1846 1128 contra

1067 1148 1215 1182 naturam,
1225 1146 1335 1175 foetenti
1346 1146 1579 1182 conflagratione
1590 1148 1773 1183 consumptas
1786 1146 1847 1174 fue·

1067 1197 1136 1222 runt
1149 1202 1204 1230 per
1217 1195 1340 1230 angelos
1356 1202 1373 1222 a
1389 1195 1447 1222 Deo
1463 1195 1584 1228 missos,
1601 1195 1677 1228 Gen.,
1695 1202 1757 1222 xix.

1106 1242 1234 1278 AEgyptii
1258 1243 1469 1278 persequentes
1483 1241 1561 1269 filios
1581 1241 1668 1270 lsrael
1677 1261 1687 1276 ‚
1701 1241 1846 1269 submersi

1068 1290 1150 1322 sunt,
1170 1288 1293 1324 jubente
1320 1290 1393 1323 neo,
1417 1288 1501 1324 quasi
1524 1288 1684 1324 plumbum
1706 1288 1737 1316 in
1762 1287 1848 1324 aquis

1068 1335 1312 1370 vehementibus,
1327 1335 1428 1369 Eaeod„
1439 1343 1490 1363 xrv
1505 1337 1533 1362 et
1547 1344 1596 1363 xv.

1104 1381 1178 1415 Quia
1198 1381 1328 1417 populus
1346 1382 1465 1409 Amalec
1493 1381 1588 1410 voluit
1609 1381 1754 1417 impedire
1769 1380 1847 1408 filios

1067 1429 1157 1457 Israel
1170 1430 1272 1456 cuntes
1287 1429 1317 1456 in
1337 1431 1446 1456 terram
1466 1428 1686 1465 promissionis,
1703 1427 1778 1455 dixit
1791 1428 1847 1456 Do-

1070 1475 1169 1503 minus
1191 1475 1229 1503 ad
1249 1477 1380 1511 Moysem
1396 1484 1403 1503 :
1422 1486 1436 1501 (ι
1450 1475 1560 1503 Delebo
1585 1483 1707 1503 omnem
1730 1482 1845 1502 memo-

1069 1523 1145 1550 riam
1160 1522 1278 1550 Amalec
1294 1522 1331 1549 de
1352 1522 1406 1550 sub
1426 1522 1512 1550 coelo.
1529 1532 1542 1548 n
1560 1522 1660 1554 Exod„
1675 1529 1745 1550 xvu.

1108 1571 1229 1605 Propter
1244 1569 1387 1603 vitulum,
1401 1577 1491 1605 quem
1506 1568 1542 1605 (α)
1553 1568 1690 1597 adoravit
1704 1567 1844 1604 populus,

1074 1616 1244 1645 ceciderunt
1263 1624 1324 1643 una
1347 1616 1395 1643 die
1416 1615 1521 1652 viginti
1540 1618 1668 1652 quatuor
1686 1615 1780 1643 millia
1793 1614 1847 1643 ho-

1070 1663 1203 1696 minum,
1218 1663 1319 1697 Exod„
1334 1670 1421 1690 xxvii.

1108 1711 1247 1745 Egressus
1273 1712 1315 1736 est
1343 1709 1419 1743 ignis
1434 1716 1452 1736 a
1473 1708 1616 1741 Domino,
1638 1709 1666 1735 et
1694 1707 1847 1735 devoravit

1071 1756 1174 1785 Nadab
1186 1758 1214 1783 et
1224 1755 1298 1783 Abiu
1310 1755 1387 1782 filios
1402 1757 1510 1789 Aaron,
1523 1755 1574 1790 qui
1589 1754 1708 1788 scilieet,
1725 1753 1847 1789 arreptis

1072 1803 1246 1837 thuribulis,
1262 1803 1362 1838 ignem
1386 1802 1515 1830 alienum
1538 1804 1567 1830 et
1586 1802 1740 1830 incensum
1760 1801 1846 1828 desu-

1072 1858 1125 1886 per
1148 1853 1324 1886 posueruut,
1340 1851 1367 1878 et
1388 1857 1490 1878 coram
1505 1849 1631 1878 Domino
1655 1848 1846 1883 obtulerunt,

1073 1898 1170 1930 Levic„
1186 1906 1216 1925 x.

1108 1945 1120 1972 J
1125 1944 1195 1971 ussit
1206 1943 1346 1971 Dominus
1356 1943 1566 1980 blasphemum
1576 1945 1659 1972 extra
1670 1944 1765 1971 castra
1775 1941 1847 1970 edu-

1074 1992 1116 2028 ci,
1128 1995 1155 2020 et
1165 1993 1203 2020 ab
1219 1993 1355 2020 universo
1368 1992 1481 2028 populo
1496 1991 1637 2028 lapidari,
1652 1991 1752 2024 Levit„
1767 1998 1846 2018 xxiv.

1110 2039 1264 2074 CarnibuS,
1278 2047 1352 2075 quas
1366 2039 1485 2067 miserat
1498 2038 1651 2073 Dominus,
1667 2038 1697 2065 in
1712 2037 1849 2065 dentibus

1073 2086 1205 2114 filiorum
1233 2085 1320 2114 lsrael
1349 2086 1447 2114 adhuc
1471 2085 1506 2122 (b)
1534 2084 1725 2113 eilstentibus
1743 2105 1753 2120 ,
1782 2092 1849 2120 per·

1074 2133 1163 2161 cussit
1177 2133 1318 2161 Dominus
1339 2132 1487 2168 populum
1507 2132 1598 2168 plaga
1619 2131 1848 2167 magnanimis,

1074 2181 1169 2214 Num„
1182 2187 1222 2207 xi.

1113 2225 1253 2255 Percussit
1266 2225 1406 2253 Dominus
1414 2225 1535 2252 Mariam
1551 2225 1650 2261 lepra,
1665 2224 1737 2262 quja
1750 2224 1849 2253 locuta

1075 2275 1117 2302 est
1132 2275 1234 2301 contra
1249 2274 1384 2308 Moysen,
1399 2273 1492 2304 Num„
1508 2280 1559 2300 xn.

1112 2323 1149 2348 De
1164 2321 1306 2347 sexcentis
1321 2318 1453 2346 millibus
1467 2319 1615 2353 virorum,
1630 2318 1681 2354 qui
1702 2317 1848 2346 numerati

1075 2370 1158 2402 sunt,
1176 2368 1272 2398 Num„
1288 2374 1315 2400 1,
1334 2365 1435 2393 nullus
1454 2365 1572 2393 intravit
1593 2368 1700 2393 terram
1722 2364 1847 2400 promis-

1075 2414 1183 2448 sionis,
1196 2415 1316 2449 propter
1330 2416 1450 2448 peecata
1465 2420 1584 2446 eornm,
1598 2413 1702 2447 praeter
1719 2410 1807 2438 Caleb
1822 2412 1850 2439 et

1075 2462 1180 2495 josue,
1197 2460 1271 2487 sicut
1290 2459 1416 2487 minatus
1431 2461 1474 2487 est
1488 2461 1579 2494 Deus,
1593 2459 1688 2490 Num„
1704 2465 1764 2486 xiv.

1111 2507 1202 2542 Ligna
1216 2507 1358 2541 colligens
1368 2507 1399 2535 in
1413 2506 1553 2541 sabbato,
1566 2505 1621 2533 tuit
1635 2506 1781 2542 praecepto
1796 2505 1850 2534 Do-

1075 2554 1149 2582 mini
1163 2553 1330 2589 lapidatus,
1344 2554 1439 2587 Num„
1454 2561 1504 2581 xv.

1110 2600 1243 2629 Terribili
1270 2603 1365 2628 morte
1398 2600 1507 2628 occidit
1534 2599 1675 2628 Dominus
1704 2600 1776 2628 Core
1784 2619 1794 2634 ,
1819 2600 1847 2627 et

1076 2647 1234 2683 complices
1249 2647 1330 2682 ejus,
1348 2648 1515 2681 an.,‚xvt.

1112 2694 1293 2722 llaesitantem
1303 2694 1341 2722 ad
1357 2702 1466 2731 aquam
1478 2694 1717 2722 contradictionis
1728 2694 1846 2728 Moysen
