2004 3037
227 175 288 207 500

227 241 351 272 nuntius
367 239 418 269 ille
441 237 580 273 dixisset,
599 242 702 266 arcam
720 235 772 264 Dei
790 241 855 263 esse
877 234 1008 272 captam,

229 287 336 318 cecidit
347 287 387 316 de
399 285 485 321 seua,
499 285 529 314 et
540 284 678 314 mortuus
691 283 744 311 est.
760 282 772 311 1
785 282 864 317 Rea„
878 288 918 310 iv.

265 333 340 370 Quia
365 332 460 363 David
483 331 573 361 nimis
594 330 688 360 flebat
711 328 846 358 occisum
866 326 1010 356 Absalom

228 382 326 412 filium
338 389 445 416 suum,
458 378 601 417 imposuit
620 378 647 407 ei
664 376 756 412 soah,
771 375 857 412 quod
871 382 934 403 non
953 374 1010 402 do-

229 429 341 465 luisset,
352 428 377 458 si
388 428 485 457 totum
496 425 660 456 exercitum
669 423 824 453 amisisset.
836 423 859 452 11
869 423 950 458 Rea„
961 429 1008 450 xx.

269 485 283 503 ιι
293 477 388 514 Supra
400 474 528 504 modum
543 474 638 502 mater
651 469 798 500 mirabilis
812 471 842 498 et
858 469 1012 498 bonorum

230 523 378 554 memoria
399 522 507 558 digna,
529 528 597 558 quoe
617 520 776 557 pereuntes
796 519 912 554 septem
932 515 1012 544 filios

231 571 288 600 sub
301 570 391 599 unius
403 569 464 598 diei
477 570 611 605 tempore
630 565 834 603 conspiciens,
848 564 933 593 bono
947 563 1011 592 ani-

231 626 282 648 mo
305 617 429 651 ferebat,
440 627 455 644 »
479 617 532 644 etc.
549 616 570 644 lt
585 614 722 648 Machab„
733 620 787 648 vu,
807 614 853 641 20.
869 610 1013 640 Euntibus

232 665 272 695 ad
282 664 420 703 proelium
433 663 540 693 Judaeis
553 664 657 691 contra
671 661 863 694 Nicanorem,
880 660 943 687 erat
956 665 1013 695 pro

231 712 378 742 uxoribus
393 713 422 740 et
433 710 512 746 filiis,
528 710 660 746 itemque
673 715 730 745 pro
744 707 886 736 fratribus
901 707 930 734 et
943 713 1013 741 cog-

232 759 308 789 natis
318 758 418 788 minor
431 756 602 786 sollicitudo
609 765 618 792 3
634 755 785 792 maximus
799 754 901 782 autem
914 754 944 782 et
955 751 1016 789 pri-

233 814 300 836 mus
313 814 370 843 pro
383 804 535 834 sanctitate
550 803 639 833 timor
653 801 768 839 templi.
783 801 805 830 ll
817 800 951 832 Mat-hab„
965 805 1014 828 xv.

269 854 421 891 Loquente
441 853 508 880 Jesn
527 850 567 880 ad
585 849 702 884 turbas,
726 847 801 876 dixit
819 847 846 876 ei
866 846 1015 883 quidam:

238 910 252 928 «
265 901 338 929 Ecce
354 900 449 928 mater
464 900 524 933 tua,
541 899 569 926 et
581 896 686 925 fratres
699 895 742 923 tui
756 893 828 923 soris
843 895 921 922 stant
934 900 1016 930 quae-

234 949 333 977 rentes
353 948 397 981 te;
417 955 432 972 u
453 945 506 982 qui
528 942 682 981 respondit
700 951 707 971 :
732 951 747 968 ιι
765 942 834 976 Quoe
858 942 902 969 est
924 940 1018 968 mater

236 1003 319 1030 mea,
334 995 362 1023 et
376 993 429 1030 qui
442 995 510 1021 sunt
524 992 629 1020 tratres
642 990 726 1019 mei?
743 988 927 1024 Quicumque
942 986 1020 1016 sece-

236 1042 274 1072 rit
295 1041 480 1070 voluntatem
502 1039 594 1068 Patris
615 1037 690 1073 mei,
711 1047 725 1064 ι)
750 1038 804 1065 etc.
830 1035 943 1071 matth„
964 1041 1019 1070 xii,

239 1090 335 1118 48-50.

275 1135 384 1166 Petenti
403 1136 568 1164 materterae
585 1132 690 1162 Christi
705 1129 873 1160 secundum
887 1135 1020 1164 carnem,

240 1186 272 1214 ut
286 1182 349 1212 duo‘
368 1181 422 1211 filii
437 1181 575 1210 sederent
593 1180 678 1216 juxta
696 1186 766 1207 eum
789 1178 820 1206 in
839 1183 934 1212 regno
954 1183 1021 1209 suo,

240 1229 395 1268 respondit
410 1229 552 1258 Dominus
566 1227 605 1255 ita
620 1227 710 1261 dure,
725 1233 760 1254 ac
772 1225 795 1253 si
810 1223 911 1252 ruisset
925 1222 1023 1252 aliena

242 1277 382 1312 omnino,
405 1278 433 1305 et
457 1276 497 1304 ita
521 1275 638 1303 bonum
664 1273 762 1301 forum
790 1272 827 1300 de
851 1278 944 1306 regno
967 1278 1022 1298 suo

242 1327 362 1362 paratus
391 1325 433 1352 est
461 1322 513 1351 tibi
543 1322 639 1351 facere
669 1319 825 1354 Dominus,
852 1318 926 1346 sicut
954 1316 1023 1346 illis-

244 1372 358 1405 Manli„
373 1378 422 1399 xx.

280 1417 421 1453 Quamvis
434 1417 539 1446 heatus
553 1417 681 1445 ‚loannes
696 1417 724 1443 et
738 1413 799 1442 duo
814 1412 917 1441 iacobi
930 1412 1028 1440 essent

246 1468 384 1497 maximae
398 1465 569 1500 sanctitatis,
584 1464 658 1492 nulli
675 1466 769 1492 tamen
787 1469 891 1490 eorum
905 1459 1028 1489 commi-

248 1516 284 1544 sit
299 1523 401 1544 curam
416 1513 551 1542 Ecclesiae
566 1511 751 1548 generalem
767 1509 820 1537 sed
836 1511 962 1543 Petrum,
977 1507 1029 1543 qui

248 1570 310 1592 non
325 1562 381 1590 sibi
395 1569 484 1589 carne
499 1559 651 1593 attinebat,
669 1556 820 1586 constituit
834 1557 934 1592 caput,
949 1555 1029 1591 prin-

251 1611 348 1648 cipem
363 1611 391 1638 et
404 1611 565 1646 pastorem.
580 1608 672 1641 Joan„
688 1613 746 1634 xxi.

287 1658 422 1686 Salvator
449 1658 560 1688 noster,
589 1655 656 1690 post
686 1651 912 1688 responsionem
940 1649 1031 1684 Petri,

253 1713 344 1742 quam
358 1704 426 1732 fecit
441 1703 477 1731 de
494 1703 570 1738 ipso,
588 1709 655 1728 cum
673 1700 762 1728 dixit:
780 1709 793 1723 «
806 1700 846 1725 'l'u
862 1706 892 1725 es
906 1697 1034 1725 Christus

254 1753 342 1781 Filius
358 1751 407 1779 Dei
418 1750 492 1784 vix-i3
505 1759 518 1775 »
530 1749 745 1783 consequenter
756 1744 924 1780 subjungit:
934 1754 947 1769 «
960 1745 1034 1771 Caro

256 1801 283 1827 et
298 1797 417 1831 sanguis
432 1805 492 1824 non
506 1795 648 1823 revelavit
665 1794 726 1827 tibi,
743 1804 756 1818 »
776 1792 888 1825 Alutela,
904 1799 966 1824 xvi,
984 1798 1036 1825 per

257 1845 331 1873 illud
353 1845 492 1876 innuens,
518 1841 602 1878 quod
625 1848 693 1868 caro
715 1847 822 1875 pravas
842 1837 1038 1866 revelationes

257 1892 354 1921 facere
369 1889 531 1919 consuevit.

294 1937 452 1975 Apostolus
471 1936 594 1970 Panius,
613 1933 828 1963 commendans
847 1930 1038 1966 Evangelium

260 1994 357 2020 suum,
370 1985 450 2018 dicit,
467 1984 542 2018 (ΜΛ,
558 1992 578 2018 ι,
590 1985 633 2016 15,
647 1984 679 2010 rlG
694 1991 700 2009 2
713 1994 724 2006 ιι
737 1983 809 2009 Cum
824 1979 935 2016 placuit
950 1978 985 2013 (a)
999 1977 1040 2005 illi

262 2034 313 2070 qui
327 2041 374 2060 me
389 2031 553 2067 segregavit
569 2038 603 2058 ex
618 2032 701 2058 utero
718 2027 818 2056 matris
834 2035 923 2060 meae,
939 2028 967 2054 et
984 2034 1039 2052 vo-

263 2081 340 2110 cavit
354 2088 407 2117 per
423 2079 548 2115 gratian]
563 2086 659 2111 suam,
674 2087 688 2103 i>
707 2079 774 2110 etc„
794 2085 806 2100 ιι
821 2074 962 2103 continuo
982 2080 1042 2101 non

264 2127 400 2164 acquievi
416 2127 495 2155 carni
510 2127 538 2154 et
552 2124 699 2159 sanguini,
716 2133 729 2148 υ
748 2125 801 2150 etc.

521 2220 663 2254 CAPUT
688 2218 788 2252 XCV.

449 2295 484 2320 De
505 2294 546 2319 ira
568 2292 683 2318 hominis
700 2298 749 2325 per
768 2291 860 2317 zelum.

304 2366 378 2393 Cum
405 2364 577 2399 loqueretur
606 2364 720 2397 Moyses
750 2359 914 2392 Pharaoni,
943 2361 970 2386 et
1000 2358 1048 2386 ille

270 2412 363 2440 nollet
383 2410 486 2439 audire
499 2429 508 2444 ‚
527 2408 617 2437 exivit
637 2416 653 2435 a
675 2407 825 2435 Pharaone
841 2406 931 2433 iratus
949 2405 1047 2432 nimis.

270 2460 372 2493 Eaeod„
388 2466 427 2486 xi.

308 2506 487 2540 praeceperat
509 2505 623 2539 Moyses
638 2501 706 2529 tiliis
729 2500 831 2533 lsrael,
851 2499 935 2536 quod
951 2499 1051 2527 nullus

274 2553 310 2581 de
334 2560 446 2582 manna
467 2551 648 2587 relinqueret
668 2556 762 2584 usque
784 2555 894 2576 manc:
919 2547 971 2583 qui
990 2554 1052 2574 non

307 2617 342 2647 (a)
360 2618 421 2640 (ἀι.
436 2616 495 2639 edit.
514 2613 682 2647 Coinplaeuit.
700 2626 730 2631 —-
749 2612 783 2643 (Ιι)
806 2613 864 2636 Item
889 2611 1006 2635 Thamar.
1023 2624 1052 2628 —

276 2653 305 2683 (c)
324 2654 383 2676 Item
397 2652 547 2676 czeeitutcm.

845 164 980 199 BIBLIA
999 162 1232 198 PAUPERUM.

1065 231 1226 261 audierunt
1237 239 1324 268 eum,
1344 232 1400 262 sed
1421 232 1598 262 dimiserunt
1613 231 1740 269 quidam
1756 240 1794 263 ex
1806 241 1844 264 eo

1064 287 1161 316 usque
1180 287 1287 315 mane,
1309 280 1339 308 et
1355 279 1497 309 scaturire
1517 279 1608 317 coepit
1625 279 1797 317 vermibus,
1816 282 1848 311 et

1066 326 1258 364 computruit.
1282 327 1316 355 Et
1336 326 1429 356 iratus
1451 328 1496 356 est
1518 328 1634 364 Moyses
1656 329 1760 356 eontra
1780 335 1845 358 eos.

1068 373 1154 402 13:006.
1158 394 1168 409 ,
1185 381 1255 402 xvii.

1103 421 1263 450 Revertens
1279 421 1410 458 Moyses,
1431 427 1503 449 cum
1521 421 1795 458 appropinquasset
1807 421 1849 450 ad

1068 469 1174 503 castra,
1185 467 1260 496 vidit
1271 467 1401 496 vitulum
1415 468 1444 496 et
1457 467 1577 503 choros,
1594 467 1747 506 iratusque
1755 467 1847 498 valde

1068 514 1194 552 projecit
1211 515 1250 543 de
1270 515 1411 543 manibus
1433 515 1552 543 tabulas
1557 535 1567 550 ‚
1584 517 1614 544 et
1632 515 1779 552 confregit
1799 523 1851 544 eas

1069 561 1110 590 ad
1122 561 1240 590 radices
1253 561 1410 590 montium.
1425 562 1526 597 Exod„
1540 569 1633 591 xxxii.

1105 609 1179 637 Cum
1202 611 1346 646 quoereret
1368 610 1482 646 Moyses
1508 609 1625 638 hircum
1651 609 1704 646 qui
1732 609 1852 639 oblatus

1070 656 1165 685 suerat
1172 664 1234 694 pro
1253 658 1391 693 peceato,
1404 658 1542 685 exustum
1555 657 1680 694 reperit,
1696 657 1850 694 iratusque

1070 706 1174 733 contra
1191 703 1311 733 Eleazar
1333 705 1361 732 et
1382 702 1511 732 ithamar
1525 703 1572 741 (b),
1593 704 1654 733 ait:
1674 714 1688 731 ιι
1709 706 1767 734 Cur
1789 713 1852 734 non

1071 750 1252 786 comedistis,
1267 761 1282 777 n
1295 752 1350 778 etc.
1367 751 1443 786 Leo„
1459 759 1490 784 x,
1505 752 1600 779 16-17.

1107 797 1217 826 Videas
1231 799 1345 834 Moyses
1358 790 1556 826 rebellionem
1583 799 1657 826 Core
1680 799 1709 826 et
1729 798 1853 835 compli-

1073 853 1143 874 cum
1161 853 1301 879 suorum,
1321 845 1411 873 iratus
1430 844 1534 880 valde,
1556 844 1597 873 ait
1615 844 1655 873 ad
1674 845 1853 875 Dominum:

1076 902 1090 919 ιι
1111 893 1150 920 Ne
1171 891 1311 929 respicias
1336 892 1480 921 sacrificia
1498 900 1622 926 eorum,
1644 901 1659 918 n
1684 895 1739 921 etc.
1759 894 1855 927 Num..

1075 947 1134 974 xvi,
1152 940 1196 967 15.

1111 986 1308 1015 considerans
1330 986 1471 1014 Jonatlms
1491 986 1572 1015 filius
1598 987 1667 1016 Saul
1692 987 1856 1025 nequitiam

1075 1034 1167 1071 patris
1182 1035 1286 1062 contra
1301 1033 1405 1069 David,
1421 1034 1547 1062 surrexit
1562 1042 1579 1062 a
1594 1042 1696 1063 mensa
1711 1035 1742 1063 in
1756 1035 1801 1063 ira
1815 1035 1858 1064 tu-

1075 1081 1162 1117 roris,
1178 1083 1206 1110 et
1217 1088 1280 1110 non
1294 1081 1424 1110 comedit
1437 1089 1548 1118 panem
1566 1081 1597 1110 in
1611 1081 1664 1110 illo
1679 1082 1739 1116 die,
1755 1083 1764 1110 l
1778 1083 1858 1118 Rea„

1076 1137 1126 1158 xx.

1114 1175 1221 1204 Audita
1248 1175 1340 1203 David
1374 1175 1520 1212 parabola
1548 1175 1662 1204 Nathan
1688 1175 1859 1213 prophetae,

1078 1222 1169 1251 iratus
1189 1222 1393 1258 indignatione
1415 1223 1559 1251 adversus
1579 1222 1750 1258 hominem,
1766 1222 1859 1251 dixit:

1082 1280 1096 1296 ιι
1117 1269 1192 1298 Vivit
1207 1269 1359 1304 Dominus,
1371 1270 1516 1306 quoniam
1530 1270 1611 1298 filius
1626 1270 1730 1299 mortis
1745 1271 1789 1299 cst
1802 1269 1860 1305 vir,

1081 1317 1133 1353 qui
1148 1316 1296 1345 fecithoc.
1311 1327 1325 1343 ι)
1344 1318 1364 1345 ll
1380 1319 1457 1352 Rea„
1472 1325 1525 1351 xii,
1544 1319 1569 1344 5.

1119 1364 1229 1392 Eliseus
1251 1364 1342 1392 iratus
1355 1364 1417 1399 :suit
1436 1367 1539 1392 contra
1552 1366 1620 1392 Joas
1637 1371 1740 1399 regem
1759 1363 1863 1400 lsrael,

1083 1420 1119 1440 eo
1145 1411 1229 1448 quod
1253 1419 1314 1439 non
1342 1411 1485 1448 percussit
1513 1413 1622 1439 terram
1645 1411 1751 1446 sagitta
1775 1411 1864 1447 quin-

1084 1459 1168 1496 quies
1187 1461 1237 1486 aut
1251 1459 1362 1494 sexies,
1377 1460 1410 1486 ut
1425 1461 1517 1487 totam
1532 1458 1724 1487 destruxisset
1738 1458 1863 1495 Syriam.

1085 1508 1116 1536 lv
1132 1509 1209 1541 11⁶9„
1222 1514 1284 1534 xui.

1122 1553 1252 1582 Audiens
1271 1553 1425 1581 Nehemias
1440 1553 1603 1581 clamorem
1622 1552 1726 1589 populi
1746 1554 1868 1590 propter

1088 1609 1204 1634 usuraS,
1218 1609 1292 1637 quas
1308 1600 1469 1636 exigebant
1481 1600 1646 1637 optimam,
1661 1599 1751 1628 iratus
1766 1601 1809 1628 cst
1822 1599 1867 1628 ni-

1089 1648 1155 1682 miS,
1171 1651 1224 1676 etc.
1241 1649 1363 1681 Nchem„
1379 1656 1406 1675 v,

1126 1695 1231 1723 Audita
1259 1694 1464 1731 querimonia,
1491 1701 1582 1729 quam
1605 1693 1679 1720 dixit
1704 1693 1804 1721 Esther
1831 1693 1868 1721 de

1091 1745 1196 1776 Aman,
1211 1741 1261 1777 qui
1278 1749 1382 1769 omnes
1396 1740 1513 1769 Judaeos
1529 1740 1664 1768 occidere
1678 1739 1869 1776 procurabat,

1093 1793 1232 1817 ,assuerus
1252 1788 1377 1816 surrexit
1399 1788 1489 1816 iratus
1513 1787 1550 1815 dc
1571 1787 1638 1815 loco
1654 1786 1800 1820 convivii,
1815 1779 1869 1815 etc.

1094 1837 1183 1870 Esth.,
1199 1843 1248 1869 vu,
1265 1838 1291 1862 7.

1130 1881 1341 1917 eii-cumspexit
1358 1881 1499 1909 Dominus
1515 1888 1582 1908 cum
1605 1880 1649 1908 ira
1666 1880 1802 1914 iudaeos,
1823 1880 1874 1916 qui

1095 1929 1296 1958 observabant
1311 1936 1395 1962 eum,
1411 1930 1439 1956 et
1454 1927 1642 1956 contristatus
1658 1929 1701 1955 est
1715 1934 1805 1964 super
1819 1934 1875 1956 coe-

1097 1977 1181 2005 citnte
1197 1977 1229 2012 (c)
1245 1975 1342 2004 cordis
1357 1982 1472 2003 eorum.
1490 1976 1588 2006 Marc„
1605 1982 1652 2009 ιιι,
1666 1976 1693 2001 5.

1344 2068 1487 2102 CAPUT
1512 2068 1628 2101 XCVI.

1274 2143 1309 2169 nc
1330 2143 1374 2169 ira
1394 2141 1509 2169 hominis
1530 2149 1578 2176 per
1597 2141 1708 2168 vilium.

1140 2223 1153 2237 ιι
1174 2212 1311 2248 Respexit
1331 2211 1473 2239 Dominus
1494 2210 1533 2238 ad
1552 2210 1640 2244 Abel,
1656 2211 1685 2238 et
1706 2209 1744 2237 ad
1757 2215 1881 2237 munera

1103 2260 1174 2295 ejus.
1193 2269 1206 2284 »
1221 2259 1374 2294 Sequitur:
1393 2268 1407 2284 ιι
1423 2260 1514 2286 lratus
1533 2260 1575 2285 est
1589 2257 1660 2284 Cain
1679 2257 1880 2289 vehementer,

1104 2309 1131 2334 et
1146 2306 1275 2334 concidit
1291 2305 1389 2333 vultus
1404 2305 1478 2339 ejus,
1494 2315 1507 2330 n
1525 2306 1579 2332 etc.
1597 2306 1675 2338 Gen„
1692 2311 1732 2338 iv,
1746 2305 1772 2330 5.

1140 2354 1232 2381 iratus
1248 2352 1333 2380 {taluc
1349 2354 1451 2379 contra
1466 2352 1595 2385 Balaam,
1611 2349 1771 2386 complosis
1786 2348 1881 2376 mani-

1105 2401 1176 2436 bus,
1199 2401 1260 2429 ait:
1281 2410 1294 2426 ιι
1315 2399 1358 2427 Ad
1379 2398 1622 2426 maledicendum
1645 2396 1771 2425 inimicis
1793 2395 1881 2431 meis,

1105 2449 1211 2477 'vocavi
1236 2451 1279 2482 te,
1307 2447 1417 2483 quibus
1441 2455 1456 2475 e
1479 2445 1628 2475 contrario
1655 2443 1844 2472 benedeisti.
1865 2454 1879 2469 u

1107 2498 1202 2530 Num„
1217 2503 1295 2528 xxiv,
1311 2496 1355 2522 10.

1149 2542 1278 2571 Audiens
1303 2541 1372 2569 Saul
1404 2542 1471 2577 post
1500 2539 1653 2567 victoriam
1681 2536 1886 2566 commendari

1110 2590 1218 2624 David,
1239 2590 1329 2617 iratus
1348 2590 1390 2616 est
1407 2587 1510 2622 nimis,
1530 2588 1559 2614 et
1579 2585 1729 2622 displicuit
1747 2585 1778 2613 in
1792 2583 1886 2613 oculis

1110 2639 1172 2673 ejus
1186 2644 1295 2669 sermo,
1311 2637 1364 2663 etc.
1382 2636 1390 2663 l
1405 2636 1483 2669 Rea„
1498 2641 1578 2668 xviii,
1594 2634 1622 2661 8.
