2004 3037
64 731 143 752 condi-

54 763 125 783 tiones

47 795 131 820 septem

58 831 116 846 verse

48 856 127 876 contri-

49 887 121 908 tionis.

709 185 759 218 DE
780 183 1052 216 POENITENTIA.
1078 183 1165 217 CAP.
1190 186 1227 217 11.

163 255 224 284 lam
240 254 386 283 felicitatis
409 255 534 283 oeternae.
550 253 631 282 Unde
652 252 759 282 dicitur
774 253 783 270 ¹
798 261 805 280 ι
832 252 941 280 Consci-

162 301 232 329 disti
244 309 348 329 saccum
363 309 464 335 meum,
480 303 505 329 et
519 300 724 329 circumdedisti
737 307 778 327 me
792 300 900 327 loetitia.

415 393 592 429 CAPUT
629 393 681 426 ΙΙ.

432 468 470 494 De
484 465 661 493 Contritione.

195 539 268 566 Nota
289 537 386 573 partes
407 535 584 572 poenitentiae
611 533 784 570 integrales,
809 535 839 562 et
866 534 938 562 nota

159 584 243 621 quod
257 583 428 620 poenitcntia
441 581 531 610 habet
544 583 600 609 tres
611 583 709 617 partes
724 580 820 617 ipsam
829 580 938 608 virtua-

157 631 224 659 liter
244 630 436 666 integrantes,
461 628 569 657 scilicet
592 627 799 656 contritionem
822 627 936 662 cordis,

158 677 372 707 contessionem
387 676 456 711 oris,
472 677 500 704 et
513 675 742 703 satisfactionem
755 673 863 711 operis.

192 726 265 754 Nota
280 723 318 752 de
339 722 511 760 poenitentia
528 722 626 758 primo
647 723 791 758 quantum
811 721 850 749 ad
865 729 936 750 con-

156 771 315 806 tritionem,
331 779 397 807 quoe
413 772 455 798 est
468 777 537 806 pars
551 769 647 805 prima
661 768 850 805 poenitentiae.
863 769 937 796 Nota

157 818 240 855 quod
253 817 388 846 contritio
401 817 438 845 de
453 816 581 853 peccatis
593 815 757 852 specialiter
769 815 858 843 debet
874 823 936 843 esse

157 865 334 902 septiformis
348 873 354 892 :
371 872 442 892 nam
457 863 546 891 debet
561 871 622 890 esse
638 870 759 890 morosa
773 863 801 889 et
815 861 936 896 intenta,

156 920 217 941 non
231 911 446 948 perfunctoria3
463 909 609 943 solitaria,
624 917 686 937 non
707 908 829 945 publica
838 918 846 944 ;
862 909 937 937 inte-

157 967 224 995 gra,
250 966 312 986 non
338 957 503 991 diminuta;
532 956 684 991 ordinata,
708 963 769 983 non
794 955 917 983 confusa
926 965 934 991 ;

155 1005 285 1042 propria,
296 1012 356 1032 non
367 1004 479 1039 aliena3
495 1003 697 1039 gemebunda,
708 1010 767 1030 non
777 1001 919 1030 deliciosa
926 1011 934 1037 ς

156 1055 183 1080 et
194 1052 287 1088 justa,
309 1059 370 1079 non
389 1051 535 1079 simulata.
554 1051 587 1078 Et
607 1051 669 1078 haec
693 1050 807 1086 septem
824 1048 935 1076 suntin

154 1107 242 1128 versu
253 1101 280 1126 ².-
296 1099 454 1134 Recoqz'tabo
468 1099 518 1125 tibi
532 1105 620 1125 omnes
634 1104 717 1124 annos
731 1104 800 1124 meos
815 1098 845 1123 in
859 1103 935 1123 arna-

153 1146 277 1174 ritudine
293 1147 389 1173 animae
399 1153 473 1173 meoe.
485 1146 517 1173 Et
529 1145 581 1172 iste
591 1143 755 1172 versiculus
768 1143 857 1170 debet
871 1150 933 1170 esse

154 1194 304 1229 perpetuae
325 1193 477 1221 memoriae
491 1192 611 1220 illorum
631 1193 759 1227 septem,
777 1198 844 1226 quae
863 1197 934 1218 vera

155 1241 289 1268 contritio
303 1241 392 1269 debet
404 1240 526 1268 habere.

189 1287 286 1315 Primo
302 1287 392 1322 enim,
403 1288 435 1314 ut
446 1287 557 1315 dictum
572 1287 625 1320 est,
637 1285 726 1313 debet
739 1293 800 1313 esse
810 1284 933 1319 intenta,

154 1342 214 1362 non
229 1334 443 1370 perfunctoria:
460 1333 528 1361 ideo
544 1333 630 1361 dicit:
646 1332 816 1366 Recoqz'cabo,
830 1332 933 1359 contra

153 1381 230 1414 illos,
243 1381 293 1417 qui
308 1381 430 1408 veniunt
442 1380 482 1408 ad
496 1379 714 1408 confessionem
728 1377 879 1413 incogitati
895 1378 932 1405 de

152 1428 293 1464 peccatis,
317 1428 388 1463 quia
410 1427 524 1455 nullam
546 1426 594 1454 vel
616 1425 769 1453 modicam
793 1425 932 1452 videntur

152 1474 262 1502 habere
277 1474 516 1508 sollicitudinem,
531 1481 598 1500 cum
609 1475 707 1500 tamen
722 1472 784 1499 haec
799 1472 856 1498 sint
870 1480 931 1499 ma-

150 1523 216 1558 jora
231 1522 331 1550 debita
346 1525 373 1550 et
384 1522 499 1557 majora
511 1521 630 1556 negotia
644 1529 710 1556 quae
723 1520 815 1547 homo
828 1519 929 1554 habet,

150 1569 198 1597 vel
212 1569 320 1597 habere
340 1569 432 1605 possit
448 1569 480 1596 in
497 1568 553 1595 hac
567 1567 636 1595 vita.
659 1569 715 1595 Ista
735 1566 814 1594 enim
830 1566 930 1594 debita

151 1618 217 1644 sunt
238 1615 340 1644 decem
359 1615 486 1643 millium
510 1614 703 1647 talentorum,
725 1616 757 1641 ut
773 1613 879 1640 dicitur
899 1613 929 1640 in

151 1664 280 1690 Matthaeo
293 1664 322 1690 ³.-
338 1664 393 1691 lsta
414 1662 493 1690 enim
515 1663 582 1689 sunt
595 1661 729 1696 negotia,
747 1668 803 1696 pro
819 1660 928 1695 quibus

150 1709 238 1738 Filius
259 1709 306 1737 Dei
325 1711 460 1737 mortuus
479 1710 532 1742 est,
555 1710 583 1736 et
603 1715 657 1743 pro
679 1707 790 1743 quibus
804 1715 928 1742 congre<

150 1756 232 1792 gabit
254 1757 377 1792 angelos
399 1757 436 1784 de
458 1756 549 1789 coelo,
573 1757 600 1783 et
623 1756 739 1782 sanctos
763 1754 852 1782 etiam
868 1755 926 1782 ho-

148 1804 242 1831 mines
265 1804 302 1831 de
326 1803 456 1836 mundo,
478 1805 506 1830 et
524 1809 628 1830 omnes
651 1801 802 1829 daemones
822 1801 859 1828 de
883 1801 928 1828 in-

147 1849 246 1882 ferno,
268 1852 300 1877 ut
319 1850 424 1878 dicitur
442 1849 472 1877 in
493 1850 622 1876 Matthoeo
635 1849 655 1876 ⁵.
672 1850 748 1876 Bene
768 1850 867 1876 autem
886 1850 928 1876 est

147 1895 258 1930 fatuus,
278 1897 331 1932 qui
349 1896 386 1924 de
403 1896 448 1924 his
472 1896 609 1923 naximis
628 1895 734 1923 debitis
754 1897 782 1922 et
801 1895 926 1930 negotiis

148 1951 303 1979 nunquam
316 1945 358 1970 est
371 1943 522 1977 sollicitus,
536 1945 565 1969 ut
585 1942 656 1970 dicit
669 1942 767 1970 bonus
781 1943 926 1978 poenitens

149 1990 240 2018 David
256 1990 266 2008 ⁵
280 1999 286 2017 z
306 1991 431 2024 Coqitabo
446 1998 493 2024 pro
509 1992 616 2024 peccato
631 1997 701 2021 metm
717 1997 778 2016 non
793 1989 863 2016 dicit
876 1997 925 2024 pro

147 2046 264 2072 nummo,
283 2041 315 2066 ut
329 2045 450 2071 avarus,·
466 2045 521 2065 nec
538 2037 568 2064 de
583 2038 649 2067 cibo,
668 2039 699 2064 ut
714 2037 854 2071 gulosus5
872 2045 925 2064 nec

148 2085 179 2112 de
194 2086 264 2117 luto,
283 2086 315 2112 ut
334 2084 522 2118 immundus3
538 2091 593 2110 nec
607 2084 639 2110 de
660 2086 752 2117 vento,
774 2084 806 2110 ut
824 2091 925 2118 super-

147 2132 217 2167 bus3
233 2139 287 2159 nec
307 2132 339 2159 de
353 2132 505 2163 mendacio,
525 2132 557 2158 ut
577 2129 738 2158 verbosus:
762 2129 814 2156 sed
830 2138 836 2156 :
858 2139 870 2154 α
886 2130 924 2156 De

146 2179 273 2214 peccatis
298 2178 371 2206 meis
393 2186 443 2205 ero
464 2178 568 2205 dolens
590 2179 618 2204 et
641 2176 797 2210 sollicitus,
817 2186 831 2201 u
854 2175 925 2211 quia

146 2225 238 2260 vulgo
254 2225 360 2252 dicitur
376 2234 382 2252 ε

181 2296 236 2324 Quo
252 2295 324 2319 dolor
342 2296 379 2318 est
394 2295 490 2326 dentis,
506 2295 621 2318 versatur
637 2294 723 2325 lingua
739 2293 859 2317 dolentis.

183 2366 332 2400 Secundo,
353 2366 488 2394 contritio
511 2365 600 2393 debet
619 2374 681 2393 esse
700 2365 846 2400 solitaria,
861 2373 923 2393 non

147 2412 280 2447 publica:
296 2413 365 2440 ideo
381 2413 461 2448 dicit,
480 2414 549 2446 Tibi,
562 2413 632 2448 quia
648 2412 737 2440 debet
750 2420 811 2439 esse
824 2412 922 2440 solum

147 2457 178 2485 in
192 2462 349 2494 conspectu
364 2460 424 2494 Dei,
437 2460 522 2495 juxta
535 2459 611 2486 illud
625 2460 652 2486 ⁶:
669 2459 815 2486 Meditatio
834 2459 922 2487 cordis

147 2506 200 2531 mei
220 2507 250 2532 in
268 2509 407 2541 conspectu
427 2509 471 2533 tuo
492 2514 602 2541 semper.
618 2505 754 2533 infirmus
772 2513 835 2533 non
849 2513 920 2533 con-

181 2578 356 2609 ¹Psal.xx1x‚
373 2581 410 2604 12.
427 2594 453 2598 ——
469 2581 479 2596 ²
493 2581 552 2611 ssa„
568 2586 681 2609 xxxvui,
701 2582 736 2604 15.
750 2594 780 2598 -—
796 2581 804 2594 ¹
818 2581 919 2611 Mami„

147 2615 327 2642 xv1u,2sa.—‘
343 2615 445 2645 Matth„
460 2622 523 2644 xxv,
535 2617 607 2639 32—
620 2615 630 2631 ⁵
641 2615 708 2639 Psal.
725 2621 830 2646 xxxvn,
848 2618 918 2639 19.—

147 2649 156 2665 ⁸
171 2649 239 2673 Psal.
253 2655 329 2680 xvui,
343 2652 380 2674 15.
391 2664 422 2668 -
433 2652 443 2667 '¹
454 2651 555 2682 Mami„
571 2657 605 2681 v1,
621 2652 643 2675 6,
655 2664 684 2668 -
698 2652 706 2665 ⁸
719 2651 818 2681 Tmen„
833 2657 864 2681 11,
880 2654 918 2676 19.

1718 195 1778 224 265

994 251 1091 280 suevit
1103 254 1180 281 stare
1200 253 1232 281 in
1248 254 1356 290 platea,
1371 255 1425 284 sed
1439 255 1471 284 in
1485 264 1604 287 camera
1618 258 1718 288 clausa
1724 269 1733 296 3
1749 263 1779 290 et

994 299 1118 328 consilia
1131 300 1216 328 ardui
1229 301 1340 337 negotii
1351 309 1414 331 non
1425 305 1585 332 tractantur
1598 304 1628 333 in
1642 306 1777 343 publico,

994 346 1090 374 sedin
1104 346 1171 375 loeo
1188 350 1309 377 secreto.
1324 349 1392 378 ideo
1408 349 1513 378 dicitur
1523 352 1548 379 ⁷:
1568 353 1606 379 Tu
1616 357 1776 383 autemeam

994 395 1113 421 oraveris
1132 402 1188 430 pro
1209 396 1336 431 peccatis
1357 397 1428 430 tuis,
1445 399 1522 426 intra
1542 401 1705 436 cubiculum,
1721 402 1777 431 sci·

994 439 1062 468 licet
1076 441 1175 469 cordis
1193 442 1246 470 tui.

1028 487 1124 515 Tertio
1144 488 1233 516 debet
1248 497 1309 518 esse
1325 489 1453 526 integra,
1469 499 1531 520 non
1551 493 1686 523 dimidia.
1706 495 1776 525 ideo

993 533 1117 562 dicitur:
1132 536 1241 569 Omnes,·
1260 536 1415 564 modicum
1427 539 1507 566 enim
1526 539 1563 567 de
1582 540 1700 577 liquore
1713 551 1777 572 cor·

992 582 1080 617 rupto
1100 581 1233 610 inficeret
1253 591 1322 618 vaS,
1343 583 1367 611 si
1389 588 1554 614 remaneret
1574 586 1605 614 in
1627 587 1690 616 illo.
1707 589 1775 619 ideo

992 627 1100 657 dicitur
1113 629 1145 657 ⁸:
1172 631 1291 664 Effuncle
1312 632 1384 659 sicut
1406 640 1504 667 aquam
1527 641 1571 661 cor
1592 637 1678 664 tuum.
1700 638 1776 666 Bene

992 676 1092 704 autem
1107 675 1178 704 dicit
1192 678 1263 705 sicut
1284 686 1399 714 aquam,
1420 679 1491 715 quia
1512 680 1587 708 alius
1607 681 1707 718 liquor
1724 683 1775 712 vix

991 724 1087 758 potest
1101 723 1179 751 hene
1201 724 1330 760 effundi,
1348 725 1420 762 quin
1435 725 1477 754 ibi
1492 730 1645 756 remaneat
1660 729 1775 766 aliquid

992 769 1028 797 dc
1053 769 1166 805 colore,
1182 770 1230 798 vel
1248 771 1285 799 de
1305 772 1414 808 odore,
1435 773 1483 801 vel
1502 782 1619 810 sapore.
1636 776 1775 806 Videmus

991 817 1071 844 enim
1094 818 1178 853 quod
1199 820 1266 854 post
1287 819 1463 848 effusionem
1482 820 1566 849 lactis
1589 825 1722 856 remanet
1743 824 1774 852 in

991 871 1060 892 vase
1080 864 1177 899 color,
1201 868 1268 901 post
1289 866 1466 896 effusionem
1487 868 1568 902 vini,
1593 869 1686 906 odor;
1707 873 1775 906 post

990 910 1165 939 effusionem
1179 912 1285 946 mellis,
1301 921 1400 950 sapor.
1418 915 1508 943 Debet
1522 915 1611 951 igitur
1627 917 1772 953 poenitens

991 957 1143 986 effundere
1159 966 1220 987 non
1231 959 1305 987 sicut
1320 961 1377 996 lac,
1391 969 1428 989 ne
1443 962 1553 990 scilicet
1562 966 1680 992 maneat
1690 965 1774 993 color

989 1004 1119 1040 pristinae
1131 1007 1379 1041 conversationis;
1393 1016 1448 1036 nec
1463 1009 1536 1036 sicut
1550 1009 1664 1044 vinum,
1676 1019 1712 1038 ne
1729 1020 1773 1039 re-

990 1054 1108 1080 maneat
1135 1053 1212 1081 odor
1232 1062 1333 1090 pravoe
1355 1055 1577 1090 imaginationis
1585 1065 1594 1092 3
1620 1064 1675 1085 nec
1698 1058 1773 1086 sicut

991 1099 1068 1133 mel,
1090 1107 1127 1127 ne
1142 1103 1294 1129 remaneat
1313 1109 1402 1138 sapor
1421 1102 1583 1130 immundae
1603 1103 1772 1133 delectatio-

990 1146 1052 1173 nis:
1070 1147 1123 1174 sed
1139 1149 1209 1175 sicut
1224 1156 1322 1183 aquam
1336 1148 1472 1184 perfectae
1486 1151 1514 1177 et
1527 1150 1647 1185 integrae
1662 1152 1770 1180 contri-

989 1191 1085 1220 tionis.

1024 1241 1131 1273 Quarto
1157 1241 1247 1269 debet
1271 1250 1333 1270 esse
1365 1243 1502 1271 contritio
1532 1244 1684 1280 ordinata,
1709 1254 1771 1274 non

988 1288 1121 1316 confusa.
1136 1289 1205 1316 Ideo
1221 1289 1308 1318 dicit:
1326 1291 1419 1318 Annos
1433 1301 1440 1319 ;
1457 1299 1552 1319 annus
1567 1300 1698 1329 namque
1714 1294 1771 1321 dis-

987 1335 1131 1370 tinguitur
1140 1344 1194 1372 per
1205 1339 1333 1372 quatuor
1348 1340 1492 1374 tempora,
1504 1339 1616 1367 scilicet
1630 1340 1769 1376 hiemem,

987 1389 1049 1416 ver,
1065 1384 1206 1417 aestatem,
1223 1385 1250 1411 et
1265 1386 1452 1412 autumnum.
1473 1385 1561 1413 Debet
1575 1386 1663 1422 igitur
1676 1388 1771 1423 poeni-

987 1429 1049 1455 tens
1064 1437 1176 1463 anuOS,
1199 1430 1246 1458 vel
1262 1431 1406 1459 circulum
1426 1432 1492 1459 vitae
1512 1441 1571 1460 suae
1591 1433 1770 1470 distinguere

986 1482 1039 1510 per
1054 1477 1201 1511 tempora,
1215 1479 1247 1504 ut
1263 1485 1317 1505 sua
1330 1478 1436 1505 melius
1452 1479 1545 1514 possit
1557 1479 1690 1508 invenire
1705 1489 1771 1516 pec-

987 1523 1070 1556 eata3
1091 1524 1119 1549 et
1139 1524 1287 1559 praecipue
1309 1524 1398 1552 debet
1421 1525 1598 1560 investigare
1621 1530 1768 1563 peccator,

986 1568 1008 1595 si
1028 1568 1058 1596 in
1079 1569 1139 1597 vita
1161 1578 1214 1597 sua
1232 1571 1364 1598 inveniat
1384 1572 1513 1599 hiemem
1531 1575 1559 1600 et
1578 1572 1770 1608 frigiditatem

986 1617 1138 1651 temporis,
1153 1617 1184 1644 id
1199 1619 1251 1651 est,
1268 1618 1396 1653 torporis
1409 1621 1436 1646 et
1450 1619 1578 1654 acediae3
1595 1628 1647 1648 ver
1659 1623 1769 1656 autem,

985 1662 1016 1690 id
1032 1665 1085 1696 est,
1099 1664 1307 1692 humiditatem
1318 1666 1483 1701 corporalis
1496 1666 1639 1702 lasciviae3
1652 1670 1679 1695 et
1690 1670 1770 1696 aesta-

984 1710 1054 1744 tem,
1070 1710 1102 1737 id
1119 1713 1171 1745 est,
1189 1711 1370 1739 caliditatem
1384 1713 1598 1749 indignationis
1611 1716 1639 1742 et
1653 1714 1768 1743 iracun-

984 1756 1058 1791 diae,
1075 1759 1103 1785 et
1118 1761 1311 1793 autumnum,
1328 1759 1359 1787 id
1374 1762 1415 1787 est
1429 1760 1587 1788 siccitatem
1599 1762 1768 1797 cupiditatis

984 1806 1011 1831 et
1035 1805 1173 1832 avaritiae.
1198 1807 1262 1833 Haec
1281 1808 1348 1833 suut
1367 1808 1515 1842 tempora,
1533 1808 1641 1843 quibus
1662 1809 1766 1836 distin-

984 1854 1115 1886 guuntur
1130 1852 1199 1879 anni
1214 1855 1422 1888 peccatorum,
1439 1854 1475 1881 de
1491 1855 1600 1890 quibus
1615 1856 1721 1884 dieitur
1736 1858 1764 1884 ⁹:

983 1898 1061 1925 Anni
1074 1902 1162 1926 nostri·
1176 1901 1243 1926 sicut
1261 1908 1360 1927 aranea
1375 1901 1586 1929 meditabuntur,
1601 1904 1715 1930 Aranea
1730 1903 1766 1930 si-

984 1945 1106 1980 quidem
1121 1947 1292 1979 meditatur,
1308 1949 1335 1974 et
1349 1949 1444 1974 totum
1460 1948 1593 1975 studium
1610 1957 1696 1976 suum
1711 1958 1766 1985 po·

982 1992 1038 2026 nit,
1058 1995 1089 2019 ut
1111 1993 1228 2020 ordinet
1244 1993 1334 2021 telam
1352 1994 1442 2021 vilem
1463 1996 1490 2022 et
1508 1994 1642 2030 fragilem
1662 1996 1701 2023 ad
1716 2005 1765 2024 ca-

982 2038 1127 2073 piendum
1142 2048 1276 2067 muscas:
1295 2040 1360 2067 talis
1376 2042 1418 2068 est
1433 2041 1492 2068 vita
1506 2041 1635 2068 hominis
1651 2042 1763 2078 fragilis

983 2087 1010 2111 et
1024 2085 1106 2119 vilis,
1121 2088 1149 2113 et
1162 2086 1260 2113 solum
1276 2095 1392 2114 muscas
1406 2087 1498 2123 capit,
1512 2088 1543 2114 id
1560 2090 1617 2120 est,
1634 2089 1762 2118 delecta-

982 2131 1076 2158 tiones
1090 2132 1271 2160 immundas.
1281 2133 1361 2160 Unde
1378 2134 1484 2161 dicitur
1496 2135 1516 2151 ¹⁰
1528 2143 1534 2161 :
1551 2135 1610 2168 Ipsi
1622 2136 1689 2163 telas
1701 2145 1761 2164 ara-

981 2186 1035 2205 neoe
1052 2181 1201 2206 temerant.

1017 2225 1138 2259 Quinto,
1168 2226 1257 2254 debet
1284 2235 1345 2255 esse
1371 2229 1506 2256 contritio
1530 2230 1668 2265 propria,
1699 2239 1758 2258 non

981 2272 1087 2307 aliena,
1103 2273 1134 2300 id
1149 2276 1201 2308 est,
1217 2274 1254 2301 de
1268 2275 1394 2310 peccatis
1408 2276 1547 2312 propriis,
1563 2285 1624 2304 non
1640 2277 1758 2313 alienis3

980 2323 1101 2356 propter
1119 2321 1176 2348 hoc
1197 2322 1285 2349 dicit:
1309 2324 1390 2350 Μεοε.
1411 2323 1464 2350 Vix
1480 2324 1559 2351 enim
1574 2325 1665 2352 homo
1680 2334 1760 2361 pros-

979 2369 1108 2402 peratur,
1120 2368 1171 2404 qui
1186 2368 1314 2396 dimissis
1328 2370 1454 2404 negotiis
1466 2371 1605 2406 propriis,
1617 2372 1759 2400 sollicitus

979 2416 1022 2441 est
1036 2414 1073 2442 de
1089 2415 1200 2443 alienis.
1220 2415 1301 2443 Unde
1317 2416 1387 2444 dicit
1401 2417 1534 2445 Salvator
1550 2418 1567 2434 ¹²
1581 2428 1586 2445 :
1608 2420 1686 2446 Fc'lioe
1697 2421 1759 2446 Hie·
1803 2454 1806 2456 .

978 2462 1104 2496 rusalem,
1119 2463 1202 2489 nolite
1217 2464 1278 2497 flere
1292 2471 1373 2498 super
1388 2472 1446 2497 ‘11163
1462 2465 1508 2491 sed
1522 2472 1602 2499 super
1617 2474 1662 2492 vos
1685 2468 1758 2500 ipsas

977 2511 1045 2543 [lete.
1062 2511 1094 2537 Et
1113 2510 1154 2537 sic
1171 2511 1234 2538 vult
1253 2511 1397 2545 Christus,
1419 2512 1502 2547 quod
1522 2521 1676 2548 nunquam
1690 2513 1758 2541 flea-

978 2564 1053 2591 mus,
1065 2557 1113 2584 vel
1122 2557 1312 2593 plangamus,
1325 2560 1452 2586 mortem
1463 2567 1547 2586 suam
1557 2560 1756 2594 benedictam,

976 2632 1006 2636 —
1026 2620 1034 2632 ἵ·
1051 2620 1116 2644 Psal.
1134 2626 1241 2649 Lxxxffi,
1264 2623 1300 2645 lo.
1318 2634 1346 2638 —
1364 2622 1384 2638 ¹⁰
1405 2622 1464 2652 lm„
1488 2628 1540 2651 le,
1557 2624 1579 2646 5.
1601 2636 1630 2639 -
1648 2623 1665 2639 ¹¹
1687 2622 1755 2653 Luc„

976 2661 1051 2686 xxm,
1067 2657 1106 2680 28.
