2004 3037
237 227 302 259 514
845 224 982 262 BIBLIA
1003 223 1234 260 PAUPERUM.

276 303 291 321 α
299 293 372 322 Cum
379 292 524 322 elevasset
530 293 635 323 oeulos
641 292 804 330 Abraham,
814 295 1018 331 apparuerunt

235 341 262 370 ei
276 342 335 369 tres
347 340 404 369 viri
419 341 527 370 stantes
539 348 636 378 prope
650 348 735 378 eum3
751 348 828 378 quos
842 349 912 370 cum
923 341 1017 370 vidis-

234 389 289 424 set,
303 387 441 417 adoravit
454 388 487 417 in
501 390 590 424 terra,
605 389 634 417 et
657 387 754 417 dixit:
769 388 911 425 Domine,
933 388 958 417 si
971 389 1017 417 in-

233 435 302 463 veni
316 435 443 471 gratiam
457 435 488 464 in
503 435 599 464 oculis
612 436 681 472 tuis,
699 444 737 465 ne
751 432 884 470 tr'anseas
897 443 1016 466 servum

234 483 331 518 tuum,
346 493 360 509 n
378 485 433 511 etc.
451 484 528 517 Gen„
543 491 624 513 xviii.

269 531 390 560 Paratus
410 531 465 560 fuit
479 531 630 560 Abraham
649 531 757 560 offerre
779 531 901 561 unicum
918 531 1017 561 filium

233 587 323 609 suum
344 582 424 609 Isaac
443 581 568 609 Domino
582 581 806 617 holocaustum;
823 580 877 609 sed
889 580 1015 609 Domino

233 627 319 656 aliter
337 627 531 664 providente,
555 627 677 658 arietem
699 627 770 660 loeo
794 627 874 657 illius
897 627 1014 658 obtulit.

234 674 311 710 Gen.,
323 683 392 704 xxii.

269 723 409 751 Dominus
422 723 562 760 apparuit
575 724 656 753 Isaac
669 723 701 752 in
717 723 872 759 Bersabee,
887 723 990 752 dicens
1005 732 1013 751 ε

238 778 252 795 «
267 769 331 798 Noli
348 770 461 805 timere,
477 770 548 807 quia
562 779 619 807 ego
634 771 733 799 tecum
747 778 825 804 sum,
841 771 898 800 etc.
914 771 1015 807 ltaque

232 816 391 845 aedificavit
401 817 443 845 ibi
456 817 558 853 altare,
575 827 590 845 η
606 819 661 846 etc.
676 818 753 853 Gen„
769 825 847 846 xxvi.

271 864 422 892 «Locutus
432 866 475 892 est
483 864 625 892 Dominus
635 864 674 892 ad
685 864 776 893 Jacob
785 864 900 893 dicens:
911 864 1013 900 Surge,

233 912 262 940 et
283 911 410 939 ascende
424 911 534 946 Bethel,
550 912 578 940 et
600 911 704 940 habita
725 910 766 940 ibi
776 920 784 947 3
800 911 906 948 facque
922 911 1014 940 altare

232 958 378 994 Domino,
401 958 453 995 qui
474 959 614 995 apparuit
636 958 710 992 tihi,
734 958 858 995 quando
880 958 1015 995 fugiebas

232 1006 307 1034 Esau
320 1005 441 1034 fratrem
456 1007 552 1041 tuum,
567 1016 583 1034 ι)
597 1007 652 1035 etc.
671 1006 748 1040 Gen„
763 1013 851 1035 xxxv.

270 1063 285 1079 «
294 1052 459 1081 Audierunt
473 1063 488 1080 »
497 1053 549 1081 filii
559 1053 646 1081 lsrael
654 1073 664 1088 ,
680 1053 790 1090 «quod
805 1053 950 1083 visitasset
964 1061 1016 1083 eos

231 1100 386 1135 Dominus,
401 1102 429 1128 ct
451 1100 535 1137 quod
549 1100 727 1137 respexisset
742 1100 933 1130 afflictionem
946 1101 1015 1131 illo-

231 1155 299 1176 rum
315 1155 323 1176 ε
338 1149 366 1175 et
377 1147 465 1184 proni
480 1147 691 1176 adoraverunt.
707 1158 721 1174 ι)
738 1148 838 1183 Eaeod„
853 1157 892 1177 iv.

267 1196 428 1231 Postquam
442 1194 559 1223 locutus
573 1197 616 1223 est
630 1195 771 1223 Dominus
786 1195 825 1223 ad
841 1197 961 1232 Moysen
977 1196 1016 1225 de

231 1241 375 1277 religione
387 1242 488 1278 Phase,
502 1244 530 1270 et
541 1242 731 1278 percussione
746 1243 1016 1279 primogenitorum

232 1289 369 1325 AEgypti,
384 1291 517 1326 sequitur
533 1299 539 1318 :
558 1300 573 1317 α
597 1292 769 1320 incurvatus
790 1291 923 1328 populus
944 1292 1016 1320 ado-

232 1337 317 1366 ravit.
334 1347 347 1364 »
365 1338 466 1372 Esou„
482 1345 532 1366 xii.

267 1384 367 1412 ,lethi-o
384 1384 455 1412 dixit
470 1385 562 1421 Moysi
577 1393 584 1414 :
607 1394 621 1412 α
635 1387 762 1414 Praeesto
776 1386 892 1423 populo
913 1386 945 1415 in
968 1386 1014 1422 iis,

233 1439 300 1468 quae
315 1432 354 1459 ad
371 1433 462 1461 Deum
476 1433 632 1468 pertinent,
650 1434 682 1460 ut
700 1433 810 1462 reseras
825 1442 892 1470 quae
911 1433 1016 1462 dicun-

234 1480 280 1506 tur
294 1478 333 1506 ad
348 1487 427 1514 eum,
443 1479 642 1516 ostendasque
658 1480 773 1516 populo
786 1481 973 1510 coerimonias
989 1483 1018 1510 et

233 1526 322 1554 ritum
338 1527 468 1555 colendi.
484 1537 497 1553 ι)
511 1528 609 1559 Εαεοά..
627 1536 708 1556 xviii.

269 1574 362 1610 Moysi
377 1574 451 1602 dixit
464 1574 604 1603 Dominus
621 1585 628 1604 :
648 1586 662 1602 «
682 1576 815 1604 Ascende
831 1576 861 1604 in
882 1577 1015 1606 montem

235 1623 276 1657 tu,
294 1624 322 1649 et
335 1624 443 1657 Aaron,
466 1622 570 1650 Nadab
587 1625 614 1651 et
628 1623 714 1659 Abiu,
730 1626 757 1652 et
771 1625 957 1660 septuaginta
971 1633 1017 1654 se-

236 1676 288 1696 nes
303 1670 401 1703 lsrael,
412 1672 440 1698 et
450 1669 741 1706 adorabitisprocul.
752 1681 766 1697 i>
783 1673 814 1699 Et
824 1675 889 1708 post
899 1680 1014 1708 pauca:

239 1725 253 1742 ι(
267 1716 442 1744 Obtulerunt
456 1717 645 1753 holocausta,
662 1718 953 1755 immolaveruntque
974 1720 1017 1748 vi-

237 1763 341 1791 ctimas
356 1764 495 1799 pacilicas
512 1765 637 1793 Domino
658 1766 777 1793 vitulos
793 1776 806 1793 »
825 1767 924 1798 Erod„
938 1774 1014 1795 xxiv.

272 1810 404 1846 Praecipit
414 1811 541 1838 sibilieri
554 1812 694 1839 Dominus
707 1813 931 1841 tabernaculum
948 1821 1015 1841 cum

237 1858 326 1886 variis
341 1859 526 1893 utensilibus,
543 1862 570 1887 et
585 1860 732 1887 ministros
745 1868 779 1888 ac
794 1861 957 1890 ministeria
972 1869 1018 1889 or·

238 1904 333 1933 dinari
349 1906 387 1933 ad
403 1906 513 1934 cultum
526 1906 628 1943 ipsius,
639 1907 741 1941 Eaeod„
750 1915 822 1943 xxv,
833 1909 861 1936 et
875 1907 1016 1945 deinceps

237 1953 267 1980 in
282 1953 383 1981 multis
398 1953 543 1989 capitulis.

272 2001 403 2028 Primum
416 2003 598 2037 praeeeptum
612 2000 751 2036 Decalogi
774 2003 817 2029 est
832 2010 838 2029 :
858 2011 872 2028 ι(
886 2003 948 2030 Non
964 2001 1016 2031 lia-

236 2048 323 2076 bebis
337 2048 410 2076 deos
421 2049 545 2084 alien0s3
558 2057 617 2076 non
630 2049 719 2076 facies
730 2048 781 2076 tibi
797 2048 946 2085 sculptile,
959 2052 1015 2078 etc.

236 2096 301 2124 Non
323 2096 465 2124 adorabis
488 2104 535 2131 ea,
554 2103 651 2131 neque
669 2095 758 2124 coles.
774 2096 897 2130 »EmQ
912 2105 971 2133 xx,
989 2099 1017 2125 et

235 2143 358 2178 Denter„
372 2151 402 2171 νι
419 2151 426 2170 :
439 2154 453 2170 (ε
468 2143 627 2171 Dominum
641 2144 731 2171 Dcum
746 2145 830 2171 tunm
844 2143 972 2179 timebis,
988 2146 1017 2172 et

235 2188 291 2225 ipsi
304 2189 360 2218 soli
375 2189 494 2225 servies,
510 2200 525 2217 »
543 2191 596 2218 etc.

269 2236 399 2272 Angelus
427 2237 544 2265 Domini
568 2237 607 2265 ad
630 2239 746 2273 patrem
768 2236 920 2266 samsonis
941 2237 981 2266 ait
1004 2246 1011 2266 ε

237 2283 336 2310 «Sivis
346 2283 555 2312 holocaustum
564 2284 671 2320 facere,
681 2284 838 2313 offerillud
847 2284 982 2314 Domino.
996 2294 1011 2313 i>

232 2330 337 2365 sudio„
350 2338 414 2358 xm.

268 2376 396 2405 Helcana
409 2378 493 2413 pater
507 2377 652 2406 Samuelis
667 2388 681 2403 «
697 2377 876 2407 ascendebat
889 2378 925 2407 de
941 2379 1012 2407 civi-

232 2425 290 2452 tate
304 2432 359 2452 sua
373 2424 485 2452 statutis
496 2424 613 2460 diebus,
628 2426 660 2452 ut
672 2425 811 2453 adoraret
825 2427 853 2453 et
868 2426 1012 2456 sacritica-

230 2473 274 2500 rct
287 2471 412 2500 Domino
427 2472 486 2499 Deo
503 2472 686 2500 exercituum
708 2472 739 2500 in
753 2473 824 2500 Silo.
840 2483 854 2499 »
870 2474 879 2501 1
895 2474 972 2509 noy„
990 2481 1010 2502 ι.

269 2530 284 2548 «
298 2522 365 2548 Erat
378 2521 533 2557 peccatum
547 2530 560 2547 »
581 2520 714 2548 filiorum
730 2520 792 2548 lleli
811 2530 824 2547 «
838 2521 952 2556 grande
967 2522 1011 2549 ni-

230 2567 287 2595 mis
301 2575 402 2596 coram
426 2567 562 2602 Domino,
576 2567 646 2604 quia
665 2568 854 2597 retrahebant
873 2568 1010 2597 homines

231 2614 267 2642 de
283 2615 427 2643 sacrificio
443 2615 569 2643 Domini.
585 2615 712 2651 »1ch.,
728 2623 760 2643 ιι.

267 2671 282 2687 α
296 2664 367 2690 Cum
379 2662 494 2690 Samuel
510 2661 627 2690 offerret
638 2661 846 2691 holocaustum
859 2662 984 2691 Domino
993 2672 1006 2688 »

228 2711 283 2739 pro
295 2704 420 2740 populo,
433 2704 609 2733 «Philisthoei
624 2704 751 2733 inierunt
762 2704 898 2740 praelium
908 2707 1010 2734 contra

1070 295 1169 326 lsrael.
1183 295 1314 326 Intonuit
1327 298 1428 327 autem
1441 296 1584 328 Dominus
1605 297 1725 336 fragore
1736 305 1850 338 magno

1070 349 1160 380 super
1172 342 1369 380 Philisthaeos,
1384 346 1414 373 et
1427 344 1568 375 exterruit
1581 352 1644 382 eos,
1657 347 1688 376 et
1699 345 1770 377 cesi
1780 348 1852 378 sunt

1071 395 1090 417 a
1103 389 1173 418 filiis
1186 390 1285 419 Israel.
1298 400 1312 418 n
1329 391 1340 420 1
1353 392 1418 426 neq.
1422 412 1432 428 ,
1446 399 1500 421 vu.

1105 437 1169 466 Rex
1185 437 1279 466 David
1293 437 1421 467 sollicite
1443 438 1558 468 cultum
1571 439 1621 469 Dei
1635 439 1668 468 in
1681 439 1851 470 cantoribus

1071 484 1099 512 et
1113 484 1318 514 sacerdotibus
1332 485 1445 514 studuit
1458 485 1614 523 ampliare,
1627 486 1704 515 sicut
1717 488 1851 524 apparet,

1069 530 1229 567 lraralz'p„
1241 540 1293 567 xv,
1307 540 1369 568 xvr,
1383 540 1468 568 xxm,
1483 540 1554 562 xxxv
1561 542 1570 570 3
1585 535 1614 563 et
1628 534 1736 569 Ezech„
1749 541 1829 564 nvn
1842 543 1850 563 :

1073 586 1087 604 t(
1101 578 1133 606 ln
1146 578 1230 607 omni
1243 587 1345 616 opere,
1359 590 1374 607 »
1391 582 1446 609 etc.

1104 625 1184 654 Abiit
1206 625 1359 661 Salomon,
1376 628 1409 655 ut
1422 627 1593 657 immolaret
1607 627 1734 657 Domino
1748 628 1780 656 in
1793 629 1851 658 Ga-

1068 671 1151 702 baon
1164 681 1173 702 :
1188 673 1271 702 mille
1284 674 1398 703 hostias
1411 674 1443 703 in
1453 674 1663 704 holocaustum
1677 674 1786 704 obtulit
1795 675 1850 704 ibi.

1071 720 1232 757 «Apparuit
1238 722 1336 750 autem
1345 721 1373 750 ei
1381 721 1524 751 Dominus
1531 730 1586 759 per
1593 722 1758 758 somnium,
1766 731 1782 750 i>
1795 724 1849 752 ete.

1069 768 1105 797 111
1117 768 1198 803 Rea„
1211 775 1254 796 ιιι.

1105 814 1260 851 Salomon,
1274 813 1421 844 aedificato
1432 815 1557 852 templo,
1568 825 1583 844 α
1595 816 1672 845 stetit
1680 818 1748 846 ente
1758 816 1851 847 altare

1069 862 1188 892 Domini
1203 863 1234 891 in
1248 866 1409 900 conspectu
1423 863 1556 893 Ecclesiae
1569 864 1677 900 lsrael,
1691 866 1720 894 et
1738 871 1851 901 expan-

1069 909 1143 938 dens
1157 917 1265 939 manus
1279 918 1348 939 suas
1370 911 1402 939 in
1417 910 1545 946 eoelum,
1565 920 1580 938 υ
1596 913 1758 948 utrumque
1771 919 1852 948 genu

1069 956 1162 992 flexit,
1177 959 1206 986 et
1219 957 1367 986 adoravit.
1383 958 1417 987 111
1431 959 1507 994 Rea„
1524 965 1586 988 vm.

1104 1005 1225 1034 Reversi
1243 1004 1297 1033 filii
1321 1004 1359 1034 de
1378 1005 1467 1034 lsrael
1481 1005 1519 1042 (α)
1534 1005 1702 1042 captivitate
1724 1005 1853 1043 Babylo-

1069 1053 1126 1089 nis,
1137 1053 1298 1089 «legerunt
1310 1053 1340 1082 in
1354 1053 1508 1082 volumine
1523 1053 1597 1089 legis
1610 1054 1660 1082 Dei
1673 1053 1730 1089 sui,
1746 1056 1852 1090 quater

1070 1100 1101 1129 in
1116 1100 1176 1136 die,
1191 1104 1219 1129 et
1233 1103 1338 1138 quater
1351 1101 1383 1129 in
1398 1103 1484 1130 nocte
1499 1100 1728 1136 confitebantur,
1738 1102 1768 1130 et
1780 1101 1853 1130 ado·

1069 1147 1178 1177 rabant
1192 1147 1351 1176 Dominum
1366 1149 1459 1176 Deum
1473 1156 1572 1176 suum.
1586 1158 1601 1174 »
1618 1148 1743 1184 Nehem„
1755 1155 1796 1177 ix.

1108 1204 1124 1222 «
1138 1197 1212 1224 Cum
1229 1195 1305 1224 irent
1319 1203 1424 1224 omnes
1441 1205 1455 1221 n
1472 1195 1526 1224 filii
1551 1194 1641 1225 lsrael
1657 1204 1672 1222 α
1685 1194 1726 1224 ad
1742 1194 1852 1224 vitulos

1071 1250 1191 1278 aureos,
1207 1253 1222 1270 »
1238 1243 1346 1272 Tobias
1360 1242 1521 1279 «fugiebat
1534 1241 1683 1271 consortia
1697 1249 1813 1278 eorum,
1825 1244 1854 1270 et

1070 1290 1216 1326 pergebat
1229 1290 1260 1318 in
1274 1289 1455 1318 Hierusalem
1469 1289 1509 1318 ad
1525 1289 1670 1326 templum
1682 1289 1810 1324 Domini,
1824 1291 1854 1318 et

1070 1337 1113 1365 ibi
1124 1337 1272 1366 adorabat
1286 1337 1445 1366 Dominum
1460 1337 1553 1365 Deum
1567 1336 1665 1366 lsrael.
1680 1346 1694 1363 »
1713 1336 1790 1372 rob„
1806 1343 1826 1364 ι.

1106 1385 1181 1413 Cum
1195 1384 1358 1412 audivisset
1371 1384 1427 1413 Job
1448 1383 1624 1412 nuntiorum
1642 1383 1738 1412 verba
1752 1383 1853 1412 dicen-

1072 1431 1146 1460 tium
1156 1431 1213 1460 sibi
1225 1431 1425 1468 perditionem
1433 1439 1533 1460 rerum
1543 1439 1678 1465 suarum,
1691 1440 1706 1458 α
1716 1430 1854 1466 surrexit,

1072 1480 1101 1507 et
1115 1486 1256 1507 corruens
1266 1479 1296 1507 in
1310 1481 1430 1513 terram,
1442 1478 1589 1513 adoravit,
1603 1480 1631 1506 et
1645 1477 1719 1507 dixit
1731 1477 1852 1507 :Nudus

1072 1534 1208 1562 egressus
1221 1534 1288 1554 sum
1303 1534 1339 1554 ex
1354 1528 1439 1553 utero
1454 1525 1556 1554 matris
1571 1533 1654 1560 meae,
1667 1535 1682 1553 n
1694 1525 1819 1561 ete.10b‚
1831 1533 1850 1554 1.

1108 1573 1249 1608 Quamvis
1269 1575 1344 1602 esset
1358 1572 1554 1609 prohibitum,
1577 1572 1660 1608 quod
1680 1572 1781 1600 nullus
1799 1571 1854 1600 ali-

1072 1619 1146 1657 quid
1160 1621 1273 1657 peteret
1287 1620 1325 1648 ab
1345 1620 1449 1657 aliquo
1462 1619 1533 1655 deo,
1548 1619 1594 1647 vel
1609 1619 1742 1655 homine,
1757 1627 1853 1655 usque

1073 1668 1112 1696 ad
1128 1667 1245 1703 triginta
1258 1667 1332 1702 dies,
1345 1667 1401 1694 nisi
1416 1674 1434 1695 a
1445 1666 1510 1695 solo
1522 1666 1624 1701 Dari03
1640 1667 1738 1694 tamen
1752 1665 1853 1694 Daniel

1075 1724 1090 1742 «
1105 1715 1198 1743 tribus
1213 1714 1400 1750 temporibus
1414 1714 1444 1741 in
1459 1713 1507 1741 die
1518 1713 1655 1740 flectebat
1665 1721 1762 1748 genua
1772 1721 1849 1740 sua»

1072 1762 1103 1790 in
1124 1761 1278 1789 coenaculo
1293 1769 1360 1796 suo,
1379 1769 1393 1786 ‹<
1412 1761 1440 1788 et
1457 1759 1622 1795 adorabat,
1643 1759 1852 1788 confitebatur-

1073 1815 1131 1844 que
1146 1816 1246 1836 eoram
1262 1807 1388 1835 Domino
1401 1808 1460 1835 Deo
1475 1814 1540 1835 suo.
1553 1816 1567 1833 ι·
1585 1807 1671 1841 Dan„
1686 1814 1725 1834 vr.

1109 1854 1184 1891 Magi
1197 1864 1211 1880 «
1225 1855 1365 1882 intrantes
1380 1854 1519 1888 domum,
1534 1853 1711 1881 invenerunt
1723 1860 1851 1890 puerum

1073 1909 1142 1930 cum
1155 1902 1245 1931 Maria
1260 1903 1354 1929 matre
1370 1901 1446 1936 ejus,
1462 1902 1491 1929 et
1505 1900 1695 1936 procidentes
1710 1900 1854 1928 adorave-

1072 1951 1141 1977 runt
1155 1956 1235 1983 eum,
1250 1958 1265 1974 ι)
1283 1951 1336 1976 etc.
1360 1948 1473 1983 Mullh„
1496 1955 1526 1976 ιι.
1552 1949 1622 1975 Ecce
1637 1947 1719 1975 miroe
1734 1947 1853 1975 humili-

1073 1996 1138 2024 tatis
1163 1995 1298 2031 devotio;
1321 1995 1395 2032 quid
1427 2003 1498 2031 ergo
1522 1994 1633 2023 debent
1653 1994 1749 2022 facere
1772 1993 1852 2022 Chri-

1072 2043 1158 2071 stiani
1171 2043 1296 2071 Domino
1309 2042 1372 2078 jam
1382 2042 1529 2078 regnanti,
1541 2042 1565 2070 si
1580 2042 1622 2070 sic
1634 2041 1768 2071 fecerunt
1780 2042 1852 2071 Gen-

1072 2090 1136 2119 tiles
1151 2090 1275 2118 Domino
1290 2090 1446 2125 vagienti?

1111 2149 1126 2166 «
1140 2140 1213 2167 Cum
1229 2138 1430 2166 descendisset
1443 2139 1526 2166 Jesus
1546 2136 1584 2165 de
1599 2138 1711 2173 monte,
1726 2143 1794 2165 ecce
1808 2136 1851 2165 le-

1072 2194 1178 2222 prosus
1192 2186 1323 2220 veniens,
1341 2192 1419 2221 genu
1432 2184 1510 2212 flexo
1523 2193 1538 2212 »
1555 2184 1693 2212 adoravit
1709 2194 1722 2210 κ
1733 2183 1849 2211 dicens:

1071 2233 1206 2268 Domine,
1217 2233 1241 2261 si
1252 2233 1306 2268 vis,
1317 2234 1402 2268 potes
1408 2239 1456 2260 me
1467 2231 1646 2260 mundare.»
1657 2231 1773 2265 Mateh„
1783 2237 1833 2259 vin
1840 2239 1849 2266 ς

1070 2281 1172 2315 Marc„
1186 2288 1206 2309 1.

1106 2329 1204 2356 Caecus
1229 2328 1332 2362 natus,
1358 2334 1376 2355 a
1400 2325 1526 2355 Domino
1555 2326 1622 2354 Jesu
1650 2323 1848 2360 illuminatus,

1073 2385 1086 2401 α
1101 2375 1260 2411 procidens
1275 2373 1412 2402 adoravit
1426 2382 1505 2402 eum.
1522 2384 1535 2400 >³
1552 2374 1643 2405 Jomz..
1659 2379 1699 2400 ix.

1105 2422 1243 2450 Videntes
1254 2421 1412 2450 Dominum
1427 2420 1565 2456 discipuli
1580 2421 1647 2456 post
1661 2418 1849 2447 resurreetio-

1069 2478 1139 2498 nem
1153 2477 1249 2504 suam,
1274 2479 1288 2496 α
1303 2469 1520 2503 adoraverunt3
1537 2466 1661 2504 quidam
1682 2468 1781 2495 autem
1797 2465 1850 2494 du-

1068 2516 1247 2551 bitaverunt.
1261 2526 1274 2542 »
1290 2516 1402 2548 Matth„
1420 2522 1521 2544 xxviii.

1095 2563 1267 2592 Sacerdotes
1276 2566 1304 2590 et
1311 2562 1415 2600 populi
1424 2562 1461 2590 de
1469 2560 1584 2590 civitate
1592 2560 1709 2596 Lystrae,
1715 2560 1850 2595 reputan-

1068 2613 1110 2639 tes
1125 2610 1196 2638 deos
1210 2610 1335 2638 Paulum
1351 2612 1379 2638 et
1392 2608 1573 2642 Ramathaim,
1587 2607 1729 2635 volebant
1743 2604 1850 2634 sacrifi-

1068 2665 1133 2686 care
1141 2657 1192 2691 eis,
1200 2657 1282 2693 quod
1290 2656 1333 2685 illi
1340 2655 1556 2693 prohibuerunt
1561 2654 1695 2685 omnino.
1705 2653 1849 2687 Act-‚xxm

1100 2709 1134 2740 (a)
1148 2710 1209 2734 Coet.
1226 2709 1288 2733 edit.
1303 2709 1361 2734 add.
1380 2708 1420 2733 de.

1996 2495 2004 2590 Μ-
1998 2396 2004 2488 ---
2001 2364 2004 2388 ..-
