<?xml version="1.0" encoding="UTF-8"?>
<!DOCTYPE html PUBLIC "-//W3C//DTD XHTML 1.0 Transitional//EN"
    "http://www.w3.org/TR/xhtml1/DTD/xhtml1-transitional.dtd">
<html xmlns="http://www.w3.org/1999/xhtml" xml:lang="en" lang="en">
 <head>
  <title>
</title>
<meta http-equiv="Content-Type" content="text/html;charset=utf-8" />
  <meta name='ocr-system' content='tesseract 3.04.00' />
  <meta name='ocr-capabilities' content='ocr_page ocr_carea ocr_par ocr_line ocrx_word'/>
</head>
<body>
  <div class='ocr_page' id='page_1' title='image "./operaomniasixtiv08bonauoft/operaomniasixtiv08bonauoft_0612.png"; bbox 0 0 2004 3037; ppageno 0'>
   <div class='ocr_carea' id='block_1_1' title="bbox 210 193 272 225">
    <p class='ocr_par' dir='ltr' id='par_1_1' title="bbox 210 193 272 225">
     <span class='ocr_line' id='line_1_1' title="bbox 210 193 272 225; baseline 0 -1"><span class='ocrx_word' id='word_1_1' title='bbox 210 193 272 225; x_wconf 74' lang='lat'>590</span> 
     </span>
    </p>
   </div>
   <div class='ocr_carea' id='block_1_2' title="bbox 207 252 989 389">
    <p class='ocr_par' dir='ltr' id='par_1_2' title="bbox 207 252 989 389">
     <span class='ocr_line' id='line_1_2' title="bbox 245 252 989 288; baseline -0.009 0"><span class='ocrx_word' id='word_1_2' title='bbox 245 260 382 288; x_wconf 79' lang='lat' dir='ltr'>Parentes</span> <span class='ocrx_word' id='word_1_3' title='bbox 394 257 476 286; x_wconf 85' lang='lat' dir='ltr'>illius</span> <span class='ocrx_word' id='word_1_4' title='bbox 490 257 560 286; x_wconf 74' lang='lat' dir='ltr'>caeci</span> <span class='ocrx_word' id='word_1_5' title='bbox 577 256 639 286; x_wconf 77' lang='lat' dir='ltr'>nati</span> <span class='ocrx_word' id='word_1_6' title='bbox 657 264 676 284; x_wconf 79' lang='lat' dir='ltr'>a</span> <span class='ocrx_word' id='word_1_7' title='bbox 689 254 816 284; x_wconf 82' lang='lat' dir='ltr'>nomino</span> <span class='ocrx_word' id='word_1_8' title='bbox 828 252 989 283; x_wconf 79' lang='lat' dir='ltr'>illuminati</span> 
     </span>
     <span class='ocr_line' id='line_1_3' title="bbox 208 299 989 343; baseline -0.009 -8"><span class='ocrx_word' id='word_1_9' title='bbox 208 304 429 343; x_wconf 81' lang='lat' dir='ltr'>responderunt</span> <span class='ocrx_word' id='word_1_10' title='bbox 444 303 546 333; x_wconf 77' lang='lat' dir='ltr'>timide</span> <span class='ocrx_word' id='word_1_11' title='bbox 567 302 736 338; x_wconf 74' lang='lat' dir='ltr'>Pharisaeis,</span> <span class='ocrx_word' id='word_1_12' title='bbox 752 309 789 330; x_wconf 86' lang='lat' dir='ltr'>eo</span> <span class='ocrx_word' id='word_1_13' title='bbox 804 299 890 338; x_wconf 81' lang='lat' dir='ltr'>quod</span> <span class='ocrx_word' id='word_1_14' title='bbox 901 299 989 329; x_wconf 78' lang='lat' dir='ltr'>time-</span> 
     </span>
     <span class='ocr_line' id='line_1_4' title="bbox 207 349 829 389; baseline -0.01 -7"><span class='ocrx_word' id='word_1_15' title='bbox 207 352 281 383; x_wconf 82' lang='lat' dir='ltr'>bant</span> <span class='ocrx_word' id='word_1_16' title='bbox 296 353 380 381; x_wconf 82' lang='lat' dir='ltr'>extra</span> <span class='ocrx_word' id='word_1_17' title='bbox 393 359 580 389; x_wconf 77' lang='lat' dir='ltr'>synagogam</span> <span class='ocrx_word' id='word_1_18' title='bbox 593 349 669 379; x_wconf 81' lang='lat' dir='ltr'>fieri.</span> <span class='ocrx_word' id='word_1_19' title='bbox 683 350 776 383; x_wconf 72' lang='grc' dir='ltr'>,Ιοιιηυ</span> <span class='ocrx_word' id='word_1_20' title='bbox 789 355 829 377; x_wconf 77' lang='lat'>1¹.</span> 
     </span>
    </p>
   </div>
   <div class='ocr_carea' id='block_1_3' title="bbox 305 444 888 553">
    <p class='ocr_par' dir='ltr' id='par_1_3' title="bbox 305 444 888 553">
     <span class='ocr_line' id='line_1_5' title="bbox 418 444 770 480; baseline -0.009 0"><span class='ocrx_word' id='word_1_21' title='bbox 418 445 563 480; x_wconf 87' lang='lat' dir='ltr'>CAPUT</span> <span class='ocrx_word' id='word_1_22' title='bbox 585 444 770 480; x_wconf 86' lang='lat' dir='ltr'><strong>LXXXIV.</strong></span> 
     </span>
     <span class='ocr_line' id='line_1_6' title="bbox 305 517 888 553; baseline -0.005 -6"><span class='ocrx_word' id='word_1_23' title='bbox 305 520 344 547; x_wconf 86' lang='lat' dir='ltr'>De</span> <span class='ocrx_word' id='word_1_24' title='bbox 361 518 529 553; x_wconf 78' lang='lat' dir='ltr'>tortitudine</span> <span class='ocrx_word' id='word_1_25' title='bbox 547 518 584 546; x_wconf 86' lang='lat' dir='ltr'>ad</span> <span class='ocrx_word' id='word_1_26' title='bbox 602 517 760 552; x_wconf 79' lang='lat' dir='ltr'>faciendum</span> <span class='ocrx_word' id='word_1_27' title='bbox 777 517 888 545; x_wconf 84' lang='lat' dir='ltr'>malum.</span> 
     </span>
    </p>
   </div>
   <div class='ocr_carea' id='block_1_4' title="bbox 187 586 986 2554">
    <p class='ocr_par' dir='ltr' id='par_1_4' title="bbox 203 586 985 671">
     <span class='ocr_line' id='line_1_7' title="bbox 241 586 985 626; baseline -0.005 -8"><span class='ocrx_word' id='word_1_28' title='bbox 241 589 313 619; x_wconf 89' lang='lat' dir='ltr'>Cain</span> <span class='ocrx_word' id='word_1_29' title='bbox 327 589 382 618; x_wconf 84' lang='lat' dir='ltr'>fuit</span> <span class='ocrx_word' id='word_1_30' title='bbox 395 589 500 619; x_wconf 79' lang='lat' dir='ltr'>fortior</span> <span class='ocrx_word' id='word_1_31' title='bbox 514 597 607 626; x_wconf 84' lang='lat' dir='ltr'>quam</span> <span class='ocrx_word' id='word_1_32' title='bbox 620 587 708 625; x_wconf 77' lang='lat' dir='ltr'>Abel,</span> <span class='ocrx_word' id='word_1_33' title='bbox 722 586 848 625; x_wconf 80' lang='lat' dir='ltr'>quando</span> <span class='ocrx_word' id='word_1_34' title='bbox 862 593 985 616; x_wconf 87' lang='lat' dir='ltr'>consur-</span> 
     </span>
     <span class='ocr_line' id='line_1_8' title="bbox 203 636 682 671; baseline -0.002 -6"><span class='ocrx_word' id='word_1_35' title='bbox 203 636 280 665; x_wconf 81' lang='lat' dir='ltr'><strong>rexit</strong></span> <span class='ocrx_word' id='word_1_36' title='bbox 295 636 438 665; x_wconf 86' lang='lat' dir='ltr'>adversus</span> <span class='ocrx_word' id='word_1_37' title='bbox 453 645 534 665; x_wconf 86' lang='lat' dir='ltr'>eum.</span> <span class='ocrx_word' id='word_1_38' title='bbox 550 637 628 671; x_wconf 68' lang='lat' dir='ltr'>Gen„</span> <span class='ocrx_word' id='word_1_39' title='bbox 643 643 682 665; x_wconf 82' lang='lat' dir='ltr'>iv.</span> 
     </span>
    </p>

    <p class='ocr_par' dir='ltr' id='par_1_5' title="bbox 203 681 986 861">
     <span class='ocr_line' id='line_1_9' title="bbox 239 681 985 720; baseline -0.004 -8"><span class='ocrx_word' id='word_1_40' title='bbox 239 684 360 713; x_wconf 83' lang='lat' dir='ltr'>Multum</span> <span class='ocrx_word' id='word_1_41' title='bbox 374 683 590 712; x_wconf 85' lang='lat' dir='ltr'>laboraverunt</span> <span class='ocrx_word' id='word_1_42' title='bbox 607 683 650 712; x_wconf 90' lang='lat' dir='ltr'>ilii</span> <span class='ocrx_word' id='word_1_43' title='bbox 671 684 800 720; x_wconf 86' lang='lat' dir='ltr'>quatuor</span> <span class='ocrx_word' id='word_1_44' title='bbox 815 688 917 717; x_wconf 75' lang='lat' dir='ltr'>regeS‚</span> <span class='ocrx_word' id='word_1_45' title='bbox 932 681 985 718; x_wconf 91' lang='lat' dir='ltr'>qui</span> 
     </span>
     <span class='ocr_line' id='line_1_10' title="bbox 203 727 986 768; baseline -0.005 -9"><span class='ocrx_word' id='word_1_46' title='bbox 203 733 272 768; x_wconf 86' lang='lat' dir='ltr'>post</span> <span class='ocrx_word' id='word_1_47' title='bbox 285 738 428 767; x_wconf 81' lang='lat' dir='ltr'>magnam</span> <span class='ocrx_word' id='word_1_48' title='bbox 442 732 572 767; x_wconf 85' lang='lat' dir='ltr'>stragem</span> <span class='ocrx_word' id='word_1_49' title='bbox 584 729 744 759; x_wconf 89' lang='lat' dir='ltr'>hominum</span> <span class='ocrx_word' id='word_1_50' title='bbox 760 727 986 757; x_wconf 82' lang='lat' dir='ltr'>debellaverunt</span> 
     </span>
     <span class='ocr_line' id='line_1_11' title="bbox 203 775 985 814; baseline -0.006 -7"><span class='ocrx_word' id='word_1_51' title='bbox 203 786 305 814; x_wconf 85' lang='lat' dir='ltr'>regem</span> <span class='ocrx_word' id='word_1_52' title='bbox 319 778 520 808; x_wconf 84' lang='lat' dir='ltr'>Sodomorum</span> <span class='ocrx_word' id='word_1_53' title='bbox 534 785 603 806; x_wconf 90' lang='lat' dir='ltr'>cum</span> <span class='ocrx_word' id='word_1_54' title='bbox 617 777 743 811; x_wconf 84' lang='lat' dir='ltr'>coeteris,</span> <span class='ocrx_word' id='word_1_55' title='bbox 758 777 787 804; x_wconf 87' lang='lat' dir='ltr'>et</span> <span class='ocrx_word' id='word_1_56' title='bbox 804 775 877 804; x_wconf 83' lang='lat' dir='ltr'><strong>Loth</strong></span> <span class='ocrx_word' id='word_1_57' title='bbox 891 781 985 811; x_wconf 86' lang='lat' dir='ltr'>nepo-</span> 
     </span>
     <span class='ocr_line' id='line_1_12' title="bbox 204 823 916 861; baseline -0.007 -7"><span class='ocrx_word' id='word_1_58' title='bbox 204 828 264 854; x_wconf 89' lang='lat' dir='ltr'>tem</span> <span class='ocrx_word' id='word_1_59' title='bbox 278 825 404 854; x_wconf 79' lang='lat' dir='ltr'>Abrahae</span> <span class='ocrx_word' id='word_1_60' title='bbox 419 825 570 861; x_wconf 85' lang='lat' dir='ltr'>captivum</span> <span class='ocrx_word' id='word_1_61' title='bbox 585 823 744 852; x_wconf 84' lang='lat' dir='ltr'>duxerunt.</span> <span class='ocrx_word' id='word_1_62' title='bbox 762 823 840 857; x_wconf 68' lang='lat' dir='ltr'>Gen„</span> <span class='ocrx_word' id='word_1_63' title='bbox 855 829 916 850; x_wconf 82' lang='lat' dir='ltr'>xiv.</span> 
     </span>
    </p>

    <p class='ocr_par' dir='ltr' id='par_1_6' title="bbox 203 867 984 1045">
     <span class='ocr_line' id='line_1_13' title="bbox 239 867 982 906; baseline -0.007 -5"><span class='ocrx_word' id='word_1_64' title='bbox 239 871 410 902; x_wconf 79' lang='lat' dir='ltr'>Abimclech</span> <span class='ocrx_word' id='word_1_65' title='bbox 424 871 504 900; x_wconf 89' lang='lat' dir='ltr'>filius</span> <span class='ocrx_word' id='word_1_66' title='bbox 518 870 664 900; x_wconf 80' lang='lat' dir='ltr'>cedeonis</span> <span class='ocrx_word' id='word_1_67' title='bbox 679 877 820 906; x_wconf 87' lang='lat' dir='ltr'>magnam</span> <span class='ocrx_word' id='word_1_68' title='bbox 834 867 982 904; x_wconf 81' lang='lat' dir='ltr'>fatigatio·</span> 
     </span>
     <span class='ocr_line' id='line_1_14' title="bbox 203 916 984 954; baseline -0.006 -6"><span class='ocrx_word' id='word_1_69' title='bbox 203 927 273 948; x_wconf 83' lang='lat' dir='ltr'>nem</span> <span class='ocrx_word' id='word_1_70' title='bbox 299 919 435 947; x_wconf 80' lang='lat' dir='ltr'><strong>sustinuit</strong></span> <span class='ocrx_word' id='word_1_71' title='bbox 462 918 628 948; x_wconf 87' lang='lat' dir='ltr'>occidendo</span> <span class='ocrx_word' id='word_1_72' title='bbox 661 917 850 954; x_wconf 84' lang='lat' dir='ltr'>septuaginta</span> <span class='ocrx_word' id='word_1_73' title='bbox 880 916 984 944; x_wconf 79' lang='lat' dir='ltr'>fratres</span> 
     </span>
     <span class='ocr_line' id='line_1_15' title="bbox 204 962 983 1003; baseline -0.004 -9"><span class='ocrx_word' id='word_1_74' title='bbox 204 974 288 1001; x_wconf 85' lang='lat' dir='ltr'>suos,</span> <span class='ocrx_word' id='word_1_75' title='bbox 304 968 332 994; x_wconf 90' lang='lat' dir='ltr'>et</span> <span class='ocrx_word' id='word_1_76' title='bbox 345 968 448 1003; x_wconf 87' lang='lat' dir='ltr'>postea</span> <span class='ocrx_word' id='word_1_77' title='bbox 466 965 631 994; x_wconf 85' lang='lat' dir='ltr'>Sichimitas</span> <span class='ocrx_word' id='word_1_78' title='bbox 648 963 871 1001; x_wconf 84' lang='lat' dir='ltr'>oppugnando,</span> <span class='ocrx_word' id='word_1_79' title='bbox 887 964 917 992; x_wconf 90' lang='lat' dir='ltr'>et</span> <span class='ocrx_word' id='word_1_80' title='bbox 931 962 983 991; x_wconf 89' lang='lat' dir='ltr'>de-</span> 
     </span>
     <span class='ocr_line' id='line_1_16' title="bbox 203 1011 982 1045; baseline -0.003 -4"><span class='ocrx_word' id='word_1_81' title='bbox 203 1012 274 1042; x_wconf 89' lang='lat' dir='ltr'>inde</span> <span class='ocrx_word' id='word_1_82' title='bbox 284 1013 352 1042; x_wconf 71' lang='lat' dir='ltr'>satis</span> <span class='ocrx_word' id='word_1_83' title='bbox 361 1013 418 1041; x_wconf 86' lang='lat' dir='ltr'>cito</span> <span class='ocrx_word' id='word_1_84' title='bbox 429 1012 637 1041; x_wconf 77' lang='lat' dir='ltr'>miserabiliter</span> <span class='ocrx_word' id='word_1_85' title='bbox 645 1011 759 1041; x_wconf 87' lang='lat' dir='ltr'>occisus</span> <span class='ocrx_word' id='word_1_86' title='bbox 769 1011 931 1045; x_wconf 73' lang='lat' dir='ltr'>est..tudic.‚</span> <span class='ocrx_word' id='word_1_87' title='bbox 942 1017 982 1039; x_wconf 84' lang='lat' dir='ltr'>ix.</span> 
     </span>
    </p>

    <p class='ocr_par' dir='ltr' id='par_1_7' title="bbox 203 1057 983 1237">
     <span class='ocr_line' id='line_1_17' title="bbox 239 1057 983 1095; baseline -0.005 -6"><span class='ocrx_word' id='word_1_88' title='bbox 239 1060 333 1089; x_wconf 82' lang='lat' dir='ltr'>Multis</span> <span class='ocrx_word' id='word_1_89' title='bbox 348 1061 376 1088; x_wconf 87' lang='lat' dir='ltr'>et</span> <span class='ocrx_word' id='word_1_90' title='bbox 391 1059 508 1095; x_wconf 81' lang='lat' dir='ltr'>magnis</span> <span class='ocrx_word' id='word_1_91' title='bbox 528 1059 684 1088; x_wconf 82' lang='lat' dir='ltr'>laboribus</span> <span class='ocrx_word' id='word_1_92' title='bbox 704 1061 732 1087; x_wconf 89' lang='lat' dir='ltr'>et</span> <span class='ocrx_word' id='word_1_93' title='bbox 750 1057 890 1094; x_wconf 89' lang='lat' dir='ltr'>periculis</span> <span class='ocrx_word' id='word_1_94' title='bbox 913 1057 983 1085; x_wconf 86' lang='lat' dir='ltr'>Saul</span> 
     </span>
     <span class='ocr_line' id='line_1_18' title="bbox 203 1104 983 1143; baseline -0.004 -8"><span class='ocrx_word' id='word_1_95' title='bbox 203 1115 234 1136; x_wconf 86' lang='lat' dir='ltr'>se</span> <span class='ocrx_word' id='word_1_96' title='bbox 249 1107 386 1143; x_wconf 80' lang='lat' dir='ltr'>exposuit</span> <span class='ocrx_word' id='word_1_97' title='bbox 402 1107 441 1134; x_wconf 90' lang='lat' dir='ltr'>ad</span> <span class='ocrx_word' id='word_1_98' title='bbox 461 1105 704 1143; x_wconf 81' lang='lat' dir='ltr'>persequendum</span> <span class='ocrx_word' id='word_1_99' title='bbox 725 1104 835 1140; x_wconf 76' lang='lat' dir='ltr'>David,</span> <span class='ocrx_word' id='word_1_100' title='bbox 855 1106 884 1133; x_wconf 89' lang='lat' dir='ltr'>et</span> <span class='ocrx_word' id='word_1_101' title='bbox 905 1112 983 1132; x_wconf 90' lang='lat' dir='ltr'>nun-</span> 
     </span>
     <span class='ocr_line' id='line_1_19' title="bbox 203 1152 983 1191; baseline -0.004 -9"><span class='ocrx_word' id='word_1_102' title='bbox 203 1162 296 1191; x_wconf 85' lang='lat' dir='ltr'>quam</span> <span class='ocrx_word' id='word_1_103' title='bbox 314 1154 501 1190; x_wconf 87' lang='lat' dir='ltr'>propositum</span> <span class='ocrx_word' id='word_1_104' title='bbox 517 1153 652 1182; x_wconf 85' lang='lat' dir='ltr'>obtinere</span> <span class='ocrx_word' id='word_1_105' title='bbox 670 1152 777 1189; x_wconf 87' lang='lat' dir='ltr'>potuit.</span> <span class='ocrx_word' id='word_1_106' title='bbox 793 1153 802 1180; x_wconf 97' lang='lat' dir='ltr'>l</span> <span class='ocrx_word' id='word_1_107' title='bbox 819 1153 897 1187; x_wconf 85' lang='grc' dir='ltr'><strong><em>Κεφ,</em></strong></span> <span class='ocrx_word' id='word_1_108' title='bbox 911 1159 983 1180; x_wconf 83' lang='lat' dir='ltr'>xvtu</span> 
     </span>
     <span class='ocr_line' id='line_1_20' title="bbox 203 1201 394 1237; baseline -0.016 -6"><span class='ocrx_word' id='word_1_109' title='bbox 203 1204 231 1231; x_wconf 84' lang='lat' dir='ltr'>et</span> <span class='ocrx_word' id='word_1_110' title='bbox 244 1201 394 1237; x_wconf 79' lang='lat' dir='ltr'>deinceps.</span> 
     </span>
    </p>

    <p class='ocr_par' dir='ltr' id='par_1_8' title="bbox 202 1246 982 1378">
     <span class='ocr_line' id='line_1_21' title="bbox 238 1246 982 1285; baseline -0.005 -7"><span class='ocrx_word' id='word_1_111' title='bbox 238 1249 380 1278; x_wconf 76' lang='lat' dir='ltr'>Absalom</span> <span class='ocrx_word' id='word_1_112' title='bbox 402 1248 507 1277; x_wconf 88' lang='lat' dir='ltr'>volens</span> <span class='ocrx_word' id='word_1_113' title='bbox 528 1251 643 1285; x_wconf 81' lang='lat' dir='ltr'>patrem</span> <span class='ocrx_word' id='word_1_114' title='bbox 664 1255 754 1276; x_wconf 88' lang='lat' dir='ltr'>suum</span> <span class='ocrx_word' id='word_1_115' title='bbox 775 1247 923 1283; x_wconf 75' lang='lat' dir='ltr'><strong>expellere</strong></span> <span class='ocrx_word' id='word_1_116' title='bbox 945 1246 982 1275; x_wconf 88' lang='lat' dir='ltr'>de</span> 
     </span>
     <span class='ocr_line' id='line_1_22' title="bbox 202 1294 981 1332; baseline -0.004 -7"><span class='ocrx_word' id='word_1_117' title='bbox 202 1304 307 1332; x_wconf 87' lang='lat' dir='ltr'>regno,</span> <span class='ocrx_word' id='word_1_118' title='bbox 322 1295 436 1332; x_wconf 85' lang='lat' dir='ltr'>grande</span> <span class='ocrx_word' id='word_1_119' title='bbox 451 1296 605 1331; x_wconf 73' lang='lat' dir='ltr'>negotium</span> <span class='ocrx_word' id='word_1_120' title='bbox 619 1295 755 1332; x_wconf 83' lang='lat' dir='ltr'>arripuit,</span> <span class='ocrx_word' id='word_1_121' title='bbox 769 1296 797 1323; x_wconf 89' lang='lat' dir='ltr'>et</span> <span class='ocrx_word' id='word_1_122' title='bbox 813 1294 941 1331; x_wconf 81' lang='lat' dir='ltr'>pessime</span> <span class='ocrx_word' id='word_1_123' title='bbox 955 1294 981 1322; x_wconf 90' lang='lat' dir='ltr'>ei</span> 
     </span>
     <span class='ocr_line' id='line_1_23' title="bbox 202 1343 609 1378; baseline -0.002 -7"><span class='ocrx_word' id='word_1_124' title='bbox 202 1343 348 1371; x_wconf 87' lang='lat' dir='ltr'>successit.</span> <span class='ocrx_word' id='word_1_125' title='bbox 366 1344 386 1371; x_wconf 89' lang='lat' dir='ltr'>ll</span> <span class='ocrx_word' id='word_1_126' title='bbox 402 1343 483 1378; x_wconf 73' lang='grc' dir='ltr'><strong><em>Κεφ,</em></strong></span> <span class='ocrx_word' id='word_1_127' title='bbox 500 1350 548 1377; x_wconf 85' lang='lat' dir='ltr'>xv,</span> <span class='ocrx_word' id='word_1_128' title='bbox 566 1345 609 1371; x_wconf 81' lang='grc' dir='ltr'>Π.</span> 
     </span>
    </p>

    <p class='ocr_par' dir='ltr' id='par_1_9' title="bbox 201 1387 984 1567">
     <span class='ocr_line' id='line_1_24' title="bbox 238 1387 984 1426; baseline -0.005 -7"><span class='ocrx_word' id='word_1_129' title='bbox 238 1389 441 1426; x_wconf 82' lang='lat' dir='ltr'>Excogitando</span> <span class='ocrx_word' id='word_1_130' title='bbox 462 1392 490 1418; x_wconf 88' lang='lat' dir='ltr'>ct</span> <span class='ocrx_word' id='word_1_131' title='bbox 513 1389 656 1418; x_wconf 83' lang='lat' dir='ltr'>bellando</span> <span class='ocrx_word' id='word_1_132' title='bbox 680 1388 808 1417; x_wconf 87' lang='lat' dir='ltr'>multum</span> <span class='ocrx_word' id='word_1_133' title='bbox 835 1387 984 1416; x_wconf 76' lang='lat' dir='ltr'>laboravit</span> 
     </span>
     <span class='ocr_line' id='line_1_25' title="bbox 201 1435 984 1474; baseline -0.004 -8"><span class='ocrx_word' id='word_1_134' title='bbox 201 1437 362 1466; x_wconf 79' lang='lat' dir='ltr'>Jeroboam</span> <span class='ocrx_word' id='word_1_135' title='bbox 379 1438 417 1465; x_wconf 88' lang='lat' dir='ltr'>ad</span> <span class='ocrx_word' id='word_1_136' title='bbox 433 1437 501 1472; x_wconf 86' lang='lat' dir='ltr'>hoc,</span> <span class='ocrx_word' id='word_1_137' title='bbox 518 1436 601 1474; x_wconf 88' lang='lat' dir='ltr'>quod</span> <span class='ocrx_word' id='word_1_138' title='bbox 617 1436 765 1473; x_wconf 89' lang='lat' dir='ltr'>populum</span> <span class='ocrx_word' id='word_1_139' title='bbox 781 1435 869 1464; x_wconf 86' lang='lat' dir='ltr'>lsrael</span> <span class='ocrx_word' id='word_1_140' title='bbox 887 1437 984 1471; x_wconf 75' lang='lat' dir='ltr'>posset</span> 
     </span>
     <span class='ocr_line' id='line_1_26' title="bbox 202 1483 980 1518; baseline -0.003 -5"><span class='ocrx_word' id='word_1_141' title='bbox 202 1492 219 1513; x_wconf 85' lang='lat' dir='ltr'>a</span> <span class='ocrx_word' id='word_1_142' title='bbox 240 1485 332 1513; x_wconf 89' lang='lat' dir='ltr'>domo</span> <span class='ocrx_word' id='word_1_143' title='bbox 351 1484 442 1512; x_wconf 83' lang='lat' dir='ltr'>David</span> <span class='ocrx_word' id='word_1_144' title='bbox 465 1487 614 1518; x_wconf 86' lang='lat' dir='ltr'>avertere,</span> <span class='ocrx_word' id='word_1_145' title='bbox 636 1486 664 1512; x_wconf 90' lang='lat' dir='ltr'>et</span> <span class='ocrx_word' id='word_1_146' title='bbox 682 1491 821 1512; x_wconf 82' lang='lat' dir='ltr'>aversum</span> <span class='ocrx_word' id='word_1_147' title='bbox 844 1483 980 1512; x_wconf 86' lang='lat' dir='ltr'>retinere.</span> 
     </span>
     <span class='ocr_line' id='line_1_27' title="bbox 202 1533 549 1567; baseline -0.003 -7"><span class='ocrx_word' id='word_1_148' title='bbox 202 1533 234 1560; x_wconf 95' lang='lat' dir='ltr'>lll</span> <span class='ocrx_word' id='word_1_149' title='bbox 250 1533 326 1567; x_wconf 77' lang='grc' dir='ltr'><strong><em>Κεφ,</em></strong></span> <span class='ocrx_word' id='word_1_150' title='bbox 342 1540 394 1566; x_wconf 81' lang='lat' dir='ltr'>xii,</span> <span class='ocrx_word' id='word_1_151' title='bbox 411 1540 471 1566; x_wconf 82' lang='lat' dir='ltr'>xiii,</span> <span class='ocrx_word' id='word_1_152' title='bbox 490 1539 549 1559; x_wconf 80' lang='lat' dir='ltr'>xiv.</span> 
     </span>
    </p>

    <p class='ocr_par' dir='ltr' id='par_1_10' title="bbox 200 1577 982 1803">
     <span class='ocr_line' id='line_1_28' title="bbox 236 1577 982 1614; baseline -0.001 -7"><span class='ocrx_word' id='word_1_153' title='bbox 236 1580 338 1607; x_wconf 86' lang='lat' dir='ltr'>Terras</span> <span class='ocrx_word' id='word_1_154' title='bbox 359 1579 468 1607; x_wconf 80' lang='lat' dir='ltr'>multas</span> <span class='ocrx_word' id='word_1_155' title='bbox 488 1577 708 1614; x_wconf 70' lang='lat' dir='ltr'>perambulavit</span> <span class='ocrx_word' id='word_1_156' title='bbox 730 1577 934 1614; x_wconf 84' lang='lat' dir='ltr'>lloloplicrnes</span> <span class='ocrx_word' id='word_1_157' title='bbox 955 1580 982 1606; x_wconf 88' lang='lat' dir='ltr'>et</span> 
     </span>
     <span class='ocr_line' id='line_1_29' title="bbox 201 1624 980 1662; baseline -0.003 -8"><span class='ocrx_word' id='word_1_158' title='bbox 201 1626 380 1660; x_wconf 73' lang='lat' dir='ltr'>devastavit,</span> <span class='ocrx_word' id='word_1_159' title='bbox 400 1628 432 1653; x_wconf 91' lang='lat' dir='ltr'>ut</span> <span class='ocrx_word' id='word_1_160' title='bbox 453 1634 502 1654; x_wconf 73' lang='lat' dir='ltr'>cas</span> <span class='ocrx_word' id='word_1_161' title='bbox 524 1628 623 1662; x_wconf 78' lang='lat' dir='ltr'>posset</span> <span class='ocrx_word' id='word_1_162' title='bbox 643 1625 758 1661; x_wconf 81' lang='lat' dir='ltr'>imperii</span> <span class='ocrx_word' id='word_1_163' title='bbox 779 1625 823 1653; x_wconf 86' lang='lat' dir='ltr'>sui</span> <span class='ocrx_word' id='word_1_164' title='bbox 846 1624 980 1653; x_wconf 90' lang='lat' dir='ltr'>dominio</span> 
     </span>
     <span class='ocr_line' id='line_1_30' title="bbox 201 1671 982 1709; baseline -0.003 -8"><span class='ocrx_word' id='word_1_165' title='bbox 201 1673 375 1709; x_wconf 83' lang='lat' dir='ltr'>subjugare;</span> <span class='ocrx_word' id='word_1_166' title='bbox 392 1673 444 1700; x_wconf 87' lang='lat' dir='ltr'>sed</span> <span class='ocrx_word' id='word_1_167' title='bbox 463 1673 584 1701; x_wconf 87' lang='lat' dir='ltr'>tandem</span> <span class='ocrx_word' id='word_1_168' title='bbox 599 1680 659 1700; x_wconf 87' lang='lat' dir='ltr'>una</span> <span class='ocrx_word' id='word_1_169' title='bbox 679 1672 787 1700; x_wconf 83' lang='lat' dir='ltr'>mulier</span> <span class='ocrx_word' id='word_1_170' title='bbox 802 1671 982 1708; x_wconf 69' lang='lat' dir='ltr'>decapitavit</span> 
     </span>
     <span class='ocr_line' id='line_1_31' title="bbox 201 1719 981 1756; baseline -0.001 -8"><span class='ocrx_word' id='word_1_171' title='bbox 201 1728 284 1755; x_wconf 90' lang='lat' dir='ltr'>eum,</span> <span class='ocrx_word' id='word_1_172' title='bbox 302 1720 390 1748; x_wconf 87' lang='lat' dir='ltr'>ctiam</span> <span class='ocrx_word' id='word_1_173' title='bbox 411 1722 571 1756; x_wconf 81' lang='lat' dir='ltr'>antequam</span> <span class='ocrx_word' id='word_1_174' title='bbox 595 1720 783 1756; x_wconf 85' lang='lat' dir='ltr'>propositum</span> <span class='ocrx_word' id='word_1_175' title='bbox 802 1719 981 1755; x_wconf 77' lang='lat' dir='ltr'>complevis-</span> 
     </span>
     <span class='ocr_line' id='line_1_32' title="bbox 200 1767 666 1803; baseline -0.002 -9"><span class='ocrx_word' id='word_1_176' title='bbox 200 1769 252 1796; x_wconf 83' lang='lat' dir='ltr'>set.</span> <span class='ocrx_word' id='word_1_177' title='bbox 268 1768 375 1800; x_wconf 70' lang='lat' dir='ltr'>stadim,</span> <span class='ocrx_word' id='word_1_178' title='bbox 392 1767 477 1803; x_wconf 80' lang='lat' dir='ltr'>quasi</span> <span class='ocrx_word' id='word_1_179' title='bbox 493 1775 546 1802; x_wconf 85' lang='lat' dir='ltr'>per</span> <span class='ocrx_word' id='word_1_180' title='bbox 562 1769 666 1794; x_wconf 86' lang='lat' dir='ltr'>totum.</span> 
     </span>
    </p>

    <p class='ocr_par' dir='ltr' id='par_1_11' title="bbox 199 1812 980 1944">
     <span class='ocr_line' id='line_1_33' title="bbox 235 1812 980 1849; baseline -0.001 -8"><span class='ocrx_word' id='word_1_181' title='bbox 235 1814 396 1842; x_wconf 78' lang='lat' dir='ltr'>Antiochus</span> <span class='ocrx_word' id='word_1_182' title='bbox 422 1813 590 1849; x_wconf 79' lang='lat' dir='ltr'>Epiphanes</span> <span class='ocrx_word' id='word_1_183' title='bbox 618 1813 745 1840; x_wconf 87' lang='lat' dir='ltr'>multum</span> <span class='ocrx_word' id='word_1_184' title='bbox 770 1812 922 1846; x_wconf 82' lang='lat' dir='ltr'>sustinuit,</span> <span class='ocrx_word' id='word_1_185' title='bbox 949 1814 980 1840; x_wconf 84' lang='lat' dir='ltr'>ut</span> 
     </span>
     <span class='ocr_line' id='line_1_34' title="bbox 201 1859 979 1892; baseline -0.003 -4"><span class='ocrx_word' id='word_1_186' title='bbox 201 1860 313 1889; x_wconf 86' lang='lat' dir='ltr'>cultum</span> <span class='ocrx_word' id='word_1_187' title='bbox 329 1860 377 1888; x_wconf 87' lang='lat' dir='ltr'>Dei</span> <span class='ocrx_word' id='word_1_188' title='bbox 392 1860 554 1888; x_wconf 86' lang='lat' dir='ltr'>destrueret</span> <span class='ocrx_word' id='word_1_189' title='bbox 569 1860 598 1887; x_wconf 89' lang='lat' dir='ltr'>iu</span> <span class='ocrx_word' id='word_1_190' title='bbox 614 1859 731 1892; x_wconf 72' lang='lat' dir='ltr'>Judaea3</span> <span class='ocrx_word' id='word_1_191' title='bbox 749 1862 776 1887; x_wconf 90' lang='lat' dir='ltr'>ct</span> <span class='ocrx_word' id='word_1_192' title='bbox 791 1859 912 1887; x_wconf 81' lang='lat' dir='ltr'>tandein</span> <span class='ocrx_word' id='word_1_193' title='bbox 927 1859 979 1887; x_wconf 90' lang='lat' dir='ltr'>de-</span> 
     </span>
     <span class='ocr_line' id='line_1_35' title="bbox 199 1906 979 1944; baseline -0.001 -9"><span class='ocrx_word' id='word_1_194' title='bbox 199 1909 379 1944; x_wconf 82' lang='lat' dir='ltr'>pauperatus</span> <span class='ocrx_word' id='word_1_195' title='bbox 394 1908 422 1935; x_wconf 86' lang='lat' dir='ltr'>et</span> <span class='ocrx_word' id='word_1_196' title='bbox 436 1906 590 1941; x_wconf 77' lang='lat' dir='ltr'>consusuS,</span> <span class='ocrx_word' id='word_1_197' title='bbox 607 1906 638 1934; x_wconf 89' lang='lat' dir='ltr'>in</span> <span class='ocrx_word' id='word_1_198' title='bbox 653 1906 751 1934; x_wconf 85' lang='lat' dir='ltr'>aliena</span> <span class='ocrx_word' id='word_1_199' title='bbox 766 1909 843 1934; x_wconf 86' lang='lat' dir='ltr'>terra</span> <span class='ocrx_word' id='word_1_200' title='bbox 859 1906 979 1935; x_wconf 87' lang='lat' dir='ltr'>misera-</span> 
     </span>
    </p>

    <p class='ocr_par' dir='ltr' id='par_1_12' title="bbox 187 1954 838 1985">
     <span class='ocr_line' id='line_1_36' title="bbox 187 1954 838 1985; baseline -0.005 -2"><span class='ocrx_word' id='word_1_201' title='bbox 187 1955 253 1983; x_wconf 32' lang='lat' dir='ltr'>rbili</span> <span class='ocrx_word' id='word_1_202' title='bbox 268 1957 363 1983; x_wconf 86' lang='lat' dir='ltr'>morte</span> <span class='ocrx_word' id='word_1_203' title='bbox 381 1954 537 1982; x_wconf 80' lang='lat' dir='ltr'>defunctus</span> <span class='ocrx_word' id='word_1_204' title='bbox 553 1955 603 1981; x_wconf 84' lang='lat' dir='ltr'>est.</span> <span class='ocrx_word' id='word_1_205' title='bbox 622 1955 630 1982; x_wconf 96' lang='lat' dir='ltr'>l</span> <span class='ocrx_word' id='word_1_206' title='bbox 647 1954 782 1985; x_wconf 67' lang='lat' dir='ltr'>Machab„</span> <span class='ocrx_word' id='word_1_207' title='bbox 799 1960 838 1981; x_wconf 84' lang='lat' dir='ltr'>ix.</span> 
     </span>
    </p>

    <p class='ocr_par' dir='ltr' id='par_1_13' title="bbox 199 1999 980 2224">
     <span class='ocr_line' id='line_1_37' title="bbox 235 1999 979 2037; baseline -0.003 -7"><span class='ocrx_word' id='word_1_208' title='bbox 235 2003 299 2031; x_wconf 87' lang='lat' dir='ltr'>Non</span> <span class='ocrx_word' id='word_1_209' title='bbox 312 2001 410 2029; x_wconf 85' lang='lat' dir='ltr'>solum</span> <span class='ocrx_word' id='word_1_210' title='bbox 425 2001 643 2037; x_wconf 86' lang='lat' dir='ltr'>prudentiores,</span> <span class='ocrx_word' id='word_1_211' title='bbox 657 2000 709 2028; x_wconf 87' lang='lat' dir='ltr'>sed</span> <span class='ocrx_word' id='word_1_212' title='bbox 721 2000 810 2028; x_wconf 87' lang='lat' dir='ltr'>etiam</span> <span class='ocrx_word' id='word_1_213' title='bbox 822 1999 979 2028; x_wconf 83' lang='lat' dir='ltr'>ferventio-</span> 
     </span>
     <span class='ocr_line' id='line_1_38' title="bbox 200 2047 979 2085; baseline -0.004 -8"><span class='ocrx_word' id='word_1_214' title='bbox 200 2057 246 2077; x_wconf 90' lang='lat' dir='ltr'>res</span> <span class='ocrx_word' id='word_1_215' title='bbox 265 2051 292 2077; x_wconf 88' lang='lat' dir='ltr'>et</span> <span class='ocrx_word' id='word_1_216' title='bbox 312 2048 494 2085; x_wconf 87' lang='lat' dir='ltr'>potentiores</span> <span class='ocrx_word' id='word_1_217' title='bbox 517 2048 569 2075; x_wconf 83' lang='lat' dir='ltr'>filii</span> <span class='ocrx_word' id='word_1_218' title='bbox 589 2048 677 2083; x_wconf 90' lang='lat' dir='ltr'>hujus</span> <span class='ocrx_word' id='word_1_219' title='bbox 694 2047 804 2075; x_wconf 84' lang='lat' dir='ltr'>soeculii</span> <span class='ocrx_word' id='word_1_220' title='bbox 822 2047 890 2075; x_wconf 83' lang='lat' dir='ltr'>tiliis</span> <span class='ocrx_word' id='word_1_221' title='bbox 905 2047 979 2075; x_wconf 89' lang='lat' dir='ltr'>lucis</span> 
     </span>
     <span class='ocr_line' id='line_1_39' title="bbox 199 2094 980 2131; baseline -0.003 -7"><span class='ocrx_word' id='word_1_222' title='bbox 199 2096 230 2124; x_wconf 91' lang='lat' dir='ltr'>in</span> <span class='ocrx_word' id='word_1_223' title='bbox 245 2096 436 2131; x_wconf 84' lang='lat' dir='ltr'>generatione</span> <span class='ocrx_word' id='word_1_224' title='bbox 451 2103 506 2123; x_wconf 89' lang='lat' dir='ltr'>sua</span> <span class='ocrx_word' id='word_1_225' title='bbox 520 2096 588 2122; x_wconf 87' lang='lat' dir='ltr'>sunt</span> <span class='ocrx_word' id='word_1_226' title='bbox 602 2094 771 2131; x_wconf 79' lang='lat' dir='ltr'>frequenter</span> <span class='ocrx_word' id='word_1_227' title='bbox 788 2103 795 2122; x_wconf 78' lang='grc' dir='ltr'><strong><em>ε</em></strong></span> <span class='ocrx_word' id='word_1_228' title='bbox 816 2102 902 2129; x_wconf 88' lang='lat' dir='ltr'>nam,</span> <span class='ocrx_word' id='word_1_229' title='bbox 923 2094 980 2122; x_wconf 90' lang='lat' dir='ltr'>dis-</span> 
     </span>
     <span class='ocr_line' id='line_1_40' title="bbox 199 2141 979 2179; baseline -0.003 -8"><span class='ocrx_word' id='word_1_230' title='bbox 199 2143 305 2179; x_wconf 88' lang='lat' dir='ltr'>cipulis</span> <span class='ocrx_word' id='word_1_231' title='bbox 320 2142 657 2175; x_wconf 80' lang='lat' dir='ltr'>dormientibus‚.1udas</span> <span class='ocrx_word' id='word_1_232' title='bbox 677 2141 868 2178; x_wconf 82' lang='lat' dir='ltr'>procurando</span> <span class='ocrx_word' id='word_1_233' title='bbox 891 2141 979 2170; x_wconf 83' lang='lat' dir='ltr'>tradi-</span> 
     </span>
     <span class='ocr_line' id='line_1_41' title="bbox 199 2189 977 2224; baseline -0.001 -7"><span class='ocrx_word' id='word_1_234' title='bbox 199 2190 310 2218; x_wconf 79' lang='lat' dir='ltr'>tionem</span> <span class='ocrx_word' id='word_1_235' title='bbox 325 2189 440 2217; x_wconf 81' lang='lat' dir='ltr'>Domini</span> <span class='ocrx_word' id='word_1_236' title='bbox 455 2189 599 2217; x_wconf 86' lang='lat' dir='ltr'>sollicitus</span> <span class='ocrx_word' id='word_1_237' title='bbox 610 2189 762 2224; x_wconf 76' lang='lat' dir='ltr'>vigilabat.</span> <span class='ocrx_word' id='word_1_238' title='bbox 773 2189 885 2224; x_wconf 59' lang='lat' dir='ltr'>Manli„</span> <span class='ocrx_word' id='word_1_239' title='bbox 900 2195 977 2217; x_wconf 81' lang='lat' dir='ltr'>xxvt.</span> 
     </span>
    </p>

    <p class='ocr_par' dir='ltr' id='par_1_14' title="bbox 198 2235 980 2554">
     <span class='ocr_line' id='line_1_42' title="bbox 234 2235 980 2272; baseline -0.003 -7"><span class='ocrx_word' id='word_1_240' title='bbox 234 2236 383 2272; x_wconf 79' lang='lat' dir='ltr'>Principes</span> <span class='ocrx_word' id='word_1_241' title='bbox 398 2236 588 2264; x_wconf 79' lang='lat' dir='ltr'>sacerdotum</span> <span class='ocrx_word' id='word_1_242' title='bbox 606 2236 699 2264; x_wconf 88' lang='lat' dir='ltr'>multa</span> <span class='ocrx_word' id='word_1_243' title='bbox 718 2235 932 2271; x_wconf 85' lang='lat' dir='ltr'>sollicitudine,</span> <span class='ocrx_word' id='word_1_244' title='bbox 952 2238 980 2264; x_wconf 89' lang='lat' dir='ltr'>ct</span> 
     </span>
     <span class='ocr_line' id='line_1_43' title="bbox 198 2282 979 2319; baseline -0.001 -7"><span class='ocrx_word' id='word_1_245' title='bbox 198 2283 303 2312; x_wconf 85' lang='lat' dir='ltr'>labore</span> <span class='ocrx_word' id='word_1_246' title='bbox 327 2283 441 2319; x_wconf 81' lang='lat' dir='ltr'>fatigati</span> <span class='ocrx_word' id='word_1_247' title='bbox 464 2282 583 2311; x_wconf 84' lang='lat' dir='ltr'>fuerunt</span> <span class='ocrx_word' id='word_1_248' title='bbox 608 2283 647 2311; x_wconf 89' lang='lat' dir='ltr'>ad</span> <span class='ocrx_word' id='word_1_249' title='bbox 670 2283 727 2311; x_wconf 90' lang='lat' dir='ltr'>hoc</span> <span class='ocrx_word' id='word_1_250' title='bbox 753 2283 837 2319; x_wconf 86' lang='lat' dir='ltr'>quod</span> <span class='ocrx_word' id='word_1_251' title='bbox 860 2285 979 2319; x_wconf 77' lang='lat' dir='ltr'>possent</span> 
     </span>
     <span class='ocr_line' id='line_1_44' title="bbox 199 2329 978 2366; baseline -0.001 -8"><span class='ocrx_word' id='word_1_252' title='bbox 199 2330 370 2366; x_wconf 79' lang='lat' dir='ltr'>extinguere</span> <span class='ocrx_word' id='word_1_253' title='bbox 382 2351 390 2366; x_wconf 85' lang='lat'>‚</span> <span class='ocrx_word' id='word_1_254' title='bbox 421 2332 450 2358; x_wconf 88' lang='lat' dir='ltr'>ct</span> <span class='ocrx_word' id='word_1_255' title='bbox 476 2329 515 2358; x_wconf 92' lang='lat' dir='ltr'>ad</span> <span class='ocrx_word' id='word_1_256' title='bbox 546 2329 673 2357; x_wconf 86' lang='lat' dir='ltr'>nihilum</span> <span class='ocrx_word' id='word_1_257' title='bbox 704 2330 838 2365; x_wconf 82' lang='lat' dir='ltr'>redigere</span> <span class='ocrx_word' id='word_1_258' title='bbox 869 2338 978 2358; x_wconf 86' lang='lat' dir='ltr'>nomen</span> 
     </span>
     <span class='ocr_line' id='line_1_45' title="bbox 199 2377 977 2414; baseline -0.003 -7"><span class='ocrx_word' id='word_1_259' title='bbox 199 2379 313 2407; x_wconf 86' lang='lat' dir='ltr'>Christi.</span> <span class='ocrx_word' id='word_1_260' title='bbox 339 2379 541 2414; x_wconf 86' lang='lat' dir='ltr'>Corruperunt</span> <span class='ocrx_word' id='word_1_261' title='bbox 567 2377 648 2405; x_wconf 88' lang='lat' dir='ltr'>enim</span> <span class='ocrx_word' id='word_1_262' title='bbox 675 2377 814 2406; x_wconf 81' lang='lat' dir='ltr'>custodes</span> <span class='ocrx_word' id='word_1_263' title='bbox 835 2377 977 2405; x_wconf 88' lang='lat' dir='ltr'>dominici</span> 
     </span>
     <span class='ocr_line' id='line_1_46' title="bbox 199 2424 978 2462; baseline -0.001 -9"><span class='ocrx_word' id='word_1_264' title='bbox 199 2425 327 2462; x_wconf 86' lang='lat' dir='ltr'>sepulcri</span> <span class='ocrx_word' id='word_1_265' title='bbox 347 2432 400 2461; x_wconf 91' lang='lat' dir='ltr'>per</span> <span class='ocrx_word' id='word_1_266' title='bbox 419 2425 573 2461; x_wconf 85' lang='lat' dir='ltr'>copiosam</span> <span class='ocrx_word' id='word_1_267' title='bbox 590 2424 762 2460; x_wconf 87' lang='lat' dir='ltr'>pecuniam,</span> <span class='ocrx_word' id='word_1_268' title='bbox 780 2431 871 2460; x_wconf 85' lang='lat' dir='ltr'>quam</span> <span class='ocrx_word' id='word_1_269' title='bbox 886 2424 978 2452; x_wconf 76' lang='lat' dir='ltr'>dede-</span> 
     </span>
     <span class='ocr_line' id='line_1_47' title="bbox 198 2470 977 2507; baseline -0.001 -6"><span class='ocrx_word' id='word_1_270' title='bbox 198 2475 283 2507; x_wconf 88' lang='lat' dir='ltr'>runt,</span> <span class='ocrx_word' id='word_1_271' title='bbox 307 2474 339 2500; x_wconf 91' lang='lat' dir='ltr'>ut</span> <span class='ocrx_word' id='word_1_272' title='bbox 362 2472 494 2500; x_wconf 80' lang='lat' dir='ltr'>dicerent</span> <span class='ocrx_word' id='word_1_273' title='bbox 519 2479 587 2499; x_wconf 87' lang='lat' dir='ltr'>eum</span> <span class='ocrx_word' id='word_1_274' title='bbox 611 2471 675 2506; x_wconf 89' lang='lat' dir='ltr'>ejus</span> <span class='ocrx_word' id='word_1_275' title='bbox 705 2470 867 2507; x_wconf 86' lang='lat' dir='ltr'>discipulos</span> <span class='ocrx_word' id='word_1_276' title='bbox 890 2471 977 2500; x_wconf 84' lang='lat' dir='ltr'>fuisse</span> 
     </span>
     <span class='ocr_line' id='line_1_48' title="bbox 198 2519 582 2554; baseline -0.008 -6"><span class='ocrx_word' id='word_1_277' title='bbox 198 2519 338 2548; x_wconf 79' lang='lat' dir='ltr'>furatum.</span> <span class='ocrx_word' id='word_1_278' title='bbox 353 2520 467 2554; x_wconf 64' lang='lat' dir='ltr'>Maelii„</span> <span class='ocrx_word' id='word_1_279' title='bbox 482 2526 582 2547; x_wconf 83' lang='lat' dir='ltr'>xxvui.</span> 
     </span>
    </p>
   </div>
   <div class='ocr_carea' id='block_1_5' title="bbox 199 2622 977 2683">
    <p class='ocr_par' dir='ltr' id='par_1_15' title="bbox 199 2622 977 2683">
     <span class='ocr_line' id='line_1_49' title="bbox 231 2622 977 2654; baseline 0.003 -9"><span class='ocrx_word' id='word_1_280' title='bbox 231 2623 267 2653; x_wconf 80' lang='lat' dir='ltr'>(a)</span> <span class='ocrx_word' id='word_1_281' title='bbox 282 2623 341 2647; x_wconf 78' lang='lat' dir='ltr'><em>Coel.</em></span> <span class='ocrx_word' id='word_1_282' title='bbox 355 2623 417 2646; x_wconf 72' lang='lat' dir='ltr'>edit.</span> <span class='ocrx_word' id='word_1_283' title='bbox 432 2630 500 2646; x_wconf 81' lang='lat' dir='ltr'>nune</span> <span class='ocrx_word' id='word_1_284' title='bbox 511 2622 656 2646; x_wconf 77' lang='lat' dir='ltr'>carceribus</span> <span class='ocrx_word' id='word_1_285' title='bbox 671 2625 836 2654; x_wconf 73' lang='lat' dir='ltr'>monuerunt,</span> <span class='ocrx_word' id='word_1_286' title='bbox 848 2630 914 2647; x_wconf 89' lang='lat' dir='ltr'>nuuc</span> <span class='ocrx_word' id='word_1_287' title='bbox 926 2630 977 2647; x_wconf 82' lang='lat' dir='ltr'>ser-</span> 
     </span>
     <span class='ocr_line' id='line_1_50' title="bbox 199 2658 568 2683; baseline -0.003 0"><span class='ocrx_word' id='word_1_288' title='bbox 199 2659 329 2683; x_wconf 81' lang='lat' dir='ltr'>monibus.</span> <span class='ocrx_word' id='word_1_289' title='bbox 344 2672 374 2676; x_wconf 84' lang='lat'><em>-</em></span> <span class='ocrx_word' id='word_1_290' title='bbox 389 2659 448 2683; x_wconf 78' lang='lat' dir='ltr'>Item</span> <span class='ocrx_word' id='word_1_291' title='bbox 464 2658 568 2682; x_wconf 83' lang='lat' dir='ltr'>ultione.</span> 
     </span>
    </p>
   </div>
   <div class='ocr_carea' id='block_1_6' title="bbox 824 183 1211 219">
    <p class='ocr_par' dir='ltr' id='par_1_16' title="bbox 824 183 1211 219">
     <span class='ocr_line' id='line_1_51' title="bbox 824 183 1211 219; baseline -0.003 0"><span class='ocrx_word' id='word_1_292' title='bbox 824 184 959 219; x_wconf 86' lang='lat' dir='ltr'>BlBLlA</span> <span class='ocrx_word' id='word_1_293' title='bbox 980 183 1211 218; x_wconf 74' lang='lat' dir='ltr'>PAUPERUM.</span> 
     </span>
    </p>
   </div>
   <div class='ocr_carea' id='block_1_7' title="bbox 1038 253 1824 764">
    <p class='ocr_par' dir='ltr' id='par_1_17' title="bbox 1041 253 1824 478">
     <span class='ocr_line' id='line_1_52' title="bbox 1083 253 1824 292; baseline 0.011 -10"><span class='ocrx_word' id='word_1_294' title='bbox 1083 253 1155 283; x_wconf 78' lang='lat' dir='ltr'>item</span> <span class='ocrx_word' id='word_1_295' title='bbox 1168 253 1332 291; x_wconf 85' lang='lat' dir='ltr'>discipulos</span> <span class='ocrx_word' id='word_1_296' title='bbox 1341 255 1493 292; x_wconf 74' lang='lat' dir='ltr'>eiusnunc</span> <span class='ocrx_word' id='word_1_297' title='bbox 1503 256 1692 288; x_wconf 73' lang='lat' dir='ltr'>sermonibus</span> <span class='ocrx_word' id='word_1_298' title='bbox 1698 265 1824 290; x_wconf 77' lang='lat' dir='ltr'>momo-</span> 
     </span>
     <span class='ocr_line' id='line_1_53' title="bbox 1041 300 1824 341; baseline 0.01 -13"><span class='ocrx_word' id='word_1_299' title='bbox 1041 300 1121 336; x_wconf 84' lang='lat' dir='ltr'>runt,</span> <span class='ocrx_word' id='word_1_300' title='bbox 1133 307 1214 329; x_wconf 87' lang='lat' dir='ltr'>nunc</span> <span class='ocrx_word' id='word_1_301' title='bbox 1223 302 1392 332; x_wconf 78' lang='lat' dir='ltr'>carceribus</span> <span class='ocrx_word' id='word_1_302' title='bbox 1403 304 1442 341; x_wconf 84' lang='grc' dir='ltr'>(α)</span> <span class='ocrx_word' id='word_1_303' title='bbox 1455 306 1653 340; x_wconf 73' lang='lat' dir='ltr'>arctaverunt,</span> <span class='ocrx_word' id='word_1_304' title='bbox 1667 312 1750 336; x_wconf 82' lang='lat' dir='ltr'>nunc</span> <span class='ocrx_word' id='word_1_305' title='bbox 1757 312 1824 336; x_wconf 54' lang='lat' dir='ltr'>vor*-</span> 
     </span>
     <span class='ocr_line' id='line_1_54' title="bbox 1042 346 1824 388; baseline 0.01 -13"><span class='ocrx_word' id='word_1_306' title='bbox 1042 346 1167 376; x_wconf 72' lang='lat' dir='ltr'>bei-ihus</span> <span class='ocrx_word' id='word_1_307' title='bbox 1189 349 1218 376; x_wconf 84' lang='lat' dir='ltr'>et</span> <span class='ocrx_word' id='word_1_308' title='bbox 1238 349 1426 380; x_wconf 84' lang='lat' dir='ltr'>contumeliis</span> <span class='ocrx_word' id='word_1_309' title='bbox 1447 347 1626 388; x_wconf 74' lang='lat' dir='ltr'>affecerunt,</span> <span class='ocrx_word' id='word_1_310' title='bbox 1647 352 1685 381; x_wconf 77' lang='lat' dir='ltr'>ut</span> <span class='ocrx_word' id='word_1_311' title='bbox 1701 359 1764 383; x_wconf 88' lang='lat' dir='ltr'>non</span> <span class='ocrx_word' id='word_1_312' title='bbox 1778 352 1824 383; x_wconf 88' lang='lat' dir='ltr'>lo-</span> 
     </span>
     <span class='ocr_line' id='line_1_55' title="bbox 1043 396 1823 431; baseline 0.01 -9"><span class='ocrx_word' id='word_1_313' title='bbox 1043 396 1216 431; x_wconf 83' lang='lat' dir='ltr'>querentur,</span> <span class='ocrx_word' id='word_1_314' title='bbox 1239 403 1297 424; x_wconf 87' lang='lat' dir='ltr'>nec</span> <span class='ocrx_word' id='word_1_315' title='bbox 1318 396 1462 427; x_wconf 78' lang='lat' dir='ltr'>docerent</span> <span class='ocrx_word' id='word_1_316' title='bbox 1489 399 1614 429; x_wconf 86' lang='lat' dir='ltr'>omnino</span> <span class='ocrx_word' id='word_1_317' title='bbox 1644 399 1678 428; x_wconf 87' lang='lat' dir='ltr'>in</span> <span class='ocrx_word' id='word_1_318' title='bbox 1699 400 1823 429; x_wconf 77' lang='lat' dir='ltr'>nomino</span> 
     </span>
     <span class='ocr_line' id='line_1_56' title="bbox 1041 440 1486 478; baseline 0.013 -9"><span class='ocrx_word' id='word_1_319' title='bbox 1041 440 1158 470; x_wconf 87' lang='lat' dir='ltr'>Domini</span> <span class='ocrx_word' id='word_1_320' title='bbox 1172 442 1250 470; x_wconf 71' lang='lat' dir='ltr'>lesu.</span> <span class='ocrx_word' id='word_1_321' title='bbox 1265 443 1342 478; x_wconf 62' lang='lat' dir='ltr'>Act„</span> <span class='ocrx_word' id='word_1_322' title='bbox 1356 451 1386 472; x_wconf 87' lang='lat' dir='ltr'>m</span> <span class='ocrx_word' id='word_1_323' title='bbox 1403 446 1433 474; x_wconf 86' lang='lat' dir='ltr'>et</span> <span class='ocrx_word' id='word_1_324' title='bbox 1445 452 1486 474; x_wconf 75' lang='lat' dir='ltr'>lv.</span> 
     </span>
    </p>

    <p class='ocr_par' dir='ltr' id='par_1_18' title="bbox 1038 488 1824 764">
     <span class='ocr_line' id='line_1_57' title="bbox 1075 488 1824 527; baseline 0.011 -12"><span class='ocrx_word' id='word_1_325' title='bbox 1075 488 1150 517; x_wconf 88' lang='lat' dir='ltr'>Cum</span> <span class='ocrx_word' id='word_1_326' title='bbox 1173 488 1310 518; x_wconf 88' lang='lat' dir='ltr'>tribunus</span> <span class='ocrx_word' id='word_1_327' title='bbox 1328 491 1430 527; x_wconf 88' lang='lat' dir='ltr'>Lysias</span> <span class='ocrx_word' id='word_1_328' title='bbox 1452 492 1586 521; x_wconf 86' lang='lat' dir='ltr'>vinctum</span> <span class='ocrx_word' id='word_1_329' title='bbox 1607 493 1732 522; x_wconf 77' lang='lat' dir='ltr'>Paulum</span> <span class='ocrx_word' id='word_1_330' title='bbox 1751 493 1824 523; x_wconf 84' lang='lat' dir='ltr'>deti-</span> 
     </span>
     <span class='ocr_line' id='line_1_58' title="bbox 1039 533 1823 576; baseline 0.011 -15"><span class='ocrx_word' id='word_1_331' title='bbox 1039 536 1132 570; x_wconf 86' lang='lat' dir='ltr'>neret,</span> <span class='ocrx_word' id='word_1_332' title='bbox 1148 533 1269 564; x_wconf 76' lang='lat' dir='ltr'>fuerunt</span> <span class='ocrx_word' id='word_1_333' title='bbox 1289 537 1420 574; x_wconf 81' lang='lat' dir='ltr'>amplius</span> <span class='ocrx_word' id='word_1_334' title='bbox 1443 546 1536 575; x_wconf 89' lang='lat' dir='ltr'>quam</span> <span class='ocrx_word' id='word_1_335' title='bbox 1556 539 1758 576; x_wconf 76' lang='lat' dir='ltr'>quadraginta</span> <span class='ocrx_word' id='word_1_336' title='bbox 1773 541 1823 570; x_wconf 76' lang='lat' dir='ltr'>Ju-</span> 
     </span>
     <span class='ocr_line' id='line_1_59' title="bbox 1039 579 1822 623; baseline 0.009 -14"><span class='ocrx_word' id='word_1_337' title='bbox 1039 579 1096 610; x_wconf 75' lang='lat' dir='ltr'>daei</span> <span class='ocrx_word' id='word_1_338' title='bbox 1120 581 1174 618; x_wconf 83' lang='lat' dir='ltr'>qui</span> <span class='ocrx_word' id='word_1_339' title='bbox 1192 585 1343 612; x_wconf 81' lang='lat' dir='ltr'>voverunt</span> <span class='ocrx_word' id='word_1_340' title='bbox 1363 592 1395 612; x_wconf 84' lang='lat' dir='ltr'>se</span> <span class='ocrx_word' id='word_1_341' title='bbox 1419 585 1494 614; x_wconf 89' lang='lat' dir='ltr'>nihil</span> <span class='ocrx_word' id='word_1_342' title='bbox 1518 588 1701 623; x_wconf 82' lang='lat' dir='ltr'>gustaturos,</span> <span class='ocrx_word' id='word_1_343' title='bbox 1723 586 1822 617; x_wconf 84' lang='lat' dir='ltr'>donec</span> 
     </span>
     <span class='ocr_line' id='line_1_60' title="bbox 1039 628 1821 670; baseline 0.009 -14"><span class='ocrx_word' id='word_1_344' title='bbox 1039 628 1207 658; x_wconf 87' lang='lat' dir='ltr'>occiderent</span> <span class='ocrx_word' id='word_1_345' title='bbox 1220 629 1347 659; x_wconf 85' lang='lat' dir='ltr'>Paulum</span> <span class='ocrx_word' id='word_1_346' title='bbox 1366 639 1374 659; x_wconf 74' lang='grc' dir='ltr'><strong><em>ε</em></strong></span> <span class='ocrx_word' id='word_1_347' title='bbox 1392 631 1475 660; x_wconf 85' lang='lat' dir='ltr'>unde</span> <span class='ocrx_word' id='word_1_348' title='bbox 1489 632 1633 662; x_wconf 80' lang='lat' dir='ltr'>volebant</span> <span class='ocrx_word' id='word_1_349' title='bbox 1647 631 1732 670; x_wconf 79' lang='lat' dir='ltr'>quod</span> <span class='ocrx_word' id='word_1_350' title='bbox 1744 635 1821 663; x_wconf 79' lang='lat' dir='ltr'>Pau-</span> 
     </span>
     <span class='ocr_line' id='line_1_61' title="bbox 1039 675 1821 716; baseline 0.006 -12"><span class='ocrx_word' id='word_1_351' title='bbox 1039 675 1085 704; x_wconf 89' lang='lat' dir='ltr'>lus</span> <span class='ocrx_word' id='word_1_352' title='bbox 1100 675 1316 712; x_wconf 85' lang='lat' dir='ltr'>produceretur</span> <span class='ocrx_word' id='word_1_353' title='bbox 1335 677 1368 705; x_wconf 86' lang='lat' dir='ltr'>in</span> <span class='ocrx_word' id='word_1_354' title='bbox 1386 678 1537 715; x_wconf 87' lang='lat' dir='ltr'>medium,</span> <span class='ocrx_word' id='word_1_355' title='bbox 1552 681 1600 715; x_wconf 82' lang='lat' dir='ltr'>ut,</span> <span class='ocrx_word' id='word_1_356' title='bbox 1616 687 1653 708; x_wconf 91' lang='lat' dir='ltr'>eo</span> <span class='ocrx_word' id='word_1_357' title='bbox 1668 681 1750 716; x_wconf 84' lang='lat' dir='ltr'>viso,</span> <span class='ocrx_word' id='word_1_358' title='bbox 1764 683 1821 710; x_wconf 83' lang='lat' dir='ltr'>sta-</span> 
     </span>
     <span class='ocr_line' id='line_1_62' title="bbox 1038 722 1773 764; baseline 0.008 -13"><span class='ocrx_word' id='word_1_359' title='bbox 1038 722 1092 752; x_wconf 88' lang='lat' dir='ltr'>tim</span> <span class='ocrx_word' id='word_1_360' title='bbox 1106 731 1175 751; x_wconf 89' lang='lat' dir='ltr'>cum</span> <span class='ocrx_word' id='word_1_361' title='bbox 1188 723 1301 760; x_wconf 85' lang='lat' dir='ltr'>impetu</span> <span class='ocrx_word' id='word_1_362' title='bbox 1313 724 1486 755; x_wconf 84' lang='lat' dir='ltr'>occiderent</span> <span class='ocrx_word' id='word_1_363' title='bbox 1499 734 1582 758; x_wconf 80' lang='lat' dir='ltr'>eum.</span> <span class='ocrx_word' id='word_1_364' title='bbox 1594 727 1672 764; x_wconf 69' lang='lat' dir='ltr'>Act„</span> <span class='ocrx_word' id='word_1_365' title='bbox 1686 735 1773 759; x_wconf 81' lang='lat' dir='ltr'>xxm.</span> 
     </span>
    </p>
   </div>
   <div class='ocr_carea' id='block_1_8' title="bbox 1262 800 1599 920">
    <p class='ocr_par' dir='ltr' id='par_1_19' title="bbox 1262 800 1599 920">
     <span class='ocr_line' id='line_1_63' title="bbox 1262 800 1599 855; baseline 0.009 -3"><span class='ocrx_word' id='word_1_366' title='bbox 1262 817 1406 853; x_wconf 83' lang='lat' dir='ltr'><strong>CAPUT</strong></span> <span class='ocrx_word' id='word_1_367' title='bbox 1429 800 1599 855; x_wconf 78' lang='lat' dir='ltr'><strong>Lxxx&#39;v.</strong></span> 
     </span>
     <span class='ocr_line' id='line_1_64' title="bbox 1323 890 1534 920; baseline 0 0"><span class='ocrx_word' id='word_1_368' title='bbox 1323 890 1363 920; x_wconf 84' lang='lat' dir='ltr'>De</span> <span class='ocrx_word' id='word_1_369' title='bbox 1376 891 1534 920; x_wconf 73' lang='lat' dir='ltr'>homicidio.</span> 
     </span>
    </p>
   </div>
   <div class='ocr_carea' id='block_1_9' title="bbox 1034 965 1821 2691">
    <p class='ocr_par' dir='ltr' id='par_1_20' title="bbox 1036 965 1821 1098">
     <span class='ocr_line' id='line_1_65' title="bbox 1073 965 1819 1001; baseline 0.007 -9"><span class='ocrx_word' id='word_1_370' title='bbox 1073 965 1147 993; x_wconf 83' lang='lat' dir='ltr'>Nota</span> <span class='ocrx_word' id='word_1_371' title='bbox 1165 972 1257 1001; x_wconf 83' lang='lat' dir='ltr'>quam</span> <span class='ocrx_word' id='word_1_372' title='bbox 1278 965 1406 1001; x_wconf 84' lang='lat' dir='ltr'>graviter</span> <span class='ocrx_word' id='word_1_373' title='bbox 1429 968 1505 995; x_wconf 91' lang='lat' dir='ltr'>Deus</span> <span class='ocrx_word' id='word_1_374' title='bbox 1526 967 1725 996; x_wconf 87' lang='lat' dir='ltr'>homicidium</span> <span class='ocrx_word' id='word_1_375' title='bbox 1748 968 1819 998; x_wconf 79' lang='lat' dir='ltr'>Cain</span> 
     </span>
     <span class='ocr_line' id='line_1_66' title="bbox 1037 1011 1821 1048; baseline 0.008 -10"><span class='ocrx_word' id='word_1_376' title='bbox 1037 1011 1231 1040; x_wconf 87' lang='lat' dir='ltr'>commissum</span> <span class='ocrx_word' id='word_1_377' title='bbox 1253 1013 1388 1048; x_wconf 88' lang='lat' dir='ltr'>punivit;</span> <span class='ocrx_word' id='word_1_378' title='bbox 1415 1015 1444 1042; x_wconf 90' lang='lat' dir='ltr'>et</span> <span class='ocrx_word' id='word_1_379' title='bbox 1468 1015 1570 1043; x_wconf 86' lang='lat' dir='ltr'>tamen</span> <span class='ocrx_word' id='word_1_380' title='bbox 1592 1015 1732 1044; x_wconf 86' lang='lat' dir='ltr'>nondum</span> <span class='ocrx_word' id='word_1_381' title='bbox 1758 1017 1821 1045; x_wconf 82' lang='lat' dir='ltr'>erat</span> 
     </span>
     <span class='ocr_line' id='line_1_67' title="bbox 1036 1058 1703 1098; baseline 0.006 -12"><span class='ocrx_word' id='word_1_382' title='bbox 1036 1058 1221 1094; x_wconf 89' lang='lat' dir='ltr'>prohibitum</span> <span class='ocrx_word' id='word_1_383' title='bbox 1236 1059 1338 1096; x_wconf 88' lang='lat' dir='ltr'>aliqua</span> <span class='ocrx_word' id='word_1_384' title='bbox 1351 1060 1417 1096; x_wconf 88' lang='lat' dir='ltr'>lege</span> <span class='ocrx_word' id='word_1_385' title='bbox 1431 1061 1550 1098; x_wconf 85' lang='lat' dir='ltr'>scripta.</span> <span class='ocrx_word' id='word_1_386' title='bbox 1567 1062 1649 1097; x_wconf 67' lang='lat' dir='ltr'>Gen„</span> <span class='ocrx_word' id='word_1_387' title='bbox 1662 1070 1703 1090; x_wconf 80' lang='grc' dir='ltr'>ιν.</span> 
     </span>
    </p>

    <p class='ocr_par' dir='ltr' id='par_1_21' title="bbox 1037 1105 1820 1328">
     <span class='ocr_line' id='line_1_68' title="bbox 1073 1105 1818 1146; baseline 0.007 -13"><span class='ocrx_word' id='word_1_388' title='bbox 1073 1105 1185 1134; x_wconf 90' lang='lat' dir='ltr'>Occidit</span> <span class='ocrx_word' id='word_1_389' title='bbox 1213 1106 1284 1135; x_wconf 88' lang='lat' dir='ltr'>Cain</span> <span class='ocrx_word' id='word_1_390' title='bbox 1312 1107 1385 1136; x_wconf 75' lang='lat' dir='ltr'>Abel</span> <span class='ocrx_word' id='word_1_391' title='bbox 1413 1107 1535 1136; x_wconf 80' lang='lat' dir='ltr'>fratrem</span> <span class='ocrx_word' id='word_1_392' title='bbox 1566 1116 1675 1144; x_wconf 84' lang='lat' dir='ltr'>suum,</span> <span class='ocrx_word' id='word_1_393' title='bbox 1704 1110 1818 1146; x_wconf 78' lang='lat' dir='ltr'>Moyses</span> 
     </span>
     <span class='ocr_line' id='line_1_69' title="bbox 1037 1153 1820 1189; baseline 0.006 -9"><span class='ocrx_word' id='word_1_394' title='bbox 1037 1153 1217 1189; x_wconf 81' lang='lat' dir='ltr'>AEgyptium,</span> <span class='ocrx_word' id='word_1_395' title='bbox 1233 1153 1327 1182; x_wconf 80' lang='lat' dir='ltr'>David</span> <span class='ocrx_word' id='word_1_396' title='bbox 1342 1154 1474 1189; x_wconf 85' lang='lat' dir='ltr'>Goliam,</span> <span class='ocrx_word' id='word_1_397' title='bbox 1487 1155 1562 1184; x_wconf 78' lang='lat' dir='ltr'>Joab</span> <span class='ocrx_word' id='word_1_398' title='bbox 1577 1155 1677 1185; x_wconf 75' lang='lat' dir='ltr'>Abner</span> <span class='ocrx_word' id='word_1_399' title='bbox 1691 1158 1720 1184; x_wconf 82' lang='lat' dir='ltr'>et</span> <span class='ocrx_word' id='word_1_400' title='bbox 1733 1158 1820 1185; x_wconf 77' lang='lat' dir='ltr'>Ama-</span> 
     </span>
     <span class='ocr_line' id='line_1_70' title="bbox 1037 1199 1820 1236; baseline 0.008 -10"><span class='ocrx_word' id='word_1_401' title='bbox 1037 1208 1120 1235; x_wconf 84' lang='lat' dir='ltr'>sam,</span> <span class='ocrx_word' id='word_1_402' title='bbox 1145 1199 1287 1228; x_wconf 85' lang='lat' dir='ltr'>Salomon</span> <span class='ocrx_word' id='word_1_403' title='bbox 1314 1201 1408 1229; x_wconf 89' lang='lat' dir='ltr'>Semei</span> <span class='ocrx_word' id='word_1_404' title='bbox 1437 1204 1465 1230; x_wconf 83' lang='lat' dir='ltr'>et</span> <span class='ocrx_word' id='word_1_405' title='bbox 1491 1202 1658 1236; x_wconf 79' lang='lat' dir='ltr'>Adoniam,</span> <span class='ocrx_word' id='word_1_406' title='bbox 1687 1202 1820 1232; x_wconf 75' lang='lat' dir='ltr'>Herodes</span> 
     </span>
     <span class='ocr_line' id='line_1_71' title="bbox 1038 1247 1820 1286; baseline 0.005 -12"><span class='ocrx_word' id='word_1_407' title='bbox 1038 1247 1183 1275; x_wconf 87' lang='lat' dir='ltr'>Joannem</span> <span class='ocrx_word' id='word_1_408' title='bbox 1204 1247 1379 1283; x_wconf 87' lang='lat' dir='ltr'>Baptistam‚</span> <span class='ocrx_word' id='word_1_409' title='bbox 1395 1249 1496 1277; x_wconf 86' lang='lat' dir='ltr'>Petrus</span> <span class='ocrx_word' id='word_1_410' title='bbox 1510 1249 1654 1277; x_wconf 80' lang='lat' dir='ltr'>Ananiam</span> <span class='ocrx_word' id='word_1_411' title='bbox 1674 1251 1702 1278; x_wconf 89' lang='lat' dir='ltr'>et</span> <span class='ocrx_word' id='word_1_412' title='bbox 1716 1249 1820 1286; x_wconf 83' lang='lat' dir='ltr'>Saphi-</span> 
     </span>
     <span class='ocr_line' id='line_1_72' title="bbox 1037 1293 1817 1328; baseline 0.004 -6"><span class='ocrx_word' id='word_1_413' title='bbox 1037 1301 1119 1328; x_wconf 87' lang='lat' dir='ltr'>ram,</span> <span class='ocrx_word' id='word_1_414' title='bbox 1135 1296 1164 1322; x_wconf 89' lang='lat' dir='ltr'>et</span> <span class='ocrx_word' id='word_1_415' title='bbox 1178 1293 1335 1323; x_wconf 85' lang='lat' dir='ltr'>considera</span> <span class='ocrx_word' id='word_1_416' title='bbox 1353 1295 1452 1323; x_wconf 81' lang='lat' dir='ltr'>varias</span> <span class='ocrx_word' id='word_1_417' title='bbox 1467 1295 1646 1325; x_wconf 82' lang='lat' dir='ltr'>intentiones</span> <span class='ocrx_word' id='word_1_418' title='bbox 1660 1298 1689 1325; x_wconf 88' lang='lat' dir='ltr'>et</span> <span class='ocrx_word' id='word_1_419' title='bbox 1703 1304 1817 1325; x_wconf 63' lang='lat' dir='ltr'>causas</span> 
     </span>
    </p>

    <p class='ocr_par' dir='ltr' id='par_1_22' title="bbox 1037 1340 1819 1472">
     <span class='ocr_line' id='line_1_73' title="bbox 1074 1340 1819 1376; baseline 0.007 -9"><span class='ocrx_word' id='word_1_420' title='bbox 1074 1340 1171 1369; x_wconf 78' lang='lat' dir='ltr'>Voluit</span> <span class='ocrx_word' id='word_1_421' title='bbox 1191 1340 1349 1376; x_wconf 61' lang='lat' dir='ltr'>hominm,</span> <span class='ocrx_word' id='word_1_422' title='bbox 1363 1344 1396 1370; x_wconf 88' lang='lat' dir='ltr'>ut</span> <span class='ocrx_word' id='word_1_423' title='bbox 1409 1342 1501 1371; x_wconf 88' lang='lat' dir='ltr'>homo</span> <span class='ocrx_word' id='word_1_424' title='bbox 1517 1342 1693 1372; x_wconf 87' lang='lat' dir='ltr'>mirabiliter</span> <span class='ocrx_word' id='word_1_425' title='bbox 1711 1343 1819 1372; x_wconf 88' lang='lat' dir='ltr'>abhor-</span> 
     </span>
     <span class='ocr_line' id='line_1_74' title="bbox 1037 1388 1819 1426; baseline 0.004 -10"><span class='ocrx_word' id='word_1_426' title='bbox 1037 1390 1114 1416; x_wconf 84' lang='lat' dir='ltr'>reret</span> <span class='ocrx_word' id='word_1_427' title='bbox 1140 1388 1357 1424; x_wconf 84' lang='lat' dir='ltr'>homicidium;</span> <span class='ocrx_word' id='word_1_428' title='bbox 1382 1389 1463 1417; x_wconf 86' lang='lat' dir='ltr'>unde</span> <span class='ocrx_word' id='word_1_429' title='bbox 1490 1391 1520 1418; x_wconf 85' lang='lat' dir='ltr'>et</span> <span class='ocrx_word' id='word_1_430' title='bbox 1546 1390 1723 1426; x_wconf 81' lang='lat' dir='ltr'>sanguinem</span> <span class='ocrx_word' id='word_1_431' title='bbox 1750 1398 1819 1419; x_wconf 89' lang='lat' dir='ltr'>cum</span> 
     </span>
     <span class='ocr_line' id='line_1_75' title="bbox 1037 1435 1674 1472; baseline 0 -9"><span class='ocrx_word' id='word_1_432' title='bbox 1037 1442 1126 1464; x_wconf 86' lang='lat' dir='ltr'>carne</span> <span class='ocrx_word' id='word_1_433' title='bbox 1142 1435 1300 1464; x_wconf 88' lang='lat' dir='ltr'>comedere</span> <span class='ocrx_word' id='word_1_434' title='bbox 1314 1436 1479 1472; x_wconf 86' lang='lat' dir='ltr'>prohibuit.</span> <span class='ocrx_word' id='word_1_435' title='bbox 1495 1437 1574 1470; x_wconf 74' lang='lat' dir='ltr'>Gen..</span> <span class='ocrx_word' id='word_1_436' title='bbox 1590 1445 1632 1472; x_wconf 79' lang='lat' dir='ltr'>ix,</span> <span class='ocrx_word' id='word_1_437' title='bbox 1647 1438 1674 1466; x_wconf 68' lang='lat'>4.</span> 
     </span>
    </p>

    <p class='ocr_par' dir='ltr' id='par_1_23' title="bbox 1038 1482 1818 1611">
     <span class='ocr_line' id='line_1_76' title="bbox 1074 1482 1818 1520; baseline 0.005 -11"><span class='ocrx_word' id='word_1_438' title='bbox 1074 1482 1227 1510; x_wconf 85' lang='lat' dir='ltr'>llomicida</span> <span class='ocrx_word' id='word_1_439' title='bbox 1242 1482 1332 1511; x_wconf 87' lang='lat' dir='ltr'>debet</span> <span class='ocrx_word' id='word_1_440' title='bbox 1345 1483 1476 1520; x_wconf 83' lang='lat' dir='ltr'>reputari</span> <span class='ocrx_word' id='word_1_441' title='bbox 1492 1484 1577 1520; x_wconf 86' lang='lat' dir='ltr'>quasi</span> <span class='ocrx_word' id='word_1_442' title='bbox 1593 1484 1722 1520; x_wconf 87' lang='lat' dir='ltr'>occisus;</span> <span class='ocrx_word' id='word_1_443' title='bbox 1738 1483 1818 1513; x_wconf 84' lang='lat' dir='ltr'>unde</span> 
     </span>
     <span class='ocr_line' id='line_1_77' title="bbox 1038 1529 1818 1568; baseline 0.004 -11"><span class='ocrx_word' id='word_1_444' title='bbox 1038 1529 1112 1557; x_wconf 81' lang='lat' dir='ltr'>dixit</span> <span class='ocrx_word' id='word_1_445' title='bbox 1130 1529 1274 1564; x_wconf 76' lang='lat' dir='ltr'>Rebecca,</span> <span class='ocrx_word' id='word_1_446' title='bbox 1300 1530 1379 1565; x_wconf 63' lang='lat' dir='ltr'>Gen„</span> <span class='ocrx_word' id='word_1_447' title='bbox 1401 1539 1499 1566; x_wconf 81' lang='lat' dir='ltr'>xxvii,</span> <span class='ocrx_word' id='word_1_448' title='bbox 1513 1533 1548 1560; x_wconf 70' lang='lat'>⁴5</span> <span class='ocrx_word' id='word_1_449' title='bbox 1565 1540 1572 1559; x_wconf 75' lang='grc' dir='ltr'><strong><em>ε</em></strong></span> <span class='ocrx_word' id='word_1_450' title='bbox 1592 1541 1605 1558; x_wconf 77' lang='grc' dir='ltr'><em>α</em></span> <span class='ocrx_word' id='word_1_451' title='bbox 1620 1532 1678 1560; x_wconf 91' lang='lat' dir='ltr'>Cur</span> <span class='ocrx_word' id='word_1_452' title='bbox 1692 1533 1818 1568; x_wconf 85' lang='lat' dir='ltr'>utroque</span> 
     </span>
     <span class='ocr_line' id='line_1_78' title="bbox 1038 1576 1284 1611; baseline 0.004 -7"><span class='ocrx_word' id='word_1_453' title='bbox 1038 1576 1182 1611; x_wconf 87' lang='lat' dir='ltr'>orbabor,</span> <span class='ocrx_word' id='word_1_454' title='bbox 1198 1587 1213 1604; x_wconf 68' lang='lat' dir='ltr'>n</span> <span class='ocrx_word' id='word_1_455' title='bbox 1231 1579 1284 1605; x_wconf 86' lang='lat' dir='ltr'>etc.</span> 
     </span>
    </p>

    <p class='ocr_par' dir='ltr' id='par_1_24' title="bbox 1037 1623 1818 1750">
     <span class='ocr_line' id='line_1_79' title="bbox 1073 1623 1818 1654; baseline 0.003 -2"><span class='ocrx_word' id='word_1_456' title='bbox 1073 1623 1101 1652; x_wconf 90' lang='lat' dir='ltr'>Si</span> <span class='ocrx_word' id='word_1_457' title='bbox 1125 1624 1218 1652; x_wconf 82' lang='lat' dir='ltr'>zebee</span> <span class='ocrx_word' id='word_1_458' title='bbox 1244 1625 1273 1652; x_wconf 89' lang='lat' dir='ltr'>et</span> <span class='ocrx_word' id='word_1_459' title='bbox 1295 1623 1435 1652; x_wconf 89' lang='lat' dir='ltr'>Salmana</span> <span class='ocrx_word' id='word_1_460' title='bbox 1458 1625 1563 1653; x_wconf 80' lang='lat' dir='ltr'>tratres</span> <span class='ocrx_word' id='word_1_461' title='bbox 1587 1624 1734 1654; x_wconf 88' lang='lat' dir='ltr'>Gedeonis</span> <span class='ocrx_word' id='word_1_462' title='bbox 1757 1632 1818 1654; x_wconf 88' lang='lat' dir='ltr'>non</span> 
     </span>
     <span class='ocr_line' id='line_1_80' title="bbox 1037 1671 1817 1708; baseline 0.001 -10"><span class='ocrx_word' id='word_1_463' title='bbox 1037 1671 1229 1706; x_wconf 81' lang='lat' dir='ltr'>occidissent,</span> <span class='ocrx_word' id='word_1_464' title='bbox 1253 1679 1446 1708; x_wconf 85' lang='lat' dir='ltr'>nequaquam</span> <span class='ocrx_word' id='word_1_465' title='bbox 1467 1674 1534 1708; x_wconf 87' lang='lat' dir='ltr'>post</span> <span class='ocrx_word' id='word_1_466' title='bbox 1552 1672 1591 1700; x_wconf 84' lang='lat' dir='ltr'>ab</span> <span class='ocrx_word' id='word_1_467' title='bbox 1607 1672 1715 1700; x_wconf 88' lang='lat' dir='ltr'>eodem</span> <span class='ocrx_word' id='word_1_468' title='bbox 1729 1671 1817 1701; x_wconf 89' lang='lat' dir='ltr'>occisi</span> 
     </span>
     <span class='ocr_line' id='line_1_81' title="bbox 1037 1718 1364 1750; baseline 0 -4"><span class='ocrx_word' id='word_1_469' title='bbox 1037 1718 1168 1746; x_wconf 77' lang='lat' dir='ltr'>tuissent.</span> <span class='ocrx_word' id='word_1_470' title='bbox 1183 1719 1288 1750; x_wconf 71' lang='lat' dir='ltr'>Judi&#39;c„</span> <span class='ocrx_word' id='word_1_471' title='bbox 1304 1726 1364 1746; x_wconf 77' lang='lat' dir='ltr'>vm.</span> 
     </span>
    </p>

    <p class='ocr_par' dir='ltr' id='par_1_25' title="bbox 1035 1764 1818 1940">
     <span class='ocr_line' id='line_1_82' title="bbox 1072 1764 1818 1802; baseline 0.001 -9"><span class='ocrx_word' id='word_1_472' title='bbox 1072 1764 1223 1793; x_wconf 79' lang='lat' dir='ltr'>Abimelec</span> <span class='ocrx_word' id='word_1_473' title='bbox 1242 1765 1320 1792; x_wconf 88' lang='lat' dir='ltr'>filius</span> <span class='ocrx_word' id='word_1_474' title='bbox 1341 1764 1480 1793; x_wconf 77' lang='lat' dir='ltr'>serobaat</span> <span class='ocrx_word' id='word_1_475' title='bbox 1498 1764 1606 1793; x_wconf 86' lang='lat' dir='ltr'>oceidit</span> <span class='ocrx_word' id='word_1_476' title='bbox 1628 1765 1818 1802; x_wconf 66' lang='lat' dir='ltr'>septuaginta</span> 
     </span>
     <span class='ocr_line' id='line_1_83' title="bbox 1036 1811 1818 1848; baseline 0.003 -10"><span class='ocrx_word' id='word_1_477' title='bbox 1036 1811 1139 1839; x_wconf 80' lang='lat' dir='ltr'>fratres</span> <span class='ocrx_word' id='word_1_478' title='bbox 1159 1819 1246 1846; x_wconf 78' lang='lat' dir='ltr'>suos,</span> <span class='ocrx_word' id='word_1_479' title='bbox 1268 1811 1379 1839; x_wconf 88' lang='lat' dir='ltr'>scilicet</span> <span class='ocrx_word' id='word_1_480' title='bbox 1402 1814 1434 1839; x_wconf 86' lang='lat' dir='ltr'>ut</span> <span class='ocrx_word' id='word_1_481' title='bbox 1455 1811 1537 1840; x_wconf 86' lang='lat' dir='ltr'>solus</span> <span class='ocrx_word' id='word_1_482' title='bbox 1557 1813 1657 1848; x_wconf 72' lang='lat' dir='ltr'>posset</span> <span class='ocrx_word' id='word_1_483' title='bbox 1681 1819 1818 1848; x_wconf 82' lang='lat' dir='ltr'>regnare,</span> 
     </span>
     <span class='ocr_line' id='line_1_84' title="bbox 1035 1857 1818 1894; baseline 0.001 -9"><span class='ocrx_word' id='word_1_484' title='bbox 1035 1858 1138 1892; x_wconf 61' lang='grc' dir='ltr'><strong><em>Μαῖα,</em></strong></span> <span class='ocrx_word' id='word_1_485' title='bbox 1154 1865 1194 1885; x_wconf 80' lang='lat' dir='ltr'>ix.</span> <span class='ocrx_word' id='word_1_486' title='bbox 1211 1857 1266 1886; x_wconf 80' lang='lat' dir='ltr'>Sed</span> <span class='ocrx_word' id='word_1_487' title='bbox 1284 1858 1347 1893; x_wconf 84' lang='lat' dir='ltr'>ipse</span> <span class='ocrx_word' id='word_1_488' title='bbox 1362 1858 1483 1886; x_wconf 82' lang='lat' dir='ltr'>modico</span> <span class='ocrx_word' id='word_1_489' title='bbox 1500 1860 1633 1894; x_wconf 84' lang='lat' dir='ltr'>tempore</span> <span class='ocrx_word' id='word_1_490' title='bbox 1646 1857 1818 1887; x_wconf 81' lang='lat' dir='ltr'>dominatus</span> 
     </span>
     <span class='ocr_line' id='line_1_85' title="bbox 1035 1904 1762 1940; baseline 0.001 -8"><span class='ocrx_word' id='word_1_491' title='bbox 1035 1904 1099 1940; x_wconf 84' lang='lat' dir='ltr'>fuit,</span> <span class='ocrx_word' id='word_1_492' title='bbox 1115 1907 1142 1932; x_wconf 91' lang='lat' dir='ltr'>et</span> <span class='ocrx_word' id='word_1_493' title='bbox 1157 1904 1251 1932; x_wconf 86' lang='lat' dir='ltr'>multa</span> <span class='ocrx_word' id='word_1_494' title='bbox 1264 1904 1344 1933; x_wconf 85' lang='lat' dir='ltr'>mala</span> <span class='ocrx_word' id='word_1_495' title='bbox 1358 1905 1506 1938; x_wconf 85' lang='lat' dir='ltr'>sustinuit,</span> <span class='ocrx_word' id='word_1_496' title='bbox 1521 1908 1549 1933; x_wconf 89' lang='lat' dir='ltr'>et</span> <span class='ocrx_word' id='word_1_497' title='bbox 1562 1905 1641 1933; x_wconf 87' lang='lat' dir='ltr'>male</span> <span class='ocrx_word' id='word_1_498' title='bbox 1656 1904 1762 1933; x_wconf 86' lang='lat' dir='ltr'>finivit.</span> 
     </span>
    </p>

    <p class='ocr_par' dir='ltr' id='par_1_26' title="bbox 1036 1951 1819 2129">
     <span class='ocr_line' id='line_1_86' title="bbox 1072 1951 1819 1986; baseline 0 -7"><span class='ocrx_word' id='word_1_499' title='bbox 1072 1952 1147 1986; x_wconf 85' lang='lat' dir='ltr'>Quia</span> <span class='ocrx_word' id='word_1_500' title='bbox 1165 1951 1304 1980; x_wconf 85' lang='lat' dir='ltr'>sacerdos</span> <span class='ocrx_word' id='word_1_501' title='bbox 1322 1951 1509 1980; x_wconf 79' lang='lat' dir='ltr'>Achimelecli</span> <span class='ocrx_word' id='word_1_502' title='bbox 1530 1951 1707 1980; x_wconf 80' lang='lat' dir='ltr'>confortavit</span> <span class='ocrx_word' id='word_1_503' title='bbox 1726 1951 1819 1980; x_wconf 83' lang='lat' dir='ltr'>David</span> 
     </span>
     <span class='ocr_line' id='line_1_87' title="bbox 1037 1998 1819 2035; baseline -0.001 -9"><span class='ocrx_word' id='word_1_504' title='bbox 1037 1999 1211 2034; x_wconf 81' lang='lat' dir='ltr'>fugientem,</span> <span class='ocrx_word' id='word_1_505' title='bbox 1227 1998 1295 2027; x_wconf 82' lang='lat' dir='ltr'>Saul</span> <span class='ocrx_word' id='word_1_506' title='bbox 1312 1999 1404 2035; x_wconf 87' lang='lat' dir='ltr'>ipsius</span> <span class='ocrx_word' id='word_1_507' title='bbox 1418 1999 1511 2027; x_wconf 86' lang='lat' dir='ltr'>David</span> <span class='ocrx_word' id='word_1_508' title='bbox 1524 2000 1695 2035; x_wconf 89' lang='lat' dir='ltr'>persecutor</span> <span class='ocrx_word' id='word_1_509' title='bbox 1710 1998 1819 2026; x_wconf 90' lang='lat' dir='ltr'>occidit</span> 
     </span>
     <span class='ocr_line' id='line_1_88' title="bbox 1036 2044 1818 2080; baseline -0.001 -6"><span class='ocrx_word' id='word_1_510' title='bbox 1036 2054 1106 2074; x_wconf 87' lang='lat' dir='ltr'>eum</span> <span class='ocrx_word' id='word_1_511' title='bbox 1120 2054 1188 2074; x_wconf 89' lang='lat' dir='ltr'>cum</span> <span class='ocrx_word' id='word_1_512' title='bbox 1207 2045 1308 2074; x_wconf 88' lang='lat' dir='ltr'>multis</span> <span class='ocrx_word' id='word_1_513' title='bbox 1323 2045 1389 2074; x_wconf 84' lang='lat' dir='ltr'>aliis</span> <span class='ocrx_word' id='word_1_514' title='bbox 1404 2046 1628 2080; x_wconf 79' lang='lat' dir='ltr'>sacerdotibus,</span> <span class='ocrx_word' id='word_1_515' title='bbox 1641 2044 1818 2074; x_wconf 89' lang='lat' dir='ltr'>mulieribus</span> 
     </span>
     <span class='ocr_line' id='line_1_89' title="bbox 1037 2093 1422 2129; baseline -0.003 -8"><span class='ocrx_word' id='word_1_516' title='bbox 1037 2095 1063 2121; x_wconf 87' lang='lat' dir='ltr'>et</span> <span class='ocrx_word' id='word_1_517' title='bbox 1075 2093 1217 2129; x_wconf 87' lang='lat' dir='ltr'>parvulis.</span> <span class='ocrx_word' id='word_1_518' title='bbox 1235 2094 1244 2121; x_wconf 91' lang='lat'>1</span> <span class='ocrx_word' id='word_1_519' title='bbox 1257 2095 1334 2128; x_wconf 75' lang='grc' dir='ltr'><strong><em>Κεφ,</em></strong></span> <span class='ocrx_word' id='word_1_520' title='bbox 1351 2100 1422 2121; x_wconf 78' lang='lat' dir='ltr'>xxii.</span> 
     </span>
    </p>

    <p class='ocr_par' dir='ltr' id='par_1_27' title="bbox 1034 2138 1817 2221">
     <span class='ocr_line' id='line_1_90' title="bbox 1071 2138 1817 2175; baseline -0.001 -7"><span class='ocrx_word' id='word_1_521' title='bbox 1071 2139 1171 2168; x_wconf 91' lang='lat' dir='ltr'>Occidi</span> <span class='ocrx_word' id='word_1_522' title='bbox 1200 2139 1268 2168; x_wconf 79' lang='lat' dir='ltr'>fecit</span> <span class='ocrx_word' id='word_1_523' title='bbox 1293 2139 1385 2168; x_wconf 81' lang='lat' dir='ltr'>David</span> <span class='ocrx_word' id='word_1_524' title='bbox 1408 2138 1646 2175; x_wconf 87' lang='lat' dir='ltr'>adolescentem,</span> <span class='ocrx_word' id='word_1_525' title='bbox 1668 2139 1719 2175; x_wconf 86' lang='lat' dir='ltr'>qui</span> <span class='ocrx_word' id='word_1_526' title='bbox 1743 2138 1817 2167; x_wconf 79' lang='lat' dir='ltr'>dixit</span> 
     </span>
     <span class='ocr_line' id='line_1_91' title="bbox 1034 2186 1493 2221; baseline -0.002 -6"><span class='ocrx_word' id='word_1_527' title='bbox 1034 2195 1065 2215; x_wconf 87' lang='lat' dir='ltr'>se</span> <span class='ocrx_word' id='word_1_528' title='bbox 1080 2186 1149 2215; x_wconf 89' lang='lat' dir='ltr'>Saul</span> <span class='ocrx_word' id='word_1_529' title='bbox 1164 2186 1318 2219; x_wconf 86' lang='lat' dir='ltr'>occidisse,</span> <span class='ocrx_word' id='word_1_530' title='bbox 1338 2186 1359 2214; x_wconf 91' lang='lat' dir='ltr'>ll</span> <span class='ocrx_word' id='word_1_531' title='bbox 1374 2188 1452 2221; x_wconf 85' lang='grc' dir='ltr'><strong><em>Κεφ,</em></strong></span> <span class='ocrx_word' id='word_1_532' title='bbox 1474 2194 1493 2214; x_wconf 88' lang='grc' dir='ltr'>ι.</span> 
     </span>
    </p>

    <p class='ocr_par' dir='ltr' id='par_1_28' title="bbox 1035 2232 1817 2317">
     <span class='ocr_line' id='line_1_92' title="bbox 1071 2232 1817 2268; baseline -0.001 -6"><span class='ocrx_word' id='word_1_533' title='bbox 1071 2234 1144 2263; x_wconf 84' lang='lat' dir='ltr'>Joab</span> <span class='ocrx_word' id='word_1_534' title='bbox 1155 2233 1264 2262; x_wconf 88' lang='lat' dir='ltr'>occidit</span> <span class='ocrx_word' id='word_1_535' title='bbox 1278 2233 1376 2262; x_wconf 75' lang='lat' dir='ltr'>Abner</span> <span class='ocrx_word' id='word_1_536' title='bbox 1388 2232 1418 2260; x_wconf 88' lang='lat' dir='ltr'>in</span> <span class='ocrx_word' id='word_1_537' title='bbox 1428 2233 1572 2261; x_wconf 90' lang='lat' dir='ltr'>ultionem</span> <span class='ocrx_word' id='word_1_538' title='bbox 1582 2233 1615 2268; x_wconf 78' lang='lat' dir='ltr'>(h)</span> <span class='ocrx_word' id='word_1_539' title='bbox 1626 2232 1710 2261; x_wconf 74' lang='lat' dir='ltr'>Asaet</span> <span class='ocrx_word' id='word_1_540' title='bbox 1720 2232 1817 2261; x_wconf 82' lang='lat' dir='ltr'>fratris</span> 
     </span>
     <span class='ocr_line' id='line_1_93' title="bbox 1035 2279 1606 2317; baseline -0.002 -9"><span class='ocrx_word' id='word_1_541' title='bbox 1035 2281 1090 2316; x_wconf 85' lang='lat' dir='ltr'>sui,</span> <span class='ocrx_word' id='word_1_542' title='bbox 1103 2289 1194 2317; x_wconf 83' lang='lat' dir='ltr'>quem</span> <span class='ocrx_word' id='word_1_543' title='bbox 1206 2281 1255 2308; x_wconf 89' lang='lat' dir='ltr'>ille</span> <span class='ocrx_word' id='word_1_544' title='bbox 1270 2279 1429 2314; x_wconf 84' lang='lat' dir='ltr'>occiderat,</span> <span class='ocrx_word' id='word_1_545' title='bbox 1444 2281 1465 2308; x_wconf 91' lang='lat' dir='ltr'>ll</span> <span class='ocrx_word' id='word_1_546' title='bbox 1477 2281 1555 2315; x_wconf 88' lang='grc' dir='ltr'><strong><em>Κεφ,</em></strong></span> <span class='ocrx_word' id='word_1_547' title='bbox 1566 2287 1606 2308; x_wconf 85' lang='grc' dir='ltr'>ιιι.</span> 
     </span>
    </p>

    <p class='ocr_par' dir='ltr' id='par_1_29' title="bbox 1035 2326 1815 2411">
     <span class='ocr_line' id='line_1_94' title="bbox 1072 2326 1815 2363; baseline -0.003 -7"><span class='ocrx_word' id='word_1_548' title='bbox 1072 2329 1148 2356; x_wconf 79' lang='lat' dir='ltr'>Fecit</span> <span class='ocrx_word' id='word_1_549' title='bbox 1164 2327 1260 2356; x_wconf 89' lang='lat' dir='ltr'>occidi</span> <span class='ocrx_word' id='word_1_550' title='bbox 1271 2326 1363 2356; x_wconf 86' lang='lat' dir='ltr'>David</span> <span class='ocrx_word' id='word_1_551' title='bbox 1378 2327 1476 2355; x_wconf 87' lang='lat' dir='ltr'>Uriam</span> <span class='ocrx_word' id='word_1_552' title='bbox 1486 2335 1540 2363; x_wconf 83' lang='lat' dir='ltr'>per</span> <span class='ocrx_word' id='word_1_553' title='bbox 1553 2333 1678 2355; x_wconf 84' lang='lat' dir='ltr'>manum</span> <span class='ocrx_word' id='word_1_554' title='bbox 1689 2326 1780 2360; x_wconf 81' lang='lat' dir='ltr'>Joab,</span> <span class='ocrx_word' id='word_1_555' title='bbox 1794 2327 1815 2354; x_wconf 92' lang='lat' dir='ltr'>ll</span> 
     </span>
     <span class='ocr_line' id='line_1_95' title="bbox 1035 2377 1166 2411; baseline -0.015 -8"><span class='ocrx_word' id='word_1_556' title='bbox 1035 2377 1113 2411; x_wconf 83' lang='grc' dir='ltr'><strong><em>Κεφ,</em></strong></span> <span class='ocrx_word' id='word_1_557' title='bbox 1127 2383 1166 2403; x_wconf 84' lang='lat' dir='ltr'>xi.</span> 
     </span>
    </p>

    <p class='ocr_par' dir='ltr' id='par_1_30' title="bbox 1035 2420 1814 2503">
     <span class='ocr_line' id='line_1_96' title="bbox 1071 2420 1814 2456; baseline -0.003 -6"><span class='ocrx_word' id='word_1_558' title='bbox 1071 2422 1211 2450; x_wconf 73' lang='lat' dir='ltr'>Absalom</span> <span class='ocrx_word' id='word_1_559' title='bbox 1227 2443 1235 2456; x_wconf 89' lang='lat'>,</span> <span class='ocrx_word' id='word_1_560' title='bbox 1265 2421 1392 2449; x_wconf 86' lang='lat' dir='ltr'>invitans</span> <span class='ocrx_word' id='word_1_561' title='bbox 1430 2421 1470 2449; x_wconf 86' lang='lat' dir='ltr'>ad</span> <span class='ocrx_word' id='word_1_562' title='bbox 1505 2420 1677 2448; x_wconf 87' lang='lat' dir='ltr'>convivium</span> <span class='ocrx_word' id='word_1_563' title='bbox 1700 2422 1814 2449; x_wconf 81' lang='lat' dir='ltr'>Amnon</span> 
     </span>
     <span class='ocr_line' id='line_1_97' title="bbox 1035 2467 1813 2503; baseline -0.005 -5"><span class='ocrx_word' id='word_1_564' title='bbox 1035 2470 1154 2498; x_wconf 79' lang='lat' dir='ltr'>tratrem</span> <span class='ocrx_word' id='word_1_565' title='bbox 1168 2477 1267 2503; x_wconf 87' lang='lat' dir='ltr'>suum,</span> <span class='ocrx_word' id='word_1_566' title='bbox 1276 2468 1362 2496; x_wconf 88' lang='lat' dir='ltr'>illum</span> <span class='ocrx_word' id='word_1_567' title='bbox 1378 2467 1492 2496; x_wconf 91' lang='lat' dir='ltr'>ibidem</span> <span class='ocrx_word' id='word_1_568' title='bbox 1502 2467 1620 2501; x_wconf 87' lang='lat' dir='ltr'>occidit,</span> <span class='ocrx_word' id='word_1_569' title='bbox 1631 2468 1652 2495; x_wconf 94' lang='lat' dir='ltr'>ll</span> <span class='ocrx_word' id='word_1_570' title='bbox 1661 2467 1739 2502; x_wconf 79' lang='grc' dir='ltr'><strong><em>Κεφ,</em></strong></span> <span class='ocrx_word' id='word_1_571' title='bbox 1751 2475 1813 2496; x_wconf 83' lang='lat' dir='ltr'>xnt.</span> 
     </span>
    </p>

    <p class='ocr_par' dir='ltr' id='par_1_31' title="bbox 1034 2514 1815 2691">
     <span class='ocr_line' id='line_1_98' title="bbox 1070 2514 1815 2545; baseline -0.005 0"><span class='ocrx_word' id='word_1_572' title='bbox 1070 2518 1178 2545; x_wconf 87' lang='lat' dir='ltr'>Tantus</span> <span class='ocrx_word' id='word_1_573' title='bbox 1195 2518 1238 2544; x_wconf 91' lang='lat' dir='ltr'>est</span> <span class='ocrx_word' id='word_1_574' title='bbox 1258 2515 1365 2543; x_wconf 88' lang='lat' dir='ltr'>horror</span> <span class='ocrx_word' id='word_1_575' title='bbox 1380 2514 1556 2543; x_wconf 81' lang='lat' dir='ltr'>effundendi</span> <span class='ocrx_word' id='word_1_576' title='bbox 1569 2514 1736 2542; x_wconf 87' lang='lat' dir='ltr'>humanum</span> <span class='ocrx_word' id='word_1_577' title='bbox 1748 2522 1815 2542; x_wconf 83' lang='lat' dir='ltr'>san-</span> 
     </span>
     <span class='ocr_line' id='line_1_99' title="bbox 1034 2561 1814 2599; baseline -0.005 -7"><span class='ocrx_word' id='word_1_578' title='bbox 1034 2564 1171 2599; x_wconf 87' lang='lat' dir='ltr'>guinem,</span> <span class='ocrx_word' id='word_1_579' title='bbox 1193 2561 1277 2599; x_wconf 90' lang='lat' dir='ltr'>quod</span> <span class='ocrx_word' id='word_1_580' title='bbox 1294 2561 1360 2590; x_wconf 85' lang='lat' dir='ltr'>ticet</span> <span class='ocrx_word' id='word_1_581' title='bbox 1383 2561 1477 2590; x_wconf 87' lang='lat' dir='ltr'>David</span> <span class='ocrx_word' id='word_1_582' title='bbox 1495 2561 1570 2589; x_wconf 85' lang='lat' dir='ltr'>alias</span> <span class='ocrx_word' id='word_1_583' title='bbox 1584 2563 1659 2589; x_wconf 82' lang='lat' dir='ltr'>esset</span> <span class='ocrx_word' id='word_1_584' title='bbox 1673 2561 1814 2596; x_wconf 85' lang='lat' dir='ltr'>optimus,</span> 
     </span>
     <span class='ocr_line' id='line_1_100' title="bbox 1034 2607 1813 2644; baseline -0.004 -6"><span class='ocrx_word' id='word_1_585' title='bbox 1034 2612 1134 2638; x_wconf 85' lang='lat' dir='ltr'>tamen</span> <span class='ocrx_word' id='word_1_586' title='bbox 1145 2609 1241 2638; x_wconf 90' lang='lat' dir='ltr'>noluit</span> <span class='ocrx_word' id='word_1_587' title='bbox 1251 2609 1393 2637; x_wconf 86' lang='lat' dir='ltr'>Dominus</span> <span class='ocrx_word' id='word_1_588' title='bbox 1404 2610 1435 2636; x_wconf 85' lang='lat' dir='ltr'>ut</span> <span class='ocrx_word' id='word_1_589' title='bbox 1449 2607 1608 2636; x_wconf 73' lang='lat' dir='ltr'>aedificaret</span> <span class='ocrx_word' id='word_1_590' title='bbox 1618 2607 1645 2636; x_wconf 89' lang='lat' dir='ltr'>ei</span> <span class='ocrx_word' id='word_1_591' title='bbox 1658 2607 1813 2644; x_wconf 87' lang='lat' dir='ltr'>templum,</span> 
     </span>
     <span class='ocr_line' id='line_1_101' title="bbox 1035 2655 1672 2691; baseline -0.002 -6"><span class='ocrx_word' id='word_1_592' title='bbox 1035 2657 1088 2685; x_wconf 88' lang='lat' dir='ltr'>sed</span> <span class='ocrx_word' id='word_1_593' title='bbox 1115 2656 1257 2686; x_wconf 86' lang='lat' dir='ltr'>Salomon</span> <span class='ocrx_word' id='word_1_594' title='bbox 1284 2655 1363 2684; x_wconf 81' lang='lat' dir='ltr'>fitius</span> <span class='ocrx_word' id='word_1_595' title='bbox 1385 2655 1502 2691; x_wconf 82' lang='lat' dir='ltr'>ejus,tt</span> <span class='ocrx_word' id='word_1_596' title='bbox 1526 2655 1672 2690; x_wconf 75' lang='lat' dir='ltr'>Re9.‚vn.</span> 
     </span>
    </p>
   </div>
  </div>
 </body>
</html>
