2004 3037
208 251 270 283 482

208 317 318 355 punica
328 323 382 353 per
397 314 519 343 collium
532 314 712 341 aeternorum
725 311 902 340 deiformem
916 319 988 347 ope-

208 364 376 399 rationem,
401 362 547 399 quantum
569 359 610 388 ad
639 358 694 387 iter
720 358 890 395 septimum.
913 358 959 386 Sic
978 357 986 373 ¹

208 412 262 440 ibit
290 411 366 439 homo
390 411 421 438 in
441 408 547 436 domum
573 407 737 435 (eternitatis
759 413 833 440 suoe‚
855 405 888 433 iu
910 413 987 441 qua,

208 459 284 488 sicut
297 458 368 487 dicit
381 458 489 486 Auctor
499 456 532 484 de
542 455 651 491 Spiritu
661 455 687 482 et
697 453 811 488 Anima,
825 452 879 480 erit
893 451 988 480 mani-

207 505 280 535 festa
294 505 385 541 visio,
398 504 488 541 plena
502 501 643 538 cognitio,
661 508 734 529 vera
748 499 866 528 dileetio
878 520 887 534 ,
901 499 988 528 firma

208 552 379 589 conjunctio
388 573 396 586 ‚
410 550 536 579 societas
549 547 724 583 individua,
742 546 905 575 similitudo
919 553 988 582 pet-

207 600 282 629 fecta
292 620 302 634 ‚
316 599 377 628 vita
390 598 478 626 beata
497 597 529 625 in
546 597 706 629 aeternum,
722 595 751 622 et
765 593 841 622 ultra
851 615 860 628 ‚
875 593 906 620 in
920 599 988 629 per-

206 649 310 684 petuas
320 644 600 675 aeternitates.·0dor
615 644 714 671 autem
730 644 757 670 et
771 640 900 669 dulcedo
913 648 988 676 proe-

206 693 316 722 libatur
338 693 567 730 praedictorum,
591 692 620 719 et
640 691 773 726 gustatur
797 696 815 716 a
836 687 988 724 spiritibus

207 741 431 770 ambulantibus
453 739 484 768 in
504 737 652 775 praedictis
673 735 846 770 itineribus,
868 743 906 763 ex
925 742 987 771 quo

205 788 339 817 velocius
360 787 490 815 currunt.
515 784 598 814 Unde
618 784 784 820 Gregorius„
807 782 913 818 quinto
935 782 987 810 de-

207 835 284 864 cimo
301 835 458 869 Moralium,
475 832 543 861 dicit
556 833 586 860 ²:
602 842 614 857 t(
628 830 786 867 Superiora
801 837 911 862 amare,
924 828 988 863 jam

207 890 325 910 sursum
349 882 391 910 ire
411 883 470 916 est,
493 880 626 916 dumque
645 885 755 913 magno
777 876 927 905 desiderio
947 875 987 904 ad

207 928 338 958 coelestia.
354 928 446 956 homo
466 926 573 962 inhiat,
590 925 666 953 miro
687 923 780 953 modo
795 923 853 951 hoc
873 923 986 959 ipsum,

207 976 291 1014 quod
306 976 439 1012 accipere
454 974 574 1011 quaerit,
595 973 658 1008 jam
674 972 817 1007 degustat.
838 980 852 997 »
870 971 912 998 hx
926 977 987 1006 quo

207 1023 327 1060 spiritus
350 1023 491 1051 itinerans
514 1020 645 1049 maxime
670 1018 859 1052 consolatur,
883 1025 988 1045 conso-

207 1071 283 1100 latus
309 1069 457 1099 currendo
481 1068 619 1102 calescit,
646 1066 804 1095 calefactus
828 1064 988 1093 devotione

240 1136 245 1148 ¹
259 1133 350 1163 Eccle.‚
362 1139 408 1162 xii,
418 1131 492 1157 5.-—¹
503 1132 590 1162 Greg„
601 1129 753 1159 MoraLdib.
767 1129 821 1157 XV,
833 1134 856 1152 c.
870 1127 988 1158 xxvu‚in

209 1171 253 1196 fin.
267 1183 293 1188 —
309 1169 321 1187 ⁸
335 1169 415 1200 Orig„
433 1169 459 1192 in
476 1168 561 1198 Cant„
576 1174 600 1191 c.
618 1172 678 1191 ιι,-
691 1166 725 1197 (α)
742 1164 804 1190 Caet.
817 1164 877 1188 edit.
894 1164 987 1188 solum.

619 243 670 276 DE
691 242 850 276 SEPTEM
871 240 1100 275 lTINERlBUS
1120 241 1412 276 AETERNITATIS.

1043 310 1201 343 mollescit,
1215 310 1407 340 mollificatus
1421 309 1553 339 amando
1567 308 1713 346 liquescit,
1725 308 1820 346 lique-

1042 357 1136 386 factus
1158 357 1303 387 fervendo
1324 366 1442 387 sursum
1467 356 1574 392 effluit,
1599 358 1631 385 ut
1657 364 1820 394 nusquam,

1043 404 1100 433 nisi
1127 405 1159 433 in
1181 406 1358 440 aeternitate,
1381 404 1482 433 sistere
1505 405 1534 432 et
1561 403 1714 439 quiescere
1739 402 1819 431 velit.

1042 452 1124 481 Unde
1145 451 1284 488 Origenes
1306 451 1379 480 dicit
1398 451 1459 487 sic,
1483 450 1568 487 quasi
1592 449 1770 478 admirando
1785 449 1820 478 ³:

1047 508 1061 526 α
1075 499 1183 529 Divinae
1197 499 1406 528 consolationis
1427 497 1616 527 dulcissimus
1636 496 1774 532 affectus,
1790 499 1823 525 ut

1043 546 1155 581 audio,
1179 549 1222 575 est
1243 546 1424 583 liquefactio.
1449 545 1595 581 Liquescit
1617 544 1698 572 enim
1720 551 1820 578 mens,

1043 602 1114 623 cum
1128 594 1286 623 devotione
1298 593 1459 628 mollescit,
1476 595 1508 621 ut
1521 599 1648 628 sponsus
1662 591 1692 619 in
1707 599 1743 619 ea
1756 598 1823 619 sua-

1043 641 1118 671 viter
1130 642 1235 676 cubet,
1251 643 1279 669 et
1298 640 1373 669 nihil
1387 640 1414 668 ei
1429 639 1497 668 duri
1512 639 1644 667 obsistat.
1659 637 1821 674 Liquescit‚

1044 688 1118 718 dum
1132 688 1292 717 devotione
1307 687 1438 722 calescit,
1453 688 1487 715 ut
1505 686 1629 715 dilectus
1644 686 1674 713 in
1694 693 1730 713 ea
1744 685 1823 713 calo-

1043 743 1108 764 rem
1127 735 1222 763 divini
1240 734 1352 763 amoris
1372 733 1521 768 inveniat,
1539 736 1572 761 ut
1589 731 1675 769 quasi
1697 731 1822 768 quidam

1044 784 1195 810 contactus
1211 780 1372 817 spiritualis
1389 779 1458 814 fiat,
1473 779 1523 816 qui
1543 779 1707 813 maximam
1726 778 1823 806 delec-

1043 828 1186 857 tationem
1207 829 1338 864 generat.
1362 827 1523 863 Liquescit,
1544 826 1616 862 quia
1634 825 1708 853 dum
1729 825 1822 854 devo-

1044 876 1123 904 tione
1130 875 1322 912 supereffluit,
1331 877 1363 903 ut
1371 875 1445 902 Deus
1453 874 1534 902 solus
1543 873 1580 910 (α)
1591 872 1714 909 plenum
1725 871 1821 900 domi-

1043 923 1128 952 nium
1142 922 1173 950 in
1188 930 1223 950 ea
1238 922 1382 956 obtineat,
1398 922 1469 949 tunc
1483 921 1704 954 omnesmotus,
1718 927 1822 947 omnes

1043 970 1142 1003 nisus,
1163 977 1266 998 omnes
1284 969 1412 1005 impetus
1434 969 1496 1003 eJ'us
1518 967 1676 996 aeternitate
1701 965 1823 995 feliciter

1043 1017 1191 1046 terminat.
1207 1026 1221 1042 n
1240 1018 1305 1045 Haec
1324 1016 1382 1044 ille.
1403 1015 1447 1044 Ad
1463 1023 1553 1051 quam
1571 1014 1696 1042 domum
1710 1013 1822 1041 aeterni-

1043 1065 1110 1094 tatis
1131 1072 1188 1093 nos
1207 1063 1365 1101 perducat,
1388 1062 1536 1091 conducat
1559 1062 1588 1090 et
1610 1061 1746 1095 inducat,
1769 1060 1821 1096 qui

1044 1112 1088 1140 est
1110 1111 1204 1140 trinus
1222 1112 1251 1139 et
1270 1118 1347 1139 unus
1366 1111 1439 1138 Deus
1467 1109 1498 1137 in
1518 1110 1660 1136 oeternum
1682 1106 1821 1135 benedic>

1044 1161 1100 1187 tus.
1117 1160 1218 1187 Amen.
