2004 3037
87 1624 185 1649 Quatuor

83 1655 154 1675 modis
159 1655 190 1676 di-

107 1686 163 1706 citur

82 1718 132 1744 quis
145 1724 188 1738 non

82 1755 133 1770 vere
139 1755 189 1769 oon-

81 1780 153 1801 tritus.

750 176 1081 214 CONFESSIONALE.
1105 176 1192 209 CAP.
1217 176 1268 210 lv.

203 246 332 276 voluerit
347 247 428 284 justa
447 247 484 276 de
505 255 595 277 causa
617 256 672 278 sua
695 247 829 277 confiteri
850 247 981 284 peccata,

204 293 354 323 licentiam
368 295 451 332 prius
465 295 611 332 postulet,
627 297 656 325 et
672 294 805 324 obtineat
823 302 840 322 a
858 293 983 330 proprio

203 341 366 377 sacerdote,
386 350 454 370 cum
473 341 556 371 aliter
570 343 632 379 ipse
645 342 732 371 illum
745 349 808 370 non
820 340 914 378 possit
928 340 983 369 ab·

204 388 320 417 solvere
338 389 387 417 vel
401 389 505 425 ligare.
520 389 663 417 Sacerdos
677 390 775 417 autem
790 388 826 416 sit
840 387 984 416 discretus

204 437 233 463 et
247 437 358 467 cautus,
378 438 411 464 ut
425 444 508 465 more
522 436 606 472 periti
622 435 742 470 medici,
758 434 985 472 superinfundat

203 482 308 510 vinum
329 484 357 510 et
373 484 474 511 oleum
487 482 661 511 vulneribus
675 481 811 517 sauciati,
828 481 984 517 diligenter

203 529 356 566 inquirens
380 531 407 558 et
425 529 588 566 peccatoris
608 529 842 558 circumstantias
865 530 893 556 et
914 536 984 564 pec-

204 576 260 604 cati
272 596 281 610 ,
307 576 416 612 quihus
446 576 608 612 prudenter
640 576 786 612 intelligat
815 575 903 612 quale
934 575 984 603 de-

204 623 273 651 beat
292 622 318 650 ei
340 623 474 658 praebere
498 623 672 659 consilium,
698 625 726 651 et
749 622 917 658 cujusmodi
939 630 985 650 rc-

203 669 336 697 medium
355 669 511 705 adhibere,
532 670 656 706 diversis
677 670 885 706 experimentis
903 670 984 713 uten-

204 715 262 751 do,
291 716 330 744 ad
359 716 528 745 sanandum
557 719 712 753 aegrotum.
743 718 852 745 Caveat
885 717 984 744 autem

203 762 326 791 omnino
349 771 387 791 ne
405 764 509 799 verbo,
530 766 580 793 aut
602 764 707 800 signo,
724 766 774 792 aut
796 763 855 791 alio
877 762 984 800 quovis

202 809 317 845 modo,
349 810 535 846 aliquatenus
566 812 676 848 prodat
702 812 899 847 peccatorem.
926 810 983 838 Sed

202 855 226 883 si
240 856 425 892 prudentiori
441 857 565 886 consilio
580 857 758 893 indiguerit,
780 857 856 885 illud
871 857 984 892 absque

202 903 265 931 ulla
287 903 475 940 expressione
489 912 624 940 personae
643 906 725 932 caute
739 904 890 940 requirat:
912 911 985 940 quo-

202 950 284 978 niam
297 951 349 986 qui
367 953 523 987 peccatum
537 952 568 979 in
587 951 779 988 poenitentiali
792 951 906 987 judicio
926 951 984 978 sibi

203 996 351 1024 detectum
377 999 599 1034 praesumpserit
618 998 769 1033 revelare,
799 1006 860 1026 non
884 998 984 1025 solum

203 1043 379 1071 sacerdotali
404 1044 503 1072 officio
539 1044 753 1081 deponendum
777 1044 982 1080 decernimus,

203 1097 307 1117 verum
320 1091 407 1118 etiam
427 1091 466 1119 ad
481 1092 633 1127 agendum
649 1093 825 1128 perpetuam
839 1091 984 1128 poeniten-

202 1137 274 1165 tiam
296 1137 327 1164 in
350 1139 462 1166 arctum
486 1139 701 1167 monasterium
720 1138 980 1167 detrudendum.»

203 1185 266 1212 Haec
281 1192 387 1213 canon.

480 1267 623 1301 CAPUT
648 1268 706 1303 IV.

456 1345 493 1372 De
520 1353 570 1372 usu
599 1345 727 1373 clavium.

494 1429 675 1453 PARTICULA
694 1429 712 1452 l.

205 1482 241 1506 De
263 1482 373 1512 quatuor
397 1481 511 1512 casibus,
531 1482 557 1506 in
578 1482 670 1513 quibus
689 1481 808 1506 sacerdos
826 1488 879 1505 non
900 1483 983 1512 potest

235 1517 379 1548 absolvere,
396 1518 421 1541 et
435 1517 504 1548 qnod
519 1524 564 1541 sex
579 1517 662 1542 modis
676 1517 739 1541 falsa
756 1517 905 1548 poenitentia
920 1517 982 1541 dici-

235 1555 285 1584 tur,
302 1555 328 1577 et
340 1553 459 1584 proprius
480 1553 601 1577 sacerdos
616 1561 662 1578 sex
675 1553 760 1578 modis
773 1553 873 1578 dieitur.

242 1611 354 1639 Primus
379 1619 480 1646 easUS,
502 1611 533 1639 in
559 1619 620 1647 quo
644 1612 783 1639 sacerdos
808 1619 870 1639 non
888 1613 984 1648 potest

205 1658 394 1687 confitentem
415 1658 587 1692 absolvere,
603 1659 661 1692 est,
679 1667 746 1687 cum
767 1658 833 1694 quis
855 1666 917 1686 non
941 1659 984 1687 est

204 1713 273 1733 vere
288 1705 439 1732 contritus.
455 1705 530 1732 Talis
546 1705 625 1733 enim
639 1713 694 1732 nec
716 1714 733 1733 a
754 1714 872 1733 summo
887 1705 984 1734 Ponti-

204 1750 259 1779 fice
277 1753 376 1788 posset
397 1751 513 1779 absolvi
535 1760 552 1779 a
572 1752 709 1787 peccatis.
734 1753 865 1785 Quatuor
884 1754 983 1780 autem

202 1799 300 1826 modis
309 1798 415 1826 dicitur
422 1799 450 1826 et
458 1801 499 1826 est
510 1799 617 1835 aliquis
624 1807 686 1826 non
694 1807 763 1826 vere
770 1799 922 1834 contrituS,
930 1799 983 1827 sed

201 1844 274 1873 salse
290 1854 297 1872 τ
314 1845 366 1881 qui
384 1846 524 1873 notantur
540 1846 603 1882 (tit.)
620 1846 657 1874 de
676 1846 856 1881 Poenitentia,
869 1846 936 1874 dist.
952 1855 983 1880 v,

203 1893 231 1919 et
245 1893 312 1919 sunt
327 1892 421 1920 verba
442 1892 574 1927 Gregorii
587 1894 596 1910 ¹
614 1901 621 1920 ε
641 1902 654 1919 «
676 1893 773 1920 Falsas
796 1893 982 1929 poenitentias

203 1937 340 1973 dicimus,
354 1947 421 1974 quae
436 1947 497 1967 non
509 1939 674 1967 secundum
685 1940 888 1968 auctoritatem
902 1948 983 1968 sanc-

202 1986 301 2012 torum
321 1986 440 2020 patrum
460 1993 516 2021 pro
540 1986 680 2021 qualitate
706 1986 864 2014 eriminum
883 1986 982 2022 impo-

203 2032 323 2058 nuntur.
346 2031 477 2067 Ideoque
498 2032 681 2068 quicumque
705 2032 802 2066 miles,
823 2033 872 2060 vel
892 2041 984 2068 nego-

203 2077 300 2112 tiator,
315 2077 364 2105 vel
379 2078 465 2106 alicui
481 2078 580 2106 officio
596 2079 723 2114 deditus,
740 2079 824 2115 quod
838 2079 900 2107 sine
913 2088 983 2115 pec-

204 2126 268 2152 cato
286 2125 415 2152 exerceri
430 2133 493 2153 non
506 2125 618 2161 possit,
635 2126 658 2153 si
679 2125 867 2161 gravioribus
889 2126 984 2162 culpis

203 2170 331 2199 irretitus
350 2171 389 2199 ad
406 2172 610 2208 poenitentiam
626 2172 754 2207 venerit,
775 2172 822 2200 vel
838 2173 889 2208 qui
902 2173 983 2200 bona

203 2218 322 2246 alterius
336 2219 442 2254 injuste
459 2220 578 2255 detinet,
593 2220 642 2248 vel
657 2220 708 2256 qui
724 2220 828 2248 odium
843 2220 874 2247 in
893 2220 983 2249 corde

204 2266 278 2301 gerit
294 2275 300 2293 ε
316 2268 509 2301 recognoscat
531 2275 561 2294 se
582 2275 684 2294 veram
704 2267 907 2303 poenitentiam
922 2275 984 2295 non

202 2320 289 2348 posse
310 2321 472 2349 peragere,
493 2322 547 2349 per
570 2322 661 2350 quam
681 2314 825 2342 advitam
845 2317 983 2342 aeternam

203 2359 299 2388 valeat
313 2360 485 2396 pervenire,
500 2361 556 2387 nisi
574 2361 807 2396 negotiationem
822 2361 981 2397 relinquat,

203 2406 251 2434 vel
265 2406 397 2434 officium
412 2407 536 2441 deserat,
553 2407 634 2436 bona
649 2408 782 2444 quidem,
798 2416 863 2444 qufe
876 2407 983 2443 injuste

205 2453 337 2488 abstulit,
353 2454 499 2488 restituat,
516 2456 544 2481 et
565 2454 669 2482 odium
684 2463 719 2483 ex
739 2455 829 2482 corde
845 2455 982 2490 dimittat,

205 2507 287 2528 arma
300 2500 449 2536 deponat,
464 2501 646 2538 ulteriusque
661 2510 723 2530 non
737 2502 824 2536 ferat,
839 2502 895 2530 nisi
911 2510 982 2530 con-

205 2547 270 2575 silio
296 2548 506 2583 religiosorum
534 2548 762 2585 episcoporum,
791 2558 846 2586 pro
880 2549 982 2577 defen—

238 2610 611 2643 ¹Greg.vu‚z‘1zSyn.Rom„
626 2620 666 2636 au.
684 2615 752 2643 1038,
766 2621 787 2638 c.
805 2620 883 2637 V1.—
898 2614 908 2629 ²
920 2614 982 2643 Jac,

206 2651 236 2676 11,
251 2647 322 2671 10.-
335 2647 344 2660 ³
360 2648 412 2671 lmo
427 2650 540 2679 auctore,
556 2648 670 2679 quisquis
686 2649 728 2674 ilie
744 2650 789 2681 sit,
810 2650 867 2673 libri
885 2649 913 2673 (le
931 2656 980 2673 ver.

1759 181 1814 212 381

1039 243 1140 272 denda
1150 243 1271 279 justitia.
1286 254 1300 271 »
1315 245 1439 279 Quintus
1450 245 1560 274 modus
1578 246 1696 275 notatur
1711 246 1818 276 eadem

1039 290 1225 319 distinctione
1243 299 1279 319 ex
1299 291 1398 320 verbis
1420 292 1580 321 innocentii
1605 294 1628 322 Π
1645 301 1652 321 :
1670 302 1685 320 «
1705 294 1818 322 Fratres

1038 339 1156 366 nostros
1176 337 1333 375 episcopos
1352 341 1381 366 et
1394 339 1583 376 presbyteros
1602 339 1819 376 admonemus,

1038 392 1076 413 ne
1091 384 1172 413 falsis
1185 385 1363 421 poenitentiis
1378 386 1524 414 laicorum
1539 387 1652 415 animas
1666 387 1774 424 decipi,
1791 390 1820 416 et

1039 431 1070 459 in
1088 431 1237 460 infernum
1256 432 1387 468 pertrahi
1405 433 1553 469 patiantur
1568 442 1576 462 :
1599 434 1705 462 falsam
1719 436 1819 463 autem

1039 478 1244 514 poenitentiam
1259 487 1321 507 esse
1332 480 1454 514 constat,
1467 488 1546 514 eum,
1558 481 1662 517 spretis
1671 481 1818 517 pluribus,

1040 524 1078 553 de
1101 534 1162 554 uno
1187 525 1252 554 solo
1275 526 1448 562 poenitentIa
1476 527 1589 562 agitur,
1609 529 1659 556 aut
1686 536 1755 557 cum
1778 529 1819 557 sic

1039 572 1135 607 agitur
1150 572 1187 600 de
1202 580 1276 607 uno,
1291 574 1324 600 ut
1337 581 1399 601 non
1414 573 1584 602 discedatur
1598 574 1636 602 ab
1651 575 1721 603 alio.
1737 576 1819 605 Unde

1039 618 1182 655 scriptum
1201 621 1243 648 est
1263 621 1274 637 ²
1296 629 1304 647 :
1332 620 1387 653 Qut·
1410 623 1494 648 totam
1517 622 1601 656 quem
1626 622 1819 658 observaverit,

1039 666 1161 700 offendat
1182 668 1271 694 autem
1293 668 1324 694 in
1340 675 1410 701 uno,
1427 668 1517 701 factus
1539 671 1578 695 est
1602 671 1720 697 omnium
1739 678 1819 705 reus,

1039 712 1149 740 seilicet
1163 715 1309 749 quantum
1320 714 1358 742 ad
1372 714 1464 742 vitam
1476 716 1625 743 aeternam.
1639 716 1718 744 Sicut
1728 716 1819 752 enim,

1039 759 1063 786 si
1079 760 1207 795 peccatis
1223 760 1362 788 omnibus
1382 763 1456 789 esset
1470 761 1622 790 involutus
1633 784 1641 797 ,
1656 763 1697 791 ita
1715 763 1767 791 etsi
1788 763 1819 792 in

1039 814 1100 834 uno
1116 808 1230 835 tantum
1249 809 1385 842 maneat,
1399 808 1466 836 vitae
1488 811 1602 837 aeternae
1620 810 1745 845 januam
1758 818 1820 838 non

1038 852 1168 881 intrabit.
1185 854 1269 882 Falsa
1284 856 1326 883 est
1341 855 1429 884 etiam
1444 856 1626 892 poenitentia,
1643 865 1711 884 eum
1726 858 1818 893 poeni-

1024 902 1103 928 ‚tens
1128 901 1167 929 ab
1189 902 1289 930 officio
1305 902 1354 930 vel
1381 903 1498 938 curiali,
1524 903 1573 931 vel
1597 904 1738 939 negotiali
1759 913 1820 933 non

1039 948 1168 982 recedit,
1183 949 1266 984 quod
1281 949 1344 977 sine
1357 950 1485 986 peccatis
1501 951 1549 986 agi
1563 950 1734 978 nullatenus
1747 959 1821 987 prse-

1039 995 1127 1029 valet,
1144 997 1195 1023 aut
1221 996 1245 1023 si
1269 996 1374 1024 odium
1399 997 1430 1024 in
1454 997 1543 1025 corde
1569 998 1704 1033 gesserit,
1721 1000 1771 1026 ant
1796 999 1820 1027 si

1039 1042 1153 1071 offenso
1169 1043 1290 1071 cuilibet
1304 1052 1365 1071 non
1381 1044 1547 1079 satisfaciat,
1557 1046 1607 1072 aut
1621 1045 1645 1072 si
1661 1045 1819 1073 offendenti

1039 1089 1169 1117 offensus
1184 1098 1245 1118 non
1260 1090 1424 1126 indulgeat,
1436 1093 1486 1119 aut
1500 1091 1523 1118 si
1539 1099 1623 1120 arma
1638 1092 1704 1128 quis
1718 1094 1820 1121 contra

1036 1135 1179 1170 J'ustitiam
1194 1137 1276 1166 ferat.
1294 1148 1307 1164 »
1327 1139 1391 1166 Haee
1406 1146 1513 1166 canon.

1074 1185 1116 1211 Ex
1129 1184 1174 1212 his
1189 1185 1307 1214 duobus
1318 1186 1452 1222 capitulis
1463 1186 1620 1222 colligitur,
1632 1187 1716 1224 quod
1731 1188 1818 1224 quin-

1039 1238 1097 1266 que
1112 1231 1211 1259 modis
1225 1232 1299 1260 falsa
1313 1233 1486 1269 poenitentia
1500 1233 1606 1262 dicitur
1618 1234 1751 1270 :primus
1765 1236 1817 1270 est,

1039 1277 1063 1304 si
1091 1278 1245 1314 confitens,
1267 1287 1304 1307 ex
1319 1281 1491 1316 contemptu
1512 1282 1540 1308 et
1563 1281 1626 1309 sine
1648 1281 1819 1310 rationabili

1039 1331 1141 1360 causa,
1158 1326 1347 1361 poenitentias
1366 1327 1532 1355 secundum
1547 1327 1753 1356 auctoritatem
1768 1330 1820 1357 Pa-

1037 1373 1116 1399 trum
1129 1373 1243 1400 taxatas
1255 1373 1354 1401 subire
1369 1374 1500 1402 noluerit
1509 1385 1517 1410 ;
1536 1375 1697 1410 secundus,
1714 1375 1739 1403 si
1756 1376 1820 1403 offi-

1038 1418 1128 1453 cium,
1140 1419 1177 1447 de
1193 1428 1253 1456 quo
1267 1420 1349 1455 vivit,
1363 1429 1425 1449 non
1434 1421 1647 1457 justificaverit,
1657 1421 1706 1449 vel
1721 1422 1745 1450 si
1757 1423 1820 1451 sine

1038 1468 1160 1501 peccato
1187 1467 1317 1495 exerceri
1344 1476 1405 1496 non
1429 1468 1536 1504 possit,
1565 1477 1627 1497 non
1652 1469 1796 1498 dimiserit
1810 1480 1818 1505 3

1038 1512 1154 1548 tertius,
1172 1513 1195 1541 si
1211 1514 1315 1542 odium
1330 1514 1361 1543 in
1377 1515 1467 1543 eorde
1490 1516 1628 1549 tenuerit;
1646 1518 1779 1552 quartus,
1796 1517 1820 1544 si

1039 1560 1139 1589 ablata
1153 1568 1215 1588 non
1237 1561 1393 1589 restituerit
1403 1571 1411 1597 3
1428 1562 1559 1598 quintus,
1575 1563 1599 1590 si
1617 1563 1648 1590 in
1666 1564 1819 1593 voluntate

1038 1608 1183 1643 peccandi
1197 1609 1385 1643 remanserit:
1409 1611 1507 1637 sextus
1528 1610 1598 1638 addi
1613 1612 1726 1646 potest,
1743 1611 1767 1638 si
1782 1611 1819 1639 de

1039 1655 1167 1691 peccatis
1181 1655 1333 1691 praeteritis
1352 1656 1530 1684 sufficienter
1550 1665 1613 1684 non
1634 1657 1776 1693 doluerit;
1793 1660 1821 1686 et

1039 1701 1087 1729 hie
1102 1703 1200 1729 sextus
1214 1702 1323 1730 modus
1333 1703 1462 1738 tangitur
1475 1703 1513 1731 ab
1524 1704 1686 1738 Augustino
1704 1705 1724 1739 ³,
1736 1705 1820 1740 cujus

1039 1748 1132 1777 verba
1155 1751 1223 1777 sunt
1249 1750 1310 1777 haec
1333 1759 1340 1778 ε
1359 1760 1374 1776 «
1395 1751 1538 1778 Continue
1556 1751 1635 1778 enim
1655 1751 1820 1779 dolendum

1041 1798 1083 1825 est
1110 1796 1147 1824 de
1171 1798 1304 1832 peceato,
1330 1797 1414 1833 quod
1439 1797 1569 1825 declarat
1596 1798 1661 1834 ipsa
1685 1798 1820 1826 dictionis

1038 1843 1142 1871 virtus.
1169 1844 1310 1871 Poenitere
1334 1844 1415 1872 enim
1437 1847 1478 1872 est
1490 1854 1598 1881 poenam
1622 1847 1722 1880 tenere;
1747 1853 1821 1881 qua-

1039 1892 1161 1926 propter
1175 1891 1346 1927 poenitentia
1368 1891 1473 1919 talium
1500 1892 1607 1920 dicitur
1623 1892 1742 1928 attritio,
1758 1900 1820 1921 non

1041 1937 1187 1965 contritio.
1205 1948 1218 1964 »

1076 1985 1228 2012 Secundus
1243 1993 1327 2013 casus
1342 1987 1394 2020 est,
1411 1986 1535 2022 quando
1556 1988 1617 2013 tam
1634 1987 1736 2022 gravia
1751 1987 1818 2022 quis

1040 2031 1187 2058 commisit
1200 2033 1321 2067 peccata
1333 2052 1339 2064 ,
1356 2032 1440 2067 quod
1459 2032 1498 2059 ad
1513 2033 1697 2068 superiorem
1713 2033 1820 2062 debeat

1040 2077 1183 2104 confitens
1198 2078 1353 2105 transmitti
1370 2088 1376 2105 :
1394 2087 1461 2114 quae
1480 2080 1579 2106 autem
1599 2079 1656 2107 sint
1671 2080 1731 2115 illa,
1749 2089 1819 2116 pos-

1040 2125 1086 2151 tea
1102 2124 1268 2152 disseretur.
1286 2124 1407 2159 Tertius,
1419 2125 1442 2152 si
1458 2125 1565 2161 majori
1581 2127 1819 2155 excommunica-

1039 2170 1119 2198 tione
1140 2171 1176 2198 sit
1189 2171 1331 2199 confitens
1351 2171 1526 2206 innodatus,
1541 2180 1558 2200 a
1573 2181 1633 2208 qua
1647 2181 1709 2201 non
1723 2176 1819 2209 potest

1041 2217 1168 2252 absolvi,
1184 2218 1299 2254 nisiper
1312 2218 1469 2254 proprium
1479 2219 1673 2247 sacerdotem.
1682 2221 1817 2255 Quartus,

1041 2264 1064 2291 si
1072 2264 1216 2292 confitens
1230 2273 1291 2292 non
1303 2267 1345 2292 est
1354 2265 1490 2292 subditus
1505 2265 1690 2300 confessoriS,
1709 2269 1736 2295 et
1750 2275 1819 2295 eon-

1039 2311 1132 2339 fessor
1146 2320 1207 2339 non
1220 2312 1256 2340 sit
1274 2312 1337 2347 ejus
1357 2312 1496 2340 sacerdos
1517 2313 1671 2349 proprius,-
1687 2314 1771 2350 quia,
1788 2317 1820 2342 ut

1041 2358 1112 2386 dicit
1126 2367 1222 2386 canon
1235 2367 1276 2394 w,
1294 2361 1395 2395 quaest.
1411 2367 1444 2386 111
1462 2368 1468 2386 :
1487 2369 1501 2385 «
1514 2359 1658 2395 Scriptum
1673 2368 1707 2388 ex
1724 2363 1820 2389 Deute-

1040 2408 1157 2434 ronomio
1171 2407 1182 2423 ὦ
1196 2414 1206 2434 .·
1224 2407 1308 2434 Nemo
1323 2406 1398 2434 (lebet
1412 2407 1510 2440 falcem
1530 2408 1559 2433 z'n
1578 2415 1685 2434 messem
1704 2409 1819 2436 alterius

1040 2455 1156 2481 mittere.
1169 2464 1182 2479 »
1196 2455 1277 2486 Etlx,
1290 2454 1392 2488 quaest.
1408 2461 1428 2480 11
1442 2462 1447 2480 :
1464 2453 1590 2481 «Nullus
1601 2453 1818 2490 parochianum

1040 2500 1159 2528 alterius
1169 2501 1304 2535 judicare
1312 2503 1483 2536 praesumat.
1496 2511 1509 2526 ›>
1524 2502 1556 2528 Et
1566 2501 1614 2536 (de
1625 2503 1715 2535 Poen„
1729 2501 1758 2529 d.
1776 2510 1816 2537 vr,

1040 2547 1070 2575 in
1084 2547 1166 2583 fine),
1182 2547 1252 2575 dicit
1266 2548 1401 2576 Urbanus
1416 2548 1455 2575 11:
1471 2557 1484 2574 <t
1499 2548 1552 2581 Qui
1569 2550 1670 2576 contra
1684 2548 1746 2576 haec
1761 2550 1817 2577 sta-

1040 2613 1063 2635 e!
1081 2611 1140 2642 suls.
1162 2612 1261 2642 Paruit„
1278 2618 1299 2634 c.
1316 2617 1402 2640 xxvu,
1423 2610 1447 2634 in
1468 2611 1578 2641 append.
1598 2612 1661 2635 tom.
1680 2612 1726 2643 Vi,
1743 2613 1815 2644 Oper,

1040 2649 1066 2672 S.
1085 2649 1149 2679 Aug.
1164 2661 1195 2665 —
1210 2647 1220 2663 4
1235 2648 1320 2676 Deam,
1336 2652 1414 2677 xxm,
1429 2648 1468 2670 25.

1834 1201 1943 1223 Poeniteu-

1839 1234 1870 1253 tia
1879 1233 1933 1254 falsa

1841 1270 1879 1284 sex
1885 1270 1932 1285 mo-

1834 1295 1868 1316 dis
1884 1297 1939 1316 dici-

1865 1329 1909 1348 tur.
