2004 3037
724 229 810 262 CAP.
835 229 873 261 11.
900 227 1125 261 PARthtJLA
1146 230 1182 261 ΙΙ.

36 305 94 331 Quid
104 307 133 328 sit
145 301 247 329 inveni.
267 300 328 329 Hoc
343 300 386 328 est
397 299 520 336 proprie
533 306 588 336 per
601 298 703 327 noctes
717 305 864 334 quoerere,
880 296 925 325 vi-

23 341 62 363 per
76 343 129 359 noc-

22 368 66 389 tem
73 374 131 396 qun-

48 399 103 424 [rere

22 435 130 456 :pennum

21 1202 78 1228 Quid
88 1203 127 1224 im-

39 1236 111 1262 portet

39 1266 112 1288 hodie.

145 345 253 376 delicet
274 353 330 383 per
350 347 498 375 creaturas
511 352 710 381 consurgere,
731 345 761 372 et
783 343 926 373 dilectum

143 393 176 422 in
198 393 311 422 eisdem
330 400 461 430 quaerere
471 413 481 428 ‚
504 394 537 422 ut
555 391 680 429 quidam
701 391 799 420 dicere
819 390 923 419 volue—

143 443 230 476 runt,
255 440 339 478 quod
352 447 484 477 quaerere
497 447 552 477 per
565 440 686 475 noctes,
709 439 772 467 erat
792 445 924 475 quaerero

143 496 198 524 per
217 489 385 523 creaturas,
408 487 458 516 vel
478 495 532 524 per
551 487 678 523 vestIgia
696 488 899 515 creaturarum
915 494 921 513 :

143 534 196 563 sed
209 535 267 563 hoc
279 535 448 571 anagogico
463 537 491 563 et
505 534 621 563 unit1vo
633 533 728 562 motui
742 541 805 562 non
818 540 924 561 conve-

142 581 195 617 nit,
221 589 289 609 cum
312 581 374 610 sine
395 581 477 610 omni
498 581 633 618 speculo,
659 580 797 614 affectus,
822 587 924 608 amore

143 627 336 664 sublevante,
361 628 418 664 ipsi
439 628 514 657 fonti
537 627 678 657 bonitatis
698 629 813 656 aeternae
833 626 923 655 inhae-

141 676 213 703 reat.
246 674 304 703 Sed
327 677 396 703 tunc
419 683 473 712 per
494 677 613 703 noctem
634 674 742 703 dicitur
771 681 922 711 quaerere,

142 721 265 758 quando
285 721 387 758 aliqua
407 721 444 750 de
464 730 554 750 causa
573 729 656 750 mens
675 721 706 750 in
727 721 787 749 suis
806 728 924 748 sursum

141 768 309 797 actionibus
323 768 497 805 impeditur,
510 768 584 797 utin
596 777 687 805 quem
700 768 799 804 primo
812 767 922 804 lucide,

142 816 171 842 et
184 815 320 851 expedite
331 836 341 850 ,
363 816 391 843 et
408 815 548 852 praeclare
564 815 628 844 sine
642 815 766 844 tenebra
780 815 924 843 moveba-

141 862 200 896 tur,
215 861 398 898 quandoquc
409 862 604 898 caliginosam
616 870 647 890 se
660 863 776 897 sentiat,
793 864 823 890 ut
835 861 923 890 etiam

143 907 265 936 affectus
287 917 306 936 a
320 908 507 945 cogitatione
536 909 720 945 phantastica
742 909 774 936 in
796 908 869 943 illo,
893 909 923 936 in

143 962 233 990 quem
253 956 410 990 movetur,
429 956 479 984 vix
498 955 594 984 valeat
613 956 745 992 separari
761 965 768 983 :
793 955 876 992 quod
890 955 923 983 fit

142 1001 327 1038 quandoque
354 1003 476 1038 propter
504 1009 590 1030 suam
613 1002 843 1037 negligentiam,
874 1002 923 1030 vel

142 1047 208 1075 aliis
231 1047 268 1075 de
293 1048 408 1083 causis,
431 1050 464 1076 ut
485 1049 589 1084 postea
612 1049 778 1085 apparebit.
798 1049 922 1082 Quaesivi

142 1102 233 1129 ergo,
253 1096 281 1122 et
295 1102 357 1122 non
370 1095 470 1123 inveni
489 1095 520 1123 in
544 1097 625 1123 tanta
646 1096 776 1131 agilitate
792 1095 922 1123 affectio-

141 1149 214 1168 num
229 1141 416 1176 ardentium,
431 1143 464 1170 ut
477 1142 623 1170 solebam.

178 1187 249 1216 Petit
262 1188 351 1216 etiam
371 1189 469 1223 hodie,
483 1189 542 1216 hoc
561 1190 622 1223 est,
644 1188 675 1216 in
693 1189 830 1225 praesenti
844 1190 922 1225 vita,

141 1234 254 1262 ratione
274 1235 441 1263 aeternitatis
451 1255 461 1269 ,
482 1243 549 1271 quae
569 1236 611 1263 est
629 1235 757 1271 simplex
772 1238 800 1263 et
813 1236 901 1264 unica
911 1258 920 1272 ,

143 1289 208 1316 quae
222 1281 252 1308 in
268 1290 370 1310 amore
384 1281 553 1309 viventibus
567 1281 671 1318 incipit
685 1282 715 1309 in
730 1283 866 1319 praesenti
879 1283 922 1311 vi-

142 1328 171 1354 ta
184 1337 190 1355 z
208 1327 278 1364 quia
293 1336 378 1355 amor
392 1327 459 1363 ille,
475 1336 536 1364 quo
551 1336 677 1364 sponsus
692 1329 723 1356 in
737 1329 797 1357 vita
812 1329 864 1357 ista
879 1330 922 1357 di-

141 1373 252 1409 ligitur,
269 1374 348 1402 idem
364 1376 406 1402 est
420 1382 545 1403 numero
561 1383 630 1403 cum
644 1375 708 1410 illo,
725 1384 785 1411 quo
800 1376 831 1403 in
841 1378 922 1404 aeter-

141 1420 232 1448 nitate
252 1421 355 1456 gloriae
377 1421 570 1457 gubernatori
591 1422 726 1449 omnium
740 1422 866 1450 unietur.
890 1425 922 1451 Et

141 1466 198 1494 hoc
220 1469 280 1502 est,
308 1467 391 1503 quod
412 1468 519 1496 dicitur
547 1469 644 1504 hodie,
675 1469 758 1505 quod
779 1470 921 1498 unitatem

141 1515 169 1541 et
184 1513 346 1541 claritatem
361 1514 466 1549 signat.
488 1516 521 1542 Et
538 1514 606 1542 ideo
631 1523 760 1551 praesens
774 1517 834 1543 vita
849 1516 921 1544 dici-

141 1560 198 1593 tur,
223 1562 255 1588 ut
281 1560 393 1588 dictum
416 1563 459 1588 est
483 1561 515 1588 in
538 1561 652 1589 ratione
679 1562 919 1590 continuationis.

140 1607 269 1634 Praesens
284 1606 401 1642 dicitur,
422 1607 494 1643 quia
505 1629 514 1642 ,
535 1616 604 1636 cum
619 1616 721 1636 amore
736 1609 857 1637 inhaeret
870 1618 920 1638 ve-

140 1652 201 1680 rius
224 1655 252 1681 et
274 1653 409 1681 veracius
427 1654 498 1682 vino
518 1656 545 1682 et
565 1663 643 1691 pane
664 1655 803 1690 reficitur,
828 1664 920 1692 quam

140 1699 264 1736 aliquod
276 1708 384 1736 corpus
394 1700 444 1728 alii
456 1701 575 1737 corpori
585 1702 718 1729 sensibili
730 1710 784 1738 per
794 1702 920 1739 aliquod

140 1746 307 1781 glutinum,
330 1747 379 1774 vel
401 1747 556 1775 vinculum
575 1748 727 1776 materiale
751 1750 918 1784 copuletur.

139 1794 172 1820 Et
184 1792 242 1821 hoc
258 1794 300 1821 est
314 1794 397 1829 quod
412 1793 452 1821 ait
467 1794 585 1822 divinus
601 1795 773 1830 Apostolus,
789 1797 920 1831 aspiran-

139 1840 174 1867 tis
189 1840 295 1868 animae
309 1840 423 1868 unitiva
437 1841 564 1877 suspiria
574 1841 767 1869 collaudans¹
781 1851 787 1869 :
805 1843 859 1874 Qui
871 1843 919 1869 ad-

138 1886 221 1913 haeret
237 1888 302 1921 Deo,
319 1895 388 1914 unus
403 1889 520 1922 spiritus
536 1890 591 1922 est,
609 1890 662 1915 etc.
686 1889 762 1916 Bene
778 1897 849 1923 ergo
865 1889 917 1917 de-

138 1932 210 1960 bent
222 1933 379 1969 praesentia
391 1941 453 1961 non
464 1933 611 1962 immerito
623 1934 778 1970 appellari,
795 1935 847 1963 ubi
857 1944 919 1963 non

138 1981 251 2007 tantum
262 1980 484 2015 praesentialiter
498 1989 607 2016 sponsa
620 1981 718 2009 dilecti
731 1984 803 2009 astat
816 1990 917 2018 aspec-

138 2025 234 2060 tibus,
256 2026 308 2053 sed
327 2034 395 2053 cum
409 2026 474 2062 ipsa
493 2035 576 2054 unum
596 2035 614 2055 a
633 2027 735 2055 divino
755 2028 896 2065 Apostolo
908 2051 916 2064 ,

138 2072 292 2100 hierarcha
316 2072 397 2100 istius
422 2074 570 2108 sapientiae
580 2095 589 2108 ,
616 2075 797 2103 nominatur.
829 2077 918 2104 Hodie

138 2118 226 2146 etiam
240 2119 337 2146 lucem
352 2118 510 2154 importat,
533 2120 604 2155 quia
618 2122 687 2148 tunc
703 2121 760 2148 sibi
776 2130 844 2149 vere
860 2123 918 2150 ori-

137 2167 184 2193 tur
197 2165 240 2193 sol
253 2165 389 2201 justitiae,
412 2174 480 2193 cum
499 2166 590 2193 radiis
608 2166 757 2193 solaribus
773 2168 811 2195 ad
828 2176 916 2203 supe-

136 2212 216 2239 riora
230 2212 383 2240 instruitur
399 2212 529 2248 elevari;
551 2214 578 2240 et
593 2212 662 2240 ideo
681 2213 711 2239 in
730 2214 850 2241 Canticis
865 2223 916 2241 au-

136 2266 205 2286 rora
221 2260 350 2286 meretur
369 2259 533 2294 appellari,
555 2259 607 2286 ubi
628 2259 754 2286 dicum—2
768 2269 774 2287 :
800 2261 863 2293 Quoe
877 2265 917 2288 est

136 2307 192 2332 ista
216 2314 274 2340 ‹111oe
295 2306 469 2341 progreditur
498 2307 579 2341 quasi
603 2314 701 2333 aurora
731 2315 889 2341 consurgens
903 2310 916 2334 ἴ)

136 2352 215 2379 Tunc
229 2352 308 2379 enim
321 2360 397 2388 pane
409 2353 477 2379 vitae
490 2353 553 2387 jam
569 2352 671 2388 incipit
683 2352 779 2386 refici,
795 2362 863 2381 cum
876 2355 914 2382 ad

135 2398 262 2425 modum
284 2407 398 2427 aurorae
421 2399 600 2433 crescendo,
626 2401 654 2426 et
676 2399 707 2426 in
731 2408 864 2428 amorem
883 2409 913 2428 sc

137 2445 294 2480 elevando,
306 2446 411 2473 virtute
424 2446 516 2481 ipsius
527 2445 637 2474 amoris
650 2446 680 2473 in
693 2446 822 2474 motibus
835 2455 914 2482 egre-

137 2490 286 2519 dientibus
299 2500 329 2519 se
341 2493 426 2520 sentit
438 2492 705 2528 experimentaliter
720 2501 837 2521 sursum
853 2494 911 2529 agi.

137 2538 221 2571 Quod
233 2539 466 2574 experimentum
481 2539 536 2574 (ne
548 2538 671 2566 facultas
682 2539 800 2567 errandi
811 2540 914 2568 indoc-

137 2584 172 2611 tis
186 2587 213 2612 et
226 2585 325 2621 pueris
341 2585 442 2621 detur)
458 2585 531 2613 nihil
545 2584 628 2613 alind
643 2587 705 2619 est,
720 2586 776 2613 nisi
791 2587 913 2623 expedi-

170 2685 177 2700 ¹
198 2684 205 2707 l
229 2683 296 2714 Cor„
317 2689 357 2713 νι,
380 2685 418 2708 17.
434 2697 465 2701 —
483 2685 491 2698 ’Δ
514 2684 597 2715 Cant.,
618 2690 656 2713 w,
681 2686 704 2707 9.
723 2697 751 2703 -
776 2686 784 2699 ³
805 2686 911 2717 Philip„

1725 240 1763 269 15

981 295 1023 323 tio
1037 298 1194 333 motuum,
1221 301 1250 327 et
1273 300 1468 328 consurrectio
1489 301 1696 332 ardentissima
1709 312 1763 340 per

982 342 1119 379 eosdem3
1129 344 1213 381 quod
1219 353 1279 374 non
1287 346 1386 375 minus
1396 355 1414 376 a
1423 350 1522 376 mente
1532 349 1690 380 exercitata
1699 359 1763 388 per-

982 389 1099 426 cipitur,
1120 399 1212 427 quam
1232 393 1338 421 oculus
1357 394 1522 430 corporalis
1540 395 1652 424 bovem
1672 398 1763 426 sensi-

979 435 1072 465 bilem
1085 438 1286 467 transeuntem
1306 447 1360 476 per
1377 440 1513 469 semitam
1532 444 1759 480 contempletur.

981 483 1068 517 Quod
1082 484 1121 512 ad
1134 492 1263 521 praesens
1277 486 1455 523 supponitur
1465 508 1475 522 ‚
1490 495 1559 516 cum
1571 489 1602 517 in
1616 492 1762 528 sequenti-

980 529 1038 558 bus
1060 530 1118 559 hoc
1140 533 1322 568 argumentis
1345 533 1601 570 irrefragabilibus
1626 545 1762 575 compro-

981 577 1077 606 betur.
1098 578 1173 612 Quia
1191 586 1262 614 ergo
1278 579 1335 607 sibi
1348 579 1411 616 Jam
1425 580 1528 617 incipit
1549 584 1694 613 aeternitas
1705 607 1714 622 ,
1735 588 1763 615 et

981 624 1082 660 sponsi
1105 626 1260 661 praesentia
1272 647 1280 660 ,
1302 628 1329 654 et
1350 626 1401 655 lux
1421 627 1510 656 etiam
1527 628 1675 666 refulgere
1690 632 1761 661 inte-

979 670 1061 705 rius,
1081 671 1151 699 dicit
1171 672 1208 700 de
1228 672 1337 701 talibus
1357 682 1485 710 magnus
1500 675 1656 706 hierarcha
1674 686 1760 715 apos-

979 716 1087 745 tolicus
1097 718 1126 746 ³:
1142 720 1244 748 Nostra
1258 723 1422 748 conversatio
1437 723 1467 749 in
1483 723 1555 751 coelis
1570 727 1619 758 est,
1634 725 1705 761 quia
1719 728 1762 754 est

976 764 1040 800 ‚iam
1051 765 1104 793 lux
1116 767 1187 795 solis
1199 768 1317 803 justitiae
1331 777 1420 805 super
1434 771 1554 806 terram,
1570 771 1601 799 id
1616 774 1667 808 est,
1680 782 1762 802 men·

980 813 1040 839 tem
1055 815 1205 842 amantem
1219 814 1318 843 adhuc
1334 817 1461 844 terrestri
1476 819 1596 854 corpori
1607 820 1760 856 sociatam,

980 866 1034 894 per
1048 860 1148 896 quod,
1163 860 1231 889 licet
1245 870 1263 890 a
1276 862 1321 890 sui
1337 863 1487 892 tendentia
1500 865 1703 901 multipliciter
1716 876 1761 896 re-

979 905 1111 934 tardetur
1121 928 1131 941 ,
1152 909 1251 936 tamen
1265 908 1354 937 flante
1369 912 1469 938 austro
1484 912 1704 942 manuductivae
1717 915 1760 943 in-

979 952 1149 988 spirationis
1173 963 1228 990 per
1252 956 1353 984 radios
1377 956 1518 986 divinitus
1543 959 1692 989 immissos
1721 962 1760 990 ad

979 998 1127 1029 diviniora
1157 1002 1346 1038 suscipienda
1375 1004 1503 1041 desuper
1527 1007 1668 1042 aperitur,
1692 1016 1760 1036 cum

979 1046 1109 1074 maxime
1120 1055 1139 1075 a
1149 1050 1232 1084 parte
1244 1048 1375 1078 inferiori
1387 1053 1522 1087 respectu
1536 1053 1760 1083 mundanorum

979 1091 1202 1122 delectabilium
1224 1095 1388 1124 obturatur.
1413 1099 1444 1125 Et
1462 1098 1524 1126 haec
1539 1101 1674 1135 superior
1691 1109 1760 1137 por-

978 1138 1030 1173 tio,
1046 1148 1112 1175 quae
1124 1142 1184 1168 Deo
1197 1142 1308 1177 unitur,
1324 1146 1352 1171 et
1366 1152 1442 1179 pane
1459 1146 1547 1173 etiam
1558 1146 1626 1174 vitae
1640 1149 1667 1175 et
1678 1155 1761 1177 amo-

977 1185 1018 1212 ris
1041 1186 1182 1223 reficitur,
1207 1188 1275 1216 licet
1298 1197 1314 1217 a
1338 1192 1420 1225 parte
1444 1191 1575 1219 inferiori
1598 1194 1760 1230 terrestris,

977 1239 1039 1259 non
1057 1233 1178 1269 eoelica,
1200 1235 1308 1263 multas
1328 1236 1564 1272 importunitates
1586 1240 1690 1268 sentiat
1708 1249 1760 1268 sae-

977 1278 1118 1315 pissime,
1144 1280 1192 1308 vel
1215 1281 1316 1310 invita.
1342 1283 1466 1312 Claudat
1487 1293 1576 1320 ergo,
1601 1289 1759 1322 quantum-

978 1334 1107 1363 cumque
1122 1330 1226 1363 potest,
1244 1329 1365 1357 affectus
1379 1330 1498 1365 ostium,
1513 1340 1550 1359 ne
1566 1332 1604 1360 ad
1619 1333 1760 1363 inferiora

977 1373 1133 1408 respiciat;
1155 1375 1207 1402 sed
1222 1376 1261 1403 ad
1277 1376 1379 1404 divina
1395 1386 1511 1406 sursum
1532 1380 1646 1408 actione
1662 1381 1758 1409 fideli-

977 1421 1020 1446 ter
1035 1420 1074 1447 ad
1088 1420 1146 1448 hoc
1159 1422 1278 1457 aspiret,
1294 1425 1325 1450 ut
1339 1423 1395 1451 sibi
1412 1432 1430 1451 a
1445 1424 1552 1453 dilecto
1570 1426 1684 1455 dicatur
1694 1429 1758 1463 jam

977 1469 1110 1494 coenante
1134 1476 1202 1495 cum
1221 1468 1304 1504 ipsa⁴
1319 1479 1325 1497 :
1347 1471 1449 1498 Hortus
1468 1473 1606 1500 conclusus
1621 1482 1648 1501 es
1659 1494 1668 1508 ,
1683 1483 1758 1502 soror

977 1521 1036 1540 mea
1050 1522 1148 1548 sponsa
1158 1537 1166 1549 ,
1183 1516 1275 1543 hortus
1290 1518 1429 1545 conclusus
1440 1539 1448 1552 ,
1466 1520 1526 1552 fons
1540 1522 1666 1554 signatus
1679 1531 1689 1549 .·
1705 1523 1757 1558 qui

976 1559 1079 1588 hortus
1104 1560 1211 1589 dieitur
1237 1562 1344 1591 florens
1368 1572 1436 1592 rosa
1462 1565 1563 1593 odoris
1576 1576 1583 1593 ι
1610 1568 1661 1603 qui
1687 1568 1756 1596 ideo

977 1607 1134 1635 conclusus
1159 1608 1277 1642 dicitur,
1302 1611 1333 1637 ut
1356 1611 1457 1638 nullus
1478 1612 1684 1649 adversarius,
1709 1615 1757 1643 vel

975 1654 1180 1690 propinquus,
1201 1656 1379 1691 particulam
1394 1658 1456 1685 veri
1476 1660 1586 1687 amoris
1606 1661 1756 1697 obtineat,

975 1699 1032 1727 nisi
1046 1700 1095 1727 ille
1111 1701 1148 1728 de
1161 1709 1222 1737 quo
1235 1702 1324 1737 dicit,
1340 1703 1391 1739 qui
1407 1704 1488 1732 solus
1503 1706 1616 1733 ratione
1631 1715 1691 1735 suae
1703 1708 1756 1735 sso-

974 1746 1047 1774 ridae
1062 1746 1223 1775 honestatis
1237 1749 1312 1776 nihil
1330 1750 1424 1778 aufert
1439 1752 1555 1786 penitus
1567 1774 1576 1787 ,
1592 1753 1644 1780 sed
1659 1754 1756 1789 potius

974 1792 1087 1828 reficit,
1104 1794 1141 1822 de
1157 1795 1253 1831 seipso
1266 1796 1434 1831 jucundum
1449 1799 1608 1833 perhibens
1627 1801 1756 1829 testimo·

974 1839 1078 1875 nium,
1102 1840 1211 1869 dicitff:
1234 1843 1290 1876 Ego
1304 1845 1352 1877 flos
1368 1846 1476 1879 campi,
1496 1848 1521 1872 et
1540 1847 1631 1873 lilium
1652 1849 1756 1874 conval—

974 1886 1042 1913 lium
1054 1895 1064 1914 .·
1084 1887 1136 1922 qui
1150 1895 1211 1915 non
1227 1891 1308 1917 extra
1323 1890 1418 1925 ipsam
1429 1912 1437 1926 ,
1453 1891 1506 1918 sed
1521 1893 1619 1927 potius
1634 1893 1754 1921 interio-

974 1940 1037 1960 rem
1058 1933 1273 1962 habitationem
1295 1940 1453 1972 appetens,
1478 1940 1505 1965 et
1522 1939 1561 1966 ad
1582 1939 1640 1967 hoc
1661 1940 1755 1968 effica-

974 1979 1036 2007 cius
1050 1980 1238 2016 implendum
1248 2003 1256 2016 ,
1278 1983 1369 2010 menti
1389 1984 1578 2020 pauperculae
1592 1985 1755 2014 Altissimus

973 2033 1002 2052 se
1017 2027 1163 2062 invitans,
1184 2030 1216 2055 ut
1235 2028 1332 2064 ipsam
1352 2029 1422 2057 vino
1439 2032 1466 2057 et
1480 2039 1556 2066 pane
1572 2032 1703 2066 reficiat,
1723 2033 1754 2060 id

974 2074 1035 2107 est,
1051 2074 1288 2102 consolationem
1301 2075 1442 2110 jucundae
1458 2076 1619 2104 divinitatis
1635 2078 1752 2111 tribuat,

973 2118 1014 2146 sic
1035 2119 1142 2147 dicit⁶z
1164 2122 1252 2155 Aperi
1270 2122 1355 2154 mihi,
1378 2131 1452 2149 soror
1470 2132 1547 2158 mea,
1572 2126 1660 2151 amica
1674 2133 1751 2160 mea,

973 2168 1092 2193 columba
1112 2175 1189 2201 mea,
1211 2169 1277 2202 quia
1297 2171 1379 2202 caput
1398 2178 1483 2196 meum
1496 2172 1607 2205 plenum
1626 2175 1664 2199 est
1684 2181 1750 2200 rore.

972 2213 1036 2240 Jam
1065 2213 1268 2241 conditionem
1294 2216 1530 2250 provocatricem
1554 2219 1696 2254 apponit,
1726 2222 1754 2247 et

972 2259 1176 2295 multiplicem,
1192 2260 1287 2296 ipsam
1302 2261 1504 2297 multipliciter
1515 2266 1541 2291 et
1551 2265 1676 2303 dulciter
1686 2274 1753 2302 pro-

971 2306 1108 2333 vocando
1121 2327 1130 2340 ,
1153 2308 1185 2334 ut
1200 2315 1235 2334 ex
1252 2310 1334 2342 parte
1357 2308 1455 2336 dilecti
1479 2310 1569 2345 plena
1586 2312 1750 2348 designatio

971 2352 1130 2387 habeatur,
1150 2354 1233 2389 quod
1252 2362 1305 2389 per
1326 2354 1425 2390 ipsum
1449 2364 1510 2384 non
1532 2360 1655 2391 steterit,
1679 2361 1751 2395 quin

971 2408 1054 2427 mens
1069 2400 1225 2436 profundis
1244 2401 1414 2437 beneficiis,
1442 2403 1528 2431 donis
1543 2407 1571 2432 et
1585 2405 1751 2441 fulgoribus

971 2447 1103 2482 plenarie
1116 2447 1273 2483 repleatur.
1290 2449 1384 2484 Caput
1395 2449 1517 2484 plenum
1530 2459 1594 2479 rore
1606 2453 1749 2487 nominat,
1789 2476 1792 2477 γ

971 2493 1042 2529 quia
1057 2494 1131 2521 sicut
1144 2502 1161 2521 a
1174 2494 1268 2530 capite
1281 2494 1432 2522 descendit
1444 2498 1541 2524 motus
1556 2501 1583 2525 et
1597 2506 1698 2526 sensus
1710 2499 1750 2527 ad

969 2540 1107 2568 membra
1126 2540 1267 2568 inferiora
1278 2561 1287 2575 ,
1310 2549 1375 2577 quae
1393 2542 1484 2570 vitam
1500 2545 1642 2572 veraciter
1662 2547 1749 2573 attes-

969 2587 1077 2621 tantur,
1091 2586 1133 2614 sic
1145 2587 1183 2614 ab
1195 2587 1260 2623 ipso
1271 2587 1429 2623 Altissimo,
1446 2590 1496 2625 qui
1509 2593 1597 2627 caput
1609 2592 1748 2621 esttotius

969 2655 1008 2680 111,
1023 2651 1064 2674 20.
1076 2663 1107 2667 —
1124 2650 1132 2663 ⁴
1152 2649 1286 2680 Cant.,1v,
1304 2652 1340 2674 12.
1359 2665 1385 2668 -
1402 2653 1412 2668 ⁵
1428 2652 1501 2683 ibid„
1520 2659 1548 2684 11,
1567 2656 1585 2678 t.
1605 2668 1629 2671 —
1648 2655 1658 2671 ⁸
1673 2655 1747 2686 lhid.‚

970 2690 995 2715 v,
1010 2687 1033 2709 2.
