2004 3037
222 243 262 273 64
565 233 826 271 COMPENDIUM
844 232 1108 270 -THEOLOGICAE
1127 237 1355 271 VEm'rATls.
1377 237 1454 270 LlB.
1475 234 1501 269 1.

221 308 364 337 Dominus
377 307 409 335 in
423 305 498 336 isaia
512 306 521 323 ¹
537 315 544 334 :
560 306 593 334 Si
609 307 809 342 qeneratitmem
822 305 888 334 aliis
902 305 1004 340 tribuo,

221 357 279 392 ipse
291 355 394 383 sterilis
408 362 452 382 ero
461 355 476 381 ξ)
489 353 579 388 Quasi
591 352 671 382 dieat
686 361 694 381 ε
708 353 783 381 Non.

256 403 340 431 Pater
351 401 432 430 enim
440 400 644 438 multiplieiter
653 399 789 428 sumitur.
805 399 914 428 Dicitur
924 399 1005 428 enim

221 451 315 484 Pater,
331 451 356 477 l.
373 449 490 477 AEterna
504 447 712 484 generatione3
728 447 818 476 isaias
831 447 843 465 ²
858 455 866 474 ι
885 447 1004 476 Genera-

221 498 322 524 tionem
342 495 400 531 ejus
421 497 482 532 quis
500 496 663 524 enarrabit?
679 495 709 522 2.
729 493 1004 528 Praedestinatione5

221 543 262 572 ad
274 542 416 580 Ephesios
429 543 440 560 ³
455 551 463 570 ι
481 542 580 571 Gratia
592 543 684 575 vobis,
699 543 724 570 et
738 549 798 578 poa·
811 549 828 569 α
843 542 896 569 Deo
912 542 1005 576 Patre,

221 591 271 626 qui
301 590 511 626 proedestinaoit
537 597 584 617 vos
612 591 644 616 in
675 588 848 624 adoptionem
875 589 1004 623 filiorum.

221 639 249 666 3.
263 637 430 673 creatione3
454 637 485 666 in
500 636 730 666 Deuteronomio
745 637 756 653 ¹·
773 645 780 664 :
797 635 940 671 Numquid
954 643 1007 663 non

221 686 281 721 ipse
292 687 331 713 est
343 687 422 720 pater
433 687 505 718 tuus,
517 687 566 720 qui
574 684 707 719 possedit,
721 684 796 718 feeit,
808 686 834 711 et
847 684 949 711 creauit
960 684 1007 710 te?

221 733 314 769 Fecit,
334 733 476 770 inquam,
497 732 663 761 seeundum
688 739 812 767 eorpus3
832 729 943 758 creavit
960 737 1007 757 se-

222 780 356 808 eundum
379 779 530 815 animam;
550 778 684 816 possedit
702 777 868 806 secundum
889 778 1007 804 utrum-

222 836 290 864 que.
301 828 328 856 4.
339 827 568 863 Redemptione3
584 825 672 854 lsaias
685 825 695 842 ὅ
708 835 714 852 :
729 826 780 859 Tu,
791 825 914 856 Domine,
927 825 1009 851 Pater

221 878 322 910 noster,
339 878 364 904 et
378 876 531 912 redemptor
544 878 651 908 nostem
666 883 683 902 a
696 874 792 902 soeculo
805 880 900 900 nomen
918 874 1006 899 tuum.

222 924 248 951 5.
279 922 489 952 sacramentali
515 921 741 958 regeneratione
769 921 779 937 ⁶
804 929 811 948 ι
846 918 1007 946 Benedictus

223 972 310 1006 Deus,
335 973 361 999 et
384 972 466 998 Pater
490 970 602 997 Domini
621 969 710 996 nostri
732 968 795 995 Jesu
813 966 932 1000 Christi,
959 966 1008 1000 qui

221 1019 389 1053 reqeneravit
402 1025 460 1045 nos.
474 1018 501 1045 6.
518 1015 600 1044 Fidei
615 1014 808 1043 instructione
823 1014 834 1030 ⁷
851 1021 858 1040 :
876 1012 956 1040 Dedi!
970 1013 1009 1039 eis

220 1067 382 1101 potestatem
402 1065 474 1099 filios
494 1064 546 1091 Dei
565 1064 642 1097 fieri,
657 1062 700 1089 his
718 1063 767 1096 qui
791 1060 903 1088 credunt
918 1061 948 1086 in
963 1066 1009 1086 no-

222 1113 294 1139 mine
321 1112 386 1146 eius.
414 1112 441 1138 7.
466 1109 581 1139 Gratiae*
596 1108 758 1145 adoptione
781 1107 792 1123 ⁸
823 1116 829 1134 :
855 1106 1009 1141 Acceptstis

222 1160 351 1194 spiritum
374 1158 530 1193 adoptionis
551 1158 691 1192 filiorum,
714 1157 743 1182 in
767 1162 819 1190 quo
839 1155 1008 1181 clamamus:

223 1207 301 1234 Abba
314 1210 402 1241 pater.
428 1207 455 1233 8.
478 1204 582 1233 Gloriae
602 1203 762 1231 collatione
777 1202 788 1218 θ
805 1210 811 1229 z
834 1202 930 1235 Itaque
948 1199 1009 1234 jam

224 1262 277 1281 non
291 1256 329 1281 est
342 1261 448 1287 servus,
460 1252 516 1284 ,sed
534 1253 608 1287 filius
624 1261 632 1278 .·
652 1250 724 1286 quod
741 1251 764 1277 si
778 1250 868 1283 filius,
885 1250 910 1275 et
927 1248 1009 1274 htrres

221 1309 272 1337 per
289 1302 389 1333 Deum,
413 1299 446 1328 id
466 1301 523 1333 est,
544 1306 598 1335 per
619 1305 712 1334 opera
731 1297 795 1324 Dei:
817 1303 909 1332 opera
929 1295 1009 1323 enim

223 1350 325 1376 nostra
339 1347 436 1383 magis
449 1348 515 1374 sunt
530 1353 583 1382 per
599 1346 690 1373 Deum
708 1344 775 1371 vitae
789 1345 904 1371 aeternae
923 1342 1010 1370 meri-

225 1395 315 1430 toria,
333 1402 425 1430 quam
438 1401 493 1430 per
505 1400 570 1421 nos.

260 1442 357 1470 Primo
371 1440 464 1469 modo
477 1440 602 1468 sumitur
613 1440 688 1466 Deus
699 1439 782 1466 Pater
796 1435 1008 1473 personaliter:

225 1491 254 1518 ot.
266 1489 318 1517 iste
330 1487 438 1516 modus
452 1487 508 1515 soli
523 1486 597 1514 Patri
615 1485 764 1513 convenit.
780 1485 889 1518 Quarto
904 1482 1009 1516 modo,

225 1537 335 1565 scilieet
348 1535 563 1572 redemptione,
580 1541 642 1561 non
656 1532 755 1560 solum
770 1530 903 1558 effective
919 1529 1011 1557 sumi-

225 1587 285 1619 tur,
301 1583 353 1612 sed
369 1583 457 1611 etiam
471 1590 524 1618 per
540 1579 694 1609 ministr-rii
715 1577 938 1606 exhibitionem.
955 1576 1009 1603 Su-

225 1631 314 1659 mitur
334 1631 421 1659 etiam
445 1628 663 1666 personaliter:
690 1628 717 1653 et
739 1626 791 1652 iste
818 1623 927 1651 modus
954 1622 1009 1650 soli

225 1678 298 1706 Filio
316 1677 464 1710 convenit,
477 1675 641 1704 seeundum
653 1672 736 1709 quod
750 1671 858 1699 modus
873 1669 1009 1704 redemp-

226 1725 313 1752 tionis
327 1724 381 1751 fuit
395 1731 448 1760 per
469 1725 594 1750 mortem
618 1720 690 1748 Filii.
713 1720 820 1747 Omnes
844 1719 943 1745 autem
959 1715 1008 1743 alii

226 1771 309 1800 modi
330 1771 425 1798 tribus
447 1769 582 1806 personis
608 1767 696 1795 simul
721 1765 919 1797 conveniunt,
939 1763 1009 1798 quia

227 1818 354 1846 indivisa
369 1819 436 1844 sunt
451 1824 542 1852 opera
556 1817 575 1842 Τ
578 1814 702 1842 rinitatis
717 1822 722 1840 :
739 1812 795 1839 nisi
812 1811 886 1839 forte
901 1809 1010 1844 aliquis

227 1865 347 1893 illorum
362 1864 524 1892 modorum
539 1861 697 1890 conveniat
708 1859 796 1887 alieni
811 1864 946 1894 personae
956 1863 1010 1892 per

228 1911 512 1948 appropriationem.

264 1959 346 1986 Circa
372 1957 594 1993 generationem
621 1957 690 1982 nota
719 1955 847 1989 quatuor
871 1949 1009 1987 proposi-

229 2006 338 2039 tiones,
353 2005 384 2032 in
398 2004 509 2040 quibus
523 2002 617 2030 videri
633 2001 755 2037 poterit,
771 2002 870 2026 utrum
886 1998 1010 2025 essentia

229 2054 331 2081 divina
350 2054 485 2089 generet,
506 2051 553 2079 vel
575 2051 738 2085 generetur.
762 2047 858 2075 Prima
878 2047 919 2073 est
937 2047 1010 2073 zEs-

229 2102 322 2130 sentia
334 2102 455 2136 generat
470 2098 635 2127 essentiam.
651 2095 787 2124 Secunda
800 2096 842 2122 est
857 2103 863 2121 z
880 2093 1011 2121 Essentia

229 2150 350 2184 generat
363 2154 533 2183 personam.
551 2144 644 2172 Tertia
664 2145 725 2171 est:
744 2144 874 2169 Persona
890 2142 1011 2175 generat

230 2195 395 2223 essentiam.
416 2195 523 2228 Quarta
538 2195 580 2219 est
600 2200 605 2218 :
624 2192 752 2218 Persona
777 2189 898 2223 generat
913 2194 1011 2222 perso-

230 2250 311 2270 nam.
337 2243 444 2269 Harum
468 2238 707 2275 propositionum
728 2238 783 2262 tres
805 2234 908 2269 primae
932 2232 1011 2259 falsie

231 2291 317 2321 sunt;
339 2289 443 2323 quarta
462 2288 560 2313 autem
580 2291 650 2311 vcra
670 2284 720 2309 est.
744 2283 790 2308 Est
811 2280 890 2307 enim
908 2278 1012 2313 regula

232 2337 262 2364 in
277 2335 438 2369 theologia,
456 2332 537 2369 quod
552 2331 676 2359 essentia
692 2329 794 2357 divina
807 2335 867 2355 non
881 2329 1010 2361 generat,

232 2391 286 2412 nee
310 2384 467 2418 generatur
486 2389 492 2407 :
514 2378 676 2406 dicendum
702 2379 801 2404 tamen
822 2374 904 2410 quod
930 2375 1012 2401 Pater

232 2432 337 2459 virtute
361 2428 507 2461 essentiae,
532 2426 679 2454 existentis
702 2424 732 2451 in
756 2431 803 2457 se,
827 2424 959 2458 generat:
986 2423 1013 2448 et

265 2519 269 2531 ¹
289 2517 347 2546 lsa„
363 2521 433 2545 wa,
450 2516 474 2544 9,
491 2512 574 2543 quoad
595 2518 697 2534 sonsum
725 2523 754 2526 —
770 2512 777 2522 ·’
794 2510 851 2536 Isca,
874 2513 931 2536 Lm,
947 2510 969 2530 s.
982 2521 1013 2524 —

235 2554 244 2569 ³
261 2552 362 2583 Ephtvs„
377 2557 395 2581 1,
414 2553 436 2574 5,
454 2563 483 2566 -
500 2550 505 2561 ⁴
524 2548 607 2575 veut,
628 2552 715 2575 xxxii,
736 2547 758 2568 ti.
777 2557 808 2562 -
829 2545 838 2560 ⁵
859 2543 918 2570 rsa..
938 2548 1013 2567 ωιιι,

236 2587 493 2615 113.—·¹11>et1·.‚1,
509 2586 531 2608 3.
548 2596 578 2600 -
598 2583 603 2586 '
617 2583 698 2610 joam,
717 2587 734 2609 t,
752 2582 787 2604 ili.
809 2593 837 2597 --
852 2578 862 2594 ⁸
877 2577 978 2608 Ephes„
994 2583 1012 2607 1,

236 2625 257 2648 ὅ.
271 2636 300 2641 -
338 2623 408 2652 Gal„
425 2628 458 2652 iv,
473 2622 497 2644 ἵ.
508 2632 538 2637 -
551 2620 570 2634 *⁰
581 2617 647 2642 psal.
664 2623 718 2646 1:111,
735 2617 774 2639 '.'-¹i.

1059 305 1145 342 quod
1171 306 1245 335 Filio
1276 313 1331 344 per
1353 305 1579 342 generationem
1604 306 1842 341 communicatur

1059 352 1200 389 essentia,
1225 352 1300 382 sicut
1322 354 1351 382 et
1375 352 1494 390 Spiritui
1522 353 1624 381 saneto
1649 360 1704 389 per
1723 360 1843 390 proees-

1060 407 1187 428 sronem.
1771 411 1773 413 ·

1345 449 1488 484 CAPUT
1511 449 1558 484 V.

1318 519 1396 553 Quod
1419 520 1508 547 Filius
1535 521 1586 547 est.

1096 589 1193 622 Quum
1208 587 1246 623 (α)
1260 587 1319 615 sint
1333 585 1510 615 eoi-relativa
1528 587 1610 614 Pater·
1625 587 1654 613 et
1665 587 1766 620 Filius,
1788 593 1844 623 per

1061 634 1183 663 easdem
1210 633 1340 662 rationes
1365 632 1530 662 ostenditur
1556 632 1663 661 Filium
1689 640 1763 668 esse,
1790 640 1844 670 per

1061 689 1137 718 quas
1151 683 1179 709 et
1196 682 1348 709 ostensum
1361 682 1403 708 est
1421 681 1537 708 Patrem
1558 675 1630 708 esse.
1646 681 1788 708 Praeterea
1801 679 1844 708 in-

1062 729 1104 756 ter
1124 735 1229 756 omnes
1248 726 1452 756 emanationes
1469 725 1684 763 perfectissima
1699 729 1741 755 est
1758 734 1845 763 gene-

1061 775 1148 810 ratio,
1161 783 1222 812 qua
1235 775 1354 812 penitus
1367 775 1485 812 genitus
1501 774 1680 804 assimilatur
1693 783 1750 804 suo
1764 775 1845 811 geni-

1062 823 1136 850 tor-l:
1159 821 1244 859 quod
1266 821 1470 850 emanationes
1483 821 1549 851 aliae
1561 829 1625 851 non
1636 821 1756 851 faciunt.
1772 823 1845 851 Cum

1062 868 1153 904 igitur
1181 868 1387 905 copiosissimo
1419 867 1493 896 ronti
1524 867 1666 897 bonitatis
1698 871 1847 906 competat
1879 883 1883 885 ·

1064 915 1213 944 emanatio
1233 914 1461 952 perfectissima,
1476 917 1591 944 constat
1609 915 1692 952 quod
1706 923 1846 952 persona,

1065 963 1116 999 qui
1142 964 1226 990 Pater
1252 964 1311 997 est,
1334 962 1399 990 tons
1429 962 1519 990 totius
1542 961 1700 997 bonitatis,
1726 965 1848 998 generat

1063 1009 1170 1038 Filium
1184 1009 1240 1038 sibi
1261 1009 1422 1046 aequalem,
1438 1009 1485 1037 eui
1497 1009 1697 1037 communicat
1711 1017 1771 1037 suae
1784 1009 1847 1046 ple-

1063 1056 1231 1085 nitudinem
1242 1056 1412 1092 majestatis.

1100 1103 1213 1140 Aliquis
1225 1105 1267 1131 est
1281 1103 1371 1132 Filius
1387 1103 1435 1131 Dei
1452 1111 1507 1139 per
1524 1103 1651 1139 gratiam
1664 1103 1798 1138 unionis,
1814 1104 1847 1131 ut

1064 1152 1193 1181 Christus
1212 1152 1320 1186 hom03
1347 1151 1470 1188 aliquis,
1491 1159 1544 1188 per
1568 1151 1720 1179 veritatem
1742 1150 1846 1179 nativi-

1064 1199 1145 1233 tatis,
1159 1201 1191 1226 ut
1205 1198 1334 1226 Christus
1348 1198 1378 1226 in
1393 1201 1539 1235 quantum
1553 1199 1643 1233 neus;
1659 1197 1778 1234 aliquis,
1793 1205 1847 1234 per

1065 1245 1274 1282 adoptionem,
1290 1248 1321 1273 ut
1339 1245 1431 1273 saneti
1438 1255 1446 1280 3
1463 1245 1572 1281 aliquis
1586 1253 1640 1281 per
1654 1244 1845 1280 creationem,

1064 1295 1096 1320 ut
1112 1292 1224 1328 qumvis
1248 1294 1392 1320 ereatura.
1413 1293 1450 1320 De
1471 1291 1543 1319 Filio
1564 1292 1612 1320 Dei
1633 1291 1703 1319 dicit
1722 1291 1846 1319 Athana-

1064 1339 1124 1367 sius
1153 1340 1183 1367 in
1206 1340 1388 1367 Altercatione
1411 1342 1507 1367 contra
1529 1340 1646 1370 Arium,
1672 1337 1755 1374 quod
1784 1337 1846 1374 ipse

1065 1387 1172 1414 dieitur
1184 1394 1286 1422 sensus,
1304 1394 1365 1423 quo
1381 1387 1482 1414 omnia
1497 1385 1677 1421 eogitantur;
1693 1386 1845 1420 sapientia,

1065 1441 1126 1470 qua
1140 1434 1268 1469 cogitata
1283 1433 1483 1470 disponuntur
1489 1442 1497 1468 ς
1513 1434 1610 1465 virtus,
1628 1439 1689 1468 qua
1704 1431 1847 1467 disposita

1064 1480 1257 1516 perficiuntur
1266 1489 1274 1515 ;
1294 1479 1418 1515 Verbum,
1433 1488 1495 1516 quo
1513 1478 1642 1516 perfecta
1656 1478 1846 1511 nuntiantur,-

1065 1528 1167 1563 lumen,
1193 1536 1254 1564 quo
1287 1527 1421 1555 nuntiata
1455 1526 1630 1554 clarescunt.
1659 1525 1748 1553 Filius
1776 1533 1847 1560 ergo

1067 1574 1116 1602 Dei
1131 1574 1238 1602 dieitur
1253 1574 1396 1610 sapientia
1411 1573 1519 1607 Patris,
1542 1580 1602 1601 nou
1618 1572 1701 1609 quod
1716 1573 1798 1599 Pater
1812 1571 1848 1599 sit

1066 1622 1184 1657 sapiens
1204 1620 1347 1657 sapientia
1368 1620 1483 1656 genita,
1506 1619 1558 1647 sed
1579 1618 1650 1655 quia
1666 1618 1770 1646 Filium
1794 1626 1846 1654 ge-

1065 1668 1148 1702 nuit,
1169 1668 1216 1695 cui
1242 1667 1450 1703 appropriatur
1471 1665 1623 1703 sapientia.
1654 1665 1734 1693 t'nde
1766 1666 1848 1693 Pater

1067 1715 1173 1742 dicitur
1189 1716 1208 1731 ¹⁰
1216 1716 1304 1742 omnia
1315 1716 1408 1747 fecisse
1424 1715 1453 1740 ²⁸71
1467 1714 1614 1748 supientia,
1630 1711 1660 1740 id
1674 1714 1716 1740 est
1730 1712 1760 1740 in
1774 1712 1847 1740 Filio

1066 1762 1130 1796 Dei,
1146 1762 1193 1789 vel
1218 1769 1286 1789 eum
1303 1760 1465 1797 sapientia,
1486 1768 1552 1796 quoe
1575 1762 1617 1787 est
1636 1759 1740 1787 Filius:
1769 1767 1846 1795 quo-

1066 1809 1147 1836 niam
1161 1808 1289 1836 indivisa
1309 1810 1376 1835 sunt
1400 1815 1491 1843 opera
1513 1806 1667 1835 Trinitatis.
1690 1805 1771 1833 Unde
1785 1805 1846 1833 haec

1066 1855 1234 1892 praepositio
1258 1857 1287 1882 in
1309 1856 1391 1883 notat
1414 1853 1676 1882 subauetoritatem
1700 1853 1729 1880 in
1756 1852 1845 1887 Filio,

1067 1903 1118 1939 qui
1128 1903 1184 1931 hoc
1194 1903 1292 1939 ipsum
1306 1902 1395 1930 habet
1408 1910 1424 1929 a
1435 1903 1528 1935 Patre,
1537 1900 1620 1937 quod
1633 1908 1679 1928 res
1692 1902 1779 1927 creat.
1794 1901 1847 1927 Ge-

1067 1950 1203 1978 neraliter
1218 1949 1296 1977 enim
1313 1957 1416 1977 verum
1430 1950 1482 1983 est,
1498 1947 1582 1984 quod
1597 1946 1747 1983 quidquid
1758 1946 1848 1974 habet

1066 2006 1204 2034 persona,
1221 1997 1268 2025 vel
1285 1999 1440 2033 operatur,
1452 1995 1510 2023 hoc
1524 1994 1614 2022 habet
1629 1994 1667 2022 ab
1684 2002 1737 2029 eo,
1755 2002 1772 2022 a
1786 2002 1847 2030 quo

1068 2048 1118 2073 est.
1143 2045 1272 2079 Qualiter
1298 2045 1398 2071 autem
1422 2042 1510 2070 Filius
1537 2041 1572 2069 sit
1594 2041 1630 2069 de
1655 2043 1756 2075 Patre,
1778 2043 1848 2069 nota

1068 2092 1150 2128 quod
1166 2091 1227 2119 haec
1241 2089 1410 2127 praepositio
1426 2091 1463 2117 De
1482 2088 1665 2125 quandoque
1681 2090 1763 2116 notat
1778 2096 1847 2115 eau-

1067 2147 1131 2167 sam
1155 2138 1348 2171 effieientem‚
1369 2139 1400 2164 ut
1427 2144 1494 2163 cum
1517 2135 1645 2162 dicitur:
1679 2145 1692 2159 (ι
1720 2134 1848 2161 Christus

1068 2188 1227 2222 conceptus
1245 2187 1286 2212 est
1303 2184 1339 2211 de
1361 2183 1468 2219 Spiritu
1491 2183 1611 2215 sanc103
1628 2191 1641 2207 ι)
1664 2180 1846 2216 quandoque

1068 2241 1187 2261 causam
1203 2230 1401 2264 materialem,
1422 2231 1453 2257 ut
1467 2237 1534 2256 cum
1548 2228 1672 2255 dicitur:
1692 2238 1705 2253 (ι
1719 2227 1847 2255 Christus

1068 2283 1153 2307 natus
1166 2279 1202 2306 de
1225 2278 1312 2306 Maria
1328 2276 1460 2312 Virgine3
1478 2287 1490 2299 »
1512 2274 1694 2311 quandoque
1713 2273 1847 2301 identita-

1068 2331 1126 2356 tem
1141 2325 1270 2354 essentia}
1282 2347 1289 2359 ,
1307 2327 1337 2351 ut
1353 2332 1420 2351 cum
1434 2322 1557 2350 dicitur:
1578 2332 1591 2348 κ
1606 2322 1694 2349 Filius
1709 2324 1794 2349 natus
1809 2320 1845 2348 de

1069 2377 1164 2408 Patreg
1186 2384 1198 2397 ι)
1221 2371 1403 2409 quandoque
1426 2368 1799 2402 transsubstantiationem,
1816 2370 1847 2395 ut

1070 2429 1137 2448 cum
1155 2420 1261 2448 dieitur
1276 2427 1383 2454 eorpus
1398 2417 1501 2445 Christi
1516 2417 1579 2444 fieri
1596 2416 1632 2443 de
1648 2423 1738 2451 pane,
1755 2422 1846 2451 quan-

1070 2467 1169 2503 doque
1185 2466 1332 2499 ordinem,
1346 2464 1510 2492 seeundum
1526 2462 1610 2499 quod
1625 2464 1758 2490 creatura
1774 2461 1846 2488 dici—

1071 2516 1116 2541 tur
1130 2512 1193 2541 fieri
1207 2512 1244 2540 de
1259 2511 1361 2539 nihilo.

1104 2614 1134 2643 ia)
1153 2611 1219 2635 Edit.
1241 2611 1297 2634 l'en.
1319 2613 1409 2638 Quam.
