2004 3037
226 176 285 205 ΜΞ

225 239 335 275 tendit;
361 238 482 267 inferior
501 239 601 265 autem
617 237 656 265 de
674 236 847 266 transitoriis
865 237 998 273 judicat,
1016 253 1023 258 -

226 288 255 315 et
268 293 303 314 ea
317 284 456 321 disponit.
476 285 547 312 Item
561 283 697 320 superior
709 291 778 319 pars
793 283 898 320 accipit
909 283 1000 312 ratio·

225 340 278 361 nes
290 339 344 367 per
357 331 437 366 leges
450 329 577 364 divinas,
591 331 624 358 ut
637 338 643 357 :
662 339 676 356 α
691 330 750 357 Hoc
764 331 806 357 est
819 329 999 365 faciendum,

226 378 297 415 quia
309 379 385 405 Deus
399 376 546 413 praecepit.
562 385 577 402 »
591 377 660 404 Pars
675 377 774 403 autem
787 375 908 403 inferior
923 375 999 404 acci-

225 424 269 460 pit
288 423 417 451 rationes
435 430 489 458 per
504 422 584 457 leges
604 422 750 450 humanas
761 442 771 456 ‚
784 423 816 449 ut
829 431 836 450 :
854 431 869 448 «
883 423 943 450 Hoc
957 423 1000 450 est

224 471 406 506 faciendum,
423 470 494 506 quia
507 470 666 498 honestum
680 471 732 504 est,
746 480 759 496 »
775 469 824 497 vel
841 478 855 494 ιι
867 469 938 505 quia
949 477 1000 497 ex-

225 517 308 554 pedit
321 516 501 553 reipublicae.
519 527 531 542 »
549 517 620 544 ltem
641 515 776 552 superior
789 523 858 551 pars
878 515 1000 543 rationis

227 563 333 592 dieitur
352 563 444 591 virtus
455 583 464 596 ,
485 570 552 598 quae
569 562 637 590 licet
654 569 748 597 usque
763 561 802 589 ad
816 561 1000 597 contempla-

226 610 339 638 tionem
359 613 536 637 aeternorum
554 616 584 636 se
606 607 762 642 extendat,
786 608 884 635 differt
902 610 1002 636 tamen

227 656 266 684 ab
280 655 484 690 intelligentia,
500 655 571 690 quia
584 654 778 689 intelligentia
791 654 957 689 negotiatur
971 653 1002 682 in

226 703 340 732 aeternis
358 711 412 739 per
430 703 555 730 modum
578 702 718 737 rationis,
742 702 791 729 vel
812 701 980 729 intentionis
992 710 1001 736 ;

226 750 301 778 ratio
316 751 414 777 autem
428 757 490 777 non
505 749 546 776 sio
557 770 566 784 ‚
586 749 639 776 sed
651 748 831 776 conterendo
847 750 874 776 et
887 747 1002 775 ratioci-

226 796 338 824 nando.
362 796 460 823 Diifert
474 797 574 826 autem
588 795 662 823 ratio
677 795 765 822 etiam
780 794 840 822 alio
855 794 948 821 modo
964 793 1002 821 ab

227 842 386 876 intellectu,
402 842 547 878 quoniam
561 841 723 869 intellectus
733 840 930 877 apprehendit
941 847 1003 867 esse

227 889 269 917 rei
282 888 416 916 absolute
422 897 431 921 ς
447 888 521 915 ratio
537 890 646 922 autem,
661 895 730 915 cum
745 886 903 915 collatione
916 886 1004 913 unius

228 935 267 964 ad
283 935 419 963 alterum.
441 934 564 962 Inferior
581 942 651 961 vero
670 941 739 970 pars
756 933 878 960 rationis
898 932 1004 959 dicitur

228 981 450 1017 multipliciter:
480 988 547 1016 quae
571 980 641 1016 quia
665 979 743 1007 circa
766 987 812 1006 res
835 977 1005 1014 corporales

229 1029 371 1061 versatur,
389 1027 548 1062 conjuncta
561 1028 604 1054 est
615 1025 814 1059 sensualitati,
831 1027 858 1052 et
872 1032 948 1060 saepe
963 1024 1005 1052 al-

230 1073 327 1102 licitur
341 1073 379 1101 ab
399 1081 456 1101 ea:
479 1065 566 1100 videt'
581 1073 660 1100 enim
680 1079 796 1108 semper
816 1071 872 1098 sibi
891 1070 1004 1107 porrigi

230 1128 374 1156 pomum,
396 1119 428 1147 id
447 1120 508 1153 est,
529 1119 701 1146 illecebram
716 1118 844 1145 vicinam
857 1118 903 1152 (a).
921 1117 1004 1145 Ratio

230 1169 329 1195 tamen
343 1166 475 1199 inferior,
490 1168 519 1193 et
532 1165 676 1201 superior,
691 1165 771 1192 idem
786 1166 851 1191 sunt
864 1164 894 1191 in
909 1171 1005 1191 essen-

231 1213 271 1240 tia
282 1223 290 1248 ;
306 1212 358 1241 sed
370 1212 510 1240 differunt
520 1213 551 1239 in
563 1212 671 1239 officio,
690 1210 863 1246 Exemplum
874 1210 905 1238 in
917 1210 1004 1238 oculo

231 1266 347 1287 sursum
363 1261 391 1286 et
404 1259 544 1287 deorsum
558 1258 726 1294 aspiciente.

477 1351 619 1385 CAPUT
644 1351 761 1384 xLix.

393 1423 431 1449 De
452 1423 583 1449 Potentiis
602 1423 711 1449 Animoe
728 1423 846 1449 motivis.

270 1491 379 1518 Virium
394 1491 574 1518 motivarum
589 1491 694 1518 animae
708 1489 858 1518 rationalis
873 1491 915 1517 est
930 1490 1006 1517 divi-

233 1538 286 1565 sio.
303 1537 445 1565 Dividitur
458 1537 537 1565 enim
551 1538 594 1564 vis
609 1537 721 1564 motiva
735 1536 765 1564 in
780 1536 986 1572 imperativam
996 1558 1005 1571 ,

233 1586 261 1612 et
275 1583 500 1611 consiliatricem
512 1604 521 1618 ‚
543 1586 571 1610 et
590 1583 775 1618 affectivam,
796 1586 823 1610 et
841 1583 1007 1610 affectivam

233 1634 261 1659 et
281 1632 508 1659 consiliatricem
528 1631 625 1658 simul.
644 1631 690 1657 Vis
712 1631 885 1666 imperativa
901 1630 1007 1657 dividi-

232 1681 278 1706 tur
293 1679 323 1706 in
339 1679 466 1706 liberum
480 1677 633 1705 arbstriuni
649 1679 676 1704 et
691 1677 884 1712 synderesim.
908 1677 1007 1704 Consi-

231 1724 328 1752 liatrix
343 1726 384 1751 est
398 1724 462 1760 ipsa
481 1724 555 1751 ratio
567 1745 575 1758 ‚
598 1732 663 1759 quae
683 1723 824 1750 dividitur
844 1723 873 1750 in
893 1725 1007 1758 partem

231 1770 415 1806 superiorein
437 1772 464 1797 et
485 1770 662 1797 inferiorem.
685 1769 731 1796 vis
752 1771 850 1796 autem
873 1769 1007 1797 affectiva

232 1819 275 1844 est
289 1816 425 1844 voluntas
437 1837 445 1850 ,
463 1825 529 1851 quie
544 1816 684 1843 dividitur
699 1815 728 1842 in
744 1815 867 1843 thelesin
883 1817 910 1842 et
924 1815 1006 1842 bule-

232 1862 288 1890 sin.
300 1863 347 1890 Vis
357 1871 422 1898 quae
432 1862 519 1889 simui
531 1864 558 1889 ct
568 1862 747 1890 consiliatrix
758 1864 809 1896 est,
822 1864 849 1889 et
861 1861 1007 1896 affectiva,

233 1911 274 1936 est
289 1909 350 1944 ipse
366 1909 529 1936 intellectus
544 1908 698 1943 practicus.

481 2001 674 2034 CAPUT
716 2001 752 2033 1..

516 2073 552 2098 De
575 2072 728 2098 Voltmtate.

269 2143 343 2169 inter
359 2141 451 2168 dictas
466 2140 611 2175 potentias
626 2139 722 2175 primo
738 2138 899 2166 dicendum
914 2140 956 2166 est
971 2138 1008 2166 de

232 2187 382 2214 voluntate
394 2208 402 2220 ,
423 2195 488 2221 quie
508 2187 580 2213 inter
601 2188 718 2212 caeteras
738 2185 863 2212 motivas
879 2187 920 2212 est
938 2193 1009 2220 prae-

234 2234 332 2268 cipua,
349 2241 416 2259 cum
428 2232 464 2259 sit
476 2232 620 2266 generalis
632 2234 729 2258 motor
743 2231 876 2258 omnium
889 2231 1006 2257 virium.

236 2280 308 2306 Cum
333 2279 411 2306 enim
436 2278 598 2305 intellectus
621 2277 817 2312 apprehendit
842 2277 955 2312 aliquid
979 2279 1010 2303 ut

237 2326 371 2359 bonum,
393 2324 529 2352 voluntas
549 2323 673 2358 imperat
695 2323 807 2350 viribus
826 2323 921 2350 atlixis
939 2322 1010 2357 ipsis

239 2371 358 2406 organis
368 2391 376 2405 ,
399 2370 471 2397 sicut
493 2369 568 2397 visui
584 2369 622 2396 ad
638 2369 801 2397 videndum
812 2390 820 2403 ‚
843 2369 956 2396 auditui
971 2369 1010 2396 ad

241 2417 442 2450 audiendum,
465 2418 493 2443 et
513 2416 553 2442 sic
572 2415 609 2442 de
630 2415 695 2442 aliis
712 2415 855 2442 sensibus.
876 2414 1012 2442 Similiter

241 2464 271 2492 in
286 2466 368 2492 motu
380 2462 467 2490 locali
482 2462 619 2489 voluntas
632 2461 755 2497 imperat
767 2461 864 2488 virtuti
880 2460 1011 2495 animali,

274 2532 280 2548 ¹
299 2532 373 2561 Aug..
387 2530 417 2554 de
431 2529 484 2554 Lib.
499 2529 572 2554 Arh..
586 2529 629 2553 lib.
646 2529 693 2558 lii,
710 2534 793 2558 c.111‚
811 2534 837 2551 n.
857 2528 881 2551 7.
898 2540 925 2545 -
941 2528 949 2542 ²
965 2528 1012 2557 id.,

241 2566 270 2590 ‹le
283 2574 333 2590 ver.
351 2566 440 2596 Reliy„
456 2572 478 2590 c.
495 2570 549 2595 xiv,
563 2571 588 2588 u.
605 2565 643 2593 27,
658 2564 741 2594 quoad
757 2570 868 2587 sensum.

276 2609 308 2639 (α)
326 2608 416 2631 For-san
432 2606 527 2638 Ieyend.
542 2606 655 2629 vetitam.

556 169 813 203 COMPENDIUM
833 170 1094 203 THEOLOGICAE
1114 171 1335 204 VERITATIS.
1358 172 1434 204 LIB.
1458 173 1496 205 11.

1054 245 1121 274 quae
1135 238 1222 266 estin
1243 239 1343 267 nervis
1363 240 1392 267 et
1410 239 1442 267 in
1460 239 1621 275 musculis,
1637 241 1667 268 et
1678 240 1719 268 ita
1731 242 1832 269 movet

1054 284 1093 312 ad
1105 285 1322 313 ambulandum
1333 306 1342 320 ,
1357 285 1405 313 vel
1420 285 1600 314 currendum
1610 305 1620 319 ,
1635 287 1660 314 et
1676 286 1717 314 ad
1729 286 1832 322 hujus-

1053 331 1138 358 modi
1151 331 1268 360 similia.
1283 332 1341 360 Sed
1354 331 1429 360 fallit
1439 332 1518 359 istud
1530 331 1560 359 in
1573 331 1711 367 potentiis
1725 332 1832 362 animae

1053 377 1239 412 vegetabilis,
1254 378 1285 405 in
1300 378 1408 414 quibus
1421 378 1559 406 voluntas
1572 386 1660 405 suum
1672 377 1832 414 imperium

1054 429 1116 450 non
1130 425 1254 451 exercet.
1275 424 1417 452 Nutritiva
1435 424 1513 452 enim
1524 445 1533 458 ,
1557 427 1584 451 et
1598 424 1787 459 generativa,
1804 426 1833 452 et

1055 470 1274 504 augmentativa
1287 492 1297 505 ‚
1321 478 1384 498 non
1405 470 1571 498 secundum
1594 472 1729 498 nostrum
1753 470 1832 498 arbi-

1055 515 1161 550 trium,
1177 517 1230 544 sed
1248 517 1420 545 naturaliter
1438 519 1608 552 operantur.
1625 516 1767 544 Voluntas
1781 525 1833 545 au-

1055 563 1114 589 tem
1128 562 1159 589 in
1174 563 1248 591 duas
1263 563 1405 591 dividitur
1418 565 1530 600 partes,
1546 564 1655 591 scilicet
1668 563 1699 591 in
1708 563 1833 592 thelesin

1056 611 1084 636 et
1097 609 1218 638 bulesin
1229 631 1238 644 ,
1252 611 1285 638 id
1298 613 1341 639 est
1355 611 1537 639 voluntatem
1551 611 1728 643 naturalem,
1744 613 1773 638 et
1785 610 1834 638 de-

1056 654 1263 684 liberativam:
1286 665 1414 693 quarum
1434 657 1550 693 prima,
1571 657 1678 684 seilicet
1696 657 1833 684 voluntas

1056 702 1209 736 naturalis,
1218 702 1410 739 dirigiturper
1417 703 1590 739 synderesin
1597 713 1605 738 ;
1613 703 1744 731 secunda
1750 710 1833 736 vero,

1057 747 1167 776 scilicet
1185 748 1378 777 deliberativa
1389 770 1398 784 ‚
1417 757 1470 785 per
1485 749 1639 777 rationem.
1664 751 1737 777 Nota
1750 749 1835 785 quod

1058 794 1195 822 voluntas
1212 795 1333 830 proprie
1352 797 1380 823 et
1400 795 1496 823 stricte
1519 795 1727 823 tantummodo
1747 795 1835 822 ratio-

1058 839 1204 867 nabilium
1219 843 1276 875 est,
1291 841 1344 869 sed
1357 841 1439 876 large
1455 841 1562 868 dicitur
1576 841 1664 869 etiam
1679 841 1835 869 brutorum

1059 893 1121 913 esse
1134 896 1141 921 ;
1165 886 1326 923 improprie
1345 895 1417 915 vero
1432 889 1461 915 et
1474 887 1559 923 quasi
1578 887 1779 923 metaphorice
1794 886 1836 914 di-

1059 933 1134 959 citur
1152 933 1241 960 etiam
1265 941 1326 961 esse
1349 933 1571 969 vegetabilium.
1596 933 1677 961 Unde
1697 933 1836 961 voluntas

1058 978 1156 1014 primo
1171 979 1264 1007 modo
1279 982 1410 1015 sumpta,
1427 979 1536 1007 scilicet
1549 981 1637 1015 prout
1651 981 1693 1006 est
1707 979 1835 1007 rationa-

1059 1024 1166 1052 bilium
1177 1046 1186 1059 ,
1201 1026 1320 1061 proprie
1337 1026 1474 1054 voluntas
1494 1025 1610 1053 dicitur.
1632 1025 1766 1053 Secundo
1782 1033 1835 1053 au-

1061 1073 1118 1100 tem
1134 1072 1226 1100 modo
1237 1093 1246 1106 ,
1266 1075 1355 1108 prout
1369 1074 1411 1100 est
1432 1073 1589 1101 brutorum
1600 1094 1608 1107 ‚
1629 1075 1752 1101 vocatur
1766 1080 1835 1108 pro-

1060 1119 1123 1155 prie
1139 1119 1329 1147 desiderium.
1345 1119 1438 1147 Tertio
1457 1119 1550 1147 modo
1561 1140 1570 1152 ,
1590 1121 1678 1155 prout
1692 1120 1734 1146 est
1748 1126 1836 1154 vege-

1060 1164 1196 1192 tabilium
1208 1187 1216 1197 ,
1231 1168 1354 1193 vocatur
1368 1166 1522 1201 appetitus.
1537 1166 1612 1193 lnter
1625 1165 1770 1200 potentias
1786 1173 1836 1192 au-

1060 1212 1119 1238 tem
1133 1211 1214 1239 nulla
1229 1214 1269 1239 est
1285 1211 1405 1239 liberior
1419 1219 1510 1247 quam
1525 1211 1661 1238 voluntas
1673 1221 1680 1245 ;
1698 1211 1768 1247 quia
1782 1218 1836 1239 nec

1061 1257 1209 1292 obligatur
1223 1266 1336 1292 organo
1347 1279 1355 1292 ‚
1372 1258 1445 1285 sicut
1458 1257 1629 1292 imaginatio
1640 1278 1648 1291 ‚
1663 1257 1815 1285 aestimatio
1827 1276 1837 1291 ‚

1061 1305 1089 1330 et
1103 1303 1274 1339 hujusmodi
1286 1325 1295 1339 ,
1309 1297 1494 1338 neccogitur
1508 1311 1526 1331 a
1540 1303 1622 1331 bono
1633 1324 1642 1338 ,
1659 1303 1734 1331 sicut
1753 1303 1837 1331 intel-

1061 1350 1152 1378 lectus
1167 1351 1282 1385 cogitur
1300 1358 1317 1378 a
1335 1358 1417 1377 vero.
1433 1350 1512 1377 Vires
1531 1349 1618 1377 etiam
1639 1349 1734 1377 affixae
1749 1357 1836 1384 orga-

1061 1397 1107 1424 nis
1123 1397 1314 1424 immutantur
1329 1396 1494 1423 necessario
1505 1416 1515 1430 ,
1530 1395 1684 1423 immutato
1700 1403 1813 1431 organo
1827 1404 1834 1423 :

1062 1443 1172 1478 quihus
1183 1443 1322 1471 omnibus
1333 1442 1470 1470 voluntas
1483 1444 1570 1469 caret.
1584 1442 1664 1469 Unde
1676 1441 1716 1469 ait
1727 1444 1837 1476 Augus-

1062 1490 1140 1517 tinus
1150 1490 1158 1506 ¹
1175 1499 1181 1517 :
1200 1499 1213 1515 «
1226 1489 1303 1517 Nihil
1317 1489 1393 1517 adeo
1408 1488 1439 1516 in
1454 1491 1554 1516 nostra
1567 1490 1709 1524 potestate
1725 1491 1784 1523 est,
1800 1487 1837 1515 si-

1063 1539 1110 1564 cut
1124 1536 1270 1564 voluntas.
1287 1546 1300 1561 n

1098 1583 1125 1610 Si
1141 1585 1238 1610 autem
1253 1583 1325 1610 scire
1347 1582 1476 1609 volueris
1487 1602 1496 1615 ,
1515 1589 1607 1616 quare
1622 1580 1760 1608 voluntas
1774 1587 1835 1608 non

1063 1629 1176 1664 cogitur
1195 1637 1213 1657 a
1232 1629 1313 1656 bono
1325 1650 1333 1663 ‚
1353 1628 1426 1656 sicut
1446 1627 1608 1655 intellectus
1628 1635 1645 1654 a
1663 1634 1734 1654 vero
1746 1647 1754 1661 ,
1775 1626 1836 1653 haec

1062 1679 1104 1704 est
1118 1676 1212 1703 ratio:
1236 1675 1306 1711 quia
1328 1675 1399 1702 citra
1419 1674 1550 1710 primum
1570 1673 1685 1701 bonum
1705 1672 1778 1700 nihil
1794 1675 1836 1700 est

1061 1722 1102 1750 ita
1116 1722 1230 1749 bonum
1244 1721 1327 1757 quod
1342 1729 1402 1748 non
1417 1720 1531 1756 aliquid
1547 1718 1775 1755 imperfectionis
1785 1718 1836 1745 ha-

1061 1768 1130 1796 beat
1142 1778 1150 1803 3
1164 1768 1217 1796 sed
1232 1767 1346 1803 aliquid
1360 1768 1399 1795 ita
1414 1775 1517 1794 verum
1532 1768 1583 1800 est,
1600 1765 1682 1801 quod
1697 1764 1769 1791 nihil
1783 1763 1835 1791 fal-

1062 1814 1151 1842 sitatis
1178 1814 1268 1842 habet
1279 1835 1287 1848 ‚
1316 1816 1347 1841 ut
1372 1815 1450 1849 patet
1476 1814 1506 1840 in
1531 1813 1586 1839 hac
1610 1810 1812 1847 propositione
1827 1819 1832 1837 :

1065 1871 1078 1886 «
1093 1861 1252 1894 Quodlibet
1271 1862 1363 1887 totum
1379 1860 1474 1894 majus
1489 1860 1531 1885 est
1546 1866 1599 1885 sua
1614 1858 1706 1893 parte.
1724 1866 1737 1882 n
1755 1856 1836 1884 Unde

1062 1908 1111 1935 tali
1133 1916 1203 1935 vero
1226 1907 1340 1942 cogitur
1355 1906 1518 1933 intellectus
1539 1903 1671 1932 assentiri
1683 1913 1690 1937 ;
1713 1902 1766 1930 sed
1783 1910 1836 1930 vo-

1062 1954 1158 1982 luntas
1168 1954 1242 1981 nulli
1257 1954 1338 1980 bono
1354 1954 1451 1979 creato
1463 1951 1578 1986 cogitur
1593 1950 1753 1977 adhaerere.
1765 1949 1837 1976 ltem

1062 2001 1200 2028 voluntas
1221 1999 1338 2026 videtur
1361 1998 1509 2025 interdum
1528 1997 1595 2032 cogi
1616 2004 1669 2032 per
1687 1995 1838 2022 inordina-

1063 2049 1125 2074 tum
1140 2046 1320 2082 appetitum,
1335 2047 1424 2080 prout
1438 2044 1574 2071 voluntas
1590 2042 1771 2078 quandoque
1784 2043 1838 2068 tra-

1063 2093 1106 2120 hit
1120 2092 1273 2119 hominem
1294 2093 1322 2118 et
1341 2090 1449 2124 allicit,
1473 2092 1503 2117 ut
1525 2090 1638 2116 bonum
1658 2089 1778 2123 spernat
1791 2087 1836 2114 in-

1065 2138 1275 2166 commutabile
1285 2159 1294 2172 ,
1311 2140 1338 2164 et
1351 2137 1439 2164 rebus
1454 2135 1647 2162 mutabilibus
1667 2134 1814 2161 adhaereat
1829 2142 1835 2160 :

1065 2185 1117 2212 sed
1126 2185 1155 2211 in
1165 2183 1337 2218 hujusmodi
1348 2182 1498 2210 coactione
1509 2181 1627 2208 libertas
1638 2180 1775 2216 quaedam
1786 2180 1837 2206 est.

1066 2230 1146 2257 Unde
1161 2230 1340 2264 Augustinus
1350 2230 1359 2245 ²
1374 2237 1380 2256 ε
1400 2239 1413 2254 (ι
1428 2229 1519 2255 Omne
1536 2229 1690 2263 peccatum
1706 2225 1781 2253 adeo
1798 2226 1840 2251 est

1066 2276 1276 2309 voluntarium,
1291 2275 1374 2311 quod
1386 2275 1410 2302 si
1422 2282 1483 2302 non
1495 2276 1538 2302 est
1551 2272 1762 2306 voluntarium,
1778 2277 1839 2299 non

1066 2325 1108 2351 est
1122 2324 1285 2358 peccatum.
1301 2331 1314 2347 n

1307 2414 1331 2447 C
1345 2414 1374 2445 A
1388 2413 1414 2445 Ρ
1428 2413 1457 2446 U
1470 2413 1496 2445 T
1532 2413 1559 2445 L
1574 2413 1596 2445 l.

1350 2485 1387 2511 De
1403 2484 1554 2518 Synderesi.

1105 2551 1275 2589 synderesis
1294 2551 1339 2578 vis
1354 2553 1396 2579 est
1415 2551 1519 2578 animae
1533 2550 1641 2577 motiva
1652 2571 1661 2584 ,
1682 2557 1748 2585 quae
1761 2557 1838 2576 sem-

1070 2608 1122 2635 per
1145 2600 1214 2627 nata
1236 2600 1278 2626 est
1297 2598 1347 2632 figi
1373 2597 1403 2624 in
1426 2596 1648 2632 superioribus,
1670 2595 1839 2623 naturaliter
