<?xml version="1.0" encoding="UTF-8"?>
<!DOCTYPE html PUBLIC "-//W3C//DTD XHTML 1.0 Transitional//EN"
    "http://www.w3.org/TR/xhtml1/DTD/xhtml1-transitional.dtd">
<html xmlns="http://www.w3.org/1999/xhtml" xml:lang="en" lang="en">
 <head>
  <title>
</title>
<meta http-equiv="Content-Type" content="text/html;charset=utf-8" />
  <meta name='ocr-system' content='tesseract 3.04.00' />
  <meta name='ocr-capabilities' content='ocr_page ocr_carea ocr_par ocr_line ocrx_word'/>
</head>
<body>
  <div class='ocr_page' id='page_1' title='image "./operaomniasixtiv08bonauoft/operaomniasixtiv08bonauoft_0222.png"; bbox 0 0 2004 3037; ppageno 0'>
   <div class='ocr_carea' id='block_1_1' title="bbox 215 240 276 270">
    <p class='ocr_par' dir='ltr' id='par_1_1' title="bbox 215 240 276 270">
     <span class='ocr_line' id='line_1_1' title="bbox 215 240 276 270; baseline 0 0"><span class='ocrx_word' id='word_1_1' title='bbox 215 240 276 270; x_wconf 69' lang='lat'><strong>202</strong></span> 
     </span>
    </p>
   </div>
   <div class='ocr_carea' id='block_1_2' title="bbox 217 300 1007 1230">
    <p class='ocr_par' dir='ltr' id='par_1_2' title="bbox 217 300 1002 762">
     <span class='ocr_line' id='line_1_2' title="bbox 217 300 997 342; baseline -0.009 -9"><span class='ocrx_word' id='word_1_2' title='bbox 217 304 362 342; x_wconf 77' lang='lat' dir='ltr'><strong>quomodo,</strong></span> <span class='ocrx_word' id='word_1_3' title='bbox 378 305 434 331; x_wconf 81' lang='lat' dir='ltr'><strong>etc.</strong></span> <span class='ocrx_word' id='word_1_4' title='bbox 450 304 521 332; x_wconf 85' lang='lat' dir='ltr'><strong>ltem</strong></span> <span class='ocrx_word' id='word_1_5' title='bbox 535 302 574 330; x_wconf 86' lang='lat' dir='ltr'><strong>de</strong></span> <span class='ocrx_word' id='word_1_6' title='bbox 584 300 731 339; x_wconf 75' lang='lat' dir='ltr'><strong>praelaus¹</strong></span> <span class='ocrx_word' id='word_1_7' title='bbox 748 309 757 328; x_wconf 74' lang='grc' dir='ltr'>ι</span> <span class='ocrx_word' id='word_1_8' title='bbox 772 300 827 334; x_wconf 80' lang='lat' dir='ltr'><strong>Qui</strong></span> <span class='ocrx_word' id='word_1_9' title='bbox 840 302 954 336; x_wconf 73' lang='lat' dir='ltr'><strong>proeest,</strong></span> <span class='ocrx_word' id='word_1_10' title='bbox 965 300 997 326; x_wconf 76' lang='lat' dir='ltr'><strong>in</strong></span> 
     </span>
     <span class='ocr_line' id='line_1_3' title="bbox 218 346 998 382; baseline -0.008 -2"><span class='ocrx_word' id='word_1_11' title='bbox 218 350 414 380; x_wconf 72' lang='lat' dir='ltr'><strong>sollicitudine.</strong></span> <span class='ocrx_word' id='word_1_12' title='bbox 438 349 574 378; x_wconf 83' lang='lat' dir='ltr'><strong>Secunda</strong></span> <span class='ocrx_word' id='word_1_13' title='bbox 587 351 632 377; x_wconf 85' lang='lat' dir='ltr'><strong>est</strong></span> <span class='ocrx_word' id='word_1_14' title='bbox 645 347 822 382; x_wconf 85' lang='lat' dir='ltr'><strong>tolerabilis,</strong></span> <span class='ocrx_word' id='word_1_15' title='bbox 839 349 868 376; x_wconf 90' lang='lat' dir='ltr'><strong>et</strong></span> <span class='ocrx_word' id='word_1_16' title='bbox 883 349 927 375; x_wconf 87' lang='lat' dir='ltr'><strong>est</strong></span> <span class='ocrx_word' id='word_1_17' title='bbox 944 346 998 374; x_wconf 85' lang='lat' dir='ltr'><strong>illa</strong></span> 
     </span>
     <span class='ocr_line' id='line_1_4' title="bbox 218 392 995 433; baseline -0.009 -6"><span class='ocrx_word' id='word_1_18' title='bbox 218 397 388 427; x_wconf 88' lang='lat' dir='ltr'><strong>sollicitudo</strong></span> <span class='ocrx_word' id='word_1_19' title='bbox 409 404 488 425; x_wconf 88' lang='lat' dir='ltr'><strong>curoe</strong></span> <span class='ocrx_word' id='word_1_20' title='bbox 511 395 685 433; x_wconf 85' lang='lat' dir='ltr'><strong>temporalis</strong></span> <span class='ocrx_word' id='word_1_21' title='bbox 704 394 808 432; x_wconf 83' lang='lat' dir='ltr'><strong>quoad</strong></span> <span class='ocrx_word' id='word_1_22' title='bbox 826 401 936 430; x_wconf 85' lang='lat' dir='ltr'><strong>corpus</strong></span> <span class='ocrx_word' id='word_1_23' title='bbox 957 392 969 408; x_wconf 83' lang='lat'>²</span> <span class='ocrx_word' id='word_1_24' title='bbox 987 401 995 420; x_wconf 88' lang='lat'>:</span> 
     </span>
     <span class='ocr_line' id='line_1_5' title="bbox 219 436 997 480; baseline -0.009 -6"><span class='ocrx_word' id='word_1_25' title='bbox 219 436 348 480; x_wconf 62' lang='lat' dir='ltr'><strong>Martha,</strong></span> <span class='ocrx_word' id='word_1_26' title='bbox 373 445 502 479; x_wconf 79' lang='lat' dir='ltr'><strong><em>Martha,</em></strong></span> <span class='ocrx_word' id='word_1_27' title='bbox 528 444 649 472; x_wconf 80' lang='lat' dir='ltr'><strong>sollicita</strong></span> <span class='ocrx_word' id='word_1_28' title='bbox 667 450 712 475; x_wconf 81' lang='lat' dir='ltr'><strong>es,</strong></span> <span class='ocrx_word' id='word_1_29' title='bbox 731 445 758 470; x_wconf 82' lang='lat' dir='ltr'><strong>et</strong></span> <span class='ocrx_word' id='word_1_30' title='bbox 779 441 918 474; x_wconf 74' lang='lat' dir='ltr'><strong>turbaris,</strong></span> <span class='ocrx_word' id='word_1_31' title='bbox 942 441 997 468; x_wconf 81' lang='lat' dir='ltr'><strong>etc.</strong></span> 
     </span>
     <span class='ocr_line' id='line_1_6' title="bbox 219 486 1000 528; baseline -0.008 -8"><span class='ocrx_word' id='word_1_32' title='bbox 219 492 314 521; x_wconf 87' lang='lat' dir='ltr'><strong>Tertia</strong></span> <span class='ocrx_word' id='word_1_33' title='bbox 339 493 381 519; x_wconf 89' lang='lat' dir='ltr'><strong>est</strong></span> <span class='ocrx_word' id='word_1_34' title='bbox 403 489 628 528; x_wconf 86' lang='lat' dir='ltr'><strong>vituperabilis,</strong></span> <span class='ocrx_word' id='word_1_35' title='bbox 650 491 678 517; x_wconf 87' lang='lat' dir='ltr'><strong>et</strong></span> <span class='ocrx_word' id='word_1_36' title='bbox 698 488 753 516; x_wconf 86' lang='lat' dir='ltr'><strong>ista</strong></span> <span class='ocrx_word' id='word_1_37' title='bbox 776 489 820 516; x_wconf 86' lang='lat' dir='ltr'><strong>est</strong></span> <span class='ocrx_word' id='word_1_38' title='bbox 842 486 1000 524; x_wconf 74' lang='lat' dir='ltr'><strong>superfluae</strong></span> 
     </span>
     <span class='ocr_line' id='line_1_7' title="bbox 220 535 1000 574; baseline -0.008 -7"><span class='ocrx_word' id='word_1_39' title='bbox 220 538 472 567; x_wconf 84' lang='lat' dir='ltr'><strong>thesaurizationis</strong></span> <span class='ocrx_word' id='word_1_40' title='bbox 491 537 594 574; x_wconf 80' lang='lat' dir='ltr'><strong>quoad</strong></span> <span class='ocrx_word' id='word_1_41' title='bbox 617 536 774 565; x_wconf 80' lang='lat' dir='ltr'><strong>avaritiam</strong></span> <span class='ocrx_word' id='word_1_42' title='bbox 797 536 807 552; x_wconf 81' lang='lat'><strong>³</strong></span> <span class='ocrx_word' id='word_1_43' title='bbox 830 544 837 562; x_wconf 91' lang='lat'><strong>:</strong></span> <span class='ocrx_word' id='word_1_44' title='bbox 863 535 1000 562; x_wconf 83' lang='lat' dir='ltr'><em>Peccatori</em></span> 
     </span>
     <span class='ocr_line' id='line_1_8' title="bbox 220 581 997 619; baseline -0.008 -5"><span class='ocrx_word' id='word_1_45' title='bbox 220 588 310 614; x_wconf 82' lang='lat' dir='ltr'><strong>autem</strong></span> <span class='ocrx_word' id='word_1_46' title='bbox 323 585 400 613; x_wconf 79' lang='lat' dir='ltr'><strong>dedit</strong></span> <span class='ocrx_word' id='word_1_47' title='bbox 417 586 486 612; x_wconf 85' lang='lat' dir='ltr'><strong>Deus</strong></span> <span class='ocrx_word' id='word_1_48' title='bbox 500 585 674 619; x_wconf 80' lang='lat' dir='ltr'><strong>afflictionem</strong></span> <span class='ocrx_word' id='word_1_49' title='bbox 685 584 830 619; x_wconf 76' lang='lat' dir='ltr'><strong><em>pessimam</em></strong></span> <span class='ocrx_word' id='word_1_50' title='bbox 842 604 850 614; x_wconf 89' lang='lat'><strong>,</strong></span> <span class='ocrx_word' id='word_1_51' title='bbox 861 583 892 609; x_wconf 76' lang='lat' dir='ltr'><strong>ut</strong></span> <span class='ocrx_word' id='word_1_52' title='bbox 902 581 997 612; x_wconf 80' lang='lat' dir='ltr'><strong>addat,</strong></span> 
     </span>
     <span class='ocr_line' id='line_1_9' title="bbox 221 628 998 668; baseline -0.006 -8"><span class='ocrx_word' id='word_1_53' title='bbox 221 635 246 660; x_wconf 83' lang='lat' dir='ltr'><strong>et</strong></span> <span class='ocrx_word' id='word_1_54' title='bbox 261 634 418 668; x_wconf 65' lang='lat' dir='ltr'><strong>congreget,</strong></span> <span class='ocrx_word' id='word_1_55' title='bbox 432 634 459 659; x_wconf 80' lang='lat' dir='ltr'><strong>et</strong></span> <span class='ocrx_word' id='word_1_56' title='bbox 473 632 528 659; x_wconf 81' lang='lat' dir='ltr'><strong>hoec</strong></span> <span class='ocrx_word' id='word_1_57' title='bbox 541 632 651 659; x_wconf 74' lang='lat' dir='ltr'><strong>vanitas</strong></span> <span class='ocrx_word' id='word_1_58' title='bbox 665 637 743 658; x_wconf 82' lang='lat' dir='ltr'><strong>cassa</strong></span> <span class='ocrx_word' id='word_1_59' title='bbox 756 628 912 657; x_wconf 80' lang='lat' dir='ltr'><strong>sollicitudo</strong></span> <span class='ocrx_word' id='word_1_60' title='bbox 926 635 998 655; x_wconf 85' lang='lat' dir='ltr'><strong>men-</strong></span> 
     </span>
     <span class='ocr_line' id='line_1_10' title="bbox 222 674 1002 715; baseline -0.006 -9"><span class='ocrx_word' id='word_1_61' title='bbox 222 681 268 708; x_wconf 82' lang='lat' dir='ltr'><strong>tis.</strong></span> <span class='ocrx_word' id='word_1_62' title='bbox 284 678 457 708; x_wconf 80' lang='lat' dir='ltr'><strong>Sollicitudo</strong></span> <span class='ocrx_word' id='word_1_63' title='bbox 472 678 570 715; x_wconf 82' lang='lat' dir='ltr'><strong>prima</strong></span> <span class='ocrx_word' id='word_1_64' title='bbox 583 676 766 714; x_wconf 78' lang='lat' dir='ltr'><strong>praecipitur3</strong></span> <span class='ocrx_word' id='word_1_65' title='bbox 782 674 915 704; x_wconf 84' lang='lat' dir='ltr'><strong>secunda</strong></span> <span class='ocrx_word' id='word_1_66' title='bbox 929 674 1002 702; x_wconf 87' lang='lat' dir='ltr'><strong>tole-</strong></span> 
     </span>
     <span class='ocr_line' id='line_1_11' title="bbox 221 725 618 762; baseline -0.008 -7"><span class='ocrx_word' id='word_1_67' title='bbox 221 729 317 762; x_wconf 82' lang='lat' dir='ltr'><strong>ratur3</strong></span> <span class='ocrx_word' id='word_1_68' title='bbox 335 725 420 754; x_wconf 85' lang='lat' dir='ltr'><strong>tertia</strong></span> <span class='ocrx_word' id='word_1_69' title='bbox 434 725 618 761; x_wconf 79' lang='lat' dir='ltr'>prohibetur.</span> 
     </span>
    </p>

    <p class='ocr_par' dir='ltr' id='par_1_3' title="bbox 222 769 1007 1230">
     <span class='ocr_line' id='line_1_12' title="bbox 259 769 1002 804; baseline -0.005 -3"><span class='ocrx_word' id='word_1_70' title='bbox 259 772 472 801; x_wconf 87' lang='lat' dir='ltr'><strong>Duodecimum</strong></span> <span class='ocrx_word' id='word_1_71' title='bbox 487 773 530 800; x_wconf 91' lang='lat' dir='ltr'><strong>est</strong></span> <span class='ocrx_word' id='word_1_72' title='bbox 543 771 677 799; x_wconf 76' lang='lat' dir='ltr'><strong>fraternae</strong></span> <span class='ocrx_word' id='word_1_73' title='bbox 691 770 882 799; x_wconf 82' lang='lat' dir='ltr'><strong>correctionis</strong></span> <span class='ocrx_word' id='word_1_74' title='bbox 892 792 900 804; x_wconf 91' lang='lat'><em>‚</em></span> <span class='ocrx_word' id='word_1_75' title='bbox 923 771 957 798; x_wconf 86' lang='lat' dir='ltr'><strong>ut</strong></span> <span class='ocrx_word' id='word_1_76' title='bbox 971 769 1002 797; x_wconf 90' lang='lat' dir='ltr'><strong>in</strong></span> 
     </span>
     <span class='ocr_line' id='line_1_13' title="bbox 222 819 1000 854; baseline -0.006 -5"><span class='ocrx_word' id='word_1_77' title='bbox 222 820 353 850; x_wconf 79' lang='lat' dir='ltr'><strong>Matthaeo</strong></span> <span class='ocrx_word' id='word_1_78' title='bbox 367 820 377 837; x_wconf 74' lang='lat'><strong>⁴</strong></span> <span class='ocrx_word' id='word_1_79' title='bbox 394 829 400 847; x_wconf 91' lang='lat'>:</span> <span class='ocrx_word' id='word_1_80' title='bbox 424 820 456 847; x_wconf 87' lang='lat' dir='ltr'><strong>Si</strong></span> <span class='ocrx_word' id='word_1_81' title='bbox 471 821 620 854; x_wconf 77' lang='lat' dir='ltr'><strong>peccaverit</strong></span> <span class='ocrx_word' id='word_1_82' title='bbox 639 820 669 845; x_wconf 77' lang='lat' dir='ltr'><strong>in</strong></span> <span class='ocrx_word' id='word_1_83' title='bbox 690 821 716 845; x_wconf 85' lang='lat' dir='ltr'><strong>te</strong></span> <span class='ocrx_word' id='word_1_84' title='bbox 738 819 825 851; x_wconf 79' lang='lat' dir='ltr'><strong>frater</strong></span> <span class='ocrx_word' id='word_1_85' title='bbox 845 820 925 851; x_wconf 80' lang='lat' dir='ltr'><strong>tuus,</strong></span> <span class='ocrx_word' id='word_1_86' title='bbox 946 819 1000 845; x_wconf 85' lang='lat' dir='ltr'><strong>etc.</strong></span> 
     </span>
     <span class='ocr_line' id='line_1_14' title="bbox 223 864 1004 903; baseline -0.006 -7"><span class='ocrx_word' id='word_1_87' title='bbox 223 869 311 901; x_wconf 85' lang='lat' dir='ltr'><strong>Nota,</strong></span> <span class='ocrx_word' id='word_1_88' title='bbox 327 866 412 903; x_wconf 87' lang='lat' dir='ltr'><strong>quod</strong></span> <span class='ocrx_word' id='word_1_89' title='bbox 435 866 554 895; x_wconf 83' lang='lat' dir='ltr'><strong>fratrem</strong></span> <span class='ocrx_word' id='word_1_90' title='bbox 577 865 740 902; x_wconf 81' lang='lat' dir='ltr'><strong>corripere,</strong></span> <span class='ocrx_word' id='word_1_91' title='bbox 757 864 940 901; x_wconf 84' lang='lat' dir='ltr'><strong>quaudoque</strong></span> <span class='ocrx_word' id='word_1_92' title='bbox 961 865 1004 891; x_wconf 88' lang='lat' dir='ltr'><strong>est</strong></span> 
     </span>
     <span class='ocr_line' id='line_1_15' title="bbox 224 909 1003 950; baseline -0.008 -7"><span class='ocrx_word' id='word_1_93' title='bbox 224 914 395 949; x_wconf 88' lang='lat' dir='ltr'><strong>consilium,</strong></span> <span class='ocrx_word' id='word_1_94' title='bbox 411 915 444 941; x_wconf 88' lang='lat' dir='ltr'><strong>ut</strong></span> <span class='ocrx_word' id='word_1_95' title='bbox 458 912 581 950; x_wconf 86' lang='lat' dir='ltr'><strong>quando</strong></span> <span class='ocrx_word' id='word_1_96' title='bbox 605 911 762 948; x_wconf 90' lang='lat' dir='ltr'><strong>corripitur</strong></span> <span class='ocrx_word' id='word_1_97' title='bbox 776 919 865 947; x_wconf 86' lang='lat' dir='ltr'><strong>super</strong></span> <span class='ocrx_word' id='word_1_98' title='bbox 879 909 1003 938; x_wconf 81' lang='lat' dir='ltr'><strong>veniali-</strong></span> 
     </span>
     <span class='ocr_line' id='line_1_16' title="bbox 223 957 1004 997; baseline -0.008 -7"><span class='ocrx_word' id='word_1_99' title='bbox 223 962 296 996; x_wconf 86' lang='lat' dir='ltr'><strong>bus;</strong></span> <span class='ocrx_word' id='word_1_100' title='bbox 314 960 496 997; x_wconf 82' lang='lat' dir='ltr'><strong>quandoque</strong></span> <span class='ocrx_word' id='word_1_101' title='bbox 517 961 560 988; x_wconf 86' lang='lat' dir='ltr'><strong>est</strong></span> <span class='ocrx_word' id='word_1_102' title='bbox 577 961 776 996; x_wconf 79' lang='lat' dir='ltr'><strong>praeeeptum,</strong></span> <span class='ocrx_word' id='word_1_103' title='bbox 799 960 832 985; x_wconf 89' lang='lat' dir='ltr'><strong>ut</strong></span> <span class='ocrx_word' id='word_1_104' title='bbox 854 957 1004 993; x_wconf 84' lang='lat' dir='ltr'><strong>corripere</strong></span> 
     </span>
     <span class='ocr_line' id='line_1_17' title="bbox 225 1004 1005 1037; baseline -0.006 -1"><span class='ocrx_word' id='word_1_105' title='bbox 225 1008 263 1037; x_wconf 88' lang='lat' dir='ltr'><strong>de</strong></span> <span class='ocrx_word' id='word_1_106' title='bbox 277 1007 454 1036; x_wconf 86' lang='lat' dir='ltr'><strong>mortalibus</strong></span> <span class='ocrx_word' id='word_1_107' title='bbox 466 1015 473 1034; x_wconf 80' lang='lat' dir='ltr'><strong><em>z</em></strong></span> <span class='ocrx_word' id='word_1_108' title='bbox 488 1008 515 1034; x_wconf 88' lang='lat' dir='ltr'><strong>et</strong></span> <span class='ocrx_word' id='word_1_109' title='bbox 529 1007 584 1034; x_wconf 87' lang='lat' dir='ltr'><strong>isto</strong></span> <span class='ocrx_word' id='word_1_110' title='bbox 595 1005 727 1034; x_wconf 86' lang='lat' dir='ltr'><strong>secundo</strong></span> <span class='ocrx_word' id='word_1_111' title='bbox 740 1005 830 1032; x_wconf 81' lang='lat' dir='ltr'><strong>modo</strong></span> <span class='ocrx_word' id='word_1_112' title='bbox 845 1004 885 1032; x_wconf 82' lang='lat' dir='ltr'><strong>ad</strong></span> <span class='ocrx_word' id='word_1_113' title='bbox 900 1011 1005 1031; x_wconf 87' lang='lat' dir='ltr'><strong>omnes</strong></span> 
     </span>
     <span class='ocr_line' id='line_1_18' title="bbox 225 1051 1005 1091; baseline -0.006 -8"><span class='ocrx_word' id='word_1_114' title='bbox 225 1055 367 1091; x_wconf 81' lang='lat' dir='ltr'><strong>pertinet,</strong></span> <span class='ocrx_word' id='word_1_115' title='bbox 392 1055 420 1081; x_wconf 88' lang='lat' dir='ltr'><strong>et</strong></span> <span class='ocrx_word' id='word_1_116' title='bbox 442 1053 555 1089; x_wconf 83' lang='lat' dir='ltr'><strong>obligat</strong></span> <span class='ocrx_word' id='word_1_117' title='bbox 568 1060 694 1088; x_wconf 79' lang='lat' dir='ltr'><strong>semper,</strong></span> <span class='ocrx_word' id='word_1_118' title='bbox 715 1052 787 1088; x_wconf 86' lang='lat' dir='ltr'><strong>quia</strong></span> <span class='ocrx_word' id='word_1_119' title='bbox 805 1059 861 1088; x_wconf 88' lang='lat' dir='ltr'><strong>pro</strong></span> <span class='ocrx_word' id='word_1_120' title='bbox 885 1051 952 1079; x_wconf 87' lang='lat' dir='ltr'><strong>loeo</strong></span> <span class='ocrx_word' id='word_1_121' title='bbox 977 1053 1005 1078; x_wconf 87' lang='lat' dir='ltr'><strong>et</strong></span> 
     </span>
     <span class='ocr_line' id='line_1_19' title="bbox 225 1097 1004 1138; baseline -0.005 -9"><span class='ocrx_word' id='word_1_122' title='bbox 225 1104 373 1138; x_wconf 89' lang='lat' dir='ltr'><strong>tempore,</strong></span> <span class='ocrx_word' id='word_1_123' title='bbox 390 1099 499 1128; x_wconf 85' lang='lat' dir='ltr'><strong>scilicet</strong></span> <span class='ocrx_word' id='word_1_124' title='bbox 521 1098 644 1136; x_wconf 81' lang='lat' dir='ltr'><strong>quando</strong></span> <span class='ocrx_word' id='word_1_125' title='bbox 660 1101 762 1132; x_wconf 79' lang='lat' dir='ltr'><strong>vacat,</strong></span> <span class='ocrx_word' id='word_1_126' title='bbox 778 1100 806 1126; x_wconf 82' lang='lat' dir='ltr'><strong>et</strong></span> <span class='ocrx_word' id='word_1_127' title='bbox 820 1098 902 1126; x_wconf 82' lang='lat' dir='ltr'><strong>videt</strong></span> <span class='ocrx_word' id='word_1_128' title='bbox 921 1097 1004 1133; x_wconf 87' lang='lat' dir='ltr'><strong>quod</strong></span> 
     </span>
     <span class='ocr_line' id='line_1_20' title="bbox 226 1144 1007 1181; baseline -0.006 -5"><span class='ocrx_word' id='word_1_129' title='bbox 226 1148 306 1176; x_wconf 89' lang='lat' dir='ltr'><strong>utilis</strong></span> <span class='ocrx_word' id='word_1_130' title='bbox 320 1147 356 1176; x_wconf 89' lang='lat' dir='ltr'><strong>sit</strong></span> <span class='ocrx_word' id='word_1_131' title='bbox 370 1147 523 1175; x_wconf 89' lang='lat' dir='ltr'><strong>correctio.</strong></span> <span class='ocrx_word' id='word_1_132' title='bbox 549 1145 707 1174; x_wconf 83' lang='lat' dir='ltr'><strong>Sciendum</strong></span> <span class='ocrx_word' id='word_1_133' title='bbox 729 1145 812 1181; x_wconf 91' lang='lat' dir='ltr'><strong>quod</strong></span> <span class='ocrx_word' id='word_1_134' title='bbox 835 1144 941 1181; x_wconf 77' lang='lat' dir='ltr'><strong>triplex</strong></span> <span class='ocrx_word' id='word_1_135' title='bbox 964 1147 1007 1172; x_wconf 84' lang='lat' dir='ltr'><strong>est</strong></span> 
     </span>
     <span class='ocr_line' id='line_1_21' title="bbox 227 1191 1004 1230; baseline -0.005 -7"><span class='ocrx_word' id='word_1_136' title='bbox 227 1195 384 1230; x_wconf 86' lang='lat' dir='ltr'><strong>correctio,</strong></span> <span class='ocrx_word' id='word_1_137' title='bbox 400 1194 510 1222; x_wconf 84' lang='lat' dir='ltr'><strong>scilicet</strong></span> <span class='ocrx_word' id='word_1_138' title='bbox 531 1193 658 1227; x_wconf 75' lang='lat' dir='ltr'><strong>amoris,</strong></span> <span class='ocrx_word' id='word_1_139' title='bbox 677 1193 807 1226; x_wconf 89' lang='lat' dir='ltr'><strong>timoris,</strong></span> <span class='ocrx_word' id='word_1_140' title='bbox 823 1195 851 1220; x_wconf 87' lang='lat' dir='ltr'><strong>et</strong></span> <span class='ocrx_word' id='word_1_141' title='bbox 869 1191 1004 1228; x_wconf 85' lang='lat' dir='ltr'><strong>pudoris.</strong></span> 
     </span>
    </p>
   </div>
   <div class='ocr_carea' id='block_1_3' title="bbox 536 214 1504 266">
    <p class='ocr_par' dir='ltr' id='par_1_4' title="bbox 536 214 1504 266">
     <span class='ocr_line' id='line_1_22' title="bbox 536 214 1504 266; baseline -0.006 1"><span class='ocrx_word' id='word_1_142' title='bbox 536 232 798 266; x_wconf 80' lang='lat' dir='ltr'><strong>COMPENDIUM</strong></span> <span class='ocrx_word' id='word_1_143' title='bbox 818 214 1082 264; x_wconf 76' lang='lat' dir='ltr'><strong>THEoLonAE.</strong></span> <span class='ocrx_word' id='word_1_144' title='bbox 1100 228 1324 262; x_wconf 76' lang='lat' dir='ltr'><strong>VERITATIS.</strong></span> <span class='ocrx_word' id='word_1_145' title='bbox 1348 228 1427 261; x_wconf 89' lang='lat' dir='ltr'><strong>LlB.</strong></span> <span class='ocrx_word' id='word_1_146' title='bbox 1449 228 1504 262; x_wconf 78' lang='lat' dir='ltr'><strong>Vl.</strong></span> 
     </span>
    </p>
   </div>
   <div class='ocr_carea' id='block_1_4' title="bbox 1051 295 1838 1226">
    <p class='ocr_par' dir='ltr' id='par_1_5' title="bbox 1051 295 1838 1226">
     <span class='ocr_line' id='line_1_23' title="bbox 1052 295 1829 326; baseline -0.001 0"><span class='ocrx_word' id='word_1_147' title='bbox 1052 298 1135 326; x_wconf 80' lang='lat' dir='ltr'><strong>Hunc</strong></span> <span class='ocrx_word' id='word_1_148' title='bbox 1148 296 1286 326; x_wconf 82' lang='lat' dir='ltr'><strong>ordinem</strong></span> <span class='ocrx_word' id='word_1_149' title='bbox 1306 296 1442 325; x_wconf 81' lang='lat' dir='ltr'><strong>fraternae</strong></span> <span class='ocrx_word' id='word_1_150' title='bbox 1459 295 1651 325; x_wconf 78' lang='lat' dir='ltr'><strong>correctionis</strong></span> <span class='ocrx_word' id='word_1_151' title='bbox 1668 296 1756 325; x_wconf 78' lang='lat' dir='ltr'><strong>docet</strong></span> <span class='ocrx_word' id='word_1_152' title='bbox 1772 297 1829 325; x_wconf 82' lang='lat' dir='ltr'><strong>Do-</strong></span> 
     </span>
     <span class='ocr_line' id='line_1_24' title="bbox 1051 342 1830 380; baseline 0 -8"><span class='ocrx_word' id='word_1_153' title='bbox 1051 344 1151 373; x_wconf 86' lang='lat' dir='ltr'><strong>minus</strong></span> <span class='ocrx_word' id='word_1_154' title='bbox 1163 344 1195 372; x_wconf 87' lang='lat' dir='ltr'><strong>in</strong></span> <span class='ocrx_word' id='word_1_155' title='bbox 1205 344 1377 380; x_wconf 82' lang='lat' dir='ltr'><strong>Evangelio.</strong></span> <span class='ocrx_word' id='word_1_156' title='bbox 1394 344 1493 372; x_wconf 85' lang='lat' dir='ltr'><strong>Primo</strong></span> <span class='ocrx_word' id='word_1_157' title='bbox 1505 344 1587 372; x_wconf 87' lang='lat' dir='ltr'><strong>enim</strong></span> <span class='ocrx_word' id='word_1_158' title='bbox 1599 343 1697 372; x_wconf 81' lang='lat' dir='ltr'><strong>innuit</strong></span> <span class='ocrx_word' id='word_1_159' title='bbox 1708 342 1830 372; x_wconf 69' lang='lat' dir='ltr'><strong>frah-em</strong></span> 
     </span>
     <span class='ocr_line' id='line_1_25' title="bbox 1051 390 1830 428; baseline -0.003 -7"><span class='ocrx_word' id='word_1_160' title='bbox 1051 391 1256 421; x_wconf 84' lang='lat' dir='ltr'><strong>revocandum</strong></span> <span class='ocrx_word' id='word_1_161' title='bbox 1270 400 1334 421; x_wconf 88' lang='lat' dir='ltr'><strong>esse</strong></span> <span class='ocrx_word' id='word_1_162' title='bbox 1357 400 1478 426; x_wconf 88' lang='lat' dir='ltr'><strong>amore,</strong></span> <span class='ocrx_word' id='word_1_163' title='bbox 1493 400 1562 420; x_wconf 88' lang='lat' dir='ltr'><strong>cum</strong></span> <span class='ocrx_word' id='word_1_164' title='bbox 1580 392 1666 428; x_wconf 84' lang='lat' dir='ltr'><strong>jubet</strong></span> <span class='ocrx_word' id='word_1_165' title='bbox 1685 399 1755 420; x_wconf 85' lang='lat' dir='ltr'><strong>eum</strong></span> <span class='ocrx_word' id='word_1_166' title='bbox 1768 390 1830 419; x_wconf 85' lang='lat' dir='ltr'><strong>sin·</strong></span> 
     </span>
     <span class='ocr_line' id='line_1_26' title="bbox 1053 438 1832 476; baseline -0.003 -8"><span class='ocrx_word' id='word_1_167' title='bbox 1053 439 1195 476; x_wconf 80' lang='lat' dir='ltr'><strong>gulariter</strong></span> <span class='ocrx_word' id='word_1_168' title='bbox 1212 438 1378 475; x_wconf 79' lang='lat' dir='ltr'><strong>corripere,</strong></span> <span class='ocrx_word' id='word_1_169' title='bbox 1399 439 1541 467; x_wconf 81' lang='lat' dir='ltr'><strong>dicens⁵:</strong></span> <span class='ocrx_word' id='word_1_170' title='bbox 1555 438 1666 474; x_wconf 71' lang='lat' dir='ltr'><strong>Corripe</strong></span> <span class='ocrx_word' id='word_1_171' title='bbox 1685 446 1746 466; x_wconf 86' lang='lat' dir='ltr'><strong>eum</strong></span> <span class='ocrx_word' id='word_1_172' title='bbox 1758 439 1832 466; x_wconf 74' lang='lat' dir='ltr'><strong>inter</strong></span> 
     </span>
     <span class='ocr_line' id='line_1_27' title="bbox 1055 484 1832 523; baseline -0.003 -9"><span class='ocrx_word' id='word_1_173' title='bbox 1055 490 1098 522; x_wconf 82' lang='lat' dir='ltr'><strong>te,</strong></span> <span class='ocrx_word' id='word_1_174' title='bbox 1116 489 1142 515; x_wconf 83' lang='lat' dir='ltr'><strong>et</strong></span> <span class='ocrx_word' id='word_1_175' title='bbox 1157 488 1248 523; x_wconf 76' lang='lat' dir='ltr'><strong>ipsum</strong></span> <span class='ocrx_word' id='word_1_176' title='bbox 1263 487 1358 514; x_wconf 81' lang='lat' dir='ltr'><strong>solum.</strong></span> <span class='ocrx_word' id='word_1_177' title='bbox 1373 486 1431 515; x_wconf 85' lang='lat' dir='ltr'><strong>Sed</strong></span> <span class='ocrx_word' id='word_1_178' title='bbox 1447 486 1471 514; x_wconf 90' lang='lat' dir='ltr'><strong>si</strong></span> <span class='ocrx_word' id='word_1_179' title='bbox 1485 485 1542 514; x_wconf 86' lang='lat' dir='ltr'><strong>hoc</strong></span> <span class='ocrx_word' id='word_1_180' title='bbox 1557 493 1618 514; x_wconf 90' lang='lat' dir='ltr'><strong>non</strong></span> <span class='ocrx_word' id='word_1_181' title='bbox 1633 484 1729 520; x_wconf 82' lang='lat' dir='ltr'><strong>valet,</strong></span> <span class='ocrx_word' id='word_1_182' title='bbox 1744 484 1832 513; x_wconf 83' lang='lat' dir='ltr'><strong>docet</strong></span> 
     </span>
     <span class='ocr_line' id='line_1_28' title="bbox 1054 531 1832 567; baseline -0.005 -5"><span class='ocrx_word' id='word_1_183' title='bbox 1054 541 1123 562; x_wconf 89' lang='lat' dir='ltr'><strong>eum</strong></span> <span class='ocrx_word' id='word_1_184' title='bbox 1138 541 1201 562; x_wconf 84' lang='lat' dir='ltr'><strong>esse</strong></span> <span class='ocrx_word' id='word_1_185' title='bbox 1221 533 1428 562; x_wconf 85' lang='lat' dir='ltr'><strong>revocandum</strong></span> <span class='ocrx_word' id='word_1_186' title='bbox 1448 533 1572 567; x_wconf 86' lang='lat' dir='ltr'><strong>timore,</strong></span> <span class='ocrx_word' id='word_1_187' title='bbox 1599 531 1652 560; x_wconf 88' lang='lat' dir='ltr'><strong>uhi</strong></span> <span class='ocrx_word' id='word_1_188' title='bbox 1672 531 1712 560; x_wconf 83' lang='lat' dir='ltr'><strong>ait</strong></span> <span class='ocrx_word' id='word_1_189' title='bbox 1731 540 1738 559; x_wconf 89' lang='lat'>:</span> <span class='ocrx_word' id='word_1_190' title='bbox 1759 531 1791 559; x_wconf 89' lang='lat' dir='ltr'><strong>Si</strong></span> <span class='ocrx_word' id='word_1_191' title='bbox 1806 534 1832 559; x_wconf 82' lang='lat' dir='ltr'><strong>te</strong></span> 
     </span>
     <span class='ocr_line' id='line_1_29' title="bbox 1053 578 1832 615; baseline -0.003 -7"><span class='ocrx_word' id='word_1_192' title='bbox 1053 589 1106 608; x_wconf 74' lang='lat' dir='ltr'><strong>non</strong></span> <span class='ocrx_word' id='word_1_193' title='bbox 1122 581 1258 613; x_wconf 76' lang='lat' dir='ltr'><strong>audierit,</strong></span> <span class='ocrx_word' id='word_1_194' title='bbox 1283 580 1382 608; x_wconf 80' lang='lat' dir='ltr'><strong>adhibe</strong></span> <span class='ocrx_word' id='word_1_195' title='bbox 1403 588 1504 615; x_wconf 77' lang='lat' dir='ltr'><strong>unum,</strong></span> <span class='ocrx_word' id='word_1_196' title='bbox 1527 581 1569 607; x_wconf 83' lang='lat' dir='ltr'><strong>vel</strong></span> <span class='ocrx_word' id='word_1_197' title='bbox 1592 579 1660 606; x_wconf 76' lang='lat' dir='ltr'><strong>duos</strong></span> <span class='ocrx_word' id='word_1_198' title='bbox 1686 581 1781 606; x_wconf 81' lang='lat' dir='ltr'><strong>tecum.</strong></span> <span class='ocrx_word' id='word_1_199' title='bbox 1803 578 1832 606; x_wconf 90' lang='lat' dir='ltr'><strong>Si</strong></span> 
     </span>
     <span class='ocr_line' id='line_1_30' title="bbox 1054 623 1834 661; baseline -0.004 -6"><span class='ocrx_word' id='word_1_200' title='bbox 1054 627 1112 655; x_wconf 90' lang='lat' dir='ltr'><strong>hoc</strong></span> <span class='ocrx_word' id='word_1_201' title='bbox 1126 635 1187 655; x_wconf 92' lang='lat' dir='ltr'><strong>non</strong></span> <span class='ocrx_word' id='word_1_202' title='bbox 1201 627 1344 661; x_wconf 84' lang='lat' dir='ltr'><strong>valuerit,</strong></span> <span class='ocrx_word' id='word_1_203' title='bbox 1360 627 1447 655; x_wconf 87' lang='lat' dir='ltr'><strong>docet</strong></span> <span class='ocrx_word' id='word_1_204' title='bbox 1462 634 1532 654; x_wconf 86' lang='lat' dir='ltr'><strong>eum</strong></span> <span class='ocrx_word' id='word_1_205' title='bbox 1551 633 1614 654; x_wconf 84' lang='lat' dir='ltr'><strong>esse</strong></span> <span class='ocrx_word' id='word_1_206' title='bbox 1628 623 1834 654; x_wconf 83' lang='lat' dir='ltr'><strong>revocandum</strong></span> 
     </span>
     <span class='ocr_line' id='line_1_31' title="bbox 1055 671 1832 710; baseline -0.006 -8"><span class='ocrx_word' id='word_1_207' title='bbox 1055 673 1186 710; x_wconf 88' lang='lat' dir='ltr'><strong>pudore,</strong></span> <span class='ocrx_word' id='word_1_208' title='bbox 1202 673 1255 702; x_wconf 89' lang='lat' dir='ltr'><strong>ubi</strong></span> <span class='ocrx_word' id='word_1_209' title='bbox 1269 673 1340 702; x_wconf 88' lang='lat' dir='ltr'><strong>dicit</strong></span> <span class='ocrx_word' id='word_1_210' title='bbox 1355 682 1362 701; x_wconf 90' lang='lat'>:</span> <span class='ocrx_word' id='word_1_211' title='bbox 1377 673 1409 701; x_wconf 84' lang='lat' dir='ltr'><strong>Si</strong></span> <span class='ocrx_word' id='word_1_212' title='bbox 1422 681 1468 701; x_wconf 84' lang='lat' dir='ltr'><strong>nec</strong></span> <span class='ocrx_word' id='word_1_213' title='bbox 1484 674 1546 701; x_wconf 80' lang='lat' dir='ltr'><strong>illos</strong></span> <span class='ocrx_word' id='word_1_214' title='bbox 1565 673 1704 704; x_wconf 75' lang='lat' dir='ltr'><strong>audierit,</strong></span> <span class='ocrx_word' id='word_1_215' title='bbox 1720 671 1764 698; x_wconf 81' lang='lat' dir='ltr'><strong>dic</strong></span> <span class='ocrx_word' id='word_1_216' title='bbox 1780 671 1832 698; x_wconf 84' lang='lat' dir='ltr'><strong>Ec-</strong></span> 
     </span>
     <span class='ocr_line' id='line_1_32' title="bbox 1055 717 1836 753; baseline -0.005 -4"><span class='ocrx_word' id='word_1_217' title='bbox 1055 722 1152 749; x_wconf 73' lang='lat' dir='ltr'><strong>clesioe.</strong></span> <span class='ocrx_word' id='word_1_218' title='bbox 1176 722 1208 749; x_wconf 87' lang='lat' dir='ltr'><strong>Si</strong></span> <span class='ocrx_word' id='word_1_219' title='bbox 1221 723 1311 748; x_wconf 63' lang='lat' dir='ltr'><strong>mrtem</strong></span> <span class='ocrx_word' id='word_1_220' title='bbox 1333 720 1480 748; x_wconf 81' lang='lat' dir='ltr'><strong>Ecclesiam</strong></span> <span class='ocrx_word' id='word_1_221' title='bbox 1498 727 1552 747; x_wconf 80' lang='lat' dir='ltr'><strong>non</strong></span> <span class='ocrx_word' id='word_1_222' title='bbox 1574 719 1705 753; x_wconf 71' lang='lat' dir='ltr'><strong>audierit,</strong></span> <span class='ocrx_word' id='word_1_223' title='bbox 1725 719 1763 746; x_wconf 79' lang='lat' dir='ltr'><strong>sit</strong></span> <span class='ocrx_word' id='word_1_224' title='bbox 1783 717 1836 746; x_wconf 78' lang='lat' dir='ltr'><strong>tibi</strong></span> 
     </span>
     <span class='ocr_line' id='line_1_33' title="bbox 1056 764 1835 802; baseline -0.004 -7"><span class='ocrx_word' id='word_1_225' title='bbox 1056 769 1125 795; x_wconf 77' lang='lat' dir='ltr'><strong>sicut</strong></span> <span class='ocrx_word' id='word_1_226' title='bbox 1139 768 1260 795; x_wconf 81' lang='lat' dir='ltr'><strong>ethnicus</strong></span> <span class='ocrx_word' id='word_1_227' title='bbox 1274 770 1301 795; x_wconf 80' lang='lat' dir='ltr'><strong>et</strong></span> <span class='ocrx_word' id='word_1_228' title='bbox 1315 767 1476 802; x_wconf 80' lang='lat' dir='ltr'><strong>publicanus</strong></span> <span class='ocrx_word' id='word_1_229' title='bbox 1485 788 1493 799; x_wconf 86' lang='lat'>‚</span> <span class='ocrx_word' id='word_1_230' title='bbox 1511 766 1544 794; x_wconf 91' lang='lat' dir='ltr'><strong>id</strong></span> <span class='ocrx_word' id='word_1_231' title='bbox 1557 768 1618 801; x_wconf 89' lang='lat' dir='ltr'><strong>est,</strong></span> <span class='ocrx_word' id='word_1_232' title='bbox 1629 764 1835 793; x_wconf 82' lang='lat' dir='ltr'><strong>excommuni-</strong></span> 
     </span>
     <span class='ocr_line' id='line_1_34' title="bbox 1057 803 1834 849; baseline -0.004 -7"><span class='ocrx_word' id='word_1_233' title='bbox 1057 814 1118 842; x_wconf 81' lang='lat' dir='ltr'><strong>cari</strong></span> <span class='ocrx_word' id='word_1_234' title='bbox 1139 813 1243 848; x_wconf 89' lang='lat' dir='ltr'><strong>debet,</strong></span> <span class='ocrx_word' id='word_1_235' title='bbox 1265 815 1294 841; x_wconf 92' lang='lat' dir='ltr'><strong>et</strong></span> <span class='ocrx_word' id='word_1_236' title='bbox 1310 813 1352 841; x_wconf 83' lang='lat' dir='ltr'><strong>sic</strong></span> <span class='ocrx_word' id='word_1_237' title='bbox 1368 813 1481 841; x_wconf 81' lang='lat' dir='ltr'><strong>evitari.</strong></span> <span class='ocrx_word' id='word_1_238' title='bbox 1497 803 1572 841; x_wconf 80' lang='lat' dir='ltr'><strong>Sane</strong></span> <span class='ocrx_word' id='word_1_239' title='bbox 1585 811 1744 849; x_wconf 84' lang='lat' dir='ltr'><strong>praedictus</strong></span> <span class='ocrx_word' id='word_1_240' title='bbox 1758 811 1834 840; x_wconf 90' lang='lat' dir='ltr'><strong>ordo</strong></span> 
     </span>
     <span class='ocr_line' id='line_1_35' title="bbox 1057 857 1835 895; baseline -0.004 -7"><span class='ocrx_word' id='word_1_241' title='bbox 1057 860 1191 888; x_wconf 82' lang='lat' dir='ltr'><strong>fraternae</strong></span> <span class='ocrx_word' id='word_1_242' title='bbox 1205 859 1396 888; x_wconf 72' lang='lat' dir='ltr'><strong>correctionis</strong></span> <span class='ocrx_word' id='word_1_243' title='bbox 1409 858 1585 895; x_wconf 71' lang='lat' dir='ltr'><strong>intelligitur</strong></span> <span class='ocrx_word' id='word_1_244' title='bbox 1598 860 1713 886; x_wconf 84' lang='lat' dir='ltr'><strong>tantum</strong></span> <span class='ocrx_word' id='word_1_245' title='bbox 1727 857 1766 885; x_wconf 90' lang='lat' dir='ltr'><strong>de</strong></span> <span class='ocrx_word' id='word_1_246' title='bbox 1779 857 1835 885; x_wconf 88' lang='lat' dir='ltr'><strong>cri-</strong></span> 
     </span>
     <span class='ocr_line' id='line_1_36' title="bbox 1058 904 1838 943; baseline -0.004 -8"><span class='ocrx_word' id='word_1_247' title='bbox 1058 907 1219 935; x_wconf 88' lang='lat' dir='ltr'><strong>minalibus</strong></span> <span class='ocrx_word' id='word_1_248' title='bbox 1235 916 1241 935; x_wconf 92' lang='lat'>:</span> <span class='ocrx_word' id='word_1_249' title='bbox 1259 907 1331 943; x_wconf 80' lang='lat' dir='ltr'><strong>quia</strong></span> <span class='ocrx_word' id='word_1_250' title='bbox 1344 906 1382 935; x_wconf 89' lang='lat' dir='ltr'><strong>de</strong></span> <span class='ocrx_word' id='word_1_251' title='bbox 1395 906 1490 943; x_wconf 86' lang='lat' dir='ltr'><strong>culpis</strong></span> <span class='ocrx_word' id='word_1_252' title='bbox 1510 905 1720 934; x_wconf 86' lang='lat' dir='ltr'><strong>communibus</strong></span> <span class='ocrx_word' id='word_1_253' title='bbox 1741 904 1838 932; x_wconf 87' lang='lat' dir='ltr'><strong>solent</strong></span> 
     </span>
     <span class='ocr_line' id='line_1_37' title="bbox 1059 952 1838 988; baseline -0.004 -6"><span class='ocrx_word' id='word_1_254' title='bbox 1059 954 1230 982; x_wconf 79' lang='lat' dir='ltr'><strong>claustrales</strong></span> <span class='ocrx_word' id='word_1_255' title='bbox 1248 962 1278 981; x_wconf 88' lang='lat' dir='ltr'><strong>se</strong></span> <span class='ocrx_word' id='word_1_256' title='bbox 1303 954 1333 981; x_wconf 91' lang='lat' dir='ltr'><strong>in</strong></span> <span class='ocrx_word' id='word_1_257' title='bbox 1358 953 1418 981; x_wconf 85' lang='lat' dir='ltr'><strong>suis</strong></span> <span class='ocrx_word' id='word_1_258' title='bbox 1441 952 1576 988; x_wconf 83' lang='lat' dir='ltr'><strong>capitulis</strong></span> <span class='ocrx_word' id='word_1_259' title='bbox 1597 959 1753 986; x_wconf 83' lang='lat' dir='ltr'><strong>accusare,</strong></span> <span class='ocrx_word' id='word_1_260' title='bbox 1775 959 1838 979; x_wconf 90' lang='lat' dir='ltr'><strong>non</strong></span> 
     </span>
     <span class='ocr_line' id='line_1_38' title="bbox 1059 1000 1838 1038; baseline -0.005 -8"><span class='ocrx_word' id='word_1_261' title='bbox 1059 1001 1209 1038; x_wconf 75' lang='lat' dir='ltr'><strong>praemissa</strong></span> <span class='ocrx_word' id='word_1_262' title='bbox 1228 1000 1442 1029; x_wconf 81' lang='lat' dir='ltr'><strong>admonitione.</strong></span> <span class='ocrx_word' id='word_1_263' title='bbox 1466 1001 1675 1028; x_wconf 77' lang='lat' dir='ltr'><strong>Verumtamen</strong></span> <span class='ocrx_word' id='word_1_264' title='bbox 1696 1005 1838 1026; x_wconf 82' lang='lat' dir='ltr'><strong>accusans</strong></span> 
     </span>
     <span class='ocr_line' id='line_1_39' title="bbox 1059 1045 1837 1083; baseline -0.005 -6"><span class='ocrx_word' id='word_1_265' title='bbox 1059 1049 1151 1077; x_wconf 90' lang='lat' dir='ltr'><strong>alium</strong></span> <span class='ocrx_word' id='word_1_266' title='bbox 1166 1050 1268 1077; x_wconf 81' lang='lat' dir='ltr'><strong>caveat</strong></span> <span class='ocrx_word' id='word_1_267' title='bbox 1289 1047 1455 1083; x_wconf 83' lang='lat' dir='ltr'><strong>diligenter,</strong></span> <span class='ocrx_word' id='word_1_268' title='bbox 1471 1054 1508 1075; x_wconf 92' lang='lat' dir='ltr'><strong>ne</strong></span> <span class='ocrx_word' id='word_1_269' title='bbox 1522 1047 1580 1075; x_wconf 86' lang='lat' dir='ltr'><strong>hoc</strong></span> <span class='ocrx_word' id='word_1_270' title='bbox 1594 1046 1682 1074; x_wconf 78' lang='lat' dir='ltr'><strong>faciat</strong></span> <span class='ocrx_word' id='word_1_271' title='bbox 1696 1046 1735 1074; x_wconf 87' lang='lat' dir='ltr'><strong>ad</strong></span> <span class='ocrx_word' id='word_1_272' title='bbox 1750 1045 1837 1074; x_wconf 84' lang='lat' dir='ltr'><strong>diffa-</strong></span> 
     </span>
     <span class='ocr_line' id='line_1_40' title="bbox 1060 1092 1837 1130; baseline -0.006 -6"><span class='ocrx_word' id='word_1_273' title='bbox 1060 1096 1222 1129; x_wconf 88' lang='lat' dir='ltr'><strong>mandum,</strong></span> <span class='ocrx_word' id='word_1_274' title='bbox 1241 1095 1294 1123; x_wconf 86' lang='lat' dir='ltr'><strong>sed</strong></span> <span class='ocrx_word' id='word_1_275' title='bbox 1317 1094 1357 1123; x_wconf 82' lang='lat' dir='ltr'><strong>ad</strong></span> <span class='ocrx_word' id='word_1_276' title='bbox 1381 1094 1593 1130; x_wconf 80' lang='lat' dir='ltr'><strong>corrigendum</strong></span> <span class='ocrx_word' id='word_1_277' title='bbox 1614 1103 1621 1121; x_wconf 84' lang='lat' dir='ltr'><em>z</em></span> <span class='ocrx_word' id='word_1_278' title='bbox 1647 1093 1791 1130; x_wconf 87' lang='lat' dir='ltr'><strong>quoniam</strong></span> <span class='ocrx_word' id='word_1_279' title='bbox 1813 1092 1837 1120; x_wconf 90' lang='lat' dir='ltr'><strong>si</strong></span> 
     </span>
     <span class='ocr_line' id='line_1_41' title="bbox 1061 1140 1838 1180; baseline -0.006 -9"><span class='ocrx_word' id='word_1_280' title='bbox 1061 1143 1128 1180; x_wconf 89' lang='lat' dir='ltr'><strong>quis</strong></span> <span class='ocrx_word' id='word_1_281' title='bbox 1146 1151 1183 1171; x_wconf 85' lang='lat' dir='ltr'><strong>ex</strong></span> <span class='ocrx_word' id='word_1_282' title='bbox 1199 1141 1414 1170; x_wconf 78' lang='lat' dir='ltr'><strong>deliberatione</strong></span> <span class='ocrx_word' id='word_1_283' title='bbox 1424 1141 1607 1170; x_wconf 84' lang='lat' dir='ltr'><strong>contrarium</strong></span> <span class='ocrx_word' id='word_1_284' title='bbox 1621 1140 1739 1174; x_wconf 85' lang='lat' dir='ltr'><strong>faceret,</strong></span> <span class='ocrx_word' id='word_1_285' title='bbox 1757 1147 1838 1167; x_wconf 90' lang='lat' dir='ltr'><strong>mor-</strong></span> 
     </span>
     <span class='ocr_line' id='line_1_42' title="bbox 1061 1190 1316 1226; baseline -0.008 -8"><span class='ocrx_word' id='word_1_286' title='bbox 1061 1190 1157 1218; x_wconf 83' lang='lat' dir='ltr'><strong>taliter</strong></span> <span class='ocrx_word' id='word_1_287' title='bbox 1171 1191 1316 1226; x_wconf 85' lang='lat' dir='ltr'><strong>peccaret.</strong></span> 
     </span>
    </p>
   </div>
   <div class='ocr_carea' id='block_1_5' title="bbox 952 1315 1118 1322">
    <p class='ocr_par' dir='ltr' id='par_1_6' title="bbox 952 1315 1118 1322">
     <span class='ocr_line' id='line_1_43' title="bbox 952 1315 1118 1322; baseline -0.012 0"><span class='ocrx_word' id='word_1_288' title='bbox 952 1315 1118 1322; x_wconf 81' lang='grc'><strong>.---</strong></span> 
     </span>
    </p>
   </div>
   <div class='ocr_carea' id='block_1_6' title="bbox 834 1444 1240 1489">
    <p class='ocr_par' dir='ltr' id='par_1_7' title="bbox 834 1444 1240 1489">
     <span class='ocr_line' id='line_1_44' title="bbox 834 1444 1240 1489; baseline -0.005 0"><span class='ocrx_word' id='word_1_289' title='bbox 834 1447 997 1489; x_wconf 77' lang='lat' dir='ltr'>LIBER</span> <span class='ocrx_word' id='word_1_290' title='bbox 1033 1444 1240 1488; x_wconf 85' lang='lat' dir='ltr'>SEXTUS</span> 
     </span>
    </p>
   </div>
   <div class='ocr_carea' id='block_1_7' title="bbox 664 1553 1409 1586">
    <p class='ocr_par' dir='ltr' id='par_1_8' title="bbox 664 1553 1409 1586">
     <span class='ocr_line' id='line_1_45' title="bbox 664 1553 1409 1586; baseline -0.007 0"><span class='ocrx_word' id='word_1_291' title='bbox 664 1558 715 1586; x_wconf 86' lang='lat' dir='ltr'><strong>DE</strong></span> <span class='ocrx_word' id='word_1_292' title='bbox 751 1555 1162 1585; x_wconf 72' lang='lat' dir='ltr'>SACRAMENTORUM</span> <span class='ocrx_word' id='word_1_293' title='bbox 1208 1553 1409 1582; x_wconf 77' lang='lat' dir='ltr'><strong>vin&#39;rUTE</strong></span> 
     </span>
    </p>
   </div>
   <div class='ocr_carea' id='block_1_8' title="bbox 445 1751 797 1786">
    <p class='ocr_par' dir='ltr' id='par_1_9' title="bbox 445 1751 797 1786">
     <span class='ocr_line' id='line_1_46' title="bbox 445 1751 797 1786; baseline -0.009 0"><span class='ocrx_word' id='word_1_294' title='bbox 445 1753 587 1786; x_wconf 87' lang='lat' dir='ltr'><strong>CAPUT</strong></span> <span class='ocrx_word' id='word_1_295' title='bbox 612 1751 797 1786; x_wconf 69' lang='lat' dir='ltr'>PRIMUM.</span> 
     </span>
    </p>
   </div>
   <div class='ocr_carea' id='block_1_9' title="bbox 394 1824 854 1851">
    <p class='ocr_par' dir='ltr' id='par_1_10' title="bbox 394 1824 854 1851">
     <span class='ocr_line' id='line_1_47' title="bbox 394 1824 854 1851; baseline -0.007 0"><span class='ocrx_word' id='word_1_296' title='bbox 394 1826 429 1851; x_wconf 80' lang='lat' dir='ltr'><strong>De</strong></span> <span class='ocrx_word' id='word_1_297' title='bbox 453 1824 586 1851; x_wconf 78' lang='lat' dir='ltr'><strong>medicina</strong></span> <span class='ocrx_word' id='word_1_298' title='bbox 611 1824 854 1850; x_wconf 71' lang='lat' dir='ltr'><strong>Sucrmneneornm.</strong></span> 
     </span>
    </p>
   </div>
   <div class='ocr_carea' id='block_1_10' title="bbox 237 1890 1019 2580">
    <p class='ocr_par' dir='ltr' id='par_1_11' title="bbox 237 1890 1019 2580">
     <span class='ocr_line' id='line_1_48' title="bbox 271 1890 1014 1927; baseline -0.008 -5"><span class='ocrx_word' id='word_1_299' title='bbox 271 1894 401 1922; x_wconf 82' lang='lat' dir='ltr'><strong>Coelestis</strong></span> <span class='ocrx_word' id='word_1_300' title='bbox 415 1894 564 1927; x_wconf 65' lang='lat' dir='ltr'><strong>medieiffl,</strong></span> <span class='ocrx_word' id='word_1_301' title='bbox 588 1893 710 1920; x_wconf 88' lang='lat' dir='ltr'><strong>humani</strong></span> <span class='ocrx_word' id='word_1_302' title='bbox 733 1891 850 1927; x_wconf 74' lang='lat' dir='ltr'><strong>generis</strong></span> <span class='ocrx_word' id='word_1_303' title='bbox 872 1890 1014 1926; x_wconf 79' lang='lat' dir='ltr'><strong>reparati-</strong></span> 
     </span>
     <span class='ocr_line' id='line_1_49' title="bbox 237 1937 1013 1976; baseline -0.006 -7"><span class='ocrx_word' id='word_1_304' title='bbox 237 1950 311 1976; x_wconf 86' lang='lat' dir='ltr'><strong>vus,</strong></span> <span class='ocrx_word' id='word_1_305' title='bbox 326 1941 376 1969; x_wconf 86' lang='lat' dir='ltr'><strong>tali</strong></span> <span class='ocrx_word' id='word_1_306' title='bbox 394 1941 485 1968; x_wconf 90' lang='lat' dir='ltr'><strong>modo</strong></span> <span class='ocrx_word' id='word_1_307' title='bbox 501 1940 615 1968; x_wconf 78' lang='lat' dir='ltr'><strong>sanavit</strong></span> <span class='ocrx_word' id='word_1_308' title='bbox 629 1942 787 1974; x_wconf 52' lang='lat' dir='ltr'><strong>egrotum,</strong></span> <span class='ocrx_word' id='word_1_309' title='bbox 806 1939 879 1966; x_wconf 87' lang='lat' dir='ltr'><strong>sicut</strong></span> <span class='ocrx_word' id='word_1_310' title='bbox 904 1937 1013 1973; x_wconf 86' lang='lat' dir='ltr'><strong>optime</strong></span> 
     </span>
     <span class='ocr_line' id='line_1_50' title="bbox 237 1985 1013 2025; baseline -0.008 -8"><span class='ocrx_word' id='word_1_311' title='bbox 237 1988 424 2025; x_wconf 83' lang='lat' dir='ltr'><strong>competebat</strong></span> <span class='ocrx_word' id='word_1_312' title='bbox 437 1987 606 2023; x_wconf 80' lang='lat' dir='ltr'><strong>oegrotanti,</strong></span> <span class='ocrx_word' id='word_1_313' title='bbox 630 1990 657 2014; x_wconf 87' lang='lat' dir='ltr'><strong>ct</strong></span> <span class='ocrx_word' id='word_1_314' title='bbox 676 1985 859 2021; x_wconf 61' lang='lat' dir='ltr'><strong>irgi&#39;itudini,</strong></span> <span class='ocrx_word' id='word_1_315' title='bbox 879 1988 906 2012; x_wconf 90' lang='lat' dir='ltr'><strong>et</strong></span> <span class='ocrx_word' id='word_1_316' title='bbox 926 1992 1013 2012; x_wconf 71' lang='lat' dir='ltr'><strong>oeca-</strong></span> 
     </span>
     <span class='ocr_line' id='line_1_51' title="bbox 237 2031 1015 2071; baseline -0.009 -7"><span class='ocrx_word' id='word_1_317' title='bbox 237 2038 312 2066; x_wconf 83' lang='lat' dir='ltr'><strong>sioni</strong></span> <span class='ocrx_word' id='word_1_318' title='bbox 328 2036 493 2071; x_wconf 69' lang='lat' dir='ltr'><strong>:egrotandi</strong></span> <span class='ocrx_word' id='word_1_319' title='bbox 505 2058 513 2070; x_wconf 94' lang='lat'><em>‚</em></span> <span class='ocrx_word' id='word_1_320' title='bbox 536 2038 564 2063; x_wconf 86' lang='lat' dir='ltr'><strong>et</strong></span> <span class='ocrx_word' id='word_1_321' title='bbox 578 2035 669 2071; x_wconf 81' lang='lat' dir='ltr'><strong>ipsius</strong></span> <span class='ocrx_word' id='word_1_322' title='bbox 688 2032 869 2068; x_wconf 69' lang='lat' dir='ltr'><strong>aegritudinis</strong></span> <span class='ocrx_word' id='word_1_323' title='bbox 890 2031 1015 2059; x_wconf 79' lang='lat' dir='ltr'><strong>curatio-</strong></span> 
     </span>
     <span class='ocr_line' id='line_1_52' title="bbox 238 2079 1014 2118; baseline -0.009 -7"><span class='ocrx_word' id='word_1_324' title='bbox 238 2085 278 2111; x_wconf 87' lang='lat' dir='ltr'><strong>ni.</strong></span> <span class='ocrx_word' id='word_1_325' title='bbox 303 2086 436 2118; x_wconf 76' lang='lat' dir='ltr'><strong>AEgrotus</strong></span> <span class='ocrx_word' id='word_1_326' title='bbox 448 2083 547 2118; x_wconf 85' lang='lat' dir='ltr'><strong>igitur,</strong></span> <span class='ocrx_word' id='word_1_327' title='bbox 569 2082 660 2109; x_wconf 85' lang='lat' dir='ltr'><strong>homo</strong></span> <span class='ocrx_word' id='word_1_328' title='bbox 676 2083 718 2108; x_wconf 75' lang='lat' dir='ltr'><strong>est</strong></span> <span class='ocrx_word' id='word_1_329' title='bbox 733 2090 739 2110; x_wconf 75' lang='lat'>2</span> <span class='ocrx_word' id='word_1_330' title='bbox 765 2079 888 2106; x_wconf 87' lang='lat' dir='ltr'><strong>morbus</strong></span> <span class='ocrx_word' id='word_1_331' title='bbox 904 2080 1014 2111; x_wconf 84' lang='lat' dir='ltr'><strong>autem,</strong></span> 
     </span>
     <span class='ocr_line' id='line_1_53' title="bbox 240 2125 1014 2166; baseline -0.009 -8"><span class='ocrx_word' id='word_1_332' title='bbox 240 2131 392 2166; x_wconf 82' lang='lat' dir='ltr'><strong>originalis</strong></span> <span class='ocrx_word' id='word_1_333' title='bbox 417 2130 505 2165; x_wconf 80' lang='lat' dir='ltr'><strong>culpa</strong></span> <span class='ocrx_word' id='word_1_334' title='bbox 526 2131 587 2161; x_wconf 57' lang='lat' dir='ltr'><strong>e÷t;</strong></span> <span class='ocrx_word' id='word_1_335' title='bbox 612 2128 696 2162; x_wconf 82' lang='lat' dir='ltr'><strong>origo</strong></span> <span class='ocrx_word' id='word_1_336' title='bbox 715 2135 785 2154; x_wconf 77' lang='lat' dir='ltr'><strong>vero</strong></span> <span class='ocrx_word' id='word_1_337' title='bbox 807 2126 887 2153; x_wconf 81' lang='lat' dir='ltr'><strong>istius</strong></span> <span class='ocrx_word' id='word_1_338' title='bbox 903 2125 1014 2161; x_wconf 72' lang='lat' dir='ltr'><strong>cutpm,</strong></span> 
     </span>
     <span class='ocr_line' id='line_1_54' title="bbox 240 2172 1015 2213; baseline -0.008 -9"><span class='ocrx_word' id='word_1_339' title='bbox 240 2178 306 2205; x_wconf 84' lang='lat' dir='ltr'><strong>lieet</strong></span> <span class='ocrx_word' id='word_1_340' title='bbox 320 2177 520 2213; x_wconf 79' lang='lat' dir='ltr'><strong>principaliter</strong></span> <span class='ocrx_word' id='word_1_341' title='bbox 536 2176 621 2202; x_wconf 83' lang='lat' dir='ltr'><strong>fuerit</strong></span> <span class='ocrx_word' id='word_1_342' title='bbox 644 2183 678 2201; x_wconf 79' lang='lat' dir='ltr'><strong>ex</strong></span> <span class='ocrx_word' id='word_1_343' title='bbox 704 2181 850 2201; x_wconf 78' lang='lat' dir='ltr'><strong>consensu</strong></span> <span class='ocrx_word' id='word_1_344' title='bbox 874 2172 995 2200; x_wconf 84' lang='lat' dir='ltr'><strong>rationis</strong></span> <span class='ocrx_word' id='word_1_345' title='bbox 1008 2193 1015 2206; x_wconf 90' lang='lat'>‚</span> 
     </span>
     <span class='ocr_line' id='line_1_55' title="bbox 240 2219 1014 2256; baseline -0.009 -5"><span class='ocrx_word' id='word_1_346' title='bbox 240 2224 427 2251; x_wconf 79' lang='lat' dir='ltr'><strong>occasionem</strong></span> <span class='ocrx_word' id='word_1_347' title='bbox 443 2226 541 2249; x_wconf 68' lang='lat' dir='ltr'><strong>tamen</strong></span> <span class='ocrx_word' id='word_1_348' title='bbox 557 2221 681 2256; x_wconf 77' lang='lat' dir='ltr'><strong>sumpsit</strong></span> <span class='ocrx_word' id='word_1_349' title='bbox 698 2228 734 2247; x_wconf 88' lang='lat' dir='ltr'><strong>ex</strong></span> <span class='ocrx_word' id='word_1_350' title='bbox 757 2219 894 2246; x_wconf 76' lang='lat' dir='ltr'><strong>sensibus</strong></span> <span class='ocrx_word' id='word_1_351' title='bbox 909 2219 1014 2245; x_wconf 33' lang='lat' dir='ltr'><strong>carnis*</strong></span> 
     </span>
     <span class='ocr_line' id='line_1_56' title="bbox 241 2267 1014 2306; baseline -0.009 -6"><span class='ocrx_word' id='word_1_352' title='bbox 241 2272 283 2300; x_wconf 82' lang='lat' dir='ltr'><strong>Ad</strong></span> <span class='ocrx_word' id='word_1_353' title='bbox 298 2272 353 2299; x_wconf 84' lang='lat' dir='ltr'><strong>hoc</strong></span> <span class='ocrx_word' id='word_1_354' title='bbox 366 2280 435 2306; x_wconf 71' lang='lat' dir='ltr'><strong>ergo</strong></span> <span class='ocrx_word' id='word_1_355' title='bbox 447 2270 530 2306; x_wconf 88' lang='lat' dir='ltr'><strong>quod</strong></span> <span class='ocrx_word' id='word_1_356' title='bbox 541 2269 690 2297; x_wconf 84' lang='lat' dir='ltr'><strong>medicina</strong></span> <span class='ocrx_word' id='word_1_357' title='bbox 700 2268 879 2304; x_wconf 74' lang='lat' dir='ltr'><strong>respondent</strong></span> <span class='ocrx_word' id='word_1_358' title='bbox 895 2267 1014 2300; x_wconf 79' lang='lat' dir='ltr'><strong>inorbo,</strong></span> 
     </span>
     <span class='ocr_line' id='line_1_57' title="bbox 241 2314 1017 2355; baseline -0.008 -9"><span class='ocrx_word' id='word_1_359' title='bbox 241 2319 371 2355; x_wconf 88' lang='lat' dir='ltr'><strong>oportuit</strong></span> <span class='ocrx_word' id='word_1_360' title='bbox 385 2318 468 2353; x_wconf 88' lang='lat' dir='ltr'><strong>quod</strong></span> <span class='ocrx_word' id='word_1_361' title='bbox 484 2325 543 2344; x_wconf 89' lang='lat' dir='ltr'><strong>non</strong></span> <span class='ocrx_word' id='word_1_362' title='bbox 561 2319 672 2343; x_wconf 82' lang='lat' dir='ltr'><strong>tautum</strong></span> <span class='ocrx_word' id='word_1_363' title='bbox 687 2317 761 2342; x_wconf 73' lang='lat' dir='ltr'><strong>essct</strong></span> <span class='ocrx_word' id='word_1_364' title='bbox 778 2314 951 2349; x_wconf 73' lang='lat' dir='ltr'><strong>spiritualis,</strong></span> <span class='ocrx_word' id='word_1_365' title='bbox 968 2322 1017 2341; x_wconf 79' lang='lat' dir='ltr'><strong>ve-</strong></span> 
     </span>
     <span class='ocr_line' id='line_1_58' title="bbox 242 2360 1016 2398; baseline -0.01 -5"><span class='ocrx_word' id='word_1_366' title='bbox 242 2374 309 2393; x_wconf 84' lang='lat' dir='ltr'><strong>rum</strong></span> <span class='ocrx_word' id='word_1_367' title='bbox 322 2365 410 2392; x_wconf 82' lang='lat' dir='ltr'><strong>etiam</strong></span> <span class='ocrx_word' id='word_1_368' title='bbox 425 2363 539 2398; x_wconf 79' lang='lat' dir='ltr'><strong>aliquid</strong></span> <span class='ocrx_word' id='word_1_369' title='bbox 555 2362 677 2389; x_wconf 73' lang='lat' dir='ltr'><strong>haberet</strong></span> <span class='ocrx_word' id='word_1_370' title='bbox 699 2361 735 2387; x_wconf 63' lang='lat'><strong>‹11›</strong></span> <span class='ocrx_word' id='word_1_371' title='bbox 751 2360 942 2387; x_wconf 70' lang='lat' dir='ltr'><strong>sensibilibus</strong></span> <span class='ocrx_word' id='word_1_372' title='bbox 957 2360 1016 2395; x_wconf 78' lang='lat' dir='ltr'><strong>sig-</strong></span> 
     </span>
     <span class='ocr_line' id='line_1_59' title="bbox 243 2407 1017 2440; baseline -0.008 -1"><span class='ocrx_word' id='word_1_373' title='bbox 243 2412 288 2440; x_wconf 82' lang='lat' dir='ltr'><strong>nis</strong></span> <span class='ocrx_word' id='word_1_374' title='bbox 305 2422 310 2439; x_wconf 73' lang='grc' dir='ltr'>ε</span> <span class='ocrx_word' id='word_1_375' title='bbox 327 2414 358 2439; x_wconf 80' lang='lat' dir='ltr'><strong>ut</strong></span> <span class='ocrx_word' id='word_1_376' title='bbox 372 2411 445 2438; x_wconf 80' lang='lat' dir='ltr'><strong>sicut</strong></span> <span class='ocrx_word' id='word_1_377' title='bbox 466 2409 617 2437; x_wconf 76' lang='lat' dir='ltr'><strong>sensibilia</strong></span> <span class='ocrx_word' id='word_1_378' title='bbox 639 2408 755 2435; x_wconf 73' lang='lat' dir='ltr'><strong>suerunt</strong></span> <span class='ocrx_word' id='word_1_379' title='bbox 774 2408 879 2434; x_wconf 73' lang='lat' dir='ltr'><strong>auimze</strong></span> <span class='ocrx_word' id='word_1_380' title='bbox 901 2407 1017 2433; x_wconf 75' lang='lat' dir='ltr'><strong>occasio</strong></span> 
     </span>
     <span class='ocr_line' id='line_1_60' title="bbox 243 2453 1019 2492; baseline -0.009 -5"><span class='ocrx_word' id='word_1_381' title='bbox 243 2458 378 2492; x_wconf 79' lang='lat' dir='ltr'><strong>labendi,</strong></span> <span class='ocrx_word' id='word_1_382' title='bbox 404 2458 442 2485; x_wconf 86' lang='lat' dir='ltr'><strong>ita</strong></span> <span class='ocrx_word' id='word_1_383' title='bbox 467 2458 562 2484; x_wconf 76' lang='lat' dir='ltr'><strong>essent</strong></span> <span class='ocrx_word' id='word_1_384' title='bbox 585 2455 609 2482; x_wconf 84' lang='lat' dir='ltr'><strong>ei</strong></span> <span class='ocrx_word' id='word_1_385' title='bbox 631 2455 748 2482; x_wconf 70' lang='lat' dir='ltr'><strong>occasio</strong></span> <span class='ocrx_word' id='word_1_386' title='bbox 776 2453 959 2487; x_wconf 79' lang='lat' dir='ltr'><strong>resurgendi.</strong></span> <span class='ocrx_word' id='word_1_387' title='bbox 988 2455 1019 2480; x_wconf 88' lang='lat' dir='ltr'><strong>Et</strong></span> 
     </span>
     <span class='ocr_line' id='line_1_61' title="bbox 242 2500 1018 2541; baseline -0.009 -8"><span class='ocrx_word' id='word_1_388' title='bbox 242 2508 362 2541; x_wconf 83' lang='lat' dir='ltr'><strong>propter</strong></span> <span class='ocrx_word' id='word_1_389' title='bbox 379 2505 436 2532; x_wconf 87' lang='lat' dir='ltr'><strong>hoc</strong></span> <span class='ocrx_word' id='word_1_390' title='bbox 457 2502 604 2531; x_wconf 79' lang='lat' dir='ltr'><strong>medicina</strong></span> <span class='ocrx_word' id='word_1_391' title='bbox 622 2502 712 2528; x_wconf 65' lang='lat' dir='ltr'><strong>nostri</strong></span> <span class='ocrx_word' id='word_1_392' title='bbox 733 2501 862 2527; x_wconf 73' lang='lat' dir='ltr'><strong>vulneris</strong></span> <span class='ocrx_word' id='word_1_393' title='bbox 889 2500 1018 2528; x_wconf 71' lang='lat' dir='ltr'><strong>consistit</strong></span> 
     </span>
     <span class='ocr_line' id='line_1_62' title="bbox 242 2548 704 2580; baseline -0.013 0"><span class='ocrx_word' id='word_1_394' title='bbox 242 2553 271 2580; x_wconf 92' lang='lat' dir='ltr'><strong>in</strong></span> <span class='ocrx_word' id='word_1_395' title='bbox 288 2550 489 2580; x_wconf 74' lang='lat' dir='ltr'><strong>ecelesiasticis</strong></span> <span class='ocrx_word' id='word_1_396' title='bbox 504 2548 704 2578; x_wconf 77' lang='lat' dir='ltr'><strong>sacramentis.</strong></span> 
     </span>
    </p>
   </div>
   <div class='ocr_carea' id='block_1_11' title="bbox 243 2621 1018 2725">
    <p class='ocr_par' dir='ltr' id='par_1_12' title="bbox 243 2621 1018 2725">
     <span class='ocr_line' id='line_1_63' title="bbox 278 2621 1016 2655; baseline -0.008 -7"><span class='ocrx_word' id='word_1_397' title='bbox 278 2629 280 2640; x_wconf 89' lang='lat'><strong>¹</strong></span> <span class='ocrx_word' id='word_1_398' title='bbox 298 2627 375 2655; x_wconf 57' lang='lat' dir='ltr'><strong>Rom„</strong></span> <span class='ocrx_word' id='word_1_399' title='bbox 391 2632 438 2653; x_wconf 79' lang='lat' dir='ltr'><strong>xii,</strong></span> <span class='ocrx_word' id='word_1_400' title='bbox 453 2626 475 2648; x_wconf 83' lang='lat' dir='ltr'><strong>S.</strong></span> <span class='ocrx_word' id='word_1_401' title='bbox 495 2638 520 2642; x_wconf 88' lang='lat'><strong>-—</strong></span> <span class='ocrx_word' id='word_1_402' title='bbox 541 2624 548 2638; x_wconf 76' lang='lat'><em>²</em></span> <span class='ocrx_word' id='word_1_403' title='bbox 565 2624 630 2651; x_wconf 59' lang='lat' dir='ltr'><strong>Lucu,</strong></span> <span class='ocrx_word' id='word_1_404' title='bbox 653 2628 676 2649; x_wconf 65' lang='lat' dir='ltr'><strong>x,</strong></span> <span class='ocrx_word' id='word_1_405' title='bbox 698 2624 735 2646; x_wconf 73' lang='lat'><strong>41.</strong></span> <span class='ocrx_word' id='word_1_406' title='bbox 752 2635 782 2639; x_wconf 95' lang='lat'>—</span> <span class='ocrx_word' id='word_1_407' title='bbox 801 2622 809 2635; x_wconf 69' lang='lat'><strong>³</strong></span> <span class='ocrx_word' id='word_1_408' title='bbox 826 2621 914 2646; x_wconf 54' lang='lat' dir='ltr'><strong>Eme..</strong></span> <span class='ocrx_word' id='word_1_409' title='bbox 933 2627 960 2647; x_wconf 76' lang='grc' dir='ltr'><strong>υ,</strong></span> <span class='ocrx_word' id='word_1_410' title='bbox 979 2622 1016 2645; x_wconf 64' lang='grc'><strong>96,</strong></span> 
     </span>
     <span class='ocr_line' id='line_1_64' title="bbox 243 2657 1018 2691; baseline -0.009 -5"><span class='ocrx_word' id='word_1_411' title='bbox 243 2676 272 2680; x_wconf 94' lang='grc'><strong>-</strong></span> <span class='ocrx_word' id='word_1_412' title='bbox 289 2663 297 2677; x_wconf 60' lang='lat'>²</span> <span class='ocrx_word' id='word_1_413' title='bbox 311 2661 411 2691; x_wconf 48' lang='lat' dir='ltr'><strong>Malta,</strong></span> <span class='ocrx_word' id='word_1_414' title='bbox 429 2667 501 2690; x_wconf 63' lang='lat' dir='ltr'><strong>xviii,</strong></span> <span class='ocrx_word' id='word_1_415' title='bbox 523 2662 545 2682; x_wconf 62' lang='lat'><strong>33.</strong></span> <span class='ocrx_word' id='word_1_416' title='bbox 560 2673 589 2676; x_wconf 90' lang='lat'>—</span> <span class='ocrx_word' id='word_1_417' title='bbox 610 2659 620 2675; x_wconf 76' lang='lat'>⁵</span> <span class='ocrx_word' id='word_1_418' title='bbox 638 2658 699 2681; x_wconf 77' lang='lat' dir='ltr'><strong>llud.</strong></span> <span class='ocrx_word' id='word_1_419' title='bbox 717 2671 745 2675; x_wconf 94' lang='lat'>—</span> <span class='ocrx_word' id='word_1_420' title='bbox 767 2658 775 2671; x_wconf 45' lang='grc' dir='ltr'><strong>*ἶ</strong></span> <span class='ocrx_word' id='word_1_421' title='bbox 792 2657 859 2680; x_wconf 61' lang='lat' dir='ltr'><strong>&#39;deni</strong></span> <span class='ocrx_word' id='word_1_422' title='bbox 875 2657 951 2679; x_wconf 71' lang='lat' dir='ltr'><strong>habet</strong></span> <span class='ocrx_word' id='word_1_423' title='bbox 967 2657 1018 2680; x_wconf 77' lang='lat' dir='ltr'><strong>Ma-</strong></span> 
     </span>
     <span class='ocr_line' id='line_1_65' title="bbox 244 2692 1016 2725; baseline -0.008 -4"><span class='ocrx_word' id='word_1_424' title='bbox 244 2698 522 2725; x_wconf 69' lang='lat' dir='ltr'><strong>nisterSeutennm-um,</strong></span> <span class='ocrx_word' id='word_1_425' title='bbox 535 2695 578 2719; x_wconf 82' lang='lat' dir='ltr'><strong>lib.</strong></span> <span class='ocrx_word' id='word_1_426' title='bbox 596 2695 639 2725; x_wconf 72' lang='lat' dir='ltr'><strong>iv,</strong></span> <span class='ocrx_word' id='word_1_427' title='bbox 651 2694 709 2717; x_wconf 83' lang='lat' dir='ltr'><strong>dist.</strong></span> <span class='ocrx_word' id='word_1_428' title='bbox 724 2699 740 2722; x_wconf 91' lang='lat'><strong>1,</strong></span> <span class='ocrx_word' id='word_1_429' title='bbox 750 2700 781 2717; x_wconf 81' lang='lat' dir='ltr'><strong>ex</strong></span> <span class='ocrx_word' id='word_1_430' title='bbox 796 2694 870 2723; x_wconf 58' lang='lat' dir='ltr'><strong>Aug„</strong></span> <span class='ocrx_word' id='word_1_431' title='bbox 887 2692 916 2715; x_wconf 60' lang='lat' dir='ltr'><strong>cle</strong></span> <span class='ocrx_word' id='word_1_432' title='bbox 931 2693 1016 2715; x_wconf 73' lang='lat' dir='ltr'><strong>Doctr.</strong></span> 
     </span>
    </p>
   </div>
   <div class='ocr_carea' id='block_1_12' title="bbox 1353 1746 1560 1780">
    <p class='ocr_par' dir='ltr' id='par_1_13' title="bbox 1353 1746 1560 1780">
     <span class='ocr_line' id='line_1_66' title="bbox 1353 1746 1560 1780; baseline -0.01 0"><span class='ocrx_word' id='word_1_433' title='bbox 1353 1746 1495 1780; x_wconf 86' lang='lat' dir='ltr'><strong>CAPUT</strong></span> <span class='ocrx_word' id='word_1_434' title='bbox 1520 1747 1560 1779; x_wconf 88' lang='grc' dir='ltr'><strong>ΙΙ.</strong></span> 
     </span>
    </p>
   </div>
   <div class='ocr_carea' id='block_1_13' title="bbox 1219 1818 1692 1853">
    <p class='ocr_par' dir='ltr' id='par_1_14' title="bbox 1219 1818 1692 1853">
     <span class='ocr_line' id='line_1_67' title="bbox 1219 1818 1692 1853; baseline -0.004 -7"><span class='ocrx_word' id='word_1_435' title='bbox 1219 1821 1256 1846; x_wconf 86' lang='lat' dir='ltr'><strong>De</strong></span> <span class='ocrx_word' id='word_1_436' title='bbox 1275 1819 1494 1853; x_wconf 75' lang='lat' dir='ltr'><strong>diffinitionibus</strong></span> <span class='ocrx_word' id='word_1_437' title='bbox 1514 1818 1692 1845; x_wconf 80' lang='lat' dir='ltr'><strong>Sacramenti.</strong></span> 
     </span>
    </p>
   </div>
   <div class='ocr_carea' id='block_1_14' title="bbox 1071 1885 1852 2627">
    <p class='ocr_par' dir='ltr' id='par_1_15' title="bbox 1071 1885 1852 2627">
     <span class='ocr_line' id='line_1_68' title="bbox 1106 1885 1847 1922; baseline -0.005 -5"><span class='ocrx_word' id='word_1_438' title='bbox 1106 1891 1325 1918; x_wconf 78' lang='lat' dir='ltr'><strong>Sacramentum</strong></span> <span class='ocrx_word' id='word_1_439' title='bbox 1341 1891 1401 1921; x_wconf 81' lang='lat' dir='ltr'><strong>est,</strong></span> <span class='ocrx_word' id='word_1_440' title='bbox 1418 1890 1448 1915; x_wconf 87' lang='lat' dir='ltr'><strong>ut</strong></span> <span class='ocrx_word' id='word_1_441' title='bbox 1464 1887 1503 1915; x_wconf 88' lang='lat' dir='ltr'><strong>ait</strong></span> <span class='ocrx_word' id='word_1_442' title='bbox 1517 1887 1696 1922; x_wconf 73' lang='lat' dir='ltr'><strong>Augustinus</strong></span> <span class='ocrx_word' id='word_1_443' title='bbox 1710 1888 1732 1920; x_wconf 75' lang='lat'><strong>⁶,</strong></span> <span class='ocrx_word' id='word_1_444' title='bbox 1748 1885 1847 1913; x_wconf 89' lang='lat' dir='ltr'><strong>invisi-</strong></span> 
     </span>
     <span class='ocr_line' id='line_1_69' title="bbox 1071 1933 1847 1971; baseline -0.005 -7"><span class='ocrx_word' id='word_1_445' title='bbox 1071 1936 1139 1964; x_wconf 87' lang='lat' dir='ltr'><strong>bilis</strong></span> <span class='ocrx_word' id='word_1_446' title='bbox 1153 1936 1252 1971; x_wconf 60' lang='lat' dir='ltr'><strong>gratiae</strong></span> <span class='ocrx_word' id='word_1_447' title='bbox 1267 1935 1391 1962; x_wconf 71' lang='lat' dir='ltr'><strong>visibilis</strong></span> <span class='ocrx_word' id='word_1_448' title='bbox 1406 1935 1510 1963; x_wconf 82' lang='lat' dir='ltr'><strong>forma.</strong></span> <span class='ocrx_word' id='word_1_449' title='bbox 1529 1936 1591 1962; x_wconf 72' lang='lat' dir='ltr'><strong>llaec.</strong></span> <span class='ocrx_word' id='word_1_450' title='bbox 1608 1933 1744 1962; x_wconf 82' lang='lat' dir='ltr'><strong>diffinitio</strong></span> <span class='ocrx_word' id='word_1_451' title='bbox 1758 1941 1847 1968; x_wconf 85' lang='lat' dir='ltr'><strong>gene-</strong></span> 
     </span>
     <span class='ocr_line' id='line_1_70' title="bbox 1072 1981 1848 2017; baseline -0.005 -6"><span class='ocrx_word' id='word_1_452' title='bbox 1072 1983 1141 2012; x_wconf 81' lang='lat' dir='ltr'><strong>ralis</strong></span> <span class='ocrx_word' id='word_1_453' title='bbox 1159 1985 1218 2017; x_wconf 84' lang='lat' dir='ltr'><strong>est,</strong></span> <span class='ocrx_word' id='word_1_454' title='bbox 1242 1985 1269 2010; x_wconf 87' lang='lat' dir='ltr'><strong>et</strong></span> <span class='ocrx_word' id='word_1_455' title='bbox 1290 1982 1426 2010; x_wconf 76' lang='lat' dir='ltr'><strong>convenit</strong></span> <span class='ocrx_word' id='word_1_456' title='bbox 1444 1981 1635 2009; x_wconf 75' lang='lat' dir='ltr'><strong>sacramentis</strong></span> <span class='ocrx_word' id='word_1_457' title='bbox 1662 1983 1721 2008; x_wconf 87' lang='lat' dir='ltr'><strong>tam</strong></span> <span class='ocrx_word' id='word_1_458' title='bbox 1745 1987 1848 2014; x_wconf 82' lang='lat' dir='ltr'><strong>novae,</strong></span> 
     </span>
     <span class='ocr_line' id='line_1_71' title="bbox 1073 2027 1850 2066; baseline -0.005 -9"><span class='ocrx_word' id='word_1_459' title='bbox 1073 2038 1164 2066; x_wconf 86' lang='lat' dir='ltr'><strong>quam</strong></span> <span class='ocrx_word' id='word_1_460' title='bbox 1185 2029 1291 2057; x_wconf 72' lang='lat' dir='ltr'><strong>veteris</strong></span> <span class='ocrx_word' id='word_1_461' title='bbox 1312 2029 1408 2064; x_wconf 81' lang='lat' dir='ltr'><strong>legis:</strong></span> <span class='ocrx_word' id='word_1_462' title='bbox 1426 2029 1497 2064; x_wconf 84' lang='lat' dir='ltr'><strong>quia</strong></span> <span class='ocrx_word' id='word_1_463' title='bbox 1513 2031 1573 2056; x_wconf 82' lang='lat' dir='ltr'><strong>tam</strong></span> <span class='ocrx_word' id='word_1_464' title='bbox 1593 2027 1660 2062; x_wconf 86' lang='lat' dir='ltr'><strong>illa,</strong></span> <span class='ocrx_word' id='word_1_465' title='bbox 1682 2035 1774 2063; x_wconf 82' lang='lat' dir='ltr'><strong>quam</strong></span> <span class='ocrx_word' id='word_1_466' title='bbox 1797 2027 1850 2054; x_wconf 86' lang='lat' dir='ltr'><strong>ista</strong></span> 
     </span>
     <span class='ocr_line' id='line_1_72' title="bbox 1073 2073 1848 2111; baseline -0.006 -7"><span class='ocrx_word' id='word_1_467' title='bbox 1073 2080 1139 2104; x_wconf 87' lang='lat' dir='ltr'><strong>sunt</strong></span> <span class='ocrx_word' id='word_1_468' title='bbox 1155 2085 1191 2104; x_wconf 83' lang='lat' dir='ltr'><strong>ex</strong></span> <span class='ocrx_word' id='word_1_469' title='bbox 1207 2076 1399 2104; x_wconf 80' lang='lat' dir='ltr'><strong>similitudine</strong></span> <span class='ocrx_word' id='word_1_470' title='bbox 1416 2075 1652 2111; x_wconf 70' lang='lat' dir='ltr'><strong>repraesentativa</strong></span> <span class='ocrx_word' id='word_1_471' title='bbox 1662 2096 1670 2108; x_wconf 84' lang='lat'><strong>,</strong></span> <span class='ocrx_word' id='word_1_472' title='bbox 1685 2082 1721 2101; x_wconf 76' lang='lat' dir='ltr'><strong>ex</strong></span> <span class='ocrx_word' id='word_1_473' title='bbox 1736 2073 1848 2100; x_wconf 86' lang='lat' dir='ltr'><strong>iustitu-</strong></span> 
     </span>
     <span class='ocr_line' id='line_1_73' title="bbox 1074 2119 1848 2157; baseline -0.006 -6"><span class='ocrx_word' id='word_1_474' title='bbox 1074 2124 1152 2152; x_wconf 83' lang='lat' dir='ltr'><strong>tione</strong></span> <span class='ocrx_word' id='word_1_475' title='bbox 1168 2123 1372 2157; x_wconf 75' lang='lat' dir='ltr'><strong>significativa.</strong></span> <span class='ocrx_word' id='word_1_476' title='bbox 1397 2122 1556 2149; x_wconf 81' lang='lat' dir='ltr'><strong>Sciendum</strong></span> <span class='ocrx_word' id='word_1_477' title='bbox 1571 2123 1685 2154; x_wconf 85' lang='lat' dir='ltr'><strong>autem,</strong></span> <span class='ocrx_word' id='word_1_478' title='bbox 1703 2119 1787 2155; x_wconf 87' lang='lat' dir='ltr'><strong>quod</strong></span> <span class='ocrx_word' id='word_1_479' title='bbox 1799 2127 1848 2146; x_wconf 82' lang='lat' dir='ltr'><strong>ea-</strong></span> 
     </span>
     <span class='ocr_line' id='line_1_74' title="bbox 1074 2166 1849 2200; baseline -0.008 -2"><span class='ocrx_word' id='word_1_480' title='bbox 1074 2171 1144 2198; x_wconf 86' lang='lat' dir='ltr'><strong>dem</strong></span> <span class='ocrx_word' id='word_1_481' title='bbox 1157 2170 1294 2198; x_wconf 84' lang='lat' dir='ltr'><strong>diffiuitio</strong></span> <span class='ocrx_word' id='word_1_482' title='bbox 1311 2169 1447 2196; x_wconf 80' lang='lat' dir='ltr'><strong>convenit</strong></span> <span class='ocrx_word' id='word_1_483' title='bbox 1459 2167 1648 2196; x_wconf 80' lang='lat' dir='ltr'><strong>sacramentis</strong></span> <span class='ocrx_word' id='word_1_484' title='bbox 1661 2175 1746 2194; x_wconf 73' lang='lat' dir='ltr'><strong>novae</strong></span> <span class='ocrx_word' id='word_1_485' title='bbox 1762 2166 1849 2200; x_wconf 81' lang='lat' dir='ltr'><strong>legis3</strong></span> 
     </span>
     <span class='ocr_line' id='line_1_75' title="bbox 1074 2212 1851 2252; baseline -0.008 -7"><span class='ocrx_word' id='word_1_486' title='bbox 1074 2217 1126 2245; x_wconf 77' lang='lat' dir='ltr'><strong>sed</strong></span> <span class='ocrx_word' id='word_1_487' title='bbox 1141 2217 1182 2244; x_wconf 82' lang='lat' dir='ltr'><strong>sie</strong></span> <span class='ocrx_word' id='word_1_488' title='bbox 1197 2216 1365 2252; x_wconf 81' lang='lat' dir='ltr'><strong>supplenda</strong></span> <span class='ocrx_word' id='word_1_489' title='bbox 1380 2218 1436 2248; x_wconf 82' lang='lat' dir='ltr'><strong>est,</strong></span> <span class='ocrx_word' id='word_1_490' title='bbox 1454 2215 1493 2242; x_wconf 87' lang='lat' dir='ltr'><strong>ita</strong></span> <span class='ocrx_word' id='word_1_491' title='bbox 1510 2217 1538 2241; x_wconf 85' lang='lat' dir='ltr'><strong>ut</strong></span> <span class='ocrx_word' id='word_1_492' title='bbox 1552 2214 1614 2248; x_wconf 82' lang='lat' dir='ltr'><strong>ejus</strong></span> <span class='ocrx_word' id='word_1_493' title='bbox 1627 2212 1851 2240; x_wconf 82' lang='lat' dir='ltr'><strong>similitudinem</strong></span> 
     </span>
     <span class='ocr_line' id='line_1_76' title="bbox 1075 2259 1850 2300; baseline -0.009 -8"><span class='ocrx_word' id='word_1_494' title='bbox 1075 2267 1171 2300; x_wconf 81' lang='lat' dir='ltr'><strong>gerat,</strong></span> <span class='ocrx_word' id='word_1_495' title='bbox 1187 2267 1215 2291; x_wconf 87' lang='lat' dir='ltr'><strong>et</strong></span> <span class='ocrx_word' id='word_1_496' title='bbox 1234 2271 1321 2290; x_wconf 69' lang='lat' dir='ltr'><strong>eausa</strong></span> <span class='ocrx_word' id='word_1_497' title='bbox 1337 2263 1440 2289; x_wconf 79' lang='lat' dir='ltr'><strong>existat</strong></span> <span class='ocrx_word' id='word_1_498' title='bbox 1457 2271 1463 2289; x_wconf 93' lang='lat'>:</span> <span class='ocrx_word' id='word_1_499' title='bbox 1482 2261 1551 2296; x_wconf 84' lang='lat' dir='ltr'><strong>quia</strong></span> <span class='ocrx_word' id='word_1_500' title='bbox 1567 2269 1626 2288; x_wconf 89' lang='lat' dir='ltr'><strong>non</strong></span> <span class='ocrx_word' id='word_1_501' title='bbox 1643 2260 1740 2288; x_wconf 87' lang='lat' dir='ltr'><strong>solum</strong></span> <span class='ocrx_word' id='word_1_502' title='bbox 1757 2268 1791 2286; x_wconf 78' lang='lat' dir='ltr'><strong>ex</strong></span> <span class='ocrx_word' id='word_1_503' title='bbox 1812 2259 1850 2286; x_wconf 82' lang='lat' dir='ltr'><strong>si-</strong></span> 
     </span>
     <span class='ocr_line' id='line_1_77' title="bbox 1074 2306 1850 2345; baseline -0.008 -7"><span class='ocrx_word' id='word_1_504' title='bbox 1074 2310 1239 2338; x_wconf 84' lang='lat' dir='ltr'><strong>militudine</strong></span> <span class='ocrx_word' id='word_1_505' title='bbox 1254 2311 1476 2345; x_wconf 63' lang='lat' dir='ltr'><strong>repraesentant,</strong></span> <span class='ocrx_word' id='word_1_506' title='bbox 1493 2308 1539 2335; x_wconf 65' lang='lat' dir='ltr'><strong>vel</strong></span> <span class='ocrx_word' id='word_1_507' title='bbox 1559 2317 1592 2335; x_wconf 77' lang='lat' dir='ltr'><strong>ex</strong></span> <span class='ocrx_word' id='word_1_508' title='bbox 1618 2307 1797 2335; x_wconf 80' lang='lat' dir='ltr'><strong>institutione</strong></span> <span class='ocrx_word' id='word_1_509' title='bbox 1813 2306 1850 2332; x_wconf 87' lang='lat' dir='ltr'><strong>si—</strong></span> 
     </span>
     <span class='ocr_line' id='line_1_78' title="bbox 1075 2352 1850 2393; baseline -0.008 -8"><span class='ocrx_word' id='word_1_510' title='bbox 1075 2358 1232 2393; x_wconf 76' lang='lat' dir='ltr'><strong>gnificant,</strong></span> <span class='ocrx_word' id='word_1_511' title='bbox 1247 2356 1299 2383; x_wconf 83' lang='lat' dir='ltr'><strong>sed</strong></span> <span class='ocrx_word' id='word_1_512' title='bbox 1316 2356 1403 2383; x_wconf 84' lang='lat' dir='ltr'><strong>etiam</strong></span> <span class='ocrx_word' id='word_1_513' title='bbox 1428 2364 1462 2382; x_wconf 81' lang='lat' dir='ltr'><strong>ex</strong></span> <span class='ocrx_word' id='word_1_514' title='bbox 1482 2355 1587 2382; x_wconf 68' lang='lat' dir='ltr'><strong>virtute</strong></span> <span class='ocrx_word' id='word_1_515' title='bbox 1608 2354 1709 2381; x_wconf 82' lang='lat' dir='ltr'><strong>divina</strong></span> <span class='ocrx_word' id='word_1_516' title='bbox 1724 2352 1850 2379; x_wconf 80' lang='lat' dir='ltr'><strong>sanctifi-</strong></span> 
     </span>
     <span class='ocr_line' id='line_1_79' title="bbox 1075 2399 1851 2439; baseline -0.006 -7"><span class='ocrx_word' id='word_1_517' title='bbox 1075 2407 1153 2439; x_wconf 79' lang='lat' dir='ltr'><strong>cant,</strong></span> <span class='ocrx_word' id='word_1_518' title='bbox 1175 2407 1201 2431; x_wconf 89' lang='lat' dir='ltr'><strong>et</strong></span> <span class='ocrx_word' id='word_1_519' title='bbox 1221 2403 1345 2437; x_wconf 69' lang='lat' dir='ltr'><strong>gratiam</strong></span> <span class='ocrx_word' id='word_1_520' title='bbox 1367 2402 1536 2435; x_wconf 79' lang='lat' dir='ltr'><strong>conferunt,</strong></span> <span class='ocrx_word' id='word_1_521' title='bbox 1561 2409 1613 2437; x_wconf 79' lang='lat' dir='ltr'><strong>per</strong></span> <span class='ocrx_word' id='word_1_522' title='bbox 1637 2408 1726 2436; x_wconf 85' lang='lat' dir='ltr'><strong>quam</strong></span> <span class='ocrx_word' id='word_1_523' title='bbox 1752 2399 1851 2427; x_wconf 80' lang='lat' dir='ltr'><strong>anima</strong></span> 
     </span>
     <span class='ocr_line' id='line_1_80' title="bbox 1075 2445 1852 2478; baseline -0.008 0"><span class='ocrx_word' id='word_1_524' title='bbox 1075 2453 1193 2478; x_wconf 83' lang='lat' dir='ltr'><strong>curatur</strong></span> <span class='ocrx_word' id='word_1_525' title='bbox 1208 2450 1245 2477; x_wconf 88' lang='lat' dir='ltr'><strong>ab</strong></span> <span class='ocrx_word' id='word_1_526' title='bbox 1263 2449 1481 2477; x_wconf 79' lang='lat' dir='ltr'><strong>infirmitatibus</strong></span> <span class='ocrx_word' id='word_1_527' title='bbox 1504 2448 1642 2475; x_wconf 81' lang='lat' dir='ltr'><strong>vitiorum</strong></span> <span class='ocrx_word' id='word_1_528' title='bbox 1658 2455 1664 2473; x_wconf 72' lang='grc' dir='ltr'><strong><em>ε</em></strong></span> <span class='ocrx_word' id='word_1_529' title='bbox 1682 2448 1707 2473; x_wconf 84' lang='lat' dir='ltr'><strong>et</strong></span> <span class='ocrx_word' id='word_1_530' title='bbox 1730 2445 1787 2472; x_wconf 87' lang='lat' dir='ltr'><strong>hoc</strong></span> <span class='ocrx_word' id='word_1_531' title='bbox 1810 2448 1852 2473; x_wconf 85' lang='lat' dir='ltr'><strong>est</strong></span> 
     </span>
     <span class='ocr_line' id='line_1_81' title="bbox 1076 2492 1850 2533; baseline -0.009 -8"><span class='ocrx_word' id='word_1_532' title='bbox 1076 2497 1158 2533; x_wconf 88' lang='lat' dir='ltr'><strong>quod</strong></span> <span class='ocrx_word' id='word_1_533' title='bbox 1180 2497 1307 2523; x_wconf 83' lang='lat' dir='ltr'><strong>insinuat</strong></span> <span class='ocrx_word' id='word_1_534' title='bbox 1329 2496 1506 2531; x_wconf 65' lang='lat' dir='ltr'><strong>Augustinus</strong></span> <span class='ocrx_word' id='word_1_535' title='bbox 1521 2495 1551 2522; x_wconf 90' lang='lat' dir='ltr'><strong>in</strong></span> <span class='ocrx_word' id='word_1_536' title='bbox 1571 2494 1628 2522; x_wconf 79' lang='lat' dir='ltr'><strong>ulia</strong></span> <span class='ocrx_word' id='word_1_537' title='bbox 1650 2492 1826 2520; x_wconf 81' lang='lat' dir='ltr'><strong>diffinitione</strong></span> <span class='ocrx_word' id='word_1_538' title='bbox 1841 2513 1850 2526; x_wconf 93' lang='lat'><strong>,</strong></span> 
     </span>
     <span class='ocr_line' id='line_1_82' title="bbox 1076 2540 1849 2576; baseline -0.008 -4"><span class='ocrx_word' id='word_1_539' title='bbox 1076 2545 1176 2573; x_wconf 74' lang='lat' dir='ltr'><strong>dicens</strong></span> <span class='ocrx_word' id='word_1_540' title='bbox 1192 2554 1197 2571; x_wconf 88' lang='lat'>:</span> <span class='ocrx_word' id='word_1_541' title='bbox 1218 2556 1230 2569; x_wconf 84' lang='lat'><strong><em>«</em></strong></span> <span class='ocrx_word' id='word_1_542' title='bbox 1247 2545 1466 2571; x_wconf 81' lang='lat' dir='ltr'><strong>Sacramentum</strong></span> <span class='ocrx_word' id='word_1_543' title='bbox 1483 2545 1525 2570; x_wconf 83' lang='lat' dir='ltr'><strong>est</strong></span> <span class='ocrx_word' id='word_1_544' title='bbox 1539 2541 1613 2569; x_wconf 91' lang='lat' dir='ltr'><strong>illud</strong></span> <span class='ocrx_word' id='word_1_545' title='bbox 1625 2563 1633 2575; x_wconf 86' lang='lat'><em>‚</em></span> <span class='ocrx_word' id='word_1_546' title='bbox 1658 2541 1688 2568; x_wconf 91' lang='lat' dir='ltr'><strong>in</strong></span> <span class='ocrx_word' id='word_1_547' title='bbox 1711 2549 1771 2576; x_wconf 88' lang='lat' dir='ltr'><strong>quo</strong></span> <span class='ocrx_word' id='word_1_548' title='bbox 1794 2540 1849 2567; x_wconf 84' lang='lat' dir='ltr'><strong>sub</strong></span> 
     </span>
     <span class='ocr_line' id='line_1_83' title="bbox 1075 2587 1849 2627; baseline -0.008 -8"><span class='ocrx_word' id='word_1_549' title='bbox 1075 2593 1244 2627; x_wconf 79' lang='lat' dir='ltr'><strong>tegumento</strong></span> <span class='ocrx_word' id='word_1_550' title='bbox 1268 2599 1367 2618; x_wconf 88' lang='lat' dir='ltr'><strong>rerum</strong></span> <span class='ocrx_word' id='word_1_551' title='bbox 1386 2589 1550 2618; x_wconf 84' lang='lat' dir='ltr'><strong>visibilium</strong></span> <span class='ocrx_word' id='word_1_552' title='bbox 1569 2587 1671 2615; x_wconf 79' lang='lat' dir='ltr'><strong>divina</strong></span> <span class='ocrx_word' id='word_1_553' title='bbox 1691 2587 1782 2614; x_wconf 85' lang='lat' dir='ltr'><strong>virtus</strong></span> <span class='ocrx_word' id='word_1_554' title='bbox 1803 2594 1849 2614; x_wconf 83' lang='lat' dir='ltr'><strong>se·-</strong></span> 
     </span>
    </p>
   </div>
   <div class='ocr_carea' id='block_1_15' title="bbox 1076 2649 1849 2722">
    <p class='ocr_par' dir='ltr' id='par_1_16' title="bbox 1076 2649 1849 2722">
     <span class='ocr_line' id='line_1_84' title="bbox 1077 2649 1849 2684; baseline -0.008 -6"><span class='ocrx_word' id='word_1_555' title='bbox 1077 2655 1183 2684; x_wconf 60' lang='lat' dir='ltr'><strong>Chrmt„</strong></span> <span class='ocrx_word' id='word_1_556' title='bbox 1199 2654 1241 2678; x_wconf 72' lang='lat' dir='ltr'><strong>lm.</strong></span> <span class='ocrx_word' id='word_1_557' title='bbox 1265 2655 1300 2684; x_wconf 81' lang='lat' dir='ltr'><strong>il,</strong></span> <span class='ocrx_word' id='word_1_558' title='bbox 1319 2662 1341 2678; x_wconf 77' lang='lat' dir='ltr'><strong>c.</strong></span> <span class='ocrx_word' id='word_1_559' title='bbox 1365 2661 1386 2684; x_wconf 70' lang='grc' dir='ltr'><strong>ι,</strong></span> <span class='ocrx_word' id='word_1_560' title='bbox 1408 2661 1432 2677; x_wconf 88' lang='lat' dir='ltr'><strong>n.</strong></span> <span class='ocrx_word' id='word_1_561' title='bbox 1457 2655 1476 2676; x_wconf 85' lang='lat' dir='ltr'><strong>i.</strong></span> <span class='ocrx_word' id='word_1_562' title='bbox 1498 2652 1555 2676; x_wconf 48' lang='lat' dir='ltr'><strong>Viti.</strong></span> <span class='ocrx_word' id='word_1_563' title='bbox 1578 2651 1630 2681; x_wconf 82' lang='lat' dir='ltr'><strong>huj.</strong></span> <span class='ocrx_word' id='word_1_564' title='bbox 1656 2650 1716 2674; x_wconf 82' lang='lat' dir='ltr'><strong>edit.</strong></span> <span class='ocrx_word' id='word_1_565' title='bbox 1737 2653 1798 2673; x_wconf 86' lang='lat' dir='ltr'><strong>tom.</strong></span> <span class='ocrx_word' id='word_1_566' title='bbox 1819 2649 1849 2678; x_wconf 66' lang='lat' dir='ltr'><strong>V,</strong></span> 
     </span>
     <span class='ocr_line' id='line_1_85' title="bbox 1076 2692 1172 2722; baseline -0.01 -7"><span class='ocrx_word' id='word_1_567' title='bbox 1076 2698 1100 2722; x_wconf 82' lang='lat' dir='ltr'><strong>p.</strong></span> <span class='ocrx_word' id='word_1_568' title='bbox 1118 2692 1172 2714; x_wconf 64' lang='lat' dir='ltr'><strong>‘Ji-i.</strong></span> 
     </span>
    </p>
   </div>
  </div>
 </body>
</html>
