2004 3037
777 225 1113 260 CONFESSIONALE.
1137 226 1224 261 CAP.
1249 227 1287 259 11.

498 329 680 356 PARTICULA
697 330 729 356 V.

283 385 396 416 Qualiter
410 385 531 411 sacerdos
544 385 640 418 alloqui
654 384 746 410 debeat
759 383 937 416 poenitentem.

262 441 374 472 Exinde
389 441 479 470 debet
488 441 639 470 consessor
647 440 698 478 pio
713 448 747 469 ac
759 440 843 469 suavi
854 440 1000 478 alloquio,

226 489 324 526 ipsum
337 489 525 518 confitentem
543 488 580 516 ad
601 496 704 516 veram
722 488 1000 525 compunctionem,

227 538 255 565 et
269 536 308 566 ad
320 535 434 564 nudam
449 537 477 564 et
495 543 664 572 expressam
685 535 900 564 confessionem
914 535 1002 565 indu-

227 591 307 619 cere,
322 591 384 612 non
398 582 495 611 statim
509 590 546 611 ex
561 582 701 619 abrupto,
716 582 740 611 si
754 584 871 620 tempus
885 582 1001 619 sufficit,

226 629 354 659 inferre:
373 639 386 656 (ι
405 629 454 658 Dic
475 631 596 666 peccata
617 631 668 658 tua
679 639 688 665 3
711 639 724 657 >³
749 629 803 657 sed
826 629 950 658 dulciter
975 630 1002 658 ei

225 684 393 714 proponere
408 675 510 713 aliqua
525 676 562 704 de
579 675 772 705 confessionis
786 675 919 712 utilitate,
936 685 1002 714 quae

226 723 305 752 valet
317 723 357 752 ad
371 724 493 760 septem.
509 723 591 751 Valet
610 723 690 751 enim
710 723 749 751 ad
770 723 884 760 peccati
899 724 1002 759 cogni-

225 770 337 799 tionem
353 772 475 807 propter
487 770 708 799 instructionem
725 770 905 807 sacerdotis;
922 771 1002 800 unde

225 817 333 846 dicitur
357 817 388 846 in
413 819 617 846 Deuteronomio
633 819 642 836 ²
662 818 716 846 :Si
735 818 847 853 difficile
869 820 894 846 et
917 819 1003 846 ambi-

225 873 307 900 quum
318 865 456 900 judicium
471 865 546 900 apud
562 866 586 893 te
601 872 655 892 esse
664 866 833 900 perspeaeeris
852 867 923 893 inter
941 873 1004 893 san-

225 913 332 946 quinem
355 914 380 940 et
400 914 575 947 sanquinem,
595 920 702 939 causam
718 915 743 939 et
758 920 866 940 causam
876 933 885 947 ,
901 912 1003 948 lepram

226 961 251 986 et
266 966 319 986 non
335 959 455 994 lepram,
469 960 496 987 et
512 958 589 987 infra
603 967 710 995 parum
727 967 734 987 τ
750 959 834 993 Surae
853 961 878 987 et
892 959 1003 987 ascende

226 1005 262 1032 ad
277 1006 362 1033 locum
375 1026 385 1040 ,
408 1013 486 1041 quem
507 1007 614 1040 eleqerit
638 1007 769 1034 Dominus
794 1007 863 1034 Deus
886 1008 962 1039 tuus,
978 1009 1005 1034 et

225 1053 313 1079 venies
327 1052 364 1080 ad
381 1052 531 1080 sacerdotes
546 1053 650 1080 levitici
669 1054 789 1087 generis,
804 1061 958 1089 quoeresque
972 1054 1003 1081 ab

225 1100 273 1126 eis.
288 1097 462 1126 Psalmista’
480 1107 487 1127 :
502 1100 570 1126 Dian·
583 1109 591 1126 ι
607 1100 763 1134 confitebor,
780 1101 833 1127 etc.
850 1100 877 1128 Si
891 1108 1003 1136 propo-

225 1145 313 1173 situm
330 1145 419 1180 valet,
436 1147 547 1182 quanto
568 1146 665 1181 magis
687 1146 752 1183 ipsa
771 1146 941 1174 confessio?
961 1147 1004 1175 Ad

226 1192 336 1228 cogniti
356 1194 384 1220 et
398 1193 515 1221 contriti
534 1192 764 1221 satisfactionem
777 1203 784 1227 ;
800 1193 881 1221 unde
897 1193 1005 1222 dicitur

225 1238 256 1266 in
275 1240 464 1268 Ecclesiastico
477 1240 488 1256 ³
501 1244 511 1267 .‘
526 1241 575 1267 Est
595 1242 717 1274 confusio
739 1241 874 1268 adducens
888 1242 1005 1275 {storiam

225 1287 251 1313 et
274 1287 403 1321 qratiam.
428 1286 473 1314 Ad
497 1295 593 1323 poenae
617 1287 845 1315 diminutionem
862 1309 870 1322 ,
893 1287 921 1315 vi
948 1288 1005 1316 cla-

225 1332 322 1368 vium;
340 1332 377 1361 de
395 1333 454 1361 hoc
476 1333 559 1370 apud
577 1334 741 1363 Matthaeum
761 1334 813 1371 (αν
829 1343 836 1362 :
854 1335 1004 1368 Quodcum-

226 1388 276 1415 que
298 1381 408 1408 solveris
427 1389 507 1416 super
526 1383 640 1416 terram,
658 1383 712 1409 etc.
731 1381 773 1409 Ad
795 1381 842 1409 Dei
857 1381 1005 1417 glorifica-

225 1426 356 1462 tionem;
371 1427 452 1455 unde
470 1429 558 1455 Josue
573 1428 582 1444 ὅ
600 1437 606 1456 :
625 1430 665 1455 Da
685 1429 801 1462 aleriam
823 1430 936 1456 Domino
952 1431 1004 1456 Deo

225 1475 311 1501 Israel
322 1495 329 1505 ,
345 1476 371 1501 et
387 1475 528 1509 confitere,
545 1476 626 1510 atque
648 1475 738 1502 indica
760 1476 829 1502 mihi
846 1475 913 1510 qnid
933 1477 1005 1509 fece-

226 1522 275 1548 ris.
291 1520 336 1548 Ad
349 1520 577 1548 intercessorum
591 1521 880 1557 multiplicationem,
892 1521 1005 1550 dicente

226 1567 338 1595 Jacobo
353 1568 362 1584 θ
379 1576 386 1594 2
404 1567 575 1603 Confitemini
589 1569 750 1596 alterutrum
766 1571 878 1604 peccata
899 1572 1004 1603 vestra,

227 1617 252 1641 et
268 1616 343 1641 orale
353 1623 405 1649 pro
420 1616 533 1642 invicem
548 1618 579 1642 nt
594 1616 744 1643 salvemini.
760 1615 804 1644 Ad
820 1615 1006 1643 conscientiae

227 1660 477 1689 assecurationem
483 1670 491 1697 3
504 1661 583 1689 unde
595 1661 698 1696 David,
709 1662 805 1690 statim
819 1670 887 1689 cum
900 1662 1004 1690 dixit72

226 1708 350 1742 Peccavi,
362 1708 476 1736 audivit
492 1717 499 1735 :
515 1710 645 1736 Dominus
664 1717 768 1744 quoque
786 1711 929 1737 transtulit
943 1718 1006 1745 pec-

226 1756 316 1782 catum
336 1757 413 1782 tuum
427 1763 437 1782 .·
451 1763 504 1782 non
521 1757 653 1783 morieris.
670 1757 703 1783 Et
722 1755 780 1783 hoc
803 1758 844 1783 est
863 1764 1006 1791 magnum

226 1800 342 1829 bonum
351 1822 360 1836 ,
373 1802 406 1829 ut
421 1801 491 1829 dicit
505 1802 613 1829 Paulus
632 1802 642 1819 ⁸
655 1811 661 1829 :
679 1802 773 1830 Gloria
788 1805 881 1831 nostra
895 1804 948 1830 haee
958 1806 1006 1838 est,

227 1849 410 1875 testimonium
430 1850 598 1876 conscientia²
616 1852 725 1877 nosirae.
746 1851 896 1886 proponat
919 1850 1007 1878 etiam

226 1894 252 1921 ei
269 1894 305 1921 de
320 1896 511 1930 peccatorum
525 1895 629 1931 venia,
647 1895 684 1923 de
708 1896 757 1924 Dei
781 1896 1004 1931 misericordia,

227 1942 255 1968 et
267 1941 390 1969 suadeat
404 1942 430 1970 ei
446 1943 529 1978 quod
544 1951 606 1971 non
619 1944 836 1972 verecundetur
850 1944 1004 1978 confiteri,

226 1987 279 2015 sed
293 1987 390 2022 nude,
405 1990 432 2016 et
447 1997 583 2024 expresse
599 1990 700 2017 omnia
720 1990 895 2018 confiteatur
909 2012 916 2023 ,
934 1991 1006 2027 quia

226 2042 288 2062 non
302 2034 417 2062 homini
433 2035 597 2071 confitetur,
613 2037 666 2064 sed
687 2038 744 2064 Deo
765 2037 867 2065 scienti
881 2038 982 2065 omnia
997 2046 1003 2065 :

227 2081 278 2117 qui
293 2081 317 2109 si
331 2081 412 2109 nude
427 2082 612 2116 confiteatur,
627 2091 682 2119 pro
704 2083 842 2111 absoluto
864 2084 1005 2120 habetur3

227 2128 250 2156 si
265 2136 337 2156 vero
357 2128 482 2157 scienter
497 2129 612 2165 aliquid
632 2130 838 2165 occultaverit,
860 2130 1006 2159 confessio

227 2174 302 2203 nihil
325 2175 459 2211 valebit,
485 2175 555 2212 quia
571 2176 581 2193 ⁹
596 2178 646 2212 qui
667 2179 697 2204 in
718 2177 775 2204 hoc
797 2185 848 2204 uno
872 2178 1005 2213 offendit,

227 2223 317 2255 sactus
333 2224 373 2249 est
394 2224 512 2249 omnium
526 2231 586 2250 rens
595 2243 604 2257 ,
619 2223 716 2259 inquit
736 2223 874 2251 Jacobus.
893 2224 920 2252 Si
934 2232 1005 2252 vero

227 2276 289 2297 non
305 2269 369 2297 vult
382 2269 530 2304 confiteri,
546 2271 696 2306 proponat
711 2270 736 2298 ei
754 2272 878 2298 terrores
889 2271 1005 2306 judicii,

227 2323 330 2351 poenas
344 2315 465 2350 inferni,
482 2317 510 2344 et
530 2316 613 2352 quod
631 2317 727 2344 multo
753 2317 859 2344 melius
880 2319 922 2345 est
942 2326 1008 2345 cru-

227 2362 346 2390 bescere
367 2362 426 2390 hoc
445 2370 547 2390 coram
571 2371 631 2391 uno
648 2364 786 2398 homine,
806 2372 896 2399 quam
912 2365 942 2391 in
959 2364 1006 2392 die

225 2409 331 2444 judicii
355 2417 457 2437 coram
476 2411 551 2443 Deo,
568 2411 596 2438 et
614 2411 754 2439 omnibus
769 2411 894 2446 angelis,
910 2411 1007 2439 homi·

228 2455 316 2484 nibus
332 2457 360 2483 et
380 2456 576 2484 daemonibus.

263 2511 270 2527 ¹
288 2512 373 2542 Dent„
388 2517 458 2541 xvir,
478 2513 505 2543 8,
522 2513 544 2536 9.
560 2525 591 2530 —
606 2512 616 2528 ¹
630 2513 699 2537 Psal.
715 2519 788 2544 xxm,
804 2516 826 2538 ὅ.
842 2527 873 2531 --
891 2514 901 2530 ³
916 2513 1006 2544 Eccli.,

229 2551 265 2576 IV,
281 2547 320 2570 25.
333 2561 359 2564 —
372 2547 382 2564 δ
394 2547 496 2576 Malta,
511 2553 566 2578 xw,
580 2549 617 2572 19.
631 2561 661 2565 —
673 2549 683 2565 ⁵
695 2550 755 2579 los„
770 2555 814 2579 vu,
830 2551 866 2573 19.
877 2563 908 2567 -—
921 2550 929 2562 ⁰
943 2550 1005 2579 .Ιιιε.1

229 2587 254 2611 v,
275 2583 314 2606 16.
334 2595 364 2600 —
384 2583 395 2599 '¹
410 2583 430 2606 11
451 2583 519 2614 Rea,
544 2589 596 2614 xri,
618 2585 654 2608 13.
674 2598 700 2602 —-
725 2585 734 2599 Β
757 2585 1007 2615 ttCor.‚1,12.—

220 2617 239 2633 -9
251 2617 410 2648 Jac.‚11,10.
421 2631 452 2636 —
467 2619 486 2635 ¹⁰
499 2619 587 2649 Lei-it„
604 2621 712 2648 xix,15.
724 2633 754 2638 —
771 2622 785 2635 ¹¹
799 2621 882 2651 ΒΗΛ,
898 2627 951 2652 xv1,
970 2622 1005 2645 19.

229 2665 259 2670 —
277 2653 380 2684 ¹²1bid.‚
399 2659 415 2684 1,
435 2655 472 2677 17.
487 2667 518 2672 -—
532 2655 551 2671 ¹³
563 2655 623 2683 Ira„
641 2661 666 2685 v,
681 2656 722 2679 23.

264 2691 295 2722 (a)
314 2692 373 2716 Caet.
389 2692 449 2717 edit.
466 2693 496 2717 de
512 2693 562 2718 hoc
579 2695 722 2720 Matthaeus.

1777 229 1833 260 36¹

1326 331 1507 358 PARTICULA
1527 332 1571 358 Vl.

1101 387 1174 417 Quod
1192 387 1324 414 confessor
1337 389 1362 414 in
1375 389 1473 421 judicio
1486 390 1646 422 poenitentias
1659 395 1797 422 personam

1353 431 1406 450 non
1423 426 1539 458 accipiat.

1095 486 1215 516 Studeat
1227 488 1316 516 etiam
1331 487 1483 516 confessor
1491 496 1596 517 cavere
1611 488 1650 517 ab
1665 489 1838 526 acceptione

1059 541 1265 570 personarum,
1289 543 1357 572 quae
1372 534 1413 563 sic
1432 535 1608 564 describitur
1628 544 1646 564 a
1671 536 1837 572 magistriS:

1063 589 1076 607 «
1089 581 1227 618 Acceptio
1239 589 1375 618 personoe
1398 583 1441 610 est
1463 581 1604 618 inJ‘ustitia
1617 603 1624 616 ‚
1648 590 1707 618 qua
1720 582 1838 619 praet'er-

1059 629 1107 656 tur
1126 636 1256 664 persona
1277 636 1411 665 personae
1434 630 1558 665 propter
1579 636 1700 657 causam
1722 629 1839 658 indebi-

1059 676 1129 703 tam.
1141 685 1153 702 >³
1167 675 1289 704 Attende
1300 675 1467 712 diligenter,
1480 684 1498 704 ο
1510 675 1604 712 judex
1617 676 1839 712 poenitentialis,

1059 722 1143 759 quod
1153 722 1206 750 tibi
1221 722 1329 750 dicitur
1345 723 1382 750 10:
1395 724 1457 752 Non
1469 724 1555 757 facies
1568 723 1641 758 quod
1654 725 1780 759 iniquum
1790 726 1839 757 est,

1060 777 1105 797 nec
1128 769 1230 804 injuste
1250 769 1400 804 judicabis.
1430 771 1491 798 Non
1518 769 1669 798 consideres
1698 778 1840 805 personam

1057 817 1201 852 pauperis,
1217 824 1263 844 nec
1274 816 1384 844 honores
1394 817 1499 844 vultum
1509 818 1627 852 potentis
1637 826 1646 844 .·
1655 824 1692 844 ne
1703 816 1842 846 videlicet

1061 862 1191 891 declines
1206 871 1224 891 a
1237 863 1285 891 via
1293 863 1411 899 justitiae
1420 865 1541 900 propter
1553 863 1693 900 pauperis
1708 872 1842 900 compas-

1060 909 1174 937 sionem
1184 931 1192 944 ,
1217 910 1266 938 vel
1280 911 1400 946 propter
1414 910 1542 946 potentis
1565 910 1778 939 adulationem.
1793 912 1841 939 At-

1061 956 1147 985 tende
1163 958 1304 993 praeterea
1319 956 1373 985 tibi
1389 957 1501 984 dictum
1518 956 1537 973 ¹¹
1555 966 1561 985 :
1575 957 1635 985 Non
1650 959 1771 993 accipias
1781 966 1842 994 per-

1060 1012 1163 1039 sonam,
1186 1012 1232 1032 nec
1247 1012 1370 1038 munera,
1391 1005 1457 1039 quia
1472 1012 1582 1032 munera
1597 1008 1731 1032 emcoecant
1754 1007 1841 1033 oculos

1060 1052 1225 1086 sapientum,
1240 1054 1264 1078 et
1281 1054 1387 1079 mutant
1402 1053 1481 1079 verba
1491 1052 1637 1086 justorum.
1661 1053 1783 1081 Attende
1797 1053 1841 1080 ni-

1060 1097 1222 1125 hilominus
1235 1098 1403 1133 diligenter,
1421 1100 1450 1126 et
1465 1098 1622 1127 considera
1635 1099 1841 1128 universaIIter

1061 1144 1201 1172 omnibus
1217 1144 1437 1173 consessoribus
1460 1153 1522 1173 esse
1544 1145 1656 1174 dictum
1671 1145 1691 1162 ¹²
1707 1156 1713 1174 :
1736 1147 1840 1174 Audite

1061 1193 1133 1227 illos,
1149 1195 1175 1220 et
1191 1193 1262 1228 quod
1270 1193 1376 1227 justum
1391 1195 1445 1228 est,
1465 1193 1607 1228 jnclicate,·
1631 1195 1687 1221 sive
1702 1195 1769 1222 civis
1784 1195 1840 1227 illc,

1060 1241 1116 1267 sive
1137 1241 1304 1275 percarinus,
1326 1241 1402 1267 nulla
1417 1241 1470 1268 erit
1489 1241 1627 1268 distantia
1641 1248 1815 1275 personarum
1833 1251 1839 1267 :

1061 1287 1102 1313 ita
1113 1294 1226 1323 parvum
1239 1286 1369 1322 audietis,
1381 1289 1412 1314 ut
1424 1294 1567 1321 maqnum;
1582 1295 1635 1314 non
1649 1288 1789 1322 accipietis
1799 1296 1843 1315 cu-

1056 1332 1186 1368 J'usquam
1197 1341 1352 1369 personam,
1369 1335 1434 1368 quia
1451 1335 1501 1361 Dei
1509 1333 1647 1368 judiciam
1663 1336 1710 1362 est.
1727 1335 1841 1369 Audite,

1060 1381 1197 1417 inquam,
1220 1381 1253 1409 id
1268 1383 1326 1417 est,
1343 1381 1499 1417 diligenter
1513 1382 1655 1410 intendite
1670 1384 1801 1418 peccata,
1816 1384 1844 1410 et

1060 1430 1253 1464 peccatorum
1263 1428 1496 1457 circumstantias
1507 1429 1707 1457 examinando
1718 1439 1724 1457 z
1737 1432 1762 1457 et
1772 1429 1844 1464 qnod

1059 1475 1165 1510 justum
1181 1477 1219 1502 est
1233 1475 1364 1510 judicate,
1378 1475 1474 1510 justos
1489 1476 1639 1511 videlicet,
1652 1476 1710 1504 sive
1726 1476 1842 1511 diviteS,

1061 1522 1122 1549 sive
1137 1530 1285 1558 pauperes
1301 1522 1502 1558 absolvendo3
1520 1525 1548 1551 et
1562 1523 1689 1559 impiOS,
1707 1523 1844 1559 quamvis

1062 1569 1151 1597 etiam
1171 1571 1306 1606 potentes
1325 1572 1352 1597 et
1373 1570 1498 1605 divites,
1520 1570 1751 1598 condemnando
1768 1579 1775 1598 ε
1799 1579 1845 1598 nec

1062 1619 1203 1652 accipietis
1214 1625 1356 1652 personam
1371 1618 1540 1653 cujusquam,
1556 1626 1703 1654 pauperes
1714 1618 1845 1646 indebite

1063 1664 1268 1700 exasperando
1278 1685 1288 1698 ‚
1312 1665 1340 1691 et
1364 1664 1505 1692 divitibus
1526 1666 1554 1692 et
1575 1664 1747 1700 potentibus
1770 1664 1845 1692 adu-

1062 1710 1165 1738 lando.
1183 1711 1253 1744 Non,
1270 1710 1404 1747 inquam,
1423 1713 1544 1746 accipias
1560 1719 1717 1747 personam,
1733 1719 1770 1739 ne
1785 1719 1846 1739 ma-

1062 1757 1220 1785 ledictione
1230 1757 1404 1794 prophetica
1414 1757 1538 1793 feriaris,
1552 1766 1613 1794 qua
1626 1757 1732 1785 dicitur
1742 1758 1762 1775 ¹³
1777 1766 1784 1785 ε
1799 1759 1845 1786 Voe

1061 1805 1111 1840 qui
1121 1804 1282 1839 justificatis
1293 1806 1409 1840 impium
1424 1813 1473 1840 pro
1488 1806 1652 1838 muneribus,
1666 1808 1691 1833 et
1702 1805 1845 1840 justitiam

1057 1851 1130 1885 Justi
1145 1852 1262 1885 aufertis
1277 1853 1309 1879 ab
1325 1860 1363 1879 eo.

1346 1963 1489 1997 CAPUT
1514 1965 1528 1997 J
1533 1965 1556 1998 1.

1094 2051 1132 2077 De
1151 2051 1413 2085 interrogationibus
1433 2052 1569 2084 faciendis
1588 2053 1617 2080 in
1637 2054 1809 2087 confessione.

1337 2146 1519 2170 PARTICULA
1543 2147 1563 2171 1.

1088 2206 1203 2235 Qualiter
1215 2207 1432 2239 interrogationes
1447 2208 1497 2232 sint
1511 2209 1635 2233 faciendae
1652 2209 1678 2233 in
1696 2210 1820 2241 generali.

1097 2273 1164 2301 Post
1177 2272 1240 2301 haec
1265 2273 1405 2302 sacerdos
1420 2274 1542 2310 incipiat
1564 2274 1668 2302 audire
1683 2275 1842 2303 confessio-

1061 2328 1130 2348 nem
1150 2320 1252 2356 ipsius,
1268 2320 1500 2357 interrogando,
1526 2322 1548 2349 si
1572 2324 1711 2358 peccator
1731 2324 1841 2352 nesciat

1062 2367 1212 2401 confiteri3
1232 2369 1259 2395 et
1274 2367 1446 2403 adjuvando
1468 2377 1521 2404 per
1536 2369 1768 2405 inquisitionem,
1784 2370 1841 2397 dis-

1062 2416 1138 2441 crete
1154 2416 1264 2448 tamen,
1280 2414 1319 2442 ita
1334 2415 1418 2450 quod
1434 2415 1576 2442 sollicitus
1599 2415 1634 2443 sit
1655 2416 1761 2443 usitata
1776 2425 1842 2452 pec-

1062 2463 1126 2488 cata
1149 2460 1322 2496 singillatim
1346 2462 1514 2497 requirere,
1537 2462 1675 2490 inusitata
1697 2471 1767 2490 vcro
1788 2471 1842 2499 per

1062 2507 1295 2536 circumstantias
1305 2509 1459 2543 generales
1475 2510 1503 2536 et
1513 2509 1602 2536 valde
1614 2511 1742 2536 remotas
1757 2512 1840 2537 caute

1061 2554 1254 2590 investigare;
1268 2562 1304 2582 ne
1316 2555 1475 2591 inexpertis
1487 2555 1572 2582 detur
1583 2555 1716 2589 materia,
1732 2555 1780 2583 vel
1794 2564 1841 2584 oc-

1062 2602 1152 2635 casio,
1169 2601 1252 2637 quod
1268 2602 1334 2629 ante
1349 2601 1534 2629 nesciverant
1548 2601 1751 2637 perpetrandi,
1766 2602 1841 2630 sicut

1062 2647 1218 2684 aliquoties
1229 2648 1371 2683 contingit
1382 2656 1418 2676 ex
1427 2648 1628 2684 quorumdam
1639 2648 1841 2685 insipientium

1063 2694 1266 2722 confessorum
1292 2694 1582 2730 interrogationibus
1613 2695 1718 2725 Taliter
1741 2697 1840 2724 autem
