2004 3037
197 311 263 338 Dist.
275 313 298 337 6.
313 311 427 342 Qualiter
442 311 546 344 spiritus
562 312 594 338 ad
613 311 770 338 veniendum
787 318 835 344 per
852 311 901 337 iter

227 345 307 369 rectae
322 346 348 368 et
361 343 484 375 simplicis
497 343 648 369 intentionis
666 344 698 369 ad
719 345 844 368 aeternum
859 343 899 368 in-

228 375 371 400 trinsecum
393 375 498 400 Domini
515 375 578 401 ‚lesu
600 375 708 401 dulciter
725 375 758 400 ab
779 381 811 400 eo
832 375 902 400 invi-

229 408 307 431 tetur.

199 438 236 463 De
253 437 366 462 secundo
388 437 479 462 itinere
502 437 663 469 aeternitatis,
682 437 751 470 quod
775 439 814 462 est
828 439 902 463 aeter-

229 475 322 494 norum
338 469 453 494 studiosa
464 469 607 494 meditatio.
620 470 681 494 Dist.
696 473 718 494 1.
729 469 842 499 Qualiter
854 470 902 494 iter

230 501 352 525 studiosae
376 500 553 536 meditationis·
577 501 626 525 iter
652 504 740 537 rectoe·
753 501 903 536 intentionis

199 532 442 592 mssiffiffiffiidetsile
453 532 904 594 statiis?23⁰¹3{1{{2¹.¹⁰;¹{·.‚.2..-

230 594 300 619 tione
308 595 522 626 distinguatur.—
534 595 596 620 Dist.
613 596 637 620 3.
677 595 767 619 naliter
777 594 802 618 in
813 594 902 618 itinere

230 626 404 651 meditationis
422 627 491 651 Deus
508 626 628 658 spiritum
647 626 791 651 humanum
810 625 902 650 illumi-

229 659 289 688 net,
306 659 331 682 et
342 657 494 688 alloquatur.

199 689 265 714 Dist.
289 689 313 713 4.
340 689 452 718 Qualiter
477 687 580 719 spiritus
604 688 733 713 humanus
760 689 786 713 in
811 688 903 713 itinere

230 719 405 745 meditationis
419 719 502 744 Deum
517 720 670 752 alloquatur.

199 751 264 777 Dist.
280 752 302 776 5.
320 751 433 780 Qualiter
445 751 566 776 allocutio
582 751 668 776 divina
686 758 702 776 a
718 752 807 776 nostra
818 751 904 776 medi-

231 783 329 807 tatione
344 782 524 813 distinguatur.
666 800 669 802 -

200 814 263 839 nist.
282 815 305 838 6.
322 814 435 843 Qualiter
449 813 553 844 spiritus
564 813 693 838 humanus
704 821 748 845 per
762 813 812 838 iter
823 813 904 838 medi-

232 844 337 869 tationis
351 845 522 870 aeternitatem
537 845 639 870 Domini
654 845 821 877 ingrediatur.

200 877 264 901 Dist.
282 878 304 900 7.
322 876 435 905 Qualiter
458 877 562 908 spiritus
582 877 720 906 humanus,
742 876 773 901 ad
798 876 904 901 venien-

232 908 294 932 dum
308 914 355 938 per
375 909 423 932 iter
444 908 619 933 meditationis
637 909 669 933 ad
690 908 870 938 aeternitatem,
890 915 905 932 a

231 939 294 964 Jesu
309 939 439 964 invitetur.

201 971 238 996 De
259 970 334 995 tertio
353 970 445 995 itinere
464 970 628 1002 aeternitatis,
645 971 714 1002 quod
737 972 776 995 est
795 972 905 995 aeterno·

231 1008 291 1027 rum
314 1001 419 1033 limpida
440 1002 633 1033 contemplatio.
657 1002 719 1026 Dist.
739 1004 763 1027 1.
788 1003 850 1031 Quae
871 1002 904 1027 sit

232 1033 372 1058 necessitas
394 1033 492 1058 itineris
513 1033 757 1064 contemplationis,
781 1036 806 1058 et
825 1041 903 1065 quare

232 1064 380 1089 immediate
391 1068 511 1096 sequatur
524 1065 572 1088 iter
586 1065 769 1089 meditationis.

201 1096 268 1132 Dist.
283 1099 307 1132 2.
324 1096 391 1132 Quid
410 1097 443 1132 sit
466 1096 667 1131 contemplatio,
682 1098 707 1120 et
722 1096 831 1127 qualiter
847 1096 904 1120 des-

201 1129 325 1194 Digtjpgzo
332 1127 761 1194 {Jutasli{giffeltlogiviielgplatio'differat
775 1166 790 1183 a
804 1159 902 1194 cogita-

233 1191 321 1220 tione,
336 1190 516 1221 meditatione,
532 1190 723 1221 speculatione,
739 1192 764 1215 et
779 1191 810 1214 ab
825 1193 907 1214 inlui—

234 1223 286 1246 tiva
300 1221 410 1246 visione.

202 1252 267 1278 Dist.
282 1254 306 1278 4.
318 1253 431 1281 Qualiter
441 1252 624 1284 contemplatio
635 1253 779 1277 secundum
789 1253 906 1277 diversos

252 1285 328 1309 radus
339 1284 511 1309 diversimode
523 1291 537 1308 a
547 1284 633 1308 multis
643 1284 779 1309 dividatur.
791 1285 869 1309 Artic.
882 1287 904 1310 1.

258 1316 415 1372 cilgradibus
436 1315 659 1347 contemplationis
676 1316 820 1341 secundum
843 1317 905 1341 Ver-

234 1353 263 1372 ce
285 1354 385 1373 ensem.

203 1378 257 1403 Art.
279 1381 304 1403 2.
326 1379 364 1403 De
379 1378 502 1411 gradibus
517 1378 743 1410 contemplationis
762 1379 906 1404 secundum

233 1410 400 1436 Richarduin.

202 1442 257 1466 Art.
272 1443 297 1466 3.
316 1442 353 1466 De
368 1441 490 1474 gradibus
513 1441 741 1472 contemplationis
764 1441 907 1467 secundnm

233 1475 367 1498 auctorem
381 1474 412 1498 de
429 1473 526 1504 Spiritu
539 1475 564 1497 et
576 1473 677 1497 Anima.

202 1505 258 1561 Arct).
272 1506 296 1540 4.
314 1506 351 1529 De
375 1505 496 1537 gradibus
518 1504 743 1535 contemplationis
764 1504 906 1529 secundum

257 1543 384 1561 moenem.

203 1567 267 1593 Dist.
280 1554 302 1592 5.
315 1568 443 1596 Quantam
453 1567 589 1592 utilitatem
599 1566 702 1599 spiritus
712 1567 738 1591 in
748 1567 838 1592 itinere
848 1567 907 1592 vitae

235 1599 443 1633 contemplativae
458 1599 613 1630 experiatur.

203 1629 269 1655 Dist.
285 1632 308 1655 6.
323 1631 436 1659 Qualiter
447 1638 494 1662 per
506 1631 555 1655 iter
564 1630 790 1662 contemplationis
802 1630 906 1661 spiritus

235 1664 362 1686 aeternum
377 1662 522 1686 manerium
536 1662 630 1686 Christi
645 1662 811 1693 ingrediatur.

203 1693 268 1718 Dist.
281 1695 304 1718 7.
321 1694 435 1722 Qualiter
446 1693 550 1725 spiritus
566 1694 694 1717 humanus
708 1693 739 1717 ad
751 1692 909 1717 veniendum

234 1731 281 1755 per
306 1724 353 1749 iter
379 1724 604 1756 contemplationis
631 1724 664 1749 ad
690 1726 819 1749 secretum
845 1725 907 1749 Jesu

234 1756 366 1780 invitetur.

203 1788 241 1812 De
256 1790 347 1819 quarto
361 1787 453 1811 itinere
469 1786 636 1817 aeternitatis,
651 1787 721 1818 quod
741 1788 780 1811 est
797 1788 908 1811 aeterno-

234 1825 293 1843 rum
317 1819 467 1843 charitativa
490 1818 601 1843 affectio.
622 1818 686 1843 Dist.
709 1821 732 1843 1.
756 1819 840 1847 Quare
861 1819 909 1843 iter

234 1849 394 1874 charitativae
427 1849 570 1874 affectionis
600 1849 649 1874 iter
680 1849 908 1881 contemplationis

235 1881 384 1905 immediate
397 1883 530 1912 sequatur.

203 1912 268 1936 Dist.
282 1914 306 1937 2.
322 1912 389 1941 Quid
400 1912 432 1936 sit
442 1911 593 1936 charitativa
606 1911 716 1939 affectio.
733 1913 758 1936 et
772 1912 904 1943 quomodo

235 1944 268 1967 sit
281 1943 330 1968 iter
343 1943 376 1967 ad
387 1945 494 1971 aeterna,
510 1945 539 1967 ut
550 1943 637 1967 verius
649 1947 831 1973 cognoscatur.

204 1974 268 1999 Dist.
286 1975 311 1999 3.
332 1975 448 2003 Qualiter
469 1974 619 1999 charitativa
639 1973 739 1998 affectio
762 1981 777 1998 a
798 1974 908 1999 naturali

235 2005 382 2037 affectione,
392 2006 433 2029 vel
445 2005 569 2037 acquisita
579 2005 716 2029 dilectione
729 2005 907 2033 distinguatur.

205 2037 268 2062 Dist.
283 2038 306 2061 4.
324 2037 422 2066 Quibus
437 2037 517 2068 signis
537 2039 563 2061 et
584 2036 740 2067 conjecturis
759 2036 910 2061 charitativa

235 2068 336 2093 affectio
349 2069 569 2100 qualitercumque
584 2067 771 2092 manifestetur.
789 2068 868 2093 Artic.
884 2070 906 2092 1.

236 2101 274 2124 De
285 2100 365 2131 signis
379 2099 511 2124 charitatis
520 2099 575 2130 jam
590 2099 693 2130 genitae.

205 2132 260 2156 Art.
276 2133 299 2156 2.
315 2132 353 2155 De
368 2131 446 2162 signis
463 2131 593 2155 charitatis
603 2130 658 2161 jam
673 2129 812 2165 roboratae.

205 2165 260 2218 Arii.
273 2164 297 2187 3.
313 2163 350 2187 De
365 2162 446 2194 signis
457 2162 609 2186 extrinsecis
630 2162 760 2186 charitatis
778 2161 830 2193 jam
852 2168 910 2193 per-

247 2196 321 2219 ectae.

206 2227 259 2250 Art.
277 2226 301 2250 4.
317 2226 354 2250 De
370 2224 451 2257 signis
470 2223 616 2249 intrinsecis
631 2223 762 2249 charitatis
776 2224 908 2255 perfectae.

207 2257 271 2282 Dist.
295 2259 318 2282 5.
341 2257 455 2286 Qualiter
478 2256 630 2280 charitativa
653 2255 753 2280 affectio
776 2263 792 2280 a
813 2256 909 2280 sanctis

239 2288 395 2313 Doctoribus
411 2294 459 2319 per
480 2286 730 2322 gradushdividatur.
752 2287 807 2312 Art.
827 2289 849 2312 1.
871 2288 909 2312 De

238 2320 362 2351 gradibus
376 2319 472 2343 amoris
486 2319 598 2350 gratuiti.

208 2352 264 2376 Art.
279 2352 303 2376 2.
318 2352 356 2375 De
372 2351 493 2382 gradibus
508 2350 604 2374 amoris
615 2349 728 2374 violenti.

208 2384 263 2407 Art.
277 2383 301 2406 3.
317 2383 353 2407 De
370 2382 490 2413 gradibus
504 2381 599 2405 amoris
614 2381 749 2412 seraphici.

208 2413 273 2439 Dist.
288 2416 311 2438 6.
329 2414 442 2443 Qualiter
463 2413 567 2444 spiritus
586 2415 675 2436 noster
695 2420 742 2443 per
760 2413 809 2437 iter
828 2412 911 2437 ohari-

239 2444 326 2470 tativae
351 2444 493 2469 affectionis
517 2446 643 2468 aeternum
664 2444 809 2468 manerium
828 2444 911 2475 ingre-

241 2477 334 2501 diatur.
346 2489 378 2493 —
392 2476 457 2500 Dist.
472 2477 496 2499 7.
512 2475 626 2504 Qualiter
637 2475 741 2505 spiritus
766 2477 863 2505 noster,
878 2476 910 2499 ad

239 2508 396 2532 veniendum
416 2514 462 2538 per
481 2507 529 2531 iter
543 2506 700 2531 charitativae
716 2507 856 2531 affectionis
879 2507 910 2531 ad

241 2541 338 2564 {eterna
348 2556 355 2569 ‚
369 2546 385 2563 a
399 2538 510 2562 Domino
525 2538 655 2562 invitetur.

210 2570 248 2594 De
267 2571 356 2602 quinto
375 2570 466 2594 itinere
485 2569 646 2600 aeternitatis,
661 2568 730 2600 quod
745 2570 784 2593 est
802 2569 912 2594 aeterno-

241 2608 300 2626 rum
311 2602 411 2626 occulta
423 2601 555 2625 revelatio.

211 2633 275 2657 Dist.
292 2635 314 2658 1.
331 2633 443 2661 Qualiter
462 2632 510 2657 iter
531 2631 639 2656 occultae
657 2631 823 2656 revelationis
838 2634 910 2656 aeter-

242 2671 353 2696 norum,
373 2664 421 2688 iter
438 2663 595 2688 charitativae
615 2662 756 2687 affectionis
780 2666 909 2694 sequatur.

242 2709 273 2713 —
284 2696 347 2720 Dist.
360 2697 382 2720 2.
393 2695 506 2724 Qualiter
516 2694 639 2719 revelatio
649 2696 805 2719 aeternorum
814 2695 912 2720 occulta

244 2727 351 2758 dicatur,
365 2727 392 2751 et
404 2727 514 2758 qualiter
527 2726 707 2757 distinguatur.

938 242 1070 276 INDEX.

935 406 980 430 408

936 532 980 556 409

937 657 980 681 410

935 721 981 744 412

937 783 981 807 415

937 845 982 869 417

938 939 982 963 418

937 1066 981 1089 419

938 1128 983 1152 420

939 1345 983 1371 423

939 1410 984 1434 426

939 1473 985 1497 429

940 1536 982 1560 531

941 1599 986 1623 432

939 1662 984 1686 435

940 1756 986 1780 436

940 1881 987 1907 437

941 1943 986 1968 438

943 2006 987 2031 439

942 2100 985 2124 441

942 2132 987 2155 442

942 2193 987 2218 444

942 2225 987 2250 445

943 2318 988 2343 447

944 2351 988 2375 448

944 2383 988 2407 452

944 2540 990 2564 456

944 2603 988 2627 457

943 2728 989 2752 458

1037 311 1103 336 Dist.
1129 312 1152 336 3.
1180 311 1294 341 Qualiter
1337 317 1366 336 er
1386 310 1533 336 sensibilem
1556 312 1743 339 revelationem

1067 342 1172 399 spii-itus
1192 345 1281 368 noster
1300 317 1335 367 ag
1357 349 1489 367 accessum
1510 344 1668 369 {eternorum
1689 345 1742 371 alli-

1067 381 1107 399 cia
1120 381 1158 399 ur.

1035 405 1102 430 Dist.
1121 406 1144 430 4.
1163 405 1278 435 Qualiter
1290 412 1338 437 per
1349 403 1545 430 intellectualem
1555 407 1742 434 revelationem

1067 440 1226 493 &ternorum
1247 437 1353 468 spiritus
1371 439 1460 461 noster
1483 437 1515 462 ad
1539 437 1640 464 interna
1663 440 1742 466 intro-

1087 470 1185 493 nentur.

1036 499 1100 525 Dist.
1116 501 1138 525 5.
1157 499 1270 529 Qualiter
1286 506 1332 530 per
1351 499 1624 530 superintellectualem
1645 503 1742 528 revela—

1068 532 1166 567 tionem
1188 533 1348 556 {eternorum
1369 531 1474 562 spiritus
1497 534 1586 556 noster
1608 535 1743 560 {eternitati

1037 566 1180 619 1311ξὲ135ῗῇ
1191 593 1304 623 Qualiter
1317 625 1322 629 ¹
1334 593 1589 629 superintellectualis
1618 597 1742 622 revelatio

1069 627 1227 650 aeternoruni
1239 633 1253 649 a
1263 625 1338 650 nobis
1350 628 1504 656 acquiratur.

1037 657 1102 681 Dist.
1128 659 1150 682 7.
1176 657 1290 685 Qualiter
1314 657 1347 681 ad
1375 656 1424 681 iter
1449 657 1556 683 occultae
1579 659 1744 686 revelationis

1069 693 1228 713 aeternorum
1242 688 1344 719 spiritus
1354 690 1443 712 noster
1453 695 1467 712 a
1483 690 1536 714 Deo
1547 690 1679 716 invitetur.

1041 719 1075 744 De
1091 722 1163 744 sexto
1175 720 1266 744 itinere
1279 719 1437 748 aeternitatis
1449 721 1518 751 quod
1533 724 1572 746 est
1585 724 1743 748 aeternorum

1069 751 1278 782 experimentalis
1292 751 1467 782 praegustatio.
1481 752 1543 776 Dist.
1557 755 1578 777 1.
1594 754 1661 782 Quid
1675 755 1744 779 dica-

1068 784 1110 807 tur
1124 782 1333 813 experimentalis
1347 783 1514 812 praegustatio
1530 785 1688 809 oeternorum
1699 804 1706 816 ‚
1719 789 1745 811 et

1067 813 1176 845 qualiter
1187 813 1236 838 alia
1252 813 1344 837 itinera
1358 815 1490 844 sequatur.

1038 845 1102 869 Dist.
1114 846 1137 869 2.
1154 845 1268 874 Quarum
1282 844 1458 875 potentiarum
1472 845 1520 869 ista
1535 846 1743 877 experimentalis

1069 876 1162 901 notitia
1176 876 1283 900 dicatur.
1299 890 1330 893 —
1346 876 1409 900 Dist.
1425 877 1449 900 3.
1466 877 1582 905 Qualiter
1597 878 1744 909 spirituales

1071 915 1163 943 sensus
1185 908 1358 938 potentiarum
1381 907 1413 932 ab
1436 907 1632 939 experimentali
1651 911 1744 935 notitia

1040 940 1293 999 Diistgipleuiagiffiimr
1321 969 1457 994 interiores
1481 977 1572 1006 sensus
1599 971 1743 1003 spirltuales

1071 1004 1224 1033 reparentur
1233 1001 1276 1025 vel
1286 1000 1469 1025 reformentur.
1482 1015 1510 1018 ——
1523 1003 1586 1027 Dist.
1597 1005 1620 1027 5.
1632 1004 1745 1032 Qualiter

1070 1040 1116 1064 per
1143 1035 1248 1064 gustum
1274 1032 1424 1057 interiorem
1455 1033 1616 1065 spiritualem
1647 1038 1745 1060 aeterna

1071 1066 1272 1096 praegustentur.

1039 1096 1102 1121 Dist.
1125 1097 1148 1120 6.
1172 1095 1285 1125 Qualiter
1308 1094 1413 1126 quilibet
1433 1102 1523 1121 sensus
1547 1097 1654 1122 interior
1673 1098 1745 1130 spiri·

1069 1127 1145 1151 tualis
1161 1130 1258 1151 aeterna
1272 1127 1429 1157 experiatur.

1039 1159 1104 1183 Dist.
1120 1160 1144 1182 7.
1161 1159 1275 1187 Qualiter
1295 1158 1399 1189 spiritus
1418 1160 1520 1187 noster,
1540 1159 1573 1184 ad
1587 1160 1744 1186 veniendum

1072 1197 1119 1221 per
1133 1190 1182 1214 iter
1197 1189 1363 1221 experientiae
1386 1190 1419 1214 ad
1437 1190 1607 1216 intrinsecum
1622 1193 1743 1224 Domini,

1072 1221 1200 1245 invitetur.

1040 1253 1077 1277 De
1098 1253 1207 1283 septimo
1230 1252 1320 1276 itinere
1340 1252 1499 1283 aeternitatis,
1523 1254 1594 1286 quod
1613 1256 1652 1279 est
1673 1257 1746 1280 aeter-

1070 1291 1164 1308 norum
1184 1284 1318 1308 meritoria
1336 1284 1461 1314 operatio.
1478 1285 1542 1309 Dist.
1559 1289 1581 1310 1.
1599 1287 1682 1315 Quare
1698 1288 1746 1312 iter

1073 1315 1212 1340 meritoriae
1226 1315 1383 1347 operationis
1395 1317 1567 1347 praecedentia
1581 1318 1674 1343 itinera
1685 1318 1746 1343 sub-

1040 1349 1246 1407 Difflqgfugfiare
1260 1379 1352 1402 natura
1363 1378 1495 1403 rationalis
1505 1378 1537 1403 ad
1549 1379 1599 1404 boc
1611 1380 1677 1405 facta
1695 1381 1744 1413 sit,

1072 1410 1142 1441 quod
1164 1411 1285 1440 operetur
1299 1427 1305 1439 .
1327 1411 1354 1433 et
1375 1412 1501 1434 aeternum
1524 1410 1602 1435 finem
1627 1419 1673 1443 per
1693 1413 1745 1437 hoc

1073 1443 1254 1472 consequatur.
1264 1454 1294 1458 —-
1308 1440 1371 1465 Dist.
1382 1443 1406 1465 3.
1418 1442 1502 1470 Quare
1511 1442 1589 1467 homo
1601 1444 1744 1469 secundum

1073 1472 1201 1504 duplicem
1216 1474 1335 1497 naturam
1351 1473 1453 1503 operari
1467 1475 1594 1498 teneatur.

1042 1504 1107 1529 Dist.
1123 1505 1146 1528 4.
1159 1504 1273 1533 Qualiter
1286 1504 1400 1534 operatio
1415 1504 1548 1536 utriusque
1563 1507 1671 1538 naturae,
1688 1513 1746 1531 cor-

1073 1536 1168 1567 poralis
1191 1535 1288 1560 scilicet
1310 1536 1335 1558 et
1357 1535 1509 1567 spiritualis,
1532 1536 1666 1562 deiformis
1687 1538 1746 1562 elfi-

1072 1567 1161 1591 oiatur.

1042 1598 1106 1623 Dist.
1123 1600 1147 1622 5.
1162 1597 1276 1627 Qualiter
1291 1597 1386 1622 diversi
1401 1598 1496 1628 gradus
1508 1599 1640 1631 utriusque
1656 1607 1745 1632 opera-

1073 1630 1160 1661 tionis,
1176 1629 1218 1653 vel
1233 1629 1341 1660 species,
1359 1629 1557 1661 distinguantur.

1043 1661 1107 1685 Dist.
1124 1663 1147 1685 G.
1165 1660 1278 1689 Qualiter
1298 1661 1401 1691 spiritus
1424 1669 1471 1692 per
1487 1664 1622 1694 utramque
1646 1663 1724 1687 vitam
1735 1681 1744 1694 ,

1073 1692 1171 1717 scilicet
1186 1692 1297 1716 activam
1310 1694 1335 1716 et
1349 1693 1585 1725 contemplativam,
1601 1694 1633 1718 ad
1648 1697 1746 1719 aeterna

1074 1724 1132 1747 inor
1167 1723 1243 1747 iatur.

1043 1724 1267 1784 Dist?7f³‘oualiter
1277 1754 1309 1779 ad
1322 1754 1480 1780 veniendum
1491 1763 1537 1786 per
1548 1757 1596 1781 iter
1606 1757 1745 1783 meritoriae

1074 1787 1232 1843 <12pterationis
1246 1793 1261 1810 a
1277 1786 1389 1811 Domino
1405 1787 1509 1818 spiritus
1530 1788 1657 1813 humanus
1679 1789 1746 1813 invi-

1087 1825 1099 1842 e
1113 1825 1152 1843 ur.

1043 1849 1139 1874 amm
1167 1854 1320 1874 PAUPERUM.
1351 1849 1541 1881 Argumentum
1572 1857 1604 1875 ex
1634 1851 1746 1876 editione

1076 1881 1208 1905 Vaticana.
1226 1894 1253 1897 —
1270 1880 1397 1905 Praefatio.

1044 1912 1126 1936 Index
1142 1912 1253 1942 capitum
1269 1911 1456 1942 alphabeticus

1045 1944 1106 1974 Cap.
1127 1945 1148 1967 1.
1166 1944 1202 1967 De
1217 1943 1348 1967 miraculis
1362 1943 1448 1967 divina
1462 1943 1575 1974 potentia
1586 1944 1668 1968 factis.

1045 1975 1107 2005 Cap.
1116 1976 1138 1998 2.
1148 1975 1185 1998 De
1197 1974 1334 2004 prudentia
1345 1974 1399 2003 Deiv
1412 1976 1437 1998 et
1449 1974 1556 1998 occultis
1567 1975 1744 2007 ejusjudiciis.

1045 2006 1106 2036 Cap.
1123 2007 1147 2029 3.
1165 2006 1201 2029 De
1216 2005 1373 2035 benignitate
1386 2005 1432 2029 Dei
1447 2006 1478 2029 ad
1491 2012 1579 2031 servos
1591 2014 1662 2031 suos.

1044 2037 1106 2067 Cap.
1122 2037 1146 2060 4.
1163 2037 1200 2060 De
1215 2036 1393 2060 consolatione
1407 2036 1502 2060 divina.

1044 2069 1106 2099 Cap.
1116 2069 1139 2091 5.
1148 2068 1185 2091 De
1196 2067 1377 2092 benedictione
1389 2074 1464 2098 quam
1479 2070 1547 2093 Deus
1556 2069 1641 2093 dat.-
1653 2070 1714 2101 Cap.
1723 2071 1745 2094 6.

1076 2101 1113 2123 De
1128 2099 1310 2123 maledictione
1328 2106 1379 2130 qua
1393 2100 1461 2123 Deus
1475 2100 1612 2126 maledicit.

1044 2131 1106 2186 Call-3.
1122 2131 1146 2155 7.
1165 2131 1202 2154 De
1227 2130 1409 2155 benedictione
1436 2138 1488 2162 qua
1513 2131 1592 2156 homo
1618 2132 1748 2158 benedicit

1099 2168 1167 2186 eum.

1044 2193 1107 2249 Calp.
1129 2194 1153 2228 8..
1169 2192 1215 2228 ‘De
1238 2192 1420 2218 benedictione
1444 2200 1496 2225 qua
1518 2195 1597 2219 homo
1618 2195 1748 2220 benedicit

1095 2231 1185 2249 omini.

1045 2257 1107 2287 Cap.
1131 2257 1155 2280 9.
1176 2256 1213 2280 De
1233 2255 1416 2280 maledictione
1437 2263 1487 2288 qua
1506 2257 1585 2282 homo
1608 2257 1746 2283 maledicit.

1075 2287 1175 2318 —Cap.
1188 2289 1225 2311 10.
1238 2288 1274 2311 De
1285 2287 1420 2312 severitate
1432 2288 1477 2312 Dei
1488 2295 1549 2321 erga
1559 2289 1746 2322 delinquentes.

1045 2320 1107 2350 Cap.
1122 2321 1159 2343 ll.
1175 2319 1212 2342 De
1227 2318 1266 2342 ira
1281 2319 1336 2350 Dei,
1348 2320 1388 2343 vel
1398 2320 1495 2344 furore.

1044 2351 1108 2381 Cap.
1124 2352 1161 2374 12.
1179 2350 1252 2378 Quod
1266 2351 1334 2374 Deus
1349 2350 1406 2381 plus
1417 2351 1524 2376 attendit
1539 2351 1572 2376 ad
1586 2354 1746 2384 operantem,

1075 2388 1153 2413 quam
1167 2382 1199 2405 ad
1210 2382 1385 2417 opus—Cap.
1399 2383 1436 2406 13.
1453 2383 1527 2411 Quod
1539 2384 1607 2408 Deus
1618 2384 1748 2409 interdum

1075 2415 1157 2437 tentat
1171 2412 1313 2442 bominem,
1330 2420 1383 2437 sive
1397 2414 1498 2444 probat.

1045 2445 1106 2475 Cap.
1121 2446 1159 2468 14.
1177 2444 1251 2473 Quod
1266 2444 1345 2469 homo
1367 2452 1420 2469 non
1440 2445 1519 2470 debet
1539 2447 1638 2471 tentare
1653 2447 1746 2472 Deum.

1077 2490 1108 2494 —-
1123 2476 1184 2506 Cap.
1201 2477 1239 2500 15.
1258 2476 1294 2499 De
1310 2478 1382 2500 voto.

1046 2508 1108 2538 Cap.
1125 2509 1161 2531 16.
1179 2507 1216 2530 De
1231 2507 1360 2531 oratione.

1046 2540 1108 2569 Cap.
1126 2539 1163 2562 17.
1182 2537 1361 2572 Denlacrymis,
1376 2538 1430 2564 sive
1448 2539 1517 2564 fletu.

1046 2571 1108 2601 Cap.
1125 2570 1163 2594 18.
1176 2570 1212 2592 De
1222 2572 1379 2601 juramento,

1046 2603 1108 2632 Cap.
1124 2602 1162 2625 19.
1180 2601 1216 2624 De
1231 2601 1330 2625 sabbati
1345 2602 1536 2626 observatione.

1046 2633 1108 2664 Cap.
1139 2633 1179 2656 20.
1208 2632 1246 2655 De
1283 2634 1429 2657 reverentia
1459 2633 1555 2664 templo
1591 2632 1745 2658 exhibenda.

1077 2678 1107 2682 -
1119 2664 1179 2694 Cap.
1197 2664 1236 2687 21.
1253 2664 1289 2687 De
1304 2664 1452 2689 adoratione
1467 2667 1492 2688 et
1507 2664 1575 2689 cultu
1590 2666 1646 2690 Dei.

1047 2696 1154 2727 Cap.22.
1164 2695 1200 2718 De
1209 2694 1363 2720 idololatria..
1372 2709 1404 2714 —
1413 2696 1474 2727 Cap.
1486 2697 1526 2721 23.
1541 2698 1577 2721 De
1588 2696 1749 2728 blasphemia

1078 2728 1170 2752 contra
1180 2726 1272 2751 Deum.

1759 250 1818 281 647

1771 379 1817 404 459

1770 473 1815 498 460

1771 568 1814 592 461

1774 631 1820 655 462

1775 693 1821 717 463

1774 818 1819 843 464

1776 943 1822 967 465

1776 1069 1822 1093 466

1776 1132 1822 1155 468

1777 1226 1823 1249 472

1776 1351 1822 1374 473

1777 1476 1822 1500 474

1777 1570 1823 1593 475

1776 1633 1824 1657 476

1778 1727 1824 1750 478

1778 1821 1824 1845 479

1777 1883 1822 1907 483

1779 1915 1823 1938 484

1780 1946 1825 1970 487

1780 1978 1822 2000 491

1780 2008 1825 2032 494

1781 2040 1825 2063 496

1779 2101 1825 2125 497

1778 2163 1823 2188 498

1779 2227 1824 2251 499

1781 2290 1825 2313 5⁰0

1779 2322 1823 2345 501

1779 2415 1824 2439 503

1779 2477 1824 2508 504

1779 2510 1824 2533 505

1780 2540 1825 2563 508

1779 2572 1823 2594 511

1780 2603 1826 2626 512

1780 2665 1825 2689 513

1780 2729 1825 2752 515
