2004 3037
232 171 290 203 160

231 247 301 268 nem
317 239 350 267 in
372 238 438 274 ipso
459 244 522 265 non
538 235 603 264 fuit.
623 234 746 269 Quintus
764 232 873 261 modus
889 232 932 260 est
953 238 1008 267 per

231 285 359 321 gloriam
375 293 382 312 2
397 284 455 312 hoc
468 283 562 312 modo
577 281 718 318 cognovit
739 279 842 308 omnia
855 277 983 307 Christus
999 286 1006 305 ε

231 332 315 362 finita
329 331 462 368 quidem,
474 330 642 367 cognitione
655 327 779 362 actuali;
795 325 911 354 infinita
923 331 1007 359 vero,

231 388 293 408 non
315 379 372 407 nisi
399 378 567 414 cognitione
596 375 744 405 habituali
769 374 819 402 vel
847 371 1008 401 excessiva.

231 426 336 456 Anima
350 425 430 454 enim
442 425 546 454 Christi
560 433 614 461 per
628 422 756 460 gloriam
770 417 1011 456 comprehensio-

231 473 276 502 nis
291 473 427 510 capiebat
441 478 636 509 quaecumque
659 476 764 506 capere
787 467 885 503 potest
904 466 1027 493 natura-

231 519 315 549 finita
329 519 411 548 unita
426 518 552 547 infinito.

267 566 427 596 Sciendum
451 573 522 601 ergo
547 564 628 601 quod
657 570 703 591 res
726 560 882 598 dupliciter
899 557 1012 586 hahent

233 613 433 650 cognoscendi
447 613 479 640 in
489 614 561 647 arte,
569 610 679 639 scilicet
693 609 741 637 vel
755 608 794 637 ab
808 607 874 644 ipso
888 604 1009 639 artifice,

232 661 280 691 vel
294 661 333 689 ab
348 660 407 688 alio
420 662 513 688 artem
526 656 755 693 contemplante.
772 656 900 689 Utroque
917 650 1010 680 modo

233 708 374 745 cognovit
394 707 522 736 Christus
544 715 592 735 res
609 716 615 734 :
632 705 730 742 primo
752 702 861 737 modo,
879 708 932 737 per
956 706 1010 726 na-

233 758 330 784 turam
345 753 504 783 divinitatis
515 763 524 789 3
539 752 672 782 secundo
687 750 780 779 modo
791 770 800 783 ,
815 756 869 785 per
883 746 1011 782 gloriam

234 803 516 841 comprehensionis.
544 803 643 830 Patent
667 800 756 836 igitur
790 806 825 826 ex
853 794 1012 833 praemissis

234 852 367 888 quinque
389 849 563 878 differentiae
587 846 764 883 cognitionis
788 853 854 881 quae
876 843 959 871 erant
980 841 1010 868 in

234 899 358 928 Christo.
373 900 424 926 Per
436 897 566 934 primum
581 895 661 924 enim
680 893 807 922 modum
827 890 932 919 habuit
945 896 1012 924 cog-

233 946 391 980 nitionem,
407 946 439 972 ut
460 946 548 978 Deus3
569 950 624 979 per
644 939 829 973 seeundum,
850 940 882 965 ut
903 937 1010 970 homo;

234 1001 287 1029 per
301 992 436 1026 tertium,
458 992 491 1018 ut
514 989 627 1023 viator;
651 995 705 1024 per
720 987 878 1022 quartum,
900 982 1012 1011 utillu-

234 1039 380 1073 minator3
398 1045 451 1074 per
464 1036 600 1073 quintum
610 1056 620 1070 ‚
634 1037 665 1062 ut
679 1032 921 1069 comprehensor.

270 1086 398 1114 Christus
412 1083 577 1112 secundum
588 1084 745 1117 utramque
758 1081 895 1107 naturam
907 1076 1014 1104 dicitur

235 1135 299 1167 Iuoe,
316 1131 387 1168 quia
397 1130 561 1159 secundum
577 1128 760 1156 divinitatem
776 1124 925 1153 illuminat
936 1123 1014 1150 intus

237 1180 385 1212 animam,
400 1180 428 1206 et
452 1176 616 1205 secundum
638 1173 852 1202 humanitatem
875 1170 1014 1198 informat

237 1225 365 1254 exterius
380 1224 470 1252 vitam
487 1233 492 1251 :
511 1225 538 1250 et
553 1223 611 1250 hoe
627 1220 789 1257 tripliciter,
802 1217 911 1245 seilicet
925 1216 1014 1243 mira-

238 1272 331 1306 culis,
355 1269 633 1308 praedicationibus,
657 1269 686 1295 et
707 1264 860 1301 exemplis.
884 1263 1014 1291 Primum

238 1322 280 1347 est
299 1317 457 1354 potentiae,
484 1315 667 1348 secundum,
692 1311 858 1348 sapientiam
876 1309 1013 1343 tertium,

238 1365 387 1393 bonitatis.
403 1364 475 1391 Nota
489 1364 629 1398 praeterea
641 1382 649 1395 ,
674 1359 757 1396 quod
771 1357 891 1386 scientia
911 1355 1014 1384 Christi

238 1410 367 1440 hominis
380 1408 588 1445 limpidissima
603 1409 645 1435 est
660 1407 734 1434 inter
744 1405 880 1432 scientias
893 1404 1014 1436 creatas,

240 1458 310 1494 quia
325 1457 398 1485 nihil
413 1456 503 1484 habet
526 1454 692 1482 admixtum
717 1453 753 1480 de
772 1460 826 1479 suo
847 1448 994 1478 contrario
1006 1469 1014 1483 ,

240 1504 288 1532 vel
301 1506 384 1537 actu,
400 1503 446 1531 vel
461 1502 591 1538 potentia
602 1522 609 1536 ,
625 1499 786 1536 prasertim
797 1506 865 1525 cum
876 1504 936 1524 non
951 1503 1017 1531 pos-

241 1552 276 1579 sit
301 1550 417 1586 aliquid
441 1549 576 1584 ignorare
600 1550 721 1584 propter
742 1545 786 1573 sui
810 1544 951 1572 unionem
978 1541 1017 1569 ad

243 1597 371 1626 Verbum
385 1606 390 1624 :
403 1598 430 1624 et
445 1598 553 1629 tamen,
569 1594 639 1630 quia
652 1594 752 1621 anima
766 1591 868 1619 Christi
885 1591 1018 1617 creatura

243 1647 302 1680 est,
319 1652 379 1672 nou
395 1648 436 1671 est
451 1643 572 1669 scientia
585 1641 648 1676 ejus
663 1640 701 1668 ita
720 1638 845 1675 limpida
859 1637 933 1664 sicut
948 1635 1014 1668 Dei,

244 1691 380 1728 quamvis
396 1690 467 1717 sciat
482 1688 583 1716 omnia
597 1696 662 1723 quse
677 1686 729 1713 scit
745 1687 827 1712 Deus.
844 1683 929 1718 Quod
946 1682 1018 1710 dici-

243 1742 288 1767 tur
304 1740 311 1754 ⁴
328 1747 334 1765 :
356 1739 433 1764 Jesus
453 1736 608 1771 proficiebat
628 1735 766 1768 sapientia
784 1735 808 1759 et
829 1735 908 1758 oelale
931 1737 1018 1757 coram

243 1786 295 1812 Dec
310 1788 335 1812 et
350 1772 519 1815 ltcrm'nibas,
544 1789 604 1809 non
626 1783 668 1808 est
687 1777 913 1813 intelligendum
935 1774 1018 1811 quod

243 1832 273 1860 in
288 1840 317 1858 se
332 1828 504 1866 profecerit,
528 1827 598 1863 quia
618 1827 656 1854 ab
682 1825 799 1853 instanti
818 1822 1019 1858 conceptionis

243 1877 387 1914 sapientia
401 1876 507 1912 plenus
522 1874 591 1908 ruit;
613 1873 665 1901 sed
690 1872 788 1908 potius
812 1871 842 1898 in
867 1870 948 1904 aliis,
968 1868 1019 1903 qui

244 1923 378 1952 doctrina
402 1931 455 1950 sua
478 1923 505 1949 et
529 1920 665 1955 exemplo
687 1918 889 1955 profecerunt,
916 1918 943 1943 et
962 1915 1018 1942 hoc

244 1980 333 1999 coram
349 1973 416 2003 Deo,
440 1969 472 1996 id
490 1970 545 2002 est,
562 1967 601 1995 ad
622 1959 748 2002 gloriam
766 1965 833 2000 l)ei;
859 1969 882 1992 ec
899 1965 1020 1992 homini-

245 2020 290 2046 bus
303 2039 312 2052 ‚
326 2017 357 2045 id
371 2018 428 2051 est,
442 2015 481 2044 ad
496 2015 648 2043 utilitatem
665 2013 829 2041 hominum.
846 2012 1020 2040 Proficiebat

245 2068 341 2092 tamen
356 2065 437 2091 lesus
453 2063 541 2090 ctiam
556 2061 586 2088 in
601 2069 631 2088 se
646 2059 814 2095 cognitione
833 2059 1019 2094 experimen-

243 2111 293 2138 tali
308 2114 336 2138 ct
350 2109 497 2144 sensuali,
514 2108 584 2144 quia
595 2130 603 2142 ,
625 2106 789 2134 seeundum
805 2106 977 2142 Apostolum
998 2106 1019 2141 ¹²,

244 2158 347 2184 Didicit
362 2166 394 2184 cu:
408 2157 468 2189 Itis,
484 2165 542 2190 ‹111ae
553 2162 650 2190 passus
667 2157 704 2181 cs!
714 2175 722 2188 ,
739 2153 926 2180 obedientiam.

500 2270 641 2303 CAPUT
676 2269 765 2302 xvi.

484 2357 521 2382 De
552 2356 646 2381 merito
680 2354 788 2381 Christi.

284 2437 375 2466 Simul
397 2436 450 2464 suit
471 2435 600 2464 Christus
622 2435 715 2463 viator
741 2436 769 2461 et
790 2433 1020 2469 comprehensor

248 2485 286 2513 ab
301 2483 417 2512 instanti
433 2482 632 2517 conceptionis
646 2490 704 2508 sure
718 2490 723 2508 z
736 2489 772 2508 ex
790 2483 859 2508 tunc
875 2480 954 2507 enim
969 2488 1023 2507 coe-

249 2532 292 2567 pit
315 2529 422 2560 mereri
441 2531 469 2558 et
493 2529 561 2557 frui.
588 2528 689 2557 Meruit
706 2530 804 2556 autem
825 2527 855 2555 in
879 2528 1022 2562 quantum

284 2632 291 2647 ¹
308 2631 375 2660 Lucu,
392 2636 419 2659 11,
435 2631 472 2653 52.
488 2642 519 2647 —
533 2629 541 2642 ²
556 2628 640 2657 Helm,
658 2634 681 2658 ν,
698 2630 720 2652 ὃ.
734 2642 758 2645 -
773 2627 899 2658 ³1¹le1'lip„
917 2633 944 2657 ιι,
960 2629 983 2656 S,
999 2627 1024 2651 9-

557 164 818 200 COMPENDIUM
837 163 1098 196 THEOLOGICAE
1118 162 1341 196 VERlTATlS.
1365 164 1441 196 LlB.
1464 165 1516 198 IV.

1061 231 1167 267 viator,
1180 238 1243 260 non
1257 231 1288 260 in
1302 234 1448 268 quantum
1469 232 1710 269 comprehensor.
1725 233 1838 263 Perfec-

1062 277 1103 306 tio
1117 279 1217 307 autem
1231 280 1259 307 et
1271 278 1428 315 plenitudo
1442 279 1539 308 meriti
1557 279 1662 308 Christi
1674 281 1794 309 notatur
1807 280 1839 309 in

1062 324 1134 353 istis.

1099 371 1197 399 Primo
1213 392 1222 407 ,
1247 373 1393 408 quantum
1422 372 1462 400 ad
1484 380 1553 400 eum
1576 372 1628 409 qui
1657 372 1838 408 merebatur,

1064 417 1135 454 quia
1147 426 1210 446 non
1223 420 1338 447 tantum
1350 421 1412 447 erat
1424 419 1516 447 homo
1524 440 1534 454 ‚
1549 419 1602 447 sed
1614 419 1702 448 etiam
1718 421 1802 448 Deus.

1099 465 1253 500 Secundo,
1268 468 1414 502 quantum
1437 466 1478 494 ad
1491 468 1608 503 tempus
1628 474 1689 502 quo
1707 465 1841 494 mereba-

1064 512 1121 546 tur,
1137 511 1208 548 quia
1223 512 1260 540 ab
1275 511 1394 541 instanti
1409 513 1612 549 conceptionis
1623 521 1683 540 suae
1694 520 1788 549 usque
1801 511 1840 541 ad

1063 557 1170 586 horam
1181 558 1294 586 mortis.
1703 581 1711 586 .

1100 605 1209 640 Tertio,
1225 608 1371 642 quantum
1385 606 1425 635 ad
1434 606 1483 642 id,
1494 614 1547 642 per
1561 606 1645 642 quod
1659 605 1840 640 merebatur,

1065 651 1137 687 quia
1153 659 1207 687 per
1223 652 1358 681 habitum
1381 653 1598 689 perfectissimae
1621 653 1768 681 charitatis
1780 673 1789 688 ‚
1813 654 1842 682 et

1064 705 1118 733 per
1132 698 1304 727 exercitium
1318 699 1535 736 perfectissimae
1550 699 1674 728 virtutis.

1101 745 1222 780 Quarto,
1231 747 1377 782 quantum
1387 746 1427 774 ad
1438 754 1508 774 eum
1517 746 1564 774 cui
1577 746 1756 781 merebatur,
1771 745 1842 781 quia

1066 799 1128 819 non
1150 793 1264 820 tantum
1287 792 1364 827 sibi,
1385 792 1439 820 sed
1462 793 1551 821 etiam
1574 792 1673 820 nobis.
1699 792 1843 821 Omnibus

1066 837 1146 865 enim
1160 838 1301 874 operibus
1314 838 1386 873 suis,
1401 846 1467 874 quae
1477 838 1681 874 procedebant
1694 847 1732 867 ex
1745 838 1841 867 libero

1067 884 1204 919 arbitrio,
1220 885 1328 912 meruit
1341 885 1398 913 sibi
1413 885 1501 914 vitam
1519 887 1658 914 aeteruam
1677 886 1740 921 jam
1757 885 1842 913 habi-

1067 933 1142 966 tam,
1159 933 1186 959 et
1199 932 1288 960 nobis
1301 932 1485 960 habendam.

1103 979 1224 1014 Quinto,
1242 982 1386 1015 quantum
1401 979 1440 1007 ad
1463 979 1494 1007 id
1510 979 1593 1016 quod
1608 979 1778 1007 merebatur
1792 987 1845 1008 no-

1068 1025 1131 1059 his,
1147 1025 1217 1061 quia
1231 1026 1366 1059 veniam,
1381 1026 1505 1062 gratiam
1516 1047 1525 1060 ‚
1541 1028 1568 1054 et
1579 1026 1723 1061 gloriam,
1738 1026 1844 1055 stolam

1068 1079 1189 1108 quoque
1205 1072 1316 1107 carnis,
1333 1075 1361 1100 et
1382 1073 1566 1108 apertionem
1587 1074 1685 1109 januae
1706 1073 1839 1101 coelestis.

1068 1120 1140 1146 Ante
1170 1118 1405 1147 incarnationem
1432 1119 1534 1147 Christi
1569 1119 1707 1148 diabolus
1742 1119 1846 1148 habuit

1068 1173 1192 1193 manum
1206 1167 1399 1194 attrahentem
1411 1188 1419 1201 ,
1436 1169 1464 1194 ct
1479 1174 1603 1194 manum
1618 1167 1820 1203 impellentem
1837 1176 1844 1194 :

1070 1213 1263 1240 attrahentem
1279 1213 1346 1241 dico
1371 1215 1506 1249 potenter
1529 1213 1559 1240 in
1582 1213 1717 1249 culpam3
1742 1213 1845 1249 impel-

1072 1259 1181 1288 lentem
1191 1263 1289 1288 autem
1303 1261 1364 1288 sine
1377 1260 1532 1288 obstaculo
1546 1260 1584 1288 ad
1599 1260 1726 1288 limbum
1741 1261 1771 1288 in
1785 1269 1848 1297 poe-

1071 1314 1151 1335 nam.
1168 1306 1223 1334 Sed
1238 1306 1366 1334 Christus
1381 1307 1509 1342 primam
1523 1315 1647 1334 manum
1669 1315 1722 1335 suo
1741 1307 1846 1335 merito

1070 1353 1252 1388 del>ilitavit3
1269 1353 1432 1381 secundam
1453 1361 1524 1382 vero
1539 1354 1655 1389 penitus
1673 1354 1846 1390 amputavit.

1073 1400 1162 1435 igitur
1188 1400 1218 1427 in
1243 1400 1349 1428 merito
1372 1400 1476 1428 Christi
1499 1400 1631 1428 radicata
1655 1402 1723 1428 sunt
1746 1400 1848 1428 omnia

1071 1448 1174 1476 merita
1199 1451 1298 1476 nostra
1309 1469 1317 1481 ‚
1344 1449 1405 1476 sive
1429 1448 1622 1476 satisfactoria
1647 1456 1760 1484 poenae,
1786 1448 1847 1476 sive

1072 1495 1221 1523 meritoria
1245 1495 1311 1523 vitae
1335 1498 1449 1523 interme
1465 1517 1474 1530 ‚
1500 1495 1571 1531 quia
1595 1503 1649 1523 nec
1670 1495 1708 1523 ab
1735 1495 1849 1523 offensa

1072 1543 1214 1570 Creatoris
1229 1542 1311 1578 digni
1326 1550 1428 1570 sumus
1443 1541 1558 1570 absolvi
1571 1563 1580 1577 ,
1596 1550 1649 1570 nec
1671 1541 1849 1569 immensita-

1073 1592 1131 1617 tem
1146 1589 1257 1625 praemii
1270 1611 1279 1624 ,
1296 1589 1379 1625 quod
1395 1591 1467 1617 Deus
1483 1591 1541 1623 est,
1557 1589 1639 1623 digni
1654 1596 1756 1616 sumus
1771 1596 1849 1617 asse-

1074 1637 1144 1672 qui,
1160 1637 1214 1663 nisi
1230 1645 1282 1672 per
1296 1636 1434 1663 meritum
1448 1635 1577 1663 hominis
1591 1635 1649 1663 Dei.

1109 1684 1195 1710 Sexto
1205 1705 1212 1717 ‚
1229 1686 1373 1718 quantum
1388 1683 1427 1711 ad
1443 1683 1474 1710 id
1489 1683 1572 1718 quod
1587 1683 1755 1710 merebatur
1769 1682 1825 1709 sibi
1839 1703 1847 1717 ,

1073 1730 1144 1765 quia
1155 1730 1222 1757 licet
1230 1738 1290 1757 non
1298 1731 1460 1757 mercretur
1471 1729 1718 1764 glorificationem
1731 1729 1848 1762 mentis,

1073 1784 1163 1812 quam
1177 1777 1239 1811 jam
1254 1776 1399 1809 habebat,
1421 1775 1527 1803 meruit
1543 1778 1641 1803 tamen
1656 1775 1711 1802 sibi
1727 1783 1779 1811 per
1795 1774 1848 1802 hu-

1073 1823 1225 1851 militatem
1240 1823 1385 1858 passionis
1404 1822 1648 1850 accelerationem
1662 1821 1849 1849 resurrectio-

1073 1870 1119 1897 nis
1130 1891 1138 1904 ,
1153 1870 1399 1905 glorificationem
1413 1869 1457 1896 sui
1472 1869 1616 1903 nominis,
1633 1871 1661 1896 et
1675 1868 1850 1903 dignitatem

1071 1916 1234 1952 judiciariae
1244 1916 1403 1952 potestatis,
1416 1916 1492 1943 sieut
1502 1916 1541 1943 ait
1557 1915 1712 1951 Apostolus
1722 1916 1732 1931 ²⁵
1749 1923 1755 1942 :
1771 1914 1851 1942 Chri-

1075 1965 1134 1990 stus
1155 1965 1244 1996 factus
1260 1966 1297 1990 est
1319 1971 1367 1997 pro
1388 1963 1463 1989 nobis
1482 1962 1606 1989 obediens
1627 1969 1710 1996 usque
1724 1961 1760 1988 ad
1782 1969 1851 1988 mor-

1076 2013 1142 2042 tem,
1158 2012 1185 2037 et
1200 2010 1332 2046 sequitur
1349 2018 1354 2036 :
1370 2011 1484 2044 Propter·
1500 2009 1571 2043 quod
1587 2011 1611 2036 et
1628 2009 1697 2035 Deus
1716 2008 1851 2034 exaltavit

1075 2058 1170 2090 illum,
1184 2056 1285 2092 quoad
1299 2056 1446 2092 primum3
1464 2058 1489 2082 ct
1504 2055 1579 2082 dedit
1595 2055 1638 2082 illi
1657 2062 1749 2081 nomen
1760 2074 1768 2087 ‚
1784 2055 1850 2088 etc„

1076 2103 1177 2139 quoad
1193 2103 1373 2137 secundum3
1389 2106 1418 2129 ur
1440 2104 1467 2128 ιή
1483 2103 1587 2128 nomine
1604 2101 1666 2127 Jesu
1690 2108 1764 2127 omne
1783 2108 1852 2134 qenu

1075 2153 1207 2184 flectatur,
1222 2149 1324 2185 quoad
1341 2148 1468 2176 tertium.

1112 2197 1254 2232 Septimo,
1271 2197 1415 2231 quantum
1431 2194 1469 2221 ad
1491 2192 1616 2220 modum
1635 2200 1695 2228 quo
1719 2192 1851 2220 mereba-

1078 2246 1132 2271 tur.
1150 2243 1255 2269 Dicitur
1270 2241 1349 2268 enim
1364 2240 1470 2267 mereri
1483 2239 1550 2275 quis
1564 2238 1726 2274 tripliciter,
1742 2238 1853 2267 scilicet

1077 2290 1113 2317 de
1129 2288 1262 2316 indebito
1285 2287 1421 2315 faciendo
1446 2286 1597 2319 debitum,
1623 2285 1669 2312 vel
1691 2285 1728 2312 de
1751 2285 1852 2312 debito

1077 2336 1172 2370 magis
1183 2334 1327 2367 debitum,
1339 2333 1386 2361 vel
1397 2333 1433 2360 de
1445 2332 1545 2360 debito
1558 2340 1618 2359 uno
1631 2331 1735 2365 modo,
1747 2331 1852 2358 facien-

1078 2383 1117 2410 do
1142 2381 1276 2416 debitum
1299 2380 1358 2407 alio
1380 2379 1483 2407 modo.
1506 2379 1602 2406 Primo
1616 2399 1624 2412 ,
1649 2378 1697 2405 vel
1721 2377 1851 2405 seeundo

1077 2428 1169 2457 modo
1179 2449 1187 2462 ‚
1204 2427 1310 2454 meruit
1324 2426 1426 2460 nohis,
1443 2428 1470 2453 et
1487 2433 1547 2453 non
1561 2424 1633 2458 sibi,
1647 2423 1717 2459 quia
1730 2431 1790 2451 non
1802 2431 1853 2459 po-

1078 2477 1150 2503 terat
1169 2474 1264 2501 sacere
1287 2473 1342 2500 sibi
1359 2473 1395 2500 de
1420 2472 1553 2500 indebito
1570 2470 1704 2498 debitum
1716 2490 1723 2502 ,
1738 2470 1792 2505 'vel
1816 2470 1853 2498 de

1078 2521 1177 2549 debito
1192 2520 1287 2555 magis
1308 2520 1442 2548 debitum
1453 2541 1461 2553 ‚
1486 2526 1554 2546 cum
1571 2525 1588 2544 a
1602 2516 1749 2552 principio
1768 2516 1854 2544 fuerit

1078 2567 1291 2601 sanctissimus,
1308 2575 1361 2594 nec
1376 2567 1406 2594 in
1421 2565 1571 2593 sanctitate
1586 2563 1730 2599 proficere
1750 2565 1854 2598 potue·

1079 2617 1124 2643 rit.
1138 2615 1231 2643 Tertio
1250 2622 1320 2642 vero
1336 2613 1427 2641 modo
1444 2612 1552 2639 meruit
1566 2610 1637 2642 sihi,
1655 2609 1724 2645 quia
1740 2608 1852 2637 bonum
