2004 3037
197 178 256 207 110

448 309 589 344 CAPUT
611 306 715 342 XLV.

409 394 448 421 De
472 393 549 421 modo
573 393 754 428 cognoscendi.

232 477 287 505 Res
316 476 400 504 aliter
423 478 576 512 cognoscit
605 477 694 510 Deus,
720 475 804 503 aliter
829 474 968 510 angelus,

197 523 281 552 aliter
309 523 412 551 homo.
445 524 508 558 lpse
534 530 655 558 quoque
686 522 779 550 homo
808 521 893 549 aliter
916 528 971 557 per

196 569 376 598 intellectum
401 571 492 597 Deum
505 568 671 604 cognoscit,
687 570 715 596 et
743 567 827 596 aliter
856 569 970 595 creatu-

195 623 254 644 raS.
270 615 436 644 Intellectus
456 615 536 643 enim
557 615 676 642 divinus
696 614 851 650 cognoscit
870 621 917 641 res
934 621 971 641 ex

196 662 313 697 seipso3
329 662 494 690 intellectus
512 663 612 689 autem
631 661 731 696 angeli
753 660 905 696 cognoscit
924 668 971 688 res

196 716 250 745 per
264 708 377 744 species
390 708 446 736 sibi
466 710 655 742 concreatas,
672 715 738 744 quae
755 709 822 735 sunt
835 706 970 734 similitu-

197 754 281 782 dines
293 763 410 790 rerum3
425 754 477 782 sed
491 754 654 782 intellectus
674 754 823 782 humanus
844 761 970 788 cognos-

198 800 236 827 cit
250 808 296 828 res
309 809 362 836 per
376 801 486 836 species
500 800 661 828 abstractas
674 808 692 828 a
705 800 795 828 rebus
815 800 972 836 particula-

197 847 280 875 ribus
300 855 353 883 per
376 855 494 875 sensum
516 847 598 883 prius
621 847 756 882 cognitis.
777 846 858 874 Unde
878 847 974 874 scien-

198 892 271 921 dum
281 914 289 928 ,
305 894 388 930 quod
401 894 476 922 sicut
486 901 589 921 sensus
604 893 756 929 cognoscit
770 901 816 921 res
830 895 971 928 praesente

198 940 329 975 objecto,
345 942 373 968 et
390 940 464 968 sicut
483 940 655 975 imaginatio
679 940 829 975 cognoscit
852 939 972 966 absente

198 986 315 1021 objecto
329 1007 337 1021 ,
360 989 387 1014 et
408 988 506 1014 tamen
529 995 596 1014 cum
617 986 801 1022 appendiciis
825 985 971 1020 materiae3

198 1031 238 1059 ita
251 1032 414 1060 intellectus
429 1033 579 1068 cognoscit
598 1032 661 1060 sine
677 1032 860 1068 appendiciis
884 1033 973 1059 mate-

198 1078 248 1106 riae
262 1078 317 1105 sub
333 1078 492 1106 intentione
508 1078 676 1106 univcrsali.
693 1078 798 1106 Anima
819 1078 907 1113 igitur
920 1085 974 1114 per

198 1124 378 1152 intellectum
393 1125 560 1160 aliqualiter
579 1125 730 1160 cognoscit
754 1125 872 1159 omnia,
889 1127 917 1151 et
935 1126 974 1152 at-

199 1170 293 1206 tingit.
310 1172 465 1206 Cognoscit
479 1171 559 1198 enim
575 1173 665 1198 Deum
680 1179 769 1206 supra
788 1179 834 1204 se,
856 1173 883 1198 et
897 1171 972 1206 seip-

199 1224 263 1244 sam
278 1217 308 1244 in
323 1226 368 1251 se,
394 1219 422 1244 et
448 1217 570 1252 angelos
593 1218 678 1252 juxta
705 1225 752 1250 se,
773 1219 800 1244 et
826 1216 974 1252 quidquid

200 1263 265 1291 coeli
279 1263 393 1290 ambitu
407 1255 572 1291 continetur
587 1263 662 1291 infra
677 1271 717 1290 se.
734 1263 803 1296 Quis
822 1263 857 1290 sit
876 1265 975 1290 autem

200 1309 308 1337 modus
323 1309 522 1344 cognoscendi
538 1310 648 1342 Deum,
662 1311 732 1336 nota
745 1309 829 1344 quod
846 1308 975 1336 intellec—

201 1357 246 1384 tus
258 1356 407 1384 humanus
426 1364 487 1384 non
502 1355 654 1390 cognoscit
674 1357 764 1383 Deum
779 1363 832 1391 per
846 1355 975 1383 abstrac-

201 1402 328 1437 tionem,
340 1403 413 1431 sicut
427 1403 500 1430 alias
515 1410 561 1430 res
574 1411 581 1429 :
598 1404 626 1429 et
639 1402 696 1429 hoc
711 1401 780 1430 ideo
791 1422 800 1435 ,
813 1402 884 1438 quia
898 1401 977 1429 simi-

201 1448 295 1476 litudo
319 1448 465 1477 abstracta
493 1447 655 1484 simplicior
682 1450 725 1476 est
752 1448 804 1475 illo
823 1455 840 1475 a
859 1456 920 1483 quo
944 1448 977 1475 fit

201 1495 358 1523 abstractio
375 1504 381 1522 :
399 1496 458 1523 Deo
473 1497 572 1523 autem
596 1494 637 1522 nil
661 1494 825 1530 simplicius
845 1496 897 1522 est.
913 1494 977 1522 Alia

201 1541 276 1569 ratio
305 1543 347 1569 est
360 1562 369 1576 ,
397 1542 469 1577 quia
495 1541 525 1568 in
551 1541 747 1569 abstractione
774 1542 890 1577 oportet
914 1549 976 1569 esse

201 1587 367 1615 universale
383 1590 410 1615 et
424 1587 600 1623 particulare
618 1597 624 1615 :
643 1587 820 1623 particulare
841 1587 975 1623 quidem,

202 1641 220 1661 a
234 1642 294 1669 quo
313 1634 346 1661 fit
363 1634 538 1668 abstracti03
554 1633 720 1661 universale
736 1636 852 1668 autem,
869 1634 979 1661 scilicet

201 1680 300 1716 ipsum
314 1680 494 1708 abstractum
514 1690 520 1708 ε
543 1680 594 1708 sed
617 1680 690 1707 nihil
714 1681 822 1708 horum
845 1680 923 1707 cadit
947 1680 977 1708 in

203 1726 304 1753 Deum.
325 1727 517 1761 Cognoscitur
536 1726 624 1762 igitur
643 1728 717 1754 Deus
736 1726 863 1753 naturali
878 1726 978 1760 cogui-

201 1772 299 1807 tione,
316 1773 388 1808 quia
402 1772 564 1800 intellectus
579 1772 728 1808 possibilis
749 1772 788 1800 ita
802 1772 978 1800 informatus

201 1818 312 1846 lumine
327 1818 490 1846 intellectus
503 1819 633 1854 agentis,
649 1818 733 1855 quod
749 1820 791 1846 est
812 1819 976 1847 similitudo

202 1865 304 1900 primae
322 1865 395 1892 lucis
407 1885 416 1899 ,
432 1865 462 1892 in
476 1865 532 1892 hac
557 1864 750 1892 similitudine
764 1865 918 1899 cognoscit
931 1865 977 1892 lu-

202 1918 272 1938 men
286 1911 432 1946 primuui,
449 1911 532 1946 quod
548 1912 590 1938 cst
606 1912 690 1938 Deus.

239 1957 397 1986 Sciendum
411 1959 569 1992 praetcrea,
587 1957 669 1992 quod
693 1964 745 1992 per
768 1965 887 1985 sensum
907 1964 978 1992 cog-

203 2004 352 2032 noscimus
366 2003 554 2040 particularia
563 2024 571 2037 ,
585 2003 637 2030 scd
651 2011 705 2038 per
720 2003 902 2030 intellectum
915 2003 979 2030 uni-

203 2050 330 2078 versalia
346 2059 352 2077 :
370 2052 396 2077 ct
411 2049 532 2085 quando
553 2057 583 2076 se
598 2049 762 2076 intellectus
777 2049 920 2077 convertit
939 2049 978 2076 ad

203 2096 394 2131 particulare,
411 2098 442 2124 ut
458 2096 554 2132 ipsum
570 2096 791 2131 apprehendat,
816 2098 885 2123 tunc
900 2095 979 2122 simi-

205 2142 298 2169 litudo
319 2142 464 2170 abstracta
484 2150 501 2170 a
522 2142 693 2178 particulari
712 2143 766 2170 erit
787 2142 979 2176 universalis,

206 2192 233 2216 et
246 2197 307 2216 non
321 2189 513 2224 particularis
531 2191 599 2216 ltcm
615 2189 687 2216 nihil
703 2189 782 2216 venit
806 2189 835 2216 in
850 2188 980 2216 intellec-

206 2236 278 2270 tum,
294 2235 349 2262 nisi
362 2244 413 2270 per
426 2243 544 2262 sensum
556 2245 563 2269 ;
577 2238 603 2262 et
618 2236 675 2262 hoc
691 2235 722 2262 iit
735 2235 855 2262 duobus
869 2235 979 2268 modis,

206 2282 315 2309 scilicet
332 2282 377 2308 vel
398 2281 578 2316 simpliciter,
596 2281 643 2308 vel
658 2289 710 2316 per
734 2281 870 2308 accidens
886 2290 893 2306 :
910 2281 979 2308 sim-

207 2328 320 2364 pliciter
334 2328 455 2363 quidem
467 2348 476 2361 ,
492 2330 521 2354 ut
538 2327 660 2362 quando
676 2327 865 2361 intelligimus
890 2327 980 2354 seusi-

208 2375 280 2402 bilia
295 2375 376 2410 prius
397 2382 450 2410 per
465 2382 584 2401 sensum
603 2373 806 2408 apprehensa;
830 2381 884 2408 per
904 2373 980 2400 acci-

208 2421 281 2448 dens
304 2422 412 2454 autem,
437 2420 559 2456 quando
580 2419 772 2454 intelligimus
797 2419 980 2446 insensibilia

208 2475 260 2503 per
275 2467 421 2494 effectum.
438 2466 605 2494 Notandum
621 2467 663 2492 cst
677 2465 781 2498 etiam,
797 2465 879 2500 quod
899 2465 980 2492 aliud

209 2516 251 2541 est
265 2521 328 2541 rem
342 2521 395 2550 per
410 2512 609 2548 cognitionem
624 2512 654 2538 in
670 2511 850 2539 intellectum
865 2512 980 2546 venire,

209 2562 237 2586 et
259 2560 341 2587 aliud
363 2562 405 2587 est
425 2559 456 2587 in
478 2566 509 2586 re
525 2558 589 2593 ,iam
604 2557 746 2586 intellecta
760 2557 872 2585 versari
888 2567 894 2585 :
911 2558 982 2593 quia

210 2607 278 2633 tunc
292 2606 421 2641 cognitio
436 2613 535 2633 rerum
549 2612 603 2640 per
625 2612 744 2632 sensum
758 2604 837 2633 venit
851 2604 882 2631 in
895 2604 980 2631 intel-

525 173 784 207 COMPENDlUM
805 172 1065 206 THEOLOGICAE
1085 173 1311 206 VERITATIS.
1333 173 1409 204 LIB.
1430 173 1468 204 Π.

1024 240 1150 276 lectum,
1163 240 1239 269 sicut
1262 240 1374 268 dictum
1395 240 1456 275 est;
1476 238 1530 268 sed
1547 246 1616 267 cum
1635 239 1797 269 intellectus

1024 295 1088 315 rem
1099 287 1164 322 jam
1177 286 1392 323 apprehendit,
1406 287 1476 314 tunc
1491 285 1654 314 delectatur
1667 288 1695 315 et
1707 293 1798 323 nego·

1025 333 1113 362 tiatur
1125 333 1157 361 in
1169 333 1237 368 illa,
1256 333 1346 361 etiam
1360 332 1422 360 sine
1437 339 1540 360 sensus
1553 332 1747 361 adminiculo.

1060 379 1106 408 Ad
1119 379 1361 415 cognoscendum
1379 380 1478 407 autem
1502 379 1556 406 ista
1571 378 1704 415 plenius,
1727 379 1799 407 nota

1025 428 1184 463 utrumque
1198 435 1304 455 verum
1317 434 1381 455 esse
1391 447 1401 462 ,
1416 426 1526 454 scilicet
1545 426 1629 462 quod
1642 434 1696 462 per
1708 426 1799 462 parti-

1027 473 1140 501 cularia
1154 475 1373 508 cognoscuntur
1392 472 1584 507 universalia,
1610 475 1638 501 et
1658 481 1674 500 e
1697 474 1800 502 contra

1025 527 1079 556 per
1093 520 1273 548 universalia
1294 521 1513 555 cognoscuntur
1535 519 1736 555 particularia.
1761 520 1799 548 is-

1025 567 1079 594 tud
1090 566 1131 594 sic
1142 568 1238 603 patet,
1248 565 1321 602 quia
1331 565 1440 601 duplex
1457 566 1499 593 est
1512 565 1679 593 universale
1690 574 1696 592 :
1706 573 1801 593 unum

1026 613 1152 647 scilicet,
1166 614 1256 649 prout
1276 614 1319 640 est
1339 612 1532 643 abstractum;
1550 614 1578 639 ct
1597 611 1680 639 aliud
1698 610 1800 639 consu-

1026 666 1092 686 sum
1100 679 1109 694 ,
1124 658 1262 686 videlicet
1281 658 1446 686 secundum
1470 658 1553 694 quod
1567 659 1610 685 est
1624 658 1656 685 in
1669 652 1800 694 pa‘rtieu-

1026 705 1092 733 lari.
1107 705 1235 733 Dicimus
1245 712 1317 740 ergo
1329 704 1412 740 quod
1425 704 1462 731 ad
1473 704 1673 739 cognitionem
1683 703 1802 731 univer-

1027 751 1095 780 salis
1118 751 1255 780 abstracti
1269 751 1405 779 venimus
1425 758 1479 786 per
1497 750 1703 786 particularia,
1728 750 1803 778 sicut

1026 798 1057 825 in
1075 798 1175 834 pueris
1194 798 1225 825 in
1250 797 1360 834 quibus
1378 797 1461 832 prius
1483 801 1622 832 operatur
1645 796 1800 831 sensitiva,

1027 852 1118 880 quam
1133 844 1326 878 intellectiva,
1347 843 1418 879 quia
1439 843 1521 879 prius
1536 843 1717 878 cognoscunt
1731 849 1801 878 par-

1027 890 1163 918 ticularia
1175 898 1229 926 per
1242 896 1378 924 sensum,
1393 891 1422 917 et
1434 891 1538 925 postea
1552 888 1732 916 universalia
1748 895 1803 924 per

1027 936 1219 965 intellectum.
1241 936 1285 964 Sic
1306 937 1334 964 et
1354 935 1525 972 philosophi
1539 935 1717 963 invenerunt
1739 942 1803 963 mo-

1028 983 1101 1010 dum
1115 982 1341 1018 argumentandi
1357 990 1410 1018 per
1430 981 1652 1017 inductionem,
1675 981 1747 1018 quia
1766 988 1803 1009 ex

1028 1029 1129 1057 multis
1153 1028 1407 1065 propositionibus
1432 1028 1681 1064 particularibus,
1711 1036 1802 1056 unam

1030 1075 1237 1103 concluserunt
1249 1074 1459 1109 universalem,
1470 1074 1528 1102 hoc
1541 1074 1636 1102 modo
1649 1084 1655 1102 :
1672 1075 1803 1102 Socrates

1030 1125 1072 1150 est
1086 1122 1196 1150 animal
1206 1132 1213 1157 ;
1226 1122 1306 1150 Plato
1318 1124 1360 1150 est
1371 1121 1482 1149 animal
1493 1131 1500 1156 3
1510 1122 1611 1149 Cicero
1621 1123 1664 1149 est
1671 1120 1784 1148 animal
1795 1130 1802 1148 :

1031 1177 1101 1203 crgo
1111 1169 1306 1196 omnishomo
1317 1170 1359 1195 cst
1367 1167 1489 1195 animal.
1500 1168 1520 1194 E
1529 1167 1676 1195 contrario
1689 1168 1731 1194 est
1740 1167 1805 1194 uni-

1030 1215 1141 1243 versale
1159 1217 1194 1249 (a)
1207 1215 1236 1243 in
1252 1215 1374 1242 confuso
1393 1214 1440 1250 (b),
1454 1214 1597 1250 quoniam
1612 1213 1732 1249 pertale
1744 1213 1804 1240 uni-

1031 1262 1143 1289 versale
1158 1262 1293 1289 venimus
1308 1262 1337 1288 in
1352 1261 1553 1296 cognitionem
1568 1259 1805 1296 particularium,

1031 1308 1106 1335 sicut
1128 1310 1223 1344 patet,
1246 1307 1369 1343 quando
1396 1306 1530 1334 videmus
1548 1306 1701 1334 hominem
1727 1313 1744 1333 a
1762 1313 1807 1333 re-

1032 1355 1134 1388 motis,
1159 1357 1227 1382 tunc
1249 1361 1310 1381 non
1334 1353 1556 1388 cognoscimuS,
1573 1352 1628 1380 nisi
1653 1352 1716 1387 ejus
1737 1351 1807 1379 sub-

1031 1401 1169 1428 stantiam
1191 1408 1384 1436 corporeain5
1411 1399 1463 1426 sed
1487 1401 1589 1434 postea
1617 1406 1669 1434 per
1693 1399 1807 1425 motum

1033 1447 1160 1475 cernitur
1176 1454 1237 1474 esse
1258 1445 1388 1479 animal;
1411 1445 1483 1472 dum
1499 1452 1570 1472 vero
1585 1443 1680 1479 magis
1699 1450 1808 1479 appro-

1032 1493 1174 1528 pinquat,
1197 1492 1324 1520 cernitur
1346 1499 1407 1519 esse
1426 1491 1535 1525 homo3
1556 1490 1676 1519 tandem
1697 1497 1807 1525 cogno-

1033 1540 1121 1567 scitur
1136 1546 1198 1566 esse
1214 1539 1322 1566 Petrus.

1069 1588 1156 1620 Nota,
1184 1585 1267 1621 quod
1295 1584 1460 1612 secundum
1486 1583 1696 1619 Philosophum
1722 1582 1809 1618 plura

1033 1633 1107 1661 scire
1121 1639 1294 1668 possumus,
1311 1630 1363 1658 sed
1385 1638 1478 1657 unum
1500 1629 1599 1657 solum
1620 1628 1783 1664 intelligere
1800 1637 1807 1656 τ

1034 1679 1179 1714 quoniam
1194 1677 1266 1705 scire
1283 1677 1353 1704 dicit
1371 1676 1523 1709 habitum,
1543 1683 1596 1711 per
1611 1683 1701 1711 quem
1723 1674 1809 1710 plura

1034 1723 1155 1755 scim'us;
1172 1723 1334 1758 intelligere
1349 1724 1447 1750 autem
1462 1722 1533 1749 dicit
1547 1724 1660 1755 actum,
1677 1721 1728 1756 qui
1747 1727 1808 1748 non

1034 1774 1204 1807 potestesse
1224 1771 1254 1798 iu
1269 1770 1415 1797 intellectu
1440 1769 1616 1805 duplicatus.
1642 1767 1807 1795 intellectus

1035 1818 1114 1846 onim
1129 1818 1168 1845 ad
1184 1825 1276 1845 unum
1297 1816 1395 1844 solum
1410 1824 1440 1843 sc
1457 1817 1552 1851 potest
1566 1814 1717 1842 actualiter
1739 1821 1808 1841 con-

1034 1868 1145 1892 vertere
1164 1873 1169 1890 :
1187 1866 1214 1891 et
1227 1864 1284 1891 hoc
1299 1865 1393 1898 patet,
1415 1862 1499 1898 quod
1514 1861 1636 1897 quando
1661 1861 1728 1896 quis
1749 1860 1809 1895 agit

1035 1911 1112 1938 duos
1135 1912 1216 1938 actus
1236 1909 1357 1937 rationis
1372 1908 1460 1936 simul
1480 1916 1540 1935 uno
1562 1910 1711 1943 tempore,
1733 1915 1810 1934 unus

1035 1959 1077 1984 est
1091 1956 1254 1984 intellectus
1267 1977 1276 1989 ‚
1292 1958 1320 1983 et
1334 1955 1410 1982 alius
1428 1954 1593 1988 memorize,
1609 1954 1669 1981 sive
1684 1961 1808 1981 consue-

1035 2003 1168 2030 tudinis:
1194 2002 1277 2029 verbi
1299 2001 1406 2036 gratia,
1430 2000 1537 2036 aliquis
1560 2000 1630 2027 dicit
1648 2000 1756 2034 horas,
1783 2001 1811 2027 et

1037 2057 1104 2076 cum
1116 2048 1213 2076 hocin
1228 2048 1305 2075 libro
1322 2047 1424 2083 quaerit
1438 2046 1680 2080 concordantias,
1696 2046 1742 2073 vel
1757 2053 1810 2073 nu-

1037 2097 1130 2123 merat
1148 2094 1285 2122 denarios
1306 2103 1312 2120 :
1338 2101 1430 2121 unum
1450 2093 1584 2126 illorum,
1604 2092 1712 2119 scilicet
1730 2100 1809 2127 quae-

1037 2150 1100 2170 rcre
1124 2141 1368 2174 concordantias,
1395 2142 1437 2167 est
1458 2142 1539 2167 actus
1558 2139 1734 2172 intellectus,
1758 2138 1809 2166 sed

1037 2188 1129 2222 aliud,
1146 2187 1254 2214 scilicet
1269 2187 1367 2214 dicere
1383 2186 1480 2219 horas,
1495 2187 1537 2212 est
1552 2186 1632 2212 actus
1642 2186 1807 2212 memoriae:

1038 2235 1112 2262 sicut
1126 2234 1213 2261 etiam
1228 2233 1340 2260 animal
1353 2233 1473 2259 brutum
1493 2232 1555 2259 sine
1570 2232 1712 2267 regimine
1728 2231 1810 2259 intel-

1038 2281 1129 2308 lectus
1150 2279 1229 2307 vadit
1249 2279 1288 2306 ad
1311 2279 1450 2311 domum,
1473 2278 1511 2305 ad
1533 2286 1624 2313 quam
1649 2286 1724 2313 saepe
1746 2278 1812 2304 ivit.

1039 2329 1109 2355 ltem
1124 2328 1193 2354 nota
1205 2346 1214 2359 ,
1241 2324 1323 2360 quod
1339 2324 1377 2351 ad
1393 2324 1615 2358 intelligentiam
1630 2324 1670 2351 rei
1686 2331 1746 2351 non
1765 2331 1809 2350 rc-

1039 2373 1164 2408 quiritur
1178 2370 1330 2407 praesentia
1343 2370 1385 2397 rei
1398 2370 1604 2404 intelligibilis,
1620 2370 1671 2397 sed
1686 2377 1812 2405 praesen-

1039 2420 1077 2447 tia
1102 2417 1300 2445 similitudinis
1325 2416 1387 2450 ejus
1413 2418 1526 2443 tantum
1547 2424 1553 2443 :
1584 2416 1654 2451 quia
1679 2423 1725 2443 res
1751 2423 1811 2442 non

1039 2464 1225 2500 cognoscitur
1247 2470 1300 2498 per
1315 2462 1469 2489 essentiam
1480 2482 1490 2495 ‚
1509 2462 1560 2489 sed
1575 2470 1627 2497 per
1645 2461 1812 2488 similitudi-

1039 2519 1108 2539 nem
1122 2512 1234 2538 tantum
1246 2529 1253 2541 ‚
1276 2512 1303 2536 et
1321 2518 1336 2536 e
1359 2517 1502 2536 converso
1520 2518 1527 2536 :
1545 2511 1572 2536 et
1585 2509 1654 2536 inde
1668 2512 1710 2536 est
1728 2509 1811 2544 quod

1040 2557 1203 2585 intellectus
1211 2555 1408 2592 apprehendit
1418 2558 1541 2589 remota,
1550 2555 1624 2582 sicut
1630 2555 1809 2591 propinqua.

1074 2610 1106 2639 tu)
1118 2609 1176 2632 Coet.
1193 2607 1251 2631 edit.
1263 2607 1289 2630 in
1303 2606 1480 2630 universali.-—
1489 2605 1524 2636 th)
1536 2605 1604 2629 Edit.
1618 2606 1673 2629 Veii.
1685 2606 1812 2630 confusio.
