2004 3037
911 211 1041 246 CAPUT
1061 212 1128 245 LII.

210 289 272 319 quo
299 282 362 311 tam
388 281 518 311 fideliter
543 282 573 311 et
598 281 740 312 instanter
764 282 902 311 oraverat
923 282 992 309 ante

211 329 313 358 Deum.
328 329 430 364 Exod„
445 336 535 359 xxm.

246 376 370 406 Multum
383 376 496 413 placuit
517 378 577 405 Deo
592 376 672 406 zelus
686 375 810 405 Phinees
830 374 886 404 filii
909 374 993 404 Elea-

211 424 284 459 zari,
299 423 423 460 quando
438 423 569 461 perfodit
589 424 690 453 virum
711 431 781 452 cum
795 423 921 451 muliere
935 424 994 451 Ma-

213 470 367 508 dianitide,
383 471 451 500 licet
466 473 562 500 essent
577 471 681 508 magni
702 472 731 500 et
750 470 877 499 nobiles.
896 471 991 506 Num„

211 526 281 548 xxv.

247 565 386 603 Praecepit
406 567 493 595 Josue
511 565 612 595 Achan
625 565 765 602 lapidari,
781 567 809 594 et
821 565 916 594 totam
930 565 994 601 ejus

211 613 426 650 supellectilem
442 613 590 650 comburi,
606 613 678 650 quia
693 613 801 642 tulerat
816 613 853 641 de
869 612 993 642 anathe-

212 662 291 689 mate
304 660 430 689 Jericho.
444 661 511 697 Jos„
527 668 580 690 vn.

249 709 321 736 Cum
334 708 485 736 audissent
498 707 554 736 filii
568 708 658 737 Israel
673 707 752 737 filios
767 708 874 737 Ruben
889 709 917 736 et
933 707 995 736 Gad

213 755 374 784 aedificasse
390 755 448 784 sibi
462 755 565 792 altare,
577 764 743 784 convenere
754 764 868 791 omnes,
884 757 912 784 et
926 762 996 784 con-

214 804 259 832 tra
273 811 324 831 eos
340 803 482 832 dimicare
497 803 668 832 voluerunt.
683 805 749 836 Jos„
766 812 837 832 xxii.

251 851 429 887 Congregati
450 853 518 879 sunt
539 860 644 880 omnes
657 851 713 879 filii
727 851 827 886 lsrael,
851 850 938 888 quasi
950 849 998 878 vir

215 907 301 934 unus,
318 899 358 926 ad
371 899 595 927 vendicandum
606 899 779 935 gravissime
791 899 898 934 scelus,
914 898 999 935 quod

216 946 425 975 commiserant
434 946 490 975 viri
506 946 543 975 de
554 947 655 976 Gabaa
669 947 824 984 Benjamin
838 955 893 983 pro
905 953 998 975 uxore

215 993 332 1022 Levitae.
346 995 449 1029 Judz'c„
465 1002 518 1022 x1x
532 996 560 1022 et
573 1003 625 1022 xx.

251 1041 442 1070 confidenter
457 1042 555 1077 arguit
576 1041 653 1070 Elias
668 1043 816 1070 errantem
830 1041 980 1078 populum
991 1063 999 1077 ‚

215 1090 243 1117 et
256 1089 425 1117 sacerdotes
441 1089 511 1117 Baal
522 1089 591 1117 fecit
604 1089 711 1117 occidi.
728 1089 761 1118 111
777 1091 854 1125 Req„
870 1097 943 1118 xvn.

252 1136 457 1173 Reprehensus
467 1137 510 1164 est
522 1136 635 1172 Achab,
647 1145 683 1165 00
700 1137 784 1174 quod
798 1136 940 1165 Benadad
954 1143 1001 1165 re-

217 1191 286 1220 gem
306 1183 413 1220 Syriae,
435 1183 534 1211 virum
549 1185 645 1212 morte
669 1184 816 1221 dignum,
841 1184 1000 1213 indiscrete

216 1231 319 1259 vivum
334 1230 445 1258 dimisit
456 1231 550 1259 abire.
566 1232 599 1259 Ν
613 1233 693 1267 Rea„
706 1240 758 1260 xx.

253 1278 394 1312 Quamvis
408 1278 482 1306 Jehu
494 1287 546 1306 rcx
556 1279 646 1308 Israel
660 1279 833 1315 simpliciter
842 1278 930 1307 fuerit
940 1287 1003 1307 ma-

218 1326 275 1361 lus,
290 1327 390 1354 tamen
404 1326 532 1354 multum
548 1326 786 1362 commendatur,
804 1335 839 1354 eo
855 1326 940 1363 quod
956 1334 1001 1354 se-

218 1382 289 1401 men
310 1373 419 1401 domus
439 1373 539 1402 Achab
556 1374 682 1408 delevit,
706 1376 733 1402 et
752 1374 913 1410 prophetas
933 1373 1003 1402 Baal

220 1421 368 1456 occidens,
380 1421 576 1457 aedemipsius
584 1421 653 1449 Baal
668 1421 821 1449 destruxit.
836 1422 870 1449 Ν
880 1423 958 1456 Re9.‚
973 1429 1000 1449 x.

255 1468 378 1505 Spiritus
388 1469 505 1496 Domini
519 1468 618 1496 induit
631 1468 802 1496 Zachariam
817 1468 912 1496 filium
927 1469 1004 1497 ,10101-

220 1517 283 1551 dae,
308 1519 335 1544 et
355 1516 432 1544 stetit
455 1516 485 1543 in
510 1518 671 1552 conspectu
695 1515 800 1552 populi
816 1515 1004 1552 sculptilibus

220 1563 383 1598 servientis,
400 1565 428 1591 et
442 1563 517 1591 dixit
530 1563 606 1591 illis:
627 1564 745 1597 «Quare
762 1562 1003 1599 transgredimini

219 1613 401 1647 praeceptum
416 1611 542 1646 Domini,
560 1611 643 1647 quod
662 1611 750 1639 vobis
770 1619 832 1639 non
847 1611 1001 1647 proderit,

221 1660 248 1686 et
255 1658 453 1694 dereliquistis
463 1658 632 1693 Dominum,
642 1660 674 1686 ut
683 1658 901 1694 derelinqueret
908 1659 999 1687 vos?»

221 1707 241 1734 11
255 1707 363 1739 Par-al„
379 1714 463 1741 xxiv,
477 1707 522 1734 20.

256 1753 385 1781 Audiens
403 1753 509 1780 Esdras
525 1753 663 1781 sacerdos
684 1753 801 1782 Judaeos
818 1760 886 1781 cum
909 1753 1003 1789 genti-

219 1800 298 1829 libus
311 1799 501 1828 matrimonia
516 1801 683 1837 copulasse,
695 1801 772 1829 miro
785 1801 878 1828 modo
896 1800 1003 1837 doluit,

220 1850 248 1875 et
262 1855 398 1883 gemens,
421 1849 449 1876 et
470 1847 601 1884 ejulans,
621 1848 706 1884 signa
725 1848 840 1877 doloris
861 1848 1000 1877 ostendit.

220 1896 230 1924 1
243 1895 335 1930 Esdr.,
351 1903 391 1923 ix.

226 1970 228 1972 ,
257 1942 365 1970 Videns
396 1941 551 1969 Nehemias
582 1942 699 1970 Judeeos
726 1942 867 1970 ducentes
892 1951 1002 1972 uxores

222 1989 414 2024 alienigenas,
430 1989 601 2024 objurgavit
612 1997 673 2023 eos,
684 1990 711 2017 et
721 1989 887 2023 maledixit,
899 1992 1001 2018 011701·-

221 2037 336 2066 beravit
351 2036 478 2072 aliquos,
496 2037 524 2064 et
538 2036 715 2064 decalvavit.
730 2037 853 2072 Nehem.,
869 2045 934 2066 xm.

257 2083 388 2113 Surrexit
402 2083 589 2118 MathathiaS,
606 2085 634 2112 et
649 2084 722 2112 dixit
738 2093 744 2112 :
766 2094 779 2109 «
792 2085 840 2111 Vae
862 2084 936 2112 mihi
947 2105 956 2118 ,
971 2086 1004 2113 ut

221 2131 296 2168 quid
328 2132 414 2158 natus
448 2139 515 2158 sum
542 2131 646 2158 videre
675 2131 866 2159 afflictionem
897 2131 1003 2168 populi

220 2178 280 2207 mei
290 2180 303 2206 ἵ)
315 2187 328 2204 >³
340 2179 394 2206 etc.
406 2178 542 2214 Sequitur
552 2180 656 2214 postea
671 2178 708 2205 de
724 2178 804 2206 illius
814 2178 877 2206 zelo
888 2178 1004 2206 ferven-

221 2226 347 2261 tissimo,
362 2227 389 2253 et
404 2225 533 2253 mirabili
542 2226 700 2262 probitate,
712 2226 834 2262 quando
846 2227 1005 2255 trucidavit

221 2274 375 2302 hominem
395 2281 484 2310 super
504 2281 588 2301 aram
612 2273 700 2301 idolis
725 2274 762 2310 (α)
785 2274 1001 2303 immolantem.

222 2323 230 2351 l
247 2323 349 2357 Maon„
362 2330 393 2350 11.

258 2370 345 2398 Onias
354 2377 487 2397 summus
496 2368 628 2405 pontifex
637 2368 739 2397 restitit
746 2369 869 2397 viriliter
879 2369 1001 2406 Simoni,

223 2417 274 2453 qui
288 2416 410 2444 volebat
424 2416 563 2452 iniquum
585 2415 701 2451 aliquid
716 2416 746 2444 in
762 2417 877 2445 civitate
892 2417 1001 2446 moliri.

222 2465 243 2492 ll
254 2464 355 2496 Mach.,
372 2472 413 2497 111,
428 2465 455 2491 4.

259 2511 329 2539 Miro
352 2511 485 2539 fervebat
499 2510 563 2538 zelo
577 2512 705 2539 ‚Ioannes
720 2511 862 2547 Baptista,
880 2512 1003 2547 quando

224 2558 362 2586 dicebat:
381 2558 566 2593 «Progenies
585 2558 771 2594 viperarum,
788 2559 854 2595 quis
878 2559 1004 2587 demon-

224 2606 324 2634 stravit
339 2606 425 2634 vobis
435 2606 535 2641 fugere
546 2614 563 2633 a
576 2607 698 2634 ventura
708 2607 772 2635 ira?
783 2617 797 2634 »
811 2608 877 2642 etc.,
889 2608 1004 2644 Matth„

258 2671 289 2700 (α)
307 2670 366 2694 Caet.
382 2670 444 2694 edit.
457 2670 596 2694 idolum.--
613 2669 645 2700 (b)
665 2670 735 2702 Vulq.
752 2671 936 2696 incircumcisis
949 2680 1004 2698 cor-

225 2706 308 2730 dibus.
321 2720 351 2724 -
367 2706 398 2738 (c)
416 2707 477 2730 Cret.
496 2706 556 2731 eclzt.
576 2707 830 2740 Pseudo-Propheta.

1771 213 1830 244 549

1046 287 1099 316 111,
1115 281 1144 309 et
1164 279 1273 315 simile,
1287 281 1366 315 Luc„
1385 287 1428 308 111.
1445 280 1527 314 Item,
1543 279 1666 316 quando
1686 278 1832 315 arguebat

1047 328 1206 364 Herodem,
1222 328 1338 363 Match„
1352 336 1414 364 xrv,
1432 329 1460 357 et
1474 328 1574 364 Marc„
1591 336 1632 356 Vl.

1083 377 1159 404 Dure
1170 375 1346 412 increpabat
1356 375 1498 404 Dominus
1508 375 1624 405 Scribas
1633 376 1661 404 et
1670 375 1831 405 Pharisaeos

1047 423 1235 460 hypocritas,
1254 424 1283 451 et
1305 423 1481 460 specialiter,
1497 424 1612 460 Matth„
1630 432 1710 453 xxm.
1726 425 1759 452 In
1777 423 1830 452 illo

1048 470 1178 507 capitulo
1195 470 1269 499 dixit
1281 470 1323 499 eis
1338 470 1445 507 septies
1461 479 1468 499 :
1488 481 1502 497 «
1516 472 1566 499 Vae
1578 471 1676 500 vobis.
1692 481 1707 499 »

1084 517 1184 547 Sciens
1205 517 1347 546 Dominus
1370 519 1453 547 Jesus
1478 519 1637 547 Pharisaeos
1657 519 1758 555 ipsum
1778 526 1832 548 ne·

1049 565 1146 601 quiter
1161 565 1334 600 observare,
1350 565 1593 603 circumspiciens
1615 574 1666 594 eos
1682 574 1753 596 cum
1775 566 1832 602 ira,

1049 612 1239 641 contristatus
1254 615 1297 641 est
1311 621 1401 650 super
1416 613 1578 642 caecitatem
1602 614 1700 642 cordis
1715 622 1831 650 eorum,

1049 660 1149 694 Marc„
1170 667 1212 688 111.
1232 661 1324 696 Joan.‚
1339 669 1407 696 vui,
1423 663 1458 690 44
1475 671 1482 690 :
1502 670 1517 688 α
1530 662 1588 690 Vos
1612 669 1647 690 ex
1668 663 1752 698 patre
1772 661 1834 691 dia·

1049 707 1123 736 bolo
1136 707 1215 742 estis,
1230 717 1245 735 »
1262 709 1344 736 etc.»

1086 755 1198 784 Pluries
1213 755 1299 791 ejecit
1321 755 1357 783 de
1377 755 1493 792 templo
1515 756 1658 784 Dominus
1671 756 1835 785 vendentes

1051 804 1079 831 et
1094 804 1244 831 ementes:
1262 803 1447 840 quandoque
1464 811 1534 832 cum
1548 803 1680 840 flagello.
1694 805 1786 840 Joan„
1802 812 1834 840 11,

1053 852 1087 878 15
1093 860 1102 887 3
1118 850 1304 887 quandoque
1319 859 1387 879 cum
1400 851 1477 879 duro
1496 851 1602 886 verbo,
1621 852 1698 887 Luc„
1712 860 1774 887 x1x,
1789 852 1834 887 45,

1052 898 1109 926 46:
1131 899 1269 926 «Domus
1289 905 1375 931 mea,
1398 898 1508 927 domus
1530 899 1674 928 orationis
1696 901 1739 927 est
1751 908 1759 935 3
1782 907 1837 928 vos

1054 946 1153 974 autem
1167 944 1275 973 fecistis
1289 953 1357 973 eam
1371 946 1546 981 speluncam
1560 946 1722 975 latronum.

1089 992 1200 1021 Grandi
1214 992 1278 1021 zelo
1294 1001 1453 1021 succensus
1469 994 1511 1022 est
1527 994 1629 1022 Petrus
1643 994 1675 1021 in
1693 994 1838 1024 Ananiam

1054 1041 1082 1067 01
1095 1040 1262 1076 saphiram,
1279 1040 1403 1077 quando
1418 1041 1509 1075 vidit,
1528 1041 1612 1078 quod
1626 1040 1838 1071 fraudaverant

1054 1087 1171 1124 aliquid
1187 1087 1224 1115 de
1238 1088 1334 1124 pretio
1348 1087 1421 1124 agri.
1437 1088 1515 1123 Act„
1528 1096 1557 1117 V.

1091 1139 1133 1166 Ex
1141 1136 1257 1165 ardenti
1270 1136 1334 1165 zelo
1345 1136 1543 1173 proveniebat
1554 1145 1652 1165 sermo
1667 1145 1758 1174 quem
1767 1137 1841 1167 dixit

1056 1184 1221 1220 Stephanus
1243 1184 1362 1219 Judaeis,
1376 1185 1452 1218 Act„
1469 1193 1510 1213 vu
1525 1193 1532 1212 :
1548 1194 1561 1211 a
1581 1186 1658 1213 Dura
1673 1185 1796 1220 cervice,
1813 1188 1842 1215 et

1056 1231 1254 1260 incircumcisi
1276 1231 1366 1259 corde
1391 1232 1424 1268 (b)
1447 1233 1475 1260 et
1494 1232 1634 1268 auribus,
1650 1241 1704 1260 vos
1723 1241 1841 1270 semper

1058 1279 1178 1315 Spiritui
1210 1282 1311 1308 sancto
1335 1279 1477 1307 resistitis.
1503 1281 1597 1313 Quem
1625 1280 1842 1316 prophetarum

1058 1335 1119 1355 non
1134 1328 1201 1354 sunt
1215 1327 1362 1363 persecuti
1375 1328 1475 1363 patres
1488 1327 1597 1355 vestri?
1610 1338 1623 1354 >³
1642 1329 1696 1355 etc.

1094 1374 1247 1402 Resistenti
1262 1374 1354 1402 Paulo
1376 1376 1404 1402 et
1419 1375 1560 1402 Barnabas
1579 1375 1698 1410 Barjesu
1712 1375 1843 1412 pseudo-

1058 1422 1210 1458 prophetae
1232 1421 1285 1458 (c),
1302 1422 1375 1450 dixit
1395 1422 1502 1451 Paulus
1520 1432 1526 1450 :
1546 1432 1560 1448 (ι
1584 1425 1605 1451 O
1621 1423 1707 1458 plene
1729 1422 1800 1451 dolo
1816 1425 1844 1452 et

1060 1468 1142 1496 omni
1157 1468 1285 1504 fallacia,
1302 1469 1346 1497 fili
1362 1469 1489 1504 diaboli,
1505 1471 1532 1498 et
1547 1469 1666 1498 inimice
1682 1470 1779 1498 omnis
1793 1471 1843 1506 ju-

1059 1515 1158 1551 5111100,
1175 1524 1237 1544 11011
1253 1516 1363 1544 desinis
1382 1517 1554 1545 subvertere
1571 1517 1635 1546 vias
1656 1517 1774 1546 Domini
1794 1526 1843 1546 re-

1060 1565 1131 1598 ctas,
1147 1573 1161 1590 »
1180 1565 1234 1592 etc.
1249 1564 1325 1598 Act„
1340 1572 1402 1599 xm,
1419 1565 1464 1592 10.

1096 1611 1171 1638 Cum
1184 1611 1291 1639 Paulus
1306 1611 1482 1648 praedicaret
1494 1611 1625 1647 Athenis,
1638 1621 1652 1638 «
1666 1612 1845 1641 incitabatur

1060 1657 1179 1694 spiritus
1190 1658 1254 1694 ejus
1265 1658 1295 1686 in
1307 1658 1384 1694 ipso,
1399 1659 1505 1687 videns
1519 1659 1698 1688 idololatriae
1713 1660 1845 1689 deditam

1061 1705 1220 1740 civitatem,
1234 1715 1248 1732 >›
1269 1708 1322 1734 etc.
1338 1707 1415 1742 Act„
1431 1715 1504 1742 xvn,
1521 1708 1566 1735 16.

1096 1753 1266 1789 Specialiter
1279 1756 1402 1790 apparet
1418 1755 1536 1783 fervens
1550 1755 1630 1783 zelus
1645 1755 1726 1783 Pauli
1742 1755 1772 1782 in
1786 1756 1845 1791 epi-

1060 1799 1136 1827 stola
1157 1801 1192 1827 ad
1217 1801 1329 1829 Galatas
1336 1822 1345 1837 ,
1370 1802 1423 1830 ubi
1442 1802 1527 1837 illos,
1550 1803 1660 1839 legalia
1683 1803 1844 1831 observare

1060 1848 1210 1883 volentes,
1238 1850 1400 1885 arguebat,
1428 1850 1623 1887 increpabat,
1655 1851 1842 1879 obsecrabat.

1060 1894 1153 1929 Idem,
1168 1897 1258 1933 Rom„
1274 1898 1349 1933 1x;ll
1366 1898 1439 1933 Cor„
1452 1906 1494 1933 m,
1511 1899 1539 1926 et
1554 1899 1590 1926 ad
1604 1899 1741 1934 Hebroeos,
1757 1898 1843 1934 quasi

1059 1949 1113 1977 per
1126 1944 1231 1971 totum.

1333 2025 1477 2059 CAPUT
1501 2025 1570 2059 LII.

1291 2106 1329 2132 De
1354 2106 1408 2132 zelo
1438 2105 1596 2132 indiscreto.

1097 2183 1205 2211 Videns
1219 2183 1307 2210 Josue
1320 2180 1452 2209 famulus
1467 2181 1561 2218 Moysi
1576 2181 1653 2210 duos
1664 2182 1801 2210 homines
1813 2184 1845 2212 111

1061 2230 1161 2259 castris
1175 2230 1388 2266 prophetantes
1399 2249 1408 2263 ,
1425 2228 1499 2257 dixit
1517 2238 1523 2257 ε
1538 2240 1551 2255 α
1567 2229 1690 2258 Domine
1706 2230 1747 2258 mi
1762 2232 1844 2267 Moy·

1060 2287 1116 2313 505,
1131 2277 1258 2315 prohibe
1279 2284 1340 2304 eos,
1362 2286 1376 2303 )>
1393 2278 1427 2304 At
1446 2276 1495 2304 1110
1512 2276 1587 2306 dixit
1603 2285 1610 2305 ε
1632 2286 1645 2303 ι(
1660 2277 1737 2311 Quid
1752 2286 1844 2307 cemu-

1060 2325 1129 2354 laris
1142 2333 1198 2361 pro
1213 2332 1260 2352 me
1272 2325 1286 2351 ⁶?
1301 2333 1315 2351 11
1331 2324 1385 2352 etc.
1401 2324 1497 2357 Num„
1513 2331 1553 2352 xi.

1096 2373 1213 2408 Abisai,
1236 2372 1317 2400 filius
1331 2372 1454 2407 Sarvize,
1470 2372 1565 2400 voluit
1579 2374 1735 2409 amputare
1755 2376 1844 2410 caput

1061 2421 1156 2450 Semei
1171 2419 1377 2448 maledicentis
1394 2419 1486 2447 David
1502 2420 1739 2455 persecutionem
1753 2421 1845 2450 Absa-

1061 2469 1124 2497 lom
1138 2467 1329 2505 perpetienti;
1345 2467 1398 2495 sed
1410 2475 1471 2495 non
1482 2467 1614 2503 permisit
1632 2468 1733 2502 David,
1750 2470 1781 2496 ut
1793 2468 1843 2497 ali-

1061 2515 1135 2552 quid
1150 2515 1221 2542 mali
1236 2514 1390 2541 inferretur
1404 2514 1457 2541 ilii.
1475 2516 1496 2542 ll
1512 2516 1590 2548 Rea„
1604 2523 1664 2542 xv1.

1096 2563 1161 2591 Filii
1173 2562 1387 2598 prophetarum
1403 2564 1563 2596 coegerunt
1578 2561 1716 2596 Eliseum,
1732 2564 1764 2589 ut
1778 2563 1843 2591 mit-

1061 2612 1134 2638 teret
1149 2609 1187 2637 ad
1199 2609 1394 2644 quaerendum
1411 2608 1568 2635 dominum
1580 2617 1666 2636 suum
1682 2609 1787 2644 Eliam,
1804 2618 1840 2638 110

1061 2657 1135 2685 forte
1150 2656 1269 2692 spiritus
1290 2656 1405 2684 Domini
1420 2656 1590 2691 projecisset
1605 2664 1673 2684 cum
1694 2656 1724 2684 in
1747 2665 1843 2685 unum

1062 2704 1220 2738 montium,
1234 2703 1285 2731 aut
1296 2703 1431 2731 vallium.
1450 2704 1482 2730 Ν
1496 2704 1573 2738 Req„
1590 2711 1620 2731 11.
