2004 3037
846 185 974 219 CAPUT
996 185 1116 219 LXVH.

169 259 214 287 tas
232 257 396 287 Pharisaeos
409 277 419 294 ‚
444 257 598 294 coeperunt
619 255 646 285 ei
669 255 799 292 graviter
817 255 952 283 insistere

170 307 198 334 et
211 313 246 334 os
260 304 324 341 ejus
339 304 509 342 opprimere
521 324 532 339 ,
548 303 587 332 de
601 302 703 332 multis
715 302 890 337 insidiantes
905 301 932 330 ei
942 322 953 337 ‚

169 354 198 382 et
209 353 375 389 quaerentes
388 359 494 388 rapere
508 350 626 388 aliquid
641 358 679 380 ex
696 357 748 379 ore
763 349 843 386 ejus,
858 351 891 378 ut
906 357 953 378 ac-

170 401 307 429 cusarent
321 408 400 428 eum.
417 400 494 433 Luc„
507 406 549 427 xx.

202 447 342 476 Pharisaei
363 454 440 475 caeco
461 447 553 482 nato,
573 453 591 474 a
613 444 739 474 Domino
761 443 951 480 illuminato,

168 494 402 530 maledixerunt,
422 494 450 521 et
470 495 552 522 extra
578 499 765 530 synagogam
786 492 952 526 ejecerunt,

168 549 224 579 pro
242 549 278 570 eo
301 541 386 578 quod
408 540 561 569 veritatem
582 538 819 568 constantissime
839 539 954 568 fateba-

169 589 226 618 tur.
243 589 335 623 Joan.,
349 594 389 616 rx.

204 635 354 673 Principes
375 634 581 669 sacerdotum,
597 633 752 662 audientes
766 633 858 662 verba
873 635 952 670 Apo-

169 682 315 711 stolorum
341 682 379 710 de
405 682 542 710 doctrina
571 681 690 717 Christi,
716 681 953 715 dissecabantur,

169 731 197 758 et
222 729 394 765 cogitabant
417 729 583 758 interficere
606 728 690 763 illos,
712 731 740 757 et
763 740 776 754 α
794 729 875 757 caesis
899 728 953 756 de-

168 777 396 812 nuntiaverunt,
410 784 449 805 ne
474 776 603 813 amplius
627 775 824 813 loquerentur
847 776 879 805 in
900 783 955 804 no-

168 824 249 853 mine
263 825 352 853 Jesu:
368 826 397 853 et
410 824 455 852 illi
475 824 560 852 ibant
574 824 738 860 gaudentes
752 832 770 852 a
791 825 954 860 conspectu

169 871 305 906 concilii,
317 871 462 907 quoniam
473 871 556 906 digni
566 871 662 899 habiti
676 873 744 899 sunt
758 879 814 907 pro
831 870 953 900 nomine

167 921 235 948 Jesu
250 919 464 947 contumeliam
477 919 549 955 pati.
565 929 580 945 »
594 919 670 954 Act„
686 927 716 954 v,
733 920 778 953 40,
794 919 840 947 41.

203 966 364 995 Audientes
378 966 470 994 Judaei
485 966 580 994 verba
593 966 672 994 beati
687 965 844 1002 Stephani,
870 975 884 992 ι(
897 965 955 994 dis·

169 1013 347 1043 secabantur
362 1014 505 1042 cordibus
524 1013 601 1048 suis,
617 1015 645 1041 et
669 1013 835 1041 stridebant
859 1013 954 1041 denti-

169 1061 227 1090 bus
241 1061 272 1089 in
288 1069 373 1096 eum,
390 1062 418 1088 et
434 1060 582 1096 ejicientes
605 1068 674 1088 eum
697 1061 781 1088 extra
805 1060 954 1089 civitatem

169 1108 358 1146 lapidabant.
374 1119 389 1136 »
406 1109 480 1144 Act„
496 1117 554 1143 vn,
572 1109 618 1142 54,
634 1111 678 1136 57.

205 1156 310 1185 Multos
331 1158 359 1184 et
372 1163 499 1191 magnos
513 1156 620 1184 habuit
638 1155 827 1184 adversarios
849 1155 954 1184 beatus

168 1203 276 1233 Paulus
286 1225 296 1238 ,
310 1211 366 1240 pro
380 1203 481 1232 verbis
495 1203 627 1231 veritatis
643 1205 670 1231 et
685 1203 870 1239 sobrietatis,
887 1211 954 1240 quae

168 1252 231 1288 ipse
252 1250 427 1279 hominibus
451 1251 643 1287 loquebatur.
659 1251 735 1286 Act„
758 1259 798 1286 ix,
823 1253 850 1279 et
874 1251 955 1279 deiu-

169 1307 248 1335 ceps.
262 1300 343 1334 Item,
357 1299 397 1326 ad
409 1298 482 1333 Gal„
492 1307 533 1333 IV,
547 1300 579 1327 16
593 1307 599 1327 :
612 1301 693 1335 «Ego
710 1299 859 1334 inimicus,
867 1299 953 1327 vobis

168 1347 263 1376 factus
280 1347 317 1384 (a)
332 1355 410 1382 sum,
425 1347 513 1375 vobis
527 1355 634 1375 verum
649 1347 760 1376 dicens.
777 1358 789 1374 »

363 1464 543 1498 CAPUT
579 1464 750 1499 LXVIL

456 1553 494 1579 De
512 1552 663 1580 mendacio.

204 1636 336 1665 Primum
357 1634 548 1663 mendacium
573 1635 627 1663 fuit
651 1643 669 1664 a
692 1636 827 1671 serpente
851 1635 952 1671 prola-

168 1686 246 1719 tum,
262 1683 385 1719 quando
406 1682 481 1710 dixit
497 1682 613 1711 mulieri
626 1690 634 1710 t
650 1692 664 1708 «
677 1684 875 1719 Nequaquam
889 1689 953 1710 mo-

167 1731 295 1760 riemini.
311 1740 325 1757 n
345 1731 424 1765 Gen„
440 1738 483 1765 111,
499 1732 526 1758 4.

203 1779 290 1813 Sara,
305 1777 411 1805 timore
426 1777 600 1814 perterrita,
616 1784 634 1805 a
645 1777 707 1805 risu
723 1785 753 1805 se
769 1777 954 1805 mendaciter

170 1825 332 1853 excusavit.
351 1825 430 1860 Gen„
446 1833 529 1852 xviii.

205 1872 299 1900 Etiam
323 1871 516 1899 fornicatores
548 1872 741 1900 mendacium
772 1872 871 1899 dicere
902 1871 952 1899 de-

169 1920 346 1955 dignantur,
366 1919 440 1946 sicut
462 1919 567 1954 ludas,
585 1919 636 1955 qui
660 1919 734 1947 dixit
755 1928 762 1947 :
781 1929 795 1945 «
810 1919 954 1947 Mendacii

169 1975 292 2004 arguere
307 1974 362 1994 nos
375 1974 437 1994 non
451 1967 568 2002 poterit.
583 1976 596 1992 »
614 1967 693 2000 Gen„
708 1974 836 2000 xxxvm,
853 1967 897 1995 23.

204 2014 390 2044 Mendacium
405 2013 612 2047 obstetricum,
625 2013 708 2049 quod
728 2013 867 2041 dixerunt
883 2013 954 2041 Pha-

168 2062 254 2090 raoni
271 2082 280 2096 ,
309 2060 388 2089 filios
415 2061 607 2089 Hebraeorum
633 2061 772 2096 jugulare
800 2060 953 2095 nolentes,

169 2108 273 2137 habuit
300 2108 573 2136 remunerationem
601 2108 814 2144 temporalem,
836 2109 864 2135 et
891 2116 955 2135 non

169 2158 328 2190 aeternam,
344 2155 412 2183 licet
435 2155 522 2183 fuerit
545 2155 622 2183 illud
650 2154 843 2183 mendacium
863 2154 954 2182 valde

170 2202 348 2232 officiosum.
364 2203 464 2236 Emod„
479 2210 500 2231 1.

203 2250 349 2280 Multoties
363 2250 459 2278 voluit
473 2250 587 2278 Pharao
611 2249 749 2286 decipere
766 2250 886 2286 Moysen
900 2256 954 2285 per

170 2297 378 2333 mendacium
392 2297 446 2325 sed
456 2297 577 2325 tandem
588 2297 661 2325 nihil
677 2297 703 2325 ei
715 2296 834 2334 profuit.
852 2297 953 2332 Exod„

170 2353 201 2373 ix
215 2347 244 2373 et
257 2353 286 2372 x.

205 2392 315 2421 Sedens
336 2393 363 2419 et
383 2391 478 2426 flens,
503 2391 577 2419 dixit
600 2392 731 2428 populus
756 2392 787 2420 in
814 2392 950 2427 deserto,

170 2441 264 2474 Num,
276 2447 317 2474 x1,
333 2441 348 2466 5
365 2447 371 2467 ι
389 2449 402 2465 «
413 2439 615 2467 Recordamur
629 2439 755 2475 piscium
769 2447 845 2475 quos
857 2447 955 2467 come-

172 2486 318 2514 debamus
332 2486 362 2513 in
377 2488 504 2522 AEgypto
519 2486 626 2521 gratis,
641 2497 654 2513 »
670 2489 723 2514 etc.
740 2489 848 2515 Tamen
866 2486 955 2514 nimis

172 2541 239 2560 care
254 2533 393 2562 emebant
407 2542 454 2568 ea,
469 2542 536 2569 quae
552 2533 582 2561 in
596 2535 723 2570 AEgypto
738 2534 900 2562 habebant.

209 2579 321 2608 Callicle
337 2581 499 2615 cogitantes
510 2580 682 2609 Gabaonitae
694 2581 854 2610 voluerunt
865 2584 954 2611 Josue

206 2643 236 2682 (si)
255 2643 315 2666 Coet.
336 2643 396 2666 edit.
420 2651 467 2667 nori
487 2643 577 2667 habent
599 2644 673 2668 vobis
695 2645 784 2669 factus.
802 2658 831 2663 —
855 2645 887 2677 (h)
910 2646 954 2670 Al.

174 2685 259 2703 unico.

1735 188 1793 217 565

1006 253 1191 282 mendaciter
1213 253 1374 291 decipere;
1398 253 1452 282 sed
1473 253 1524 282 ille
1547 253 1632 282 bono
1658 261 1730 282 usus
1751 256 1795 283 est

1009 300 1152 336 consilio,
1168 309 1220 329 eos
1234 301 1266 329 in
1282 300 1455 329 servitutem
1471 301 1604 337 redegit,
1620 308 1675 330 nec
1687 301 1794 330 initum

1007 348 1105 377 foedus
1119 349 1208 385 rupit.
1224 349 1292 383 Jos.,
1308 357 1349 377 ix.

1044 398 1204 433 Nunquam
1218 395 1411 424 mendacium
1420 395 1489 424 licet
1498 395 1597 424 dicere
1602 405 1612 431 ,-
1623 396 1676 424 sed
1686 396 1794 426 verita-

1007 445 1068 472 tem
1081 443 1150 471 licet
1158 446 1186 471 et
1197 443 1317 480 expedit
1328 443 1513 479 quandoque
1524 445 1631 479 tacere,
1641 443 1716 472 sicut
1726 443 1796 473 fecit

1009 492 1129 521 Samuel
1140 492 1251 528 dicens,
1262 493 1271 520 l
1281 493 1358 526 Rea„
1370 500 1432 526 xv1,
1446 493 1477 519 2:
1489 491 1556 520 «Ad
1571 491 1795 521 immolandum

1008 540 1134 568 Domino
1150 539 1229 568 veni.
1245 549 1259 566 »
1275 539 1319 567 Ad
1332 539 1416 567 aliud
1429 538 1510 566 enim
1524 538 1729 575 principaliter
1743 547 1795 568 ve-

1007 588 1092 615 nerat
1103 596 1112 623 3
1131 589 1158 615 et
1177 587 1374 615 nihilominus
1394 586 1452 614 hoe
1473 586 1571 614 facere
1592 586 1793 622 proponebat.

1045 634 1121 662 Dixit
1137 634 1207 663 Saul
1226 642 1328 662 servos
1349 642 1419 661 suos
1444 634 1616 669 conjurasse
1633 633 1796 662 adversum

1008 690 1055 717 se,
1072 681 1143 718 quia
1158 689 1220 709 non
1241 681 1400 717 capiebant
1419 681 1530 716 David,
1552 682 1580 709 et
1606 681 1680 708 dixit
1702 681 1796 709 David

1009 737 1129 758 servum
1144 737 1233 756 suum
1254 728 1389 756 insidiari
1410 728 1468 756 sibi
1484 737 1491 756 :
1509 729 1537 756 et
1560 727 1624 764 ipse
1638 736 1709 756 vere
1724 727 1795 756 insi-

1009 775 1149 804 diabatur
1167 775 1203 804 ei.
1219 777 1229 805 l
1245 777 1323 810 Κεφ,
1338 783 1412 803 xxu.

1046 824 1147 852 occiso
1167 832 1229 852 uno
1243 824 1279 861 (b)
1296 823 1359 851 filio
1378 823 1488 859 David,
1504 822 1585 850 fama
1599 822 1735 859 pervenit
1756 823 1796 852 ad

1009 871 1109 908 ipsum
1124 871 1237 906 David,
1254 871 1355 899 dicens
1368 880 1376 898 :
1392 880 1405 897 ι(
1421 870 1565 898 Percussit
1578 870 1719 898 Absalom
1733 878 1797 899 om-

1009 927 1062 947 nes
1087 918 1167 946 filios
1191 918 1308 954 regis.»
1327 919 1347 947 ll
1370 919 1448 953 Rea„
1465 926 1536 952 xm,
1556 918 1602 946 30.
1618 917 1664 945 Sic
1684 917 1797 946 faciunt

1008 966 1147 994 homines
1162 974 1255 1003 saepe,
1271 965 1440 993 nuntiando
1455 973 1602 993 rumores,

1045 1014 1181 1042 Officiose
1203 1014 1342 1042 mentitus
1364 1016 1406 1041 est
1430 1013 1538 1041 Chusai
1562 1012 1726 1048 Absalom,
1747 1014 1793 1042 di-

1010 1070 1079 1090 cens
1096 1071 1103 1090 :
1119 1062 1220 1090 «Sicut
1231 1061 1319 1098 parui
1333 1061 1410 1098 patri
1427 1063 1493 1096 tuo,
1507 1060 1548 1089 sic
1563 1061 1696 1097 parebo,
1709 1071 1723 1088 »
1739 1062 1793 1090 etc.

1010 1110 1032 1138 II
1047 1111 1124 1144 Req„
1141 1118 1211 1144 xv1,
1231 1111 1273 1137 19.

1046 1156 1095 1183 Vir
1120 1156 1184 1191 Dei,
1201 1156 1253 1192 qui
1274 1155 1414 1192 praedixit
1433 1155 1596 1183 Jeroboam
1620 1155 1796 1183 destructio-

1010 1211 1080 1231 nem
1096 1204 1196 1231 altaris
1211 1203 1272 1237 sui,
1287 1211 1340 1239 per
1355 1202 1421 1230 falsi
1435 1203 1588 1239 prophetae
1603 1202 1796 1231 mendacium

1009 1252 1149 1280 seductus
1165 1251 1234 1284 fuit,
1246 1252 1274 1279 et
1288 1251 1465 1279 mandatum
1486 1251 1603 1279 Domini
1625 1250 1793 1287 praeterivit.

1008 1300 1043 1329 111
1059 1302 1137 1334 Req„
1149 1307 1213 1327 xm.

1046 1348 1109 1374 Duo
1124 1346 1192 1374 salsi
1214 1346 1300 1374 testes
1314 1345 1454 1382 producti
1470 1346 1574 1373 contra
1594 1345 1711 1374 Naboth
1731 1345 1791 1374 fue-

1009 1395 1079 1422 runt
1093 1402 1183 1421 eausa
1197 1392 1389 1429 lapidationis
1405 1393 1480 1428 ejus.
1496 1394 1529 1420 ltl
1546 1395 1624 1428 Req„
1637 1401 1700 1421 xxr.

1046 1441 1170 1477 Spiritus
1194 1440 1327 1468 mendax
1349 1440 1380 1468 in
1396 1448 1446 1467 ore
1467 1440 1617 1468 malorum
1632 1440 1795 1476 propheta-

1009 1497 1078 1517 rum
1094 1488 1211 1524 decepit
1223 1487 1339 1522 Achab,
1353 1489 1386 1515 ut
1404 1487 1459 1515 iret
1473 1488 1512 1515 ad
1524 1496 1676 1524 pugnam,
1695 1490 1723 1515 et
1735 1487 1795 1515 ibi-

1011 1536 1082 1563 dem
1106 1535 1162 1563 fuit
1181 1543 1339 1571 percussus
1360 1535 1399 1562 ad
1421 1536 1560 1563 mortem.
1584 1537 1616 1563 ltl
1631 1536 1707 1570 Req„
1723 1542 1794 1563 xxn.

1046 1585 1100 1612 Per
1124 1583 1218 1612 verba
1233 1604 1242 1618 ‚
1268 1591 1336 1619 quae
1368 1583 1442 1610 dixit
1465 1582 1567 1611 iudith
1591 1582 1774 1618 Holopherni
1785 1604 1792 1614 ‚

1011 1633 1128 1670 decepit
1150 1641 1237 1668 eum,
1257 1633 1324 1661 licet
1348 1634 1506 1661 excusetur
1529 1640 1582 1668 per
1599 1631 1795 1661 intentionem

1011 1690 1103 1718 quam
1118 1681 1232 1709 habuit.
1248 1681 1358 1715 Judith,
1372 1688 1402 1708 x1
1421 1682 1448 1708 et
1461 1688 1514 1708 xu.

1046 1729 1211 1757 Pessimum
1236 1727 1430 1756 mendacium
1452 1726 1744 1761 adinvenitAman,
1764 1730 1796 1756 ut

1010 1779 1110 1814 posset
1132 1776 1277 1804 confundi
1300 1775 1519 1809 Mardochaeus,
1537 1774 1590 1811 qui
1614 1774 1699 1802 illum
1720 1775 1796 1803 ado-

1009 1831 1075 1852 rare
1089 1823 1220 1851 nolebat.
1237 1823 1345 1856 Esther,
1361 1830 1403 1850 111.

1045 1875 1238 1901 Accesserunt
1253 1872 1292 1900 ad
1307 1870 1486 1899 Hieremiam
1501 1870 1668 1907 principes,
1686 1872 1714 1899 et
1729 1872 1796 1899 vul-

1010 1929 1065 1956 gus
1086 1920 1168 1956 quod
1195 1921 1379 1947 remanserat
1401 1920 1467 1954 post
1483 1919 1713 1946 destructionem
1728 1919 1794 1946 Ilie-

1010 1967 1156 2001 rusalem,
1173 1968 1201 1994 et
1216 1967 1355 1994 dixerunt
1375 1974 1405 1993 se
1428 1965 1556 1993 facturos
1580 1965 1730 2001 quidquid
1745 1965 1795 1993 ille

1011 2014 1186 2050 praeciperet
1201 2014 1260 2049 eis,
1276 2013 1338 2040 sive
1354 2013 1487 2047 bonum,
1507 2012 1567 2040 sive
1589 2012 1720 2047 malum3
1743 2013 1796 2040 sed

1010 2061 1125 2096 largam
1132 2061 1361 2096 promissionem
1369 2060 1609 2087 maletenuerunt
1627 2060 1716 2093 Hier„
1725 2067 1793 2087 xL11.

1047 2109 1247 2137 Perniciosum
1263 2111 1291 2137 et
1311 2108 1484 2136 detestabile
1500 2107 1692 2135 mendacium
1712 2107 1794 2135 dixe-

1010 2159 1079 2184 runt
1094 2156 1155 2184 duo
1171 2164 1256 2183 senes
1271 2156 1436 2192 presbyteri
1450 2155 1594 2183 adversus
1610 2157 1792 2189 Susannam,

1012 2212 1103 2240 quam
1125 2206 1224 2231 tamen
1247 2212 1284 2231 ex
1305 2203 1544 2231 constantissima
1559 2203 1689 2231 castitate
1709 2210 1793 2230 com-

1011 2251 1155 2279 mendare
1171 2251 1332 2279 debebant.
1348 2253 1432 2285 Dan„
1447 2259 1508 2279 x111.

1048 2298 1208 2328 Antiochus
1223 2307 1276 2327 rex
1293 2299 1372 2326 misit
1386 2299 1554 2335 principem
1566 2298 1748 2326 tributorum
1764 2298 1795 2326 in

1012 2346 1144 2374 civitates
1158 2347 1250 2382 luda,
1268 2349 1296 2374 et
1311 2346 1434 2375 venitin
1451 2346 1633 2374 Hierusalem
1643 2366 1653 2380 ,
1669 2348 1696 2374 et
1710 2346 1794 2372 locu-

1011 2396 1057 2422 tus
1072 2396 1113 2421 est
1128 2394 1168 2421 ad
1182 2402 1233 2421 eos
1252 2393 1345 2421 verba
1360 2392 1485 2429 pacifica
1500 2393 1530 2420 in
1546 2392 1634 2426 dolo,
1652 2393 1680 2419 et
1701 2390 1794 2419 credi-

1012 2441 1119 2469 derunt
1134 2441 1177 2476 ci,
1203 2443 1231 2468 et
1251 2440 1443 2476 praecucurrit
1463 2447 1552 2475 super
1575 2439 1722 2466 civitatem
1745 2438 1796 2466 re&

1010 2491 1110 2525 pente,
1124 2490 1151 2516 et
1163 2488 1305 2524 percussit
1320 2496 1386 2515 eam
1401 2488 1500 2523 plaga,
1515 2489 1569 2514 etc.
1587 2486 1708 2519 lMach„
1724 2493 1743 2513 1.

1047 2538 1120 2564 Cum
1142 2535 1293 2563 obsideret
1313 2535 1474 2562 Antiochus
1497 2536 1625 2569 Eupator
1645 2533 1793 2561 civitatem

1012 2583 1209 2616 Hierusalem,
1224 2590 1279 2610 nec
1298 2584 1398 2619 posset
1417 2589 1524 2617 capere
1545 2589 1611 2608 eam
1625 2602 1631 2613 ,
1654 2580 1733 2608 misit
1754 2580 1793 2609 ad

1013 2639 1063 2658 eos
1077 2631 1128 2667 qui
1142 2632 1224 2658 erant
1238 2630 1316 2657 intus
1330 2638 1435 2666 pacem
1450 2629 1556 2657 facere.
1570 2630 1603 2656 Et
1616 2629 1793 2664 receperunt

1012 2677 1111 2713 illam,
1128 2680 1156 2705 et
1167 2677 1277 2713 juravit
1290 2676 1349 2705 illis
1364 2684 1415 2705 rex
1430 2677 1458 2705 et
1471 2676 1636 2712 principes,
1652 2675 1704 2704 sed
1715 2675 1793 2711 rupit
