2004 3037
125 2540 204 2560 Modus

105 2571 194 2590 amandi

107 2601 147 2621 Dei
155 2607 194 2627 per

221 223 260 257 50

219 293 262 320 est
285 291 316 319 in
337 289 445 318 ardore
467 285 594 320 amoris,
617 292 685 321 quae
705 285 749 312 est
771 282 925 319 designata
944 291 998 320 per

219 337 355 372 Mariam,
385 336 427 364 est
451 332 584 362 nobilior
607 330 691 360 omni
717 329 925 366 meditatione,
950 330 999 358 vel

219 383 406 412 contentione
433 378 641 414 intellectuali,
663 386 729 414 quae
751 377 923 413 designatur
944 385 999 414 per

219 429 388 459 Rachelem.

254 476 311 504 Sed
329 474 510 506 notandum,
535 472 619 510 quod
641 472 681 500 ad
701 472 760 499 hoc
785 470 869 507 quod
890 470 998 498 veritas

218 521 367 551 efficacius
385 521 532 555 videatur,
558 518 642 556 quod
666 518 778 554 duplex
803 520 846 545 est
866 519 997 545 contem-

216 569 308 605 platio
324 568 355 596 in
375 567 544 596 intellectu:
566 566 710 600 similiter,
733 566 761 593 et
779 564 869 592 ardor
887 563 999 592 amoris

217 615 375 651 dupliciter
391 613 554 650 acquiritur
573 612 605 640 in
627 612 745 640 affectu.
762 611 902 645 Quaedam
918 610 998 638 enim

217 664 260 690 est
275 661 435 696 meditatio,
452 660 501 688 vel
515 659 738 695 contemplatio,
753 658 792 686 ab
807 657 998 685 inferioribus

216 709 256 737 ad
270 708 438 745 superiora;
455 706 594 743 quaedam
607 714 623 733 e
634 713 794 740 converso,
810 704 921 732 seilicet
933 704 998 732 des-

216 755 346 784 cendens
360 763 378 783 a
392 754 596 791 superioribus
615 752 654 781 ad
673 752 822 780 interiora.
840 753 878 779 De
899 751 998 787 prima

216 802 393 831 determinat
406 800 570 829 Richardus
583 800 620 828 de
633 800 739 827 Sancto
750 799 864 826 Victore
877 798 910 826 in
924 798 998 825 Arca

215 851 339 884 mystica,
357 847 515 876 ostendens
530 855 583 884 per
598 846 796 882 quadraginta
811 845 887 873 duas
902 843 1004 872 medi--

215 897 355 931 tationes,
372 895 421 923 vel
437 894 688 923 considerationes
702 893 734 920 in
748 892 904 927 creaturis,
920 899 996 928 quo-

215 943 308 972 modo
332 950 416 970 mens
435 941 548 969 lumine
572 939 772 975 intelligentiae
794 939 934 966 decorata
957 938 996 966 ad

215 990 417 1026 cognitionem
437 987 546 1016 summi
566 986 710 1015 creatoris
732 986 820 1014 debet
841 985 996 1021 attingere,

215 1039 243 1064 et
257 1037 331 1064 sicut
344 1035 519 1064 Israeliticus
529 1033 659 1070 populus
671 1032 806 1069 pervenit
818 1032 856 1060 ab
870 1033 995 1068 AEgypto

214 1091 268 1120 per
291 1082 492 1119 quadraginta
519 1081 594 1108 duas
622 1079 791 1120 mansiones
819 1079 860 1106 ad
888 1081 997 1107 terram

214 1129 437 1166 promissionis,
453 1129 493 1156 sic
505 1127 606 1156 anima
615 1126 714 1154 fidelis
724 1134 778 1162 per
788 1125 853 1153 illas
865 1125 996 1162 quadra-

215 1177 296 1212 ginta
312 1176 386 1204 duas
401 1174 664 1208 considerationes,
680 1174 710 1200 in
724 1180 775 1200 sex
790 1172 934 1207 gradibus
949 1180 994 1200 or-

216 1223 346 1256 dinatas,
373 1231 467 1258 usque
483 1221 531 1250 ,ad
555 1220 756 1256 cognitionem
777 1227 901 1247 summae
921 1219 996 1246 veri-

216 1270 281 1297 tatis
303 1269 433 1304 attingit,
458 1268 540 1296 omni
566 1266 703 1295 rationali
731 1265 845 1302 spiritui
871 1266 996 1302 adopta-

216 1318 276 1344 tam
292 1316 340 1352 (a).

252 1363 316 1391 Alia
330 1370 402 1390 vero
418 1360 629 1397 contemplatio
645 1362 688 1388 est
702 1368 718 1387 e
733 1368 877 1388 converso
892 1368 995 1396 proce-

217 1410 290 1438 dens
303 1417 390 1437 :nam
404 1417 498 1443 mens,
516 1408 628 1436 lumine
644 1407 772 1443 desuper
786 1407 934 1441 immisso,
951 1415 995 1434 se-

216 1457 348 1484 cundum
371 1455 490 1492 regulas
512 1454 641 1482 veritatis
660 1456 689 1482 et
707 1454 835 1481 rationes
856 1456 994 1488 oeternas,

216 1512 291 1540 quas
315 1503 480 1530 secundum
508 1501 624 1528 divinas
651 1500 883 1528 illuminationes
907 1500 937 1527 in
965 1509 995 1528 se

216 1550 281 1586 ipsa
301 1549 425 1586 percipit
440 1547 629 1582 meditando,
653 1547 690 1574 de
710 1547 900 1574 inferioribus
915 1555 996 1574 crea-

217 1597 287 1624 turis
303 1596 432 1632 judicat,
455 1597 483 1622 et
505 1594 671 1622 secundum
690 1594 772 1629 quod
792 1594 931 1629 ampliori
953 1593 996 1620 lu-

216 1644 295 1671 mine
311 1643 411 1670 anima
426 1642 552 1677 desuper
571 1640 744 1668 irradiando
764 1641 940 1674 infunditur,
955 1640 995 1667 sic

217 1691 247 1717 in
268 1692 347 1717 tanto
365 1688 566 1720 inl'allibilius,
581 1687 746 1715 secundum
767 1686 831 1713 illas
851 1695 954 1714 causas
970 1689 997 1713 et

217 1736 361 1770 rationes,
385 1744 451 1771 quae
475 1737 542 1762 sunt
569 1734 650 1761 idem
675 1732 758 1769 quod
781 1734 872 1768 Deus,
897 1742 914 1760 a
934 1741 995 1769 quo

219 1783 315 1811 omnis
330 1784 463 1810 ereatura
478 1780 644 1816 exemplata
660 1781 687 1807 et
706 1779 803 1807 idcata
818 1779 996 1815 primordia-

218 1830 284 1857 liter
296 1829 395 1863 exivit,
411 1828 562 1856 veritatem
576 1827 605 1854 in
622 1827 761 1854 creaturis
775 1829 801 1854 et
815 1827 844 1854 in
857 1826 997 1854 omnibus

220 1877 387 1909 aflectibus,
413 1875 507 1902 multo
532 1874 638 1902 melius
661 1882 752 1909 quam
775 1874 996 1908 ratiocinando,

221 1925 336 1953 animus
350 1926 558 1960 perscrutatur.
578 1924 641 1950 Non
655 1924 753 1949 tamen
771 1921 996 1956 intelligendum

221 1975 277 2006 cst,
294 1971 366 2008 quin
385 1971 439 1998 ista
454 1969 664 2005 contemplatio
684 1968 713 1995 in
729 1968 881 1995 allectione
899 1968 997 1995 termi-

221 2021 318 2053 netur3
340 2018 423 2045 aliter
441 2016 524 2044 nulla
543 2017 625 2043 esset.
648 2016 685 2041 De
706 2014 765 2041 istis
782 2022 852 2041 vero
869 2013 942 2041 nihil
958 2014 997 2040 ad

220 2073 357 2101 praesens,
367 2063 455 2092 Multo
468 2063 547 2090 enim
563 2060 764 2094 excellentior,
776 2063 804 2088 et
814 2061 906 2088 multo
918 2068 997 2087 ama-

220 2113 317 2146 bilior,
348 2114 376 2138 ot
403 2111 442 2138 ad
471 2109 666 2137 obtinendum
695 2107 810 2135 facilior
838 2110 880 2135 est
907 2107 997 2135 ardor

219 2159 338 2187 amoris.
355 2157 412 2184 Sed
431 2157 470 2184 ad
490 2157 576 2183 istum
596 2155 735 2183 ardorem
757 2153 866 2181 amoris
882 2156 923 2181 est
938 2154 995 2181 du-

219 2206 288 2242 plex
308 2205 415 2232 modus
440 2202 602 2237 attingendi
622 2211 627 2228 :
648 2209 723 2228 unus
750 2200 952 2234 scholasticus,
969 2204 997 2228 et

220 2251 399 2284 conimunis3
418 2250 492 2276 alius
512 2248 663 2283 mynden&
681 2250 707 2274 et
728 2250 863 2274 secretus.
882 2248 995 2274 Primus

219 2299 299 2326 enim
314 2300 355 2325 est
373 2305 425 2332 per
449 2295 573 2323 modum
596 2293 791 2328 inquisitionis
810 2295 837 2319 et
857 2292 995 2320 clevatio—

218 2346 279 2380 nis,
295 2347 322 2372 ct
336 2343 473 2378 incipitur
488 2342 526 2368 ab
548 2339 736 2367 inferioribus
751 2347 844 2374 usquc
865 2339 903 2366 ad
918 2348 996 2367 suin-

219 2400 302 2421 mum
327 2398 379 2426 per
403 2387 572 2416 exercitium
601 2385 768 2413 diuturnius
796 2385 993 2413 ascendendo.

218 2438 305 2467 Verbi
321 2436 432 2472 gratia:
457 2434 565 2461 modus
585 2433 664 2459 enim
688 2431 809 2459 amandi
831 2433 923 2458 Deum
942 2441 994 2467 pcr

218 2484 441 2513 meditationem
456 2480 597 2517 proeviani
612 2479 663 2505 iste
679 2480 729 2505 est.

255 2531 349 2559 Primo
361 2529 440 2556 enim
454 2526 551 2554 fidelis
567 2525 728 2560 discipulus
743 2532 830 2552 sensu
845 2525 995 2559 exteriori,

218 2578 278 2605 sive
287 2577 386 2610 oculo,
398 2573 541 2610 conspicit
550 2574 696 2600 creaturas
707 2571 864 2599 exteriores
870 2581 877 2606 3
886 2571 994 2599 deinde

251 2636 283 2665 (a)
301 2636 375 2658 Forte
394 2634 442 2664 leq.
462 2632 615 2662 adaptatam.
634 2642 659 2645 —-
679 2629 712 2659 (b)
730 2630 789 2652 Item
806 2629 953 2660 percipitur,
969 2631 992 2652 «ιι

215 2680 266 2702 pun
282 2685 297 2687 >
321 2672 349 2700 (ι)
366 2671 419 2698 ¹151-
436 2668 553 2697 «mellitae.
567 2665 608 2689 ,lli
625 2666 729 2694 inllrpr.
743 2672 800 2695 «piar
816 2672 860 2694 per
875 2665 988 2688 nos-cion>

811 214 981 248 MYSTlCA
1003 215 1242 249 THEOLOGIA.

1055 283 1144 313 etiam
1172 284 1395 322 aliquantulum
1427 286 1635 322 ascendendo,
1664 287 1748 324 quod
1772 286 1950 344 38311ζὲᾲὲ-

1053 331 1178 368 percipit
1192 332 1281 360 oculo
1295 333 1448 369 exteriori,
1468 334 1500 362 in
1519 333 1732 370 imaginatione
1746 341 1836 372 repo-

1053 377 1143 406 situm
1155 381 1326 415 conservat3
1342 379 1451 408 deinde
1466 380 1562 416 magis
1576 380 1734 416 elevando,
1748 381 1837 409 ratio-

1054 424 1201 460 cinando,
1225 427 1254 454 et
1280 426 1480 462 conferendo,
1511 435 1572 455 una
1597 435 1686 456 causa
1711 427 1838 456 creatrix

1054 471 1190 499 omnium
1211 473 1378 501 necessaria
1398 473 1556 509 invenitur,
1576 476 1605 502 et
1625 474 1666 502 sic
1690 481 1837 510 pervene-

1053 519 1122 545 runt
1141 517 1313 555 philosophi
1331 519 1371 547 ad
1391 519 1592 556 cognitionem
1613 520 1672 548 Dei.
1691 521 1762 548 Nam
1777 519 1836 557 ipsi

1053 564 1188 592 videntes
1209 567 1324 593 tantam
1348 569 1550 594 creaturarum
1579 567 1835 603 magnitudinem,

1053 612 1114 639 tam
1134 611 1275 640 decoram
1295 612 1530 648 ordinationem,
1548 615 1660 642 tantam
1680 613 1836 650 utilitatem

1054 658 1240 693 earumdem,
1256 666 1308 694 per
1322 659 1380 686 hoe
1390 659 1456 696 ipsi,
1468 661 1497 687 et
1507 660 1632 696 quilibet
1643 659 1732 695 alius,
1742 668 1837 688 unum

1053 705 1223 732 Creatorem
1237 706 1486 741 potentissimum,
1501 706 1762 743 sapientissimum,
1778 714 1836 742 op-

1053 751 1159 780 timum
1184 751 1378 780 infallibiliter
1402 756 1624 789 cognoverunt,
1652 756 1681 782 et
1702 754 1759 782 hoc
1783 762 1837 791 per

1052 799 1217 834 potentiam
1230 799 1337 827 animae
1350 799 1535 836 superiorem
1550 805 1638 829 sensu
1653 801 1792 830 exteriori
1807 804 1835 829 et

1053 844 1276 881 imaginatione,
1292 853 1359 882 quae
1369 846 1444 874 ratio
1459 849 1657 883 nuncupatur.
1674 848 1784 876 Deinde
1799 856 1836 876 ex

1053 891 1109 919 ista
1133 891 1371 920 consideratione
1395 895 1614 929 creaturarum,
1638 893 1763 930 quidam
1782 889 1837 922 ha-

1053 937 1132 966 bitus
1146 946 1200 974 per
1213 938 1353 975 praedicta
1367 939 1398 966 in
1414 939 1563 967 intellectu
1579 939 1766 977 relinquitur,
1783 941 1837 969 ubi

1052 984 1246 1020 primordiale
1269 984 1497 1013 tundamentum
1520 988 1722 1014 creaturarum
1745 987 1837 1015 relin-

1053 1032 1164 1068 quitur,
1175 1035 1202 1060 et
1212 1041 1274 1060 esse
1289 1034 1320 1068 (b)
1331 1041 1393 1061 non
1403 1034 1518 1061 tantum
1530 1041 1584 1069 per
1597 1035 1837 1070 conspectionem

1053 1081 1273 1114 creaturarum,
1290 1079 1342 1108 sed
1360 1088 1414 1116 per
1435 1079 1658 1109 irradiationem
1679 1084 1707 1109 et
1724 1081 1836 1109 illumi-

1052 1126 1204 1154 nationem
1219 1126 1393 1161 immissam,
1407 1126 1637 1163 quodammodo
1652 1135 1735 1155 mens
1747 1135 1764 1155 a
1776 1129 1835 1156 Deo

1053 1172 1092 1200 ad
1107 1172 1338 1209 contemplanda
1352 1173 1455 1202 divina
1466 1173 1636 1210 praeclarius
1645 1174 1776 1202 elevatur
1790 1184 1796 1202 :
1809 1177 1837 1203 et

1052 1218 1113 1247 haec
1128 1219 1259 1255 potentia
1274 1221 1398 1248 vocatur
1411 1220 1605 1256 intellectiva,
1628 1221 1689 1249 sive
1704 1220 1836 1249 intellec-

1052 1268 1108 1301 tus,
1125 1274 1190 1302 quie
1203 1266 1301 1294 solum
1317 1267 1348 1294 in
1363 1267 1555 1295 meditatione
1566 1275 1643 1303 pura
1658 1267 1798 1296 consistit.

1099 1312 1202 1341 Ultimo
1227 1313 1325 1341 omnis
1350 1313 1504 1342 meditatio
1528 1314 1576 1341 vel
1603 1314 1815 1350 contemplatio
1827 1337 1835 1349 ‚

1052 1359 1114 1387 sine
1125 1359 1280 1387 affectione
1294 1360 1404 1388 amoris
1419 1361 1629 1397 subsequente,
1645 1369 1753 1397 parum
1767 1369 1835 1397 pro-

1053 1406 1127 1440 dest,
1143 1409 1193 1434 aut
1208 1407 1290 1434 nibil.
1303 1407 1384 1435 Unde
1397 1407 1468 1435 dicit
1477 1407 1656 1443 Augustinus
1670 1408 1753 1444 quod
1768 1408 1836 1436 licet

1052 1462 1169 1489 semper
1192 1453 1346 1482 volitando
1369 1454 1518 1489 cogitare,
1542 1456 1570 1481 et
1591 1454 1722 1482 amando
1744 1454 1835 1482 inhae-

1053 1508 1128 1536 rere,
1143 1503 1175 1528 ut
1188 1509 1304 1537 semper
1320 1501 1449 1536 cognitio
1461 1501 1508 1528 vel
1521 1501 1674 1529 meditatio
1688 1501 1836 1537 praecedat

1053 1548 1240 1575 allectionem
1256 1548 1378 1582 amoris,
1391 1548 1523 1576 secundo
1539 1548 1627 1575 ctiam
1643 1548 1744 1576 anima
1758 1548 1834 1576 fide-

1053 1593 1088 1621 lis
1103 1594 1165 1621 sine
1181 1595 1322 1622 omuibus
1345 1595 1410 1622 aliis
1432 1595 1587 1629 creaturis,
1603 1603 1657 1630 per
1670 1595 1766 1622 solam
1781 1603 1833 1622 co-

1053 1641 1216 1675 gnitionem
1230 1641 1394 1668 immissam
1409 1649 1427 1669 a
1444 1643 1512 1676 Deo,
1530 1641 1559 1668 iu
1575 1641 1639 1677 ipso
1655 1641 1791 1669 afficitur.

1089 1687 1169 1715 Alius
1184 1690 1281 1715 autem
1297 1687 1405 1715 modus
1420 1688 1621 1723 consurgendi
1642 1688 1671 1715 in
1687 1689 1778 1716 Deum
1793 1690 1835 1716 est

1054 1734 1147 1761 multo
1164 1734 1209 1761 his
1224 1734 1366 1761 omnibus
1378 1734 1519 1769 nobilior,
1533 1734 1679 1770 praedictis
1690 1735 1778 1762 etiam
1794 1734 1832 1762 ad

1054 1780 1227 1808 habendum
1242 1781 1373 1808 facilior:
1390 1781 1490 1808 ethaec
1505 1783 1547 1808 est
1556 1781 1699 1816 sapientia
1709 1781 1832 1815 unitiva,

1055 1835 1120 1862 quie
1146 1829 1188 1854 est
1212 1827 1241 1854 in
1266 1827 1377 1855 amoris
1405 1827 1553 1855 desiderio
1583 1835 1636 1863 per
1663 1827 1833 1855 affectiones

1054 1873 1254 1908 flammigeras
1269 1874 1404 1909 superius
1418 1873 1593 1909 aspirando,
1612 1882 1676 1909 quae
1690 1873 1833 1901 diffinitur

1055 1927 1071 1946 a
1084 1919 1170 1947 beato
1185 1920 1335 1955 Dionysio,
1347 1920 1424 1947 libro
1435 1920 1560 1956 septimo
1572 1921 1604 1947 de
1619 1922 1728 1947 Divinis
1741 1921 1833 1948 Nomi-

1055 1967 1143 1999 nibus,
1159 1966 1199 1993 sic
1219 1976 1224 1993 :
1241 1967 1417 2002 «Sapientia
1438 1968 1479 1993 cst
1503 1965 1688 1994 divinissima
1712 1967 1760 1994 Dei
1783 1974 1832 1994 co-

1055 2011 1147 2046 gnitio
1169 2020 1222 2048 per
1243 2013 1442 2048 ignorantiam
1463 2013 1580 2048 cognita
1597 2012 1642 2048 (c),
1667 2013 1832 2040 secundum

1055 2058 1217 2086 unitionem
1242 2067 1331 2095 super
1357 2061 1504 2093 mentem,
1534 2059 1657 2095 quando
1685 2067 1769 2086 mens
1794 2060 1833 2087 ab

1055 2105 1194 2132 omnibus
1218 2105 1282 2132 aliis
1303 2105 1459 2140 recedens,
1481 2108 1582 2141 postea
1603 2106 1690 2133 etiam
1705 2106 1832 2140 seipsam

1055 2150 1220 2185 dimittenS,
1244 2152 1325 2179 unita
1349 2155 1391 2179 est
1409 2151 1724 2187 supersplendentibus
1742 2151 1832 2179 radiis

1054 2197 1251 2232 inscrutabili,
1278 2200 1306 2225 et
1331 2198 1481 2233 profundo
1505 2197 1655 2237 sapientise
1680 2198 1830 2225 illumina-

1054 2246 1081 2271 ta
1093 2245 1140 2279 (d).
1154 2255 1166 2269 »
1186 2244 1264 2271 Unde
1281 2244 1311 2270 in
1326 2244 1381 2271 hac
1396 2244 1550 2279 sapientia,
1568 2244 1731 2271 secundum
1748 2245 1831 2280 quod

1054 2290 1159 2317 dicitur
1168 2290 1196 2316 in
1205 2290 1351 2326 principio
1359 2291 1643 2324 Mystic<1*Theoloqioe,
1657 2301 1669 2316 «
1678 2291 1718 2318 sic
1729 2298 1831 2318 sensus

1054 2339 1081 2363 et
1096 2336 1247 2363 sensibilia
1262 2336 1446 2372 derelinque,
1458 2336 1655 2371 intelligibilia
1671 2340 1698 2364 et
1712 2345 1772 2364 non
1787 2338 1831 2364 in-

1054 2382 1235 2417 telligibilia,
1247 2394 1259 2406 »
1278 2385 1330 2410 etc.
1348 2383 1428 2410 Unde
1444 2383 1498 2410 ista
1516 2383 1659 2418 sapientia
1674 2384 1736 2410 sine
1749 2384 1829 2410 omni

1052 2429 1288 2464 investigatione,
1299 2429 1347 2457 vel
1359 2430 1549 2457 meditatione
1565 2430 1687 2465 praevia,
1702 2431 1828 2457 amantis

1051 2476 1187 2502 affectum
1205 2484 1320 2502 sursum
1344 2476 1440 2511 trahit.
1463 2476 1542 2503 Unde
1567 2484 1628 2503 non
1650 2476 1692 2503 ibi
1714 2478 1830 2511 oportet

1051 2522 1194 2556 cogitare,
1214 2530 1268 2549 nec
1284 2522 1320 2549 de
1336 2523 1491 2556 creaturis,
1506 2530 1561 2549 nec
1580 2522 1617 2549 de
1632 2522 1759 2556 angelis,
1774 2530 1828 2550 nec

1051 2568 1087 2595 de
1102 2568 1254 2601 Trinitate,·
1272 2569 1343 2604 quia
1357 2569 1418 2596 hcec
1432 2568 1575 2604 sapientia
1589 2576 1650 2595 non
1666 2576 1719 2603 per
1733 2569 1827 2596 medi-

1050 2630 1111 2654 liam
1122 2631 1280 2661 accipitet-‚0⁷
1294 2632 1329 2661 (d)
1346 2632 1387 2655 Al.
1404 2633 1510 2662 iulet-pr.
1527 2631 1618 2661 quibus
1632 2630 1658 2654 iu
1674 2630 1714 2654 illo
1730 2631 1825 2655 inseru-

1050 2666 1116 2689 nihili
1135 2666 1264 2697 sapientiai·
1281 2668 1408 2698 profundo
1425 2668 1595 2691 collustratur.
