2004 3037
563 175 611 208 DE
633 174 893 209 CORRUPTELA
915 173 1090 206 PECCATl.
1111 175 1196 207 CAP.
1222 176 1287 209 Vll.

118 243 190 271 dam
203 245 271 272 sunt
284 243 500 279 indifferentia,
516 246 548 272 ut
561 251 628 280 quae
648 251 703 272 nec
724 243 823 277 bona,
842 250 898 270 nec

118 289 200 318 mala
213 292 300 325 sunt,
315 293 440 326 possunt
463 293 563 319 tamen
576 289 625 318 vel
638 289 721 318 bona
732 311 741 324 ,
756 290 804 318 vel
818 289 898 318 mala

117 335 199 368 fieri,
215 336 290 364 sicut
307 339 350 365 est
367 345 489 366 movere
503 336 613 373 pedem
628 337 690 365 sine
706 336 896 365 deliberatio—

117 390 171 418 ne,
187 383 236 411 vel
251 383 435 420 quandoque
451 383 618 412 comedere.

383 477 526 510 CAPUT
550 477 625 512 VII.

347 549 385 576 De
408 549 518 584 Effectu
546 550 662 585 peccati.

150 616 238 645 Multa
251 616 331 644 mala
344 616 414 644 facit
426 617 542 645 homini
560 619 716 654 peccatum
731 620 798 646 ante
815 625 894 645 mor-

115 664 192 697 tem,
212 662 243 690 in
260 665 373 698 morte,
388 665 497 699 etpost
521 666 658 693 mortem.
675 666 747 692 Ante
768 666 896 693 mortem

115 710 177 738 haec
191 709 271 738 mala
286 711 425 746 operatur
438 719 444 738 :
462 711 612 739 naturalia
625 711 763 739 vulnerat
773 733 782 746 ,
804 713 837 739 ut
857 711 895 739 si-

115 756 270 791 gnificatur
284 756 316 784 in
329 757 381 785 illo
396 757 416 792 ¹,
433 757 484 793 qui
499 757 602 786 incidit
616 759 647 786 in
662 758 808 793 13110035,
825 759 895 786 item

114 803 280 832 intellectus
295 804 470 832 obscuratur
484 804 516 832 in
530 805 700 839 cognitione
715 805 792 839 veri,
810 807 838 833 et
852 806 895 833 afm

115 849 207 878 fectus
232 851 353 886 tepescit
376 851 408 879 in
439 851 610 887 operatione
647 852 730 880 boni.
760 852 896 880 Gratuitis

115 897 224 932 spoliat
237 898 248 913 ¹³
264 906 271 925 ε
288 899 411 932 Dispersz‘
430 901 493 926 sunt
517 899 621 934 lapides
643 901 797 926 sanctuarii
808 920 816 933 ,
839 902 894 927 etc.

115 943 173 970 Sed
187 951 224 971 ne
241 943 367 980 aliquod
380 945 496 972 bonum
515 947 642 980 pereat,
655 945 708 972 illa
721 945 812 980 bona,
829 954 896 982 quae

115 989 182 1025 quis
205 990 359 1025 peccando
379 990 553 1024 mortificat,
578 991 642 1019 aliis
665 991 817 1019 salvandis
839 992 893 1020 da·-

114 1035 235 1070 huntur,
250 1036 325 1064 sicut
340 1037 462 1073 quando
478 1038 628 1073 corporali
643 1040 737 1066 morte
753 1038 819 1074 quis
833 1047 894 1066 mo-

113 1082 196 1118 ritur,
211 1082 314 1110 fratres
329 1085 357 1111 et
374 1083 536 1120 propinqui
552 1084 583 1111 in
605 1084 694 1112 bonis
710 1085 772 1119 ejus
792 1094 893 1113 succe-

114 1128 198 1156 dunt.
225 1130 361 1157 Animam
385 1130 514 1158 maculat
529 1131 538 1148 ³
559 1140 567 1157 :
589 1132 740 1165 Deniyrata
759 1134 796 1159 est
813 1141 894 1167 super

113 1175 238 1204 carbones
249 1178 335 1210 facies
349 1185 449 1204 eorum.
467 1177 513 1204 Ad
527 1185 649 1213 poenam
663 1180 804 1206 aeternam
820 1179 893 1207 obli-

112 1226 162 1258 gat
173 1222 183 1239 ⁶
201 1233 207 1252 :
225 1225 395 1260 Quacumque
409 1226 454 1253 die
469 1226 613 1253 comederis
628 1234 661 1253 ea:
676 1235 704 1253 eo
714 1247 723 1259 ,
738 1229 818 1254 morte
832 1235 891 1254 mo-

112 1271 202 1298 rieris.
220 1271 435 1300 Conscientiam
446 1273 590 1300 amaricat
603 1273 612 1289 ⁵
630 1282 636 1300 z
656 1273 724 1301 Vide
740 1282 821 1308 quam
837 1283 892 1301 ma-

113 1317 169 1344 lum
190 1320 215 1344 et
235 1326 358 1346 amarum
376 1321 415 1346 est
433 1321 457 1347 te
480 1320 670 1355 derelz'quissse
698 1322 782 1347 Deum
805 1325 890 1348 tuum.

113 1363 252 1392 lndurat⁸
265 1374 271 1392 :
287 1367 415 1393 Peccator
426 1374 483 1394 cum
495 1368 525 1394 in
535 1367 705 1402 profundum
718 1371 891 1402 peccatorum

111 1413 233 1445 venerit,
248 1414 404 1440 contemnit.
421 1413 624 1441 Insensibilem
640 1413 738 1441 reddit
752 1415 761 1431 ⁷
782 1423 787 1442 :
808 1416 891 1442 Visus

112 1460 151 1484 est
166 1459 204 1485 eis
219 1460 298 1492 quast
313 1459 406 1486 ludens
427 1461 511 1494 loqui.
533 1460 632 1487 Simile
654 1460 747 1488 habes
766 1461 797 1488 in
817 1469 890 1489 canc

112 1504 349 1540 submergendo,
366 1506 418 1541 qui
432 1514 494 1534 non
506 1506 592 1533 sentit
605 1506 737 1542 lapidem
753 1507 784 1534 in
800 1508 889 1541 collo,

112 1551 209 1579 donec
223 1551 254 1578 in
267 1560 378 1588 aquam
400 1554 482 1580 extra
499 1561 608 1581 navem
624 1553 807 1589 projiciatur.
824 1555 892 1582 Ani-

111 1605 192 1625 mam
210 1598 332 1633 occidit,
348 1599 418 1634 quia
432 1608 504 1628 vera
518 1600 588 1634 vita,
609 1600 641 1627 id
666 1602 708 1628 est
731 1602 804 1634 Deo,
827 1601 887 1637 pri-

112 1644 208 1672 vat⁸z
231 1645 297 1672 Saul
316 1647 402 1673 irruit
427 1648 458 1673 in
479 1647 603 1681 yladium
626 1655 715 1675 suum.
740 1647 797 1675 Sed
819 1650 890 1675 nota

111 1691 196 1727 quod
215 1694 369 1727 peccatum
392 1693 507 1721 veniale
530 1693 661 1729 disponit
682 1694 721 1722 ad
739 1696 887 1730 mortem3

110 1738 236 1766 mortale
260 1746 332 1767 vero
356 1739 442 1767 infert
467 1741 620 1775 mortem3
650 1741 703 1768 sed
729 1741 888 1769 obstinaiio

111 1784 221 1812 detinet
233 1785 264 1812 in
274 1787 378 1814 morte.
395 1786 440 1815 Ad
455 1786 513 1814 alia
528 1789 649 1822 peccata
663 1788 751 1815 trahit
767 1797 773 1815 :
792 1796 890 1816 exem-

109 1830 193 1866 plum
222 1831 368 1860 habemus
394 1833 431 1861 de
460 1834 530 1861 Cain
546 1855 555 1868 ,
584 1834 635 1870 qui
654 1835 664 1851 ⁹
697 1843 830 1870 egressus
857 1835 888 1862 in

110 1885 232 1912 agrum,
249 1879 357 1907 occidit
370 1879 491 1908 fratrem
506 1889 594 1908 suum
610 1881 691 1908 Abel.
714 1883 752 1909 De
767 1881 825 1909 hoc
842 1882 887 1909 di-

110 1924 148 1951 cit
162 1925 316 1959 Gregorius
328 1925 348 1942 ¹⁰
365 1935 371 1953 :
383 1936 395 1952 ι(
407 1928 561 1955 Peccatum
577 1928 661 1963 quod
675 1936 728 1964 per
742 1929 888 1964 poeniten-

110 1970 181 1998 tiam
195 1978 256 1998 non
275 1972 411 2007 diluitur,
426 1982 498 2001 mox
517 1983 570 2002 suo
592 1975 726 2010 pondere
748 1975 787 2002 ad
805 1976 887 2003 aliud

110 2017 228 2044 trahit.»
242 2019 418 2054 Exemplum
427 2020 520 2048 habes
539 2021 628 2048 etiam
646 2021 677 2048 in
691 2021 803 2056 figura:
821 2024 887 2050 Cor-

110 2071 164 2090 vus
176 2064 194 2080 ¹¹
206 2072 338 2099 egressus
349 2065 386 2092 de
400 2074 478 2100 arca,
497 2066 674 2102 interceptus
690 2069 732 2095 est
744 2069 829 2103 aquis
836 2078 843 2103 ;
861 2071 888 2096 et

110 2110 182 2138 Dina
199 2109 218 2127 ¹²
238 2119 373 2146 egressa,
388 2115 419 2139 ut
438 2112 566 2147 videret,
589 2115 643 2141 etc.
656 2135 664 2147 ,
689 2114 886 2149 virginitatem

110 2157 221 2192 amisit3
238 2159 266 2185 et
279 2159 369 2186 Judas
385 2160 407 2176 ¹³
421 2167 564 2194 egressuS,
581 2160 729 2187 Christum
743 2161 866 2188 tradidit
878 2170 884 2194 3

110 2205 137 2230 et
150 2206 216 2239 post
230 2205 410 2233 adulterium
425 2206 517 2234 David
533 2208 565 2241 Ν,
581 2209 714 2234 secutum
730 2210 771 2235 est
791 2207 886 2234 homi-

110 2249 230 2278 cidium.
254 2253 286 2279 Et
300 2252 340 2279 sic
361 2254 440 2288 patet
455 2253 539 2289 quod
562 2256 717 2289 peccatum
733 2257 775 2281 est
798 2263 886 2290 poena

109 2298 230 2331 peccati.
247 2299 400 2327 Peccatum
415 2300 511 2335 enim,
528 2302 693 2329 secundum
709 2302 792 2337 quod
809 2302 839 2329 in
855 2310 883 2329 se

109 2346 152 2370 est
166 2344 266 2380 culpa,
282 2346 474 2381 praecedentis
488 2348 600 2383 peccati
616 2348 723 2376 dicitur
739 2357 817 2383 poena.
828 2370 836 2383 ,
859 2351 886 2376 et

110 2389 149 2417 ita
169 2390 275 2418 dicitur
296 2392 411 2428 aliquid
433 2393 520 2420 simul
541 2394 629 2430 culpa
654 2397 681 2422 et
699 2403 807 2431 pcena;
833 2396 885 2423 sed

108 2436 220 2464 ratione
233 2437 355 2466 actionis
366 2439 473 2467 dicitur
485 2442 579 2476 culpa,
593 2450 673 2476 poena
686 2450 757 2469 vero
769 2442 883 2470 ratione

144 2523 233 2553 'Luc.‚
254 2532 280 2555 x,
300 2527 339 2550 30.
354 2540 384 2544 -
401 2527 530 2558 ²·„Tlt7en
551 2533 586 2558 1v,
606 2530 628 2552 1.
644 2528 703 2546 -3
723 2528 797 2559 thid„
817 2530 840 2552 S.
855 2542 884 2546 —

110 2558 167 2579 ι(ἐν
156 2566 204 2585 ’,3.,11
220 2565 248 2590 11,
265 2562 302 2585 17.
318 2563 486 2593 -5Jerem,
503 2568 532 2593 11,
550 2565 587 2588 19.
602 2564 754 2594 -3Ρ1-ου,
770 2548 844 2595 51111,
862 2567 882 2588 l.

110 2607 139 2610 —
155 2594 162 2607 ⁷
180 2595 241 2618 Gen
245 2603 320 2627 ,x1x,
338 2599 375 2621 14.
388 2611 418 2616 -
435 2599 555 2630 ⁸1Re9.,
573 2606 646 2631 xxxi,
661 2601 683 2625 4.
697 2600 834 2628 -36011,
849 2607 883 2631 ιν,

111 2631 132 2653 8
153 2644 182 2647 —
203 2633 221 2647 ¹0
242 2632 446 2664 Greg..Mor‹1l.
467 2637 510 2661 lib.
530 2638 607 2668 XXV,
627 2643 702 2661 c.1x.
721 2650 750 2654 ——
776 2637 883 2668 ¹¹Ge11.‚

1675 185 1732 213 127

954 241 1117 277 passionis,
1133 243 1203 278 quia
1218 244 1306 280 culpa
1327 247 1369 274 est
1390 245 1474 282 quod
1487 246 1629 282 facimus,
1644 257 1735 284 poena

954 296 1026 316 vero
1041 288 1126 325 quod
1140 289 1280 325 patimur.
1294 291 1371 320 Licet
1383 292 1472 328 igitur
1483 294 1580 322 omnis
1595 295 1683 332 culpa
1697 297 1734 324 sit

953 342 972 361 a
987 335 1089 369 nobis,
1105 343 1167 363 non
1183 338 1282 365 tamen
1307 339 1403 366 omnis
1417 347 1506 375 poena
1528 343 1571 369 est
1594 349 1612 369 a
1625 342 1714 370 nobis
1725 364 1733 378 ‚

954 380 1013 408 imo
1030 382 1169 417 quaedam
1184 385 1227 410 est
1241 391 1259 411 a
1272 383 1360 412 nobis
1379 388 1462 420 acta,
1487 388 1626 423 quaedam
1641 397 1659 416 a
1676 391 1734 418 Deo

953 427 1074 462 inflicta,
1084 429 1224 464 quaedam
1236 438 1254 458 a
1267 431 1372 466 primis
1386 434 1560 468 parentibus
1573 437 1732 464 contracta.

954 476 985 501 Et
1001 475 1072 511 quia
1086 483 1155 503 eum
1170 477 1221 512 qui
1236 476 1305 505 facit
1318 478 1402 514 quod
1417 487 1479 507 non
1495 480 1601 516 debet,
1622 483 1734 518 justum

954 522 996 548 est
1011 521 1071 556 pati
1082 523 1166 558 quod
1176 523 1266 551 debet
1273 533 1282 559 3
1296 524 1364 552 ideo
1377 526 1474 554 omnis
1485 535 1574 562 poena
1589 530 1631 556 est
1643 529 1732 565 justa,

954 569 1013 595 eta
1029 567 1131 596 divina
1143 569 1332 605 providentia
1355 572 1501 601 ordinata.
1527 575 1613 608 Quod
1635 578 1735 604 autem

952 621 1047 641 unum
1062 617 1217 650 peccatum
1232 620 1370 646 nascatur
1384 627 1420 646 ex
1436 620 1495 648 alio
1507 642 1515 655 ,
1531 621 1572 649 sic
1586 625 1711 658 apparet
1726 633 1732 650 :

953 661 1094 696 superbia
1108 662 1205 698 enim,
1222 664 1293 699 quia
1307 665 1371 693 vult
1386 674 1491 694 omnes
1506 668 1666 704 excellere,
1682 669 1736 697 do-

953 707 993 735 let
1007 708 1031 735 si
1047 708 1155 745 aliquis
1171 710 1198 737 ei
1213 713 1355 747 aequetur,
1373 715 1400 740 et
1423 713 1465 741 sic
1488 722 1524 741 ex
1547 723 1582 742 ea
1605 716 1735 745 nascitur

952 754 1083 790 invidia3
1096 755 1210 785 invidia
1222 757 1258 793 (a)
1270 766 1353 794 vero,
1370 759 1441 795 quia
1455 760 1492 788 cle
1506 761 1585 789 facili
1601 762 1735 791 irascitur

953 801 980 828 ei
994 801 1041 829 eui
1055 802 1185 839 invidet,
1202 804 1271 832 ideo
1287 813 1322 833 ex
1337 814 1372 834 ea
1387 807 1517 835 nascitur
1532 808 1576 837 ira
1586 819 1594 844 ,-
1611 810 1663 838 53(1
1679 811 1733 846 ira,

952 856 1020 876 cum
1032 857 1091 876 non
1107 852 1202 885 potest
1212 859 1242 879 53
1254 852 1421 888 vindicare,
1433 854 1607 889 tristatur,et
1617 857 1686 884 ideo
1697 865 1733 885 ex

953 903 986 922 ea
1001 895 1131 924 nascitur
1146 897 1265 932 acedia3
1283 899 1386 927 acedia
1401 908 1473 928 vero
1496 902 1731 931 consolationem

952 949 1089 977 quaerens
1104 942 1135 970 in
1150 945 1360 980 exterioribus,
1377 946 1446 975 facit
1468 956 1593 976 avarum
1602 959 1610 984 3
1637 951 1732 979 avari-

951 990 990 1018 tia
1005 994 1104 1019 autem
1114 1014 1122 1027 ,
1140 993 1211 1029 quia
1226 994 1257 1021 in
1274 996 1488 1030 temporalibus
1512 998 1660 1032 abundat,
1674 1008 1730 1035 po-

952 1039 1005 1064 test
1018 1039 1114 1073 magis
1130 1047 1266 1068 exercere
1280 1041 1400 1077 gulam,
1417 1043 1488 1077 gula
1504 1052 1594 1078 vero,
1610 1049 1732 1082 propter

950 1085 1060 1111 ventris
1075 1086 1287 1121 repletionem,
1306 1088 1343 1115 de
1358 1088 1436 1116 facili
1452 1093 1571 1125 spumat
1585 1092 1615 1119 iu
1630 1092 1731 1120 libidi-

950 1138 1034 1165 nem,
1051 1134 1079 1159 et
1095 1132 1135 1160 ita
1151 1136 1270 1168 generat
1283 1134 1444 1163 luxuriam.
1464 1138 1535 1165 ltem
1548 1138 1647 1173 bona,
1665 1148 1731 1175 quae

949 1176 1041 1211 fiunt,
1055 1178 1239 1208 infructuosa
1253 1181 1367 1215 reddit,
1383 1184 1411 1210 et
1425 1186 1570 1218 quantum
1588 1185 1626 1213 ad
1641 1187 1729 1214 meri-

949 1225 1027 1259 tum,
1050 1226 1077 1252 et
1100 1228 1246 1261 quantum
1272 1228 1310 1256 ad
1332 1229 1486 1264 praemium
1506 1239 1513 1257 ε
1536 1231 1611 1259 sicut
1630 1240 1731 1261 ramus

948 1270 1086 1305 praecisus
1101 1272 1138 1299 ab
1155 1273 1278 1308 arbore,
1300 1282 1361 1302 non
1385 1276 1497 1311 profert
1514 1277 1661 1313 fructum,
1678 1281 1731 1308 sed

949 1317 1069 1353 arescit,
1085 1320 1113 1346 et
1126 1319 1299 1348 habilitatur
1314 1322 1353 1349 ad
1367 1321 1551 1352 incendium.
1568 1326 1606 1353 De
1622 1326 1731 1355 talibus

949 1363 1054 1392 dicitur
1067 1365 1088 1383 ¹5
1100 1375 1107 1393 z
1119 1367 1284 1395 Maledictus
1299 1370 1353 1396 eris
1363 1370 1528 1405 z'rzqredz'cns,
1541 1375 1565 1398 et
1581 1373 1729 1408 egrediens,

948 1410 1058 1439 scilicet
1083 1412 1240 1441 ecclesiam
1267 1415 1450 1444 materialem
1481 1417 1520 1444 ad
1545 1419 1695 1447 orandum
1721 1431 1727 1448 :

948 1457 1019 1492 quia
1033 1458 1138 1486 talium
1154 1460 1248 1488 oratio
1263 1469 1325 1489 non
1340 1465 1382 1490 est
1396 1464 1566 1498 meritoria,
1583 1465 1643 1493 imo
1660 1467 1730 1495 dicit

947 1504 1139 1540 Augustinus,
1156 1507 1239 1541 quod
1254 1508 1277 1534 si
1295 1509 1366 1536 tales
1382 1517 1468 1537 cruce
1486 1519 1516 1538 se
1532 1511 1664 1547 signent,
1685 1514 1729 1541 in-

947 1550 1070 1578 cludunt
1090 1553 1188 1587 potius
1212 1554 1243 1581 in
1264 1563 1294 1582 se
1319 1555 1489 1592 diabolum,
1516 1567 1608 1594 quam
1629 1561 1728 1588 exclu-

947 1597 1037 1631 dant,
1053 1598 1124 1634 quia
1145 1599 1207 1634 jam
1221 1600 1251 1627 in
1268 1601 1310 1628 eis
1324 1610 1377 1637 per
1394 1603 1529 1632 effectum
1545 1606 1668 1634 habitat.
1686 1609 1727 1636 Ex

945 1643 1066 1672 homine
1081 1645 1231 1674 infernum
1254 1647 1342 1683 facit,
1364 1650 1436 1685 quia
1455 1651 1486 1678 in
1506 1655 1661 1686 peccatore
1685 1658 1727 1682 est

945 1689 1023 1725 ignis
1038 1692 1177 1727 avaritiae,
1192 1692 1279 1721 foetor
1293 1694 1428 1731 luxuriae,
1445 1698 1594 1727 tenebrae
1587 1707 1727 1734 lgnoran

946 1736 1005 1771 tiae,
1021 1739 1132 1766 vermis
1151 1740 1352 1777 conscientiae,
1376 1743 1436 1770 sitis
1461 1746 1723 1784 concupiscentiae,

946 1783 1096 1812 daemones
1110 1794 1164 1821 per
1179 1787 1335 1823 effectum,
1351 1791 1378 1816 et
1392 1790 1576 1825 hujusmodi.
1594 1795 1724 1823 vacuum

945 1830 1066 1858 tandem
1075 1832 1228 1861 hominem
1243 1835 1384 1872 relinquit
1400 1838 1442 1854 ¹⁵
1436 1839 1544 1866 ,wTevza
1559 1844 1617 1868 ciat
1632 1843 1724 1870 z'nam's

944 1879 970 1902 et
987 1885 1082 1905 vacua.
1104 1881 1137 1906 Et
1157 1881 1262 1909 merito
1276 1903 1284 1916 ‚
1312 1883 1383 1918 quia
1404 1885 1518 1912 mundo
1541 1886 1724 1916 adhaerentes

943 1926 1052 1957 sugunt
1065 1925 1159 1953 ubera
1174 1927 1275 1962 arida,
1285 1937 1320 1956 eo
1335 1930 1419 1965 quod
1429 1931 1602 1968 relinquunt
1612 1934 1723 1963 fontem

943 1969 1026 2005 vitae,
1041 1973 1068 1998 et
1082 1980 1190 2001 venam
1205 1982 1352 2010 aquarum
1367 1977 1549 2014 viventium,
1565 1983 1593 2008 et
1606 1981 1723 2016 paludi

944 2016 1000 2043 bus
1020 2018 1146 2046 turbidis
1164 2028 1194 2047 se
1210 2021 1324 2049 satiant.
1351 2024 1421 2050 item
1442 2024 1573 2054 fallendo
1596 2028 1720 2064 decipit,

943 2063 1016 2091 sicut
1030 2064 1144 2099 lignum
1154 2067 1309 2101 putridum
1323 2068 1359 2096 de
1374 2072 1460 2098 nocte
1476 2071 1592 2107 lucens,
1610 2077 1636 2102 ct
1648 2075 1721 2103 sicut

943 2117 1009 2136 35(3
1022 2110 1051 2137 in
1063 2111 1154 2138 hamo
1166 2112 1259 2140 latens
1270 2114 1381 2149 piscem
1395 2116 1512 2153 decipit.
1531 2120 1656 2148 Stultum
1670 2122 1721 2150 ho-

943 2156 1054 2183 minem
1080 2157 1281 2194 demonstrat,
1307 2162 1377 2197 quia
1400 2166 1553 2199 peccando
1579 2168 1645 2203 quis
1665 2169 1720 2196 sibi

943 2211 1017 2231 onus
1032 2205 1070 2232 ad
1085 2214 1115 2232 se
1131 2206 1362 2242 deprimendum
1378 2210 1519 2247 imponit,
1536 2216 1563 2241 et
1576 2213 1658 2249 ligna
1672 2224 1720 2244 su-

942 2258 994 2285 per
1009 2251 1132 2280 dorsum
1147 2262 1234 2281 suum
1247 2257 1407 2285 cremanda
1422 2259 1545 2294 colligit,
1562 2263 1588 2288 et
1604 2262 1646 2289 illi
1663 2271 1722 2290 ser—

943 2297 992 2332 vit,
1005 2298 1056 2333 qui
1071 2307 1204 2335 cumpro
1214 2302 1335 2330 servitio
1347 2306 1507 2340 torquebit.
1524 2310 1702 2343 Augustinus
1715 2320 1720 2338 :

943 2353 957 2368 «
972 2345 1096 2373 Stultum
1110 2349 1151 2373 est
1166 2347 1197 2374 in
1211 2348 1261 2375 tali
1277 2351 1352 2378 statu
1372 2351 1471 2380 vivere
1483 2374 1492 2387 ,
1515 2354 1545 2381 in
1568 2363 1629 2390 quo
1656 2358 1721 2392 quis

942 2398 1002 2418 non
1017 2392 1106 2420 audet
1120 2394 1206 2421 mori.
1222 2405 1234 2420 n
1261 2396 1395 2432 Sequitur
1411 2399 1493 2434 quod
1512 2404 1666 2435 peccatum
1690 2403 1720 2430 in

941 2440 1034 2466 morte
1048 2442 1151 2474 gravat
1164 2441 1335 2478 hominem,
1350 2444 1421 2480 quia
1434 2445 1464 2473 in
1479 2449 1573 2475 morte
1589 2449 1720 2483 privatur

940 2484 1032 2513 homo
1051 2487 1156 2515 solatio
1179 2488 1360 2526 visibilium,
1380 2500 1445 2528 quae
1467 2493 1587 2529 dilexit,
1611 2496 1721 2524 scilicet

941 2564 997 2589 1111,
1014 2561 1036 2583 6.
1052 2561 1308 2593 —'-Gt27.1,xxx1v,
1325 2566 1332 2587 1
1352 2566 1377 2588 et
1393 2572 1446 2597 seq.
1452 2580 1477 2583 —
1497 2567 1514 2583 ·3
1528 2568 1617 2592 [1131211.
1624 2576 1718 2600 ΗΧΧῊ

944 2596 978 2618 Π.
993 2608 1022 2613 ·—
1043 2597 1063 2613 ’θ
1082 2597 1099 2620 ll
1122 2598 1253 2628 Rey.x1
1272 2600 1298 2622 17
1320 2602 1462 2632 (11531.-
1480 2604 1500 2620 ¹⁵
1515 2604 1716 2637 Deut.,xxv111,

944 2634 979 2657 29.
988 2645 1017 2649 —
1031 2632 1048 2645 ¹⁶
1061 2632 1132 2661 Gen„
1146 2639 1165 2663 1,
1181 2635 1204 2657 2.
1220 2646 1249 2651 -
1264 2634 1299 2665 (a)
1315 2635 1375 2659 Caet.
1392 2636 1452 2661 edzt.
1472 2638 1582 2663 invidus.
