2004 3037
244 184 304 215 218

244 252 311 279 sunt
325 250 482 286 conjuncta
504 250 599 279 radici
621 252 773 288 merendi,
789 253 899 282 scilicet
919 253 1016 282 chari—

243 298 308 333 tati,
333 297 471 326 dicuntur
492 297 612 334 vivere3
637 300 760 335 quando
782 303 880 330 autem
903 301 942 329 ab
966 300 1018 329 illa

243 346 434 380 separantur,
457 344 595 373 dicuntur
620 347 793 376 mortificari
805 357 814 383 ;
841 350 869 376 et
894 347 1017 384 quando

243 392 443 426 revertuntur,
458 391 597 421 dicuntur
617 393 785 430 vivificari,
809 394 880 431 quia
894 394 1019 423 redeunt

243 437 283 465 ad
297 439 404 466 statum
420 446 479 467 suae
494 439 629 475 originis,
646 441 785 470 videlicet
797 441 898 477 gratiae
912 443 940 469 et
951 441 1018 470 cha-

242 484 345 559 rigatis,
356 487 384 513 et
394 485 466 521 quia
480 486 580 516 valent
592 487 631 515 ad
643 488 789 523 majorem
803 488 1019 517 radicationem

243 539 258 558 c
281 531 402 561 aritatis.

487 613 625 647 CAPUT
647 613 772 648 XXIII.

441 692 479 719 De
499 693 626 727 partibus
647 693 822 721 Poenitentz'oe.

280 768 377 797 Partes
390 769 567 805 poenitentiae
578 769 738 805 integrales
751 771 819 798 sunt
832 771 898 804 tres,
912 769 1021 797 scilicet

246 815 392 850 contritio,
405 816 549 844 confessio
565 819 593 844 et
607 816 775 845 satisfactio.
789 816 929 851 Quamvis
941 816 1020 844 enim

246 863 496 898 complementum
515 856 626 899 peceati
648 863 741 900 possit
763 871 826 892 esse
846 863 876 891 in
895 865 961 890 actu
974 871 1020 890 so-

245 909 309 938 lum
332 909 405 944 oris,
421 912 449 938 et
472 911 569 939 cordis
591 911 706 945 solum,
726 911 774 938 vel
796 910 886 938 trium
910 909 1018 944 simu13

245 959 344 985 tamen
359 957 398 985 ad
413 958 624 993 perfectionem
637 957 813 994 poenitentiae
829 957 955 993 exigitur
968 957 1020 984 ho-

245 1011 311 1032 rum
333 1004 422 1032 trium
444 1005 633 1040 aggregatio,
657 1005 727 1033 licet
750 1004 789 1032 ad
810 1012 872 1032 esse
893 1003 1021 1040 simplex

245 1050 368 1079 sufficiat
383 1051 517 1079 contritio
539 1052 570 1079 in
591 1054 656 1080 actu
667 1073 677 1086 ,
693 1053 721 1080 et
735 1051 880 1080 confessio
895 1053 923 1079 et
937 1051 1020 1079 satis-

244 1097 332 1125 factio
347 1097 378 1126 in
398 1099 562 1135 proposito.
582 1100 645 1127 Non
660 1099 739 1127 enim
761 1099 792 1126 in
806 1098 866 1132 his,
882 1105 949 1134 quae
968 1098 1020 1126 ha-

245 1144 316 1172 bent
337 1153 399 1173 esse
421 1146 621 1174 successivum
641 1167 650 1181 ,
675 1146 800 1181 exigitur
821 1145 905 1181 quod
923 1147 1021 1181 partes

244 1192 402 1227 integrales
415 1193 472 1221 sint
486 1193 592 1228 simul3
609 1193 662 1221 sed
677 1193 804 1229 exigitur
821 1193 879 1220 hoe
893 1193 923 1220 in
938 1195 999 1221 toto
1010 1213 1019 1227 ‚

245 1240 328 1276 quod
342 1240 432 1268 habet
444 1249 506 1268 esse
520 1249 710 1276 permanens.

280 1287 365 1320 Quod
385 1289 483 1315 autem
498 1289 555 1314 tres
577 1288 634 1315 sint
656 1290 753 1323 partes
768 1287 944 1324 poenitentiae
955 1307 963 1320 ‚
979 1286 1020 1314 sic

245 1333 435 1361 ostenditur:
457 1334 627 1362 Poenitcntia
652 1337 694 1362 est
718 1335 873 1370 quoddam
901 1335 1020 1370 sponta-

245 1389 335 1409 neum
358 1381 504 1416 judicium
520 1403 529 1416 ,
556 1382 587 1409 in
615 1390 676 1418 quo
705 1382 840 1410 contritio
866 1383 909 1409 est.
935 1380 1020 1416 quasi

245 1429 384 1465 quaedam
398 1429 513 1465 citatio;
531 1429 582 1457 ubi
598 1429 730 1466 sequitur
751 1430 793 1457 rei
809 1431 876 1457 ante
888 1428 1021 1464 judicem

245 1479 408 1513 spontanea
423 1477 568 1505 confessio
581 1487 588 1509 ς
605 1477 712 1505 deinde
727 1477 860 1512 sequitur
873 1484 927 1512 per
940 1475 1021 1510 judi-

246 1532 310 1552 cem
322 1524 466 1560 impositoe
480 1523 614 1552 emendae
632 1524 750 1551 solutio.
770 1523 827 1551 Sed
848 1523 879 1550 in
892 1523 950 1550 hoc
965 1521 1021 1549 dif-

245 1571 454 1607 fertjudicium
470 1571 527 1599 sori
542 1579 559 1599 a
571 1571 684 1606 judicio
706 1570 785 1607 poli,
805 1570 877 1606 quia
891 1570 933 1597 ibi
949 1577 1019 1597 con-

244 1618 336 1647 fessus
355 1627 372 1646 a
387 1619 453 1654 jure
478 1618 708 1651 condemnatur,
725 1619 752 1644 et
774 1617 821 1644 hic
845 1616 1019 1644 absolvitur.

281 1665 344 1693 Alia
368 1667 409 1693 est
430 1665 559 1701 partium
578 1665 700 1692 istarum
724 1663 898 1691 sufficientia
921 1673 926 1690 :
951 1663 1022 1699 quia

246 1721 314 1740 cum
329 1720 417 1740 omne
435 1715 589 1748 peccatum
605 1711 804 1739 committatur
819 1710 909 1738 corde
920 1732 928 1744 ‚
946 1717 997 1736 ore
1012 1730 1019 1743 ‚

246 1759 293 1786 vel
309 1767 413 1795 opere,
426 1759 537 1793 justum
553 1761 595 1786 est
614 1760 645 1785 ut
667 1765 721 1793 per
743 1757 923 1784 contrarium
939 1764 1020 1783 cure-

246 1808 307 1839 tur,
324 1805 433 1832 scilicet
447 1807 479 1832 ut
497 1806 634 1840 peccator
648 1803 765 1839 culpam
781 1803 881 1830 animo
899 1802 1022 1829 deteste-

247 1854 308 1885 tur,
328 1852 422 1879 verbo
445 1854 576 1885 accuset,
591 1852 618 1878 ct
643 1850 719 1877 facto
738 1849 851 1885 puniat.
877 1850 947 1876 Item
969 1855 1022 1883 per

246 1900 399 1933 peccatum
423 1898 545 1926 offendit
569 1897 660 1924 homo
685 1898 795 1930 Deum,
812 1894 971 1922 Ecclesiam
996 1897 1023 1921 et

248 1945 396 1980 seipsum3
423 1945 476 1972 sed
500 1953 552 1980 per
577 1943 784 1972 contritionem
816 1941 1024 1969 reconciliatur

249 1993 321 2026 Deo,
337 1999 389 2027 per
414 1992 630 2019 confessionem
653 1990 803 2023 Ecclesiae,
821 1991 848 2016 et
871 1996 923 2024 per
943 1988 1022 2015 satis-

248 2038 405 2066 factionem
421 2039 486 2066 sibi.
505 2041 572 2066 item
588 2039 647 2065 istae
664 2040 720 2065 tres
735 2035 912 2072 poenitentiae
927 2038 1024 2071 partes

249 2089 315 2114 sunt
329 2088 386 2114 tres
400 2086 507 2120 diaetae,
524 2085 633 2121 quibus
649 2085 705 2112 itnr
721 2083 758 2111 ad
778 2086 884 2110 terram
901 2082 1024 2117 promis-

250 2132 354 2166 sionis,
371 2132 408 2160 de
429 2132 536 2167 quibus·
558 2131 663 2158 dicitur
679 2132 684 2147 ¹
704 2139 710 2157 ι
727 2130 829 2156 Ibimus
847 2130 921 2155 viam
942 2129 1024 2154 trium

251 2180 365 2205 dierum.
391 2180 461 2206 item
486 2178 546 2205 istoe
572 2180 629 2204 tres
652 2178 749 2212 partes
776 2174 942 2210 significant
966 2176 1025 2201 tres

251 2227 384 2252 mortuos
406 2225 570 2257 moraliter,
589 2231 664 2259 quos
688 2222 829 2250 Dominus
851 2221 1023 2248 suscitavit:

252 2270 395 2306 quoniam
407 2278 459 2305 per
469 2269 675 2297 contritionem
691 2268 844 2295 suscitatur
858 2267 959 2303 puella
971 2267 981 2282 ²
995 2267 1025 2294 in

253 2317 344 2345 domo
362 2338 370 2350 ‚
394 2325 447 2353 per
472 2316 688 2344 consessionem
708 2315 825 2351 juvenis
839 2316 849 2331 ³
864 2315 894 2342 in
918 2317 1024 2350 porta,

253 2372 305 2400 per
320 2364 547 2392 satisfactionem
561 2365 684 2391 Lazarus
700 2364 707 2379 '¹
723 2362 752 2389 in
772 2362 918 2397 sepulcro.

467 2457 491 2492 C
499 2458 528 2490 A
536 2457 561 2490 P
574 2457 598 2490 U
609 2457 634 2489 T
672 2455 813 2489 XXIV.

529 2530 566 2556 De
581 2528 752 2555 Comi-itione.

291 2599 430 2626 Contritio
456 2600 498 2626 est
523 2598 609 2626 dolor
633 2596 797 2626 voluntarie
821 2603 876 2632 pro
904 2596 1030 2631 peccatis

257 2649 438 2682 assumptuS‚
461 2654 527 2674 cum
547 2645 699 2681 proposito
715 2643 890 2678 confitendi,
907 2646 934 2672 et
949 2645 1030 2672 satis-

568 183 827 218 COMPENDIUM
847 184 1108 219 THEOLOGIGAE
1127 185 1350 219 VERITATIS.
1374 187 1450 220 Lm.
1475 187 1527 220 VI.

1071 253 1210 283 faciendi.
1227 256 1291 283 Haec
1306 255 1442 283 diffinitio
1457 255 1635 291 magistralis
1648 257 1707 284 est:
1721 257 1750 284 et
1761 256 1849 293 poni-

1072 302 1119 329 tur
1136 300 1185 329 hic
1207 302 1284 330 dolor
1300 310 1356 338 pro
1371 304 1508 337 igenere3v
1526 303 1679 330 voluntarie
1697 306 1848 338 assumptus

1072 347 1194 384 ponitur
1215 348 1255 377 ad
1274 349 1472 377 differentiam
1486 349 1600 377 doloris
1615 348 1774 383 naturalis,
1797 349 1849 386 qui

1073 401 1135 422 non
1151 397 1194 423 est
1206 395 1390 430 meritorius,
1405 404 1473 424 cum
1487 403 1549 424 non
1563 395 1600 424 sit
1615 395 1648 423 in
1666 403 1772 431 genere
1785 403 1850 424 mo-

1073 440 1128 469 ris:
1143 442 1196 470 sed
1210 443 1347 470 voluntas
1362 444 1474 471 tantum
1488 442 1608 479 ponitur
1621 442 1653 470 in
1666 449 1772 477 genere
1786 449 1850 470 mo-

1072 487 1122 516 ris.
1134 489 1184 516 Pro
1195 491 1314 524 peccatis
1327 490 1448 526 ponitur
1461 489 1504 517 ibi
1519 497 1574 525 pro
1588 488 1712 517 materia
1725 487 1848 524 doloris,

1074 534 1114 562 ad
1127 535 1322 564 differentiam
1337 536 1449 565 doloris
1463 536 1592 570 invidiae,
1603 535 1654 572 qui
1667 537 1710 563 est
1719 535 1756 563 de
1767 535 1850 563 bono

1074 582 1183 611 alieno.
1203 583 1247 611 Sic
1268 591 1339 619 ergo
1362 584 1506 612 diffinitur
1529 583 1680 618 contritio,
1701 584 1792 619 prout
1809 584 1852 610 est

1074 631 1156 658 actus
1177 630 1308 666 virtutis;
1332 630 1386 658 sed
1409 633 1499 667 prout
1522 633 1564 658 est
1586 635 1655 667 pars
1678 629 1852 658 sacramenti

1073 677 1260 712 poenitentiae,
1275 678 1391 714 oportet
1405 677 1488 714 quod
1502 677 1616 713 aliquid
1631 676 1851 712 comparatione

1075 723 1114 751 ad
1133 723 1206 751 alias
1228 726 1325 760 partes
1348 723 1494 752 addatur:
1517 727 1545 752 et
1566 724 1635 752 ideo
1656 723 1776 760 ponitur
1794 731 1852 750 cum

1073 772 1212 805 proposito
1226 771 1371 805 confitendi
1385 773 1410 797 et
1429 771 1630 806 satisfaciendi.

1111 817 1183 844 Nota
1196 816 1280 852 quod
1294 824 1345 844 cor
1360 816 1466 844 dicitur
1481 817 1592 848 durum,
1608 816 1730 852 quando
1745 816 1853 844 divinae

1075 863 1258 900 inspirationi
1278 872 1309 891 se
1332 863 1463 899 tangenti
1478 871 1539 891 non
1555 863 1647 898 cedit,
1667 863 1720 891 sed
1735 863 1851 898 obviat,

1075 911 1106 938 in
1126 910 1232 939 affectu
1251 910 1363 947 peccati
1385 910 1571 938 demorando
1578 920 1586 945 3
1607 911 1704 945 frangi
1721 917 1793 938 vero
1808 909 1853 938 di-

1075 958 1159 992 eitur,
1174 957 1297 994 quando
1312 957 1414 994 incipit
1428 965 1445 986 a
1459 957 1614 994 proposito
1628 956 1771 993 peccandi
1785 957 1854 984 resi·

1075 1005 1198 1041 piscere,
1226 1004 1293 1033 licet
1324 1004 1460 1032 nondum
1490 1004 1617 1032 totaliter
1649 1005 1852 1038 convertatur;

1076 1051 1186 1080 conteri
1198 1054 1297 1079 autem
1310 1051 1429 1085 dicitur,
1440 1051 1562 1087 quando
1577 1050 1714 1079 voluntas
1727 1049 1853 1086 perfecte

1075 1099 1114 1126 ab
1129 1098 1234 1126 effectu
1248 1098 1390 1135 peccandi
1404 1098 1505 1126 resilit.

1111 1147 1142 1173 ln
1157 1145 1332 1173 contritione
1347 1145 1459 1181 duplex
1475 1146 1518 1172 est
1532 1144 1637 1172 dolor:
1655 1151 1731 1171 unus
1746 1146 1789 1171 est
1802 1151 1854 1171 vo-

1075 1193 1205 1227 luntatis,
1221 1192 1273 1228 qui
1288 1200 1348 1220 non
1367 1195 1409 1220 est
1424 1191 1507 1219 aliud
1523 1200 1612 1227 quam
1627 1190 1738 1227 peccati
1753 1189 1854 1226 displi-

1075 1240 1184 1274 centia3
1197 1239 1271 1266 alius
1282 1241 1323 1267 est
1335 1238 1489 1266 sensualis.
1502 1238 1614 1266 Primus
1627 1239 1669 1265 est
1683 1237 1719 1265 de
1730 1237 1855 1265 essentia

1076 1286 1269 1320 contritionis,
1283 1286 1358 1314 etde
1369 1286 1424 1313 hoc
1441 1285 1546 1313 dolore
1562 1284 1732 1320 intelligitur
1743 1283 1851 1311 illud*:

1075 1334 1186 1360 Luctum
1202 1335 1340 1368 uniqem'ti
1352 1334 1397 1365 fac
1413 1333 1474 1366 tibi,
1492 1332 1563 1368 quia
1583 1331 1674 1359 homo
1690 1339 1725 1358 ex
1740 1330 1854 1358 ratione

1077 1380 1165 1408 debet
1188 1380 1284 1415 magis
1305 1380 1382 1407 velle
1405 1382 1738 1415 nunqnam‘peccasse‚
1762 1385 1854 1414 quam

1076 1427 1262 1462 unigenitum
1286 1426 1396 1455 vivere.
1422 1426 1574 1454 Secundus
1596 1433 1668 1453 vero
1691 1424 1779 1452 dolor
1793 1431 1854 1453 non

1076 1474 1235 1510 requiritur
1259 1473 1295 1501 de
1320 1473 1503 1502 contritionis
1528 1472 1715 1504 necessitate,
1739 1471 1793 1499 sed
1817 1470 1854 1498 de

1077 1522 1140 1557 ejus
1160 1521 1356 1557 perfectione,
1381 1520 1452 1557 quia
1478 1519 1543 1548 talis
1568 1520 1655 1548 dolor
1679 1526 1740 1547 non
1761 1520 1803 1546 est
1825 1518 1855 1546 in

1077 1572 1177 1597 nostra
1190 1570 1342 1605 potestate.

1113 1618 1185 1644 Nota
1201 1615 1288 1643 etiam
1311 1614 1393 1651 quod
1414 1613 1549 1642 contritio
1568 1615 1664 1649 potest
1681 1614 1793 1640 tantum
1808 1611 1854 1639 in-

1077 1663 1176 1697 tendi,
1191 1662 1274 1698 quod
1295 1670 1355 1689 non
1376 1661 1473 1689 solum
1494 1660 1597 1696 culpa,
1615 1659 1668 1686 sed
1688 1659 1775 1686 ctiam
1796 1660 1856 1689 tota

1077 1717 1166 1745 poena
1182 1709 1344 1736 dimittatur
1359 1717 1365 1735 :
1381 1708 1438 1735 hoc
1456 1709 1555 1734 autem
1568 1708 1663 1742 potest
1676 1705 1740 1732 fieri
1755 1704 1854 1740 dupli-

1078 1756 1156 1784 citer.
1174 1757 1234 1783 Uno
1250 1755 1357 1789 niodo,
1373 1763 1409 1782 ex
1431 1757 1512 1790 parte
1534 1752 1696 1786 charitatis,
1716 1761 1781 1788 quae
1797 1752 1856 1779 dis·

1077 1802 1246 1838 plicentiam
1278 1801 1390 1837 peccati
1419 1802 1519 1828 causat
1535 1809 1541 1826 :
1577 1799 1648 1835 quia
1673 1799 1856 1835 quandoque

1079 1849 1220 1883 contingit
1240 1850 1354 1875 tantum
1381 1847 1552 1875 charitatem
1576 1845 1689 1873 intendi
1713 1845 1743 1872 in
1771 1847 1854 1879 actu,

1079 1896 1162 1932 quod
1179 1895 1313 1923 contritio
1328 1894 1396 1921 inde
1420 1901 1546 1929 sequens
1564 1892 1724 1920 merebitur
1739 1891 1857 1919 ahsolu-

1079 1943 1190 1970 tionem
1206 1942 1243 1969 ab
1264 1941 1344 1969 omni
1369 1948 1466 1976 poena.
1483 1940 1546 1967 Alio
1562 1939 1653 1966 modo
1669 1938 1702 1965 tit
1721 1937 1797 1965 istud
1819 1946 1855 1965 ex

1079 1992 1162 2025 parte
1177 1988 1289 2016 doloris
1302 1987 1443 2015 sensualis
1453 2007 1461 2021 ,
1479 1994 1569 2022 quein
1588 1985 1726 2013 voluntas
1741 1984 1771 2011 in
1787 1991 1856 2012 eon-

1080 2037 1195 2064 tritione
1217 2035 1336 2068 excitat,
1360 2033 1430 2069 quia
1445 2033 1493 2060 illc
1509 2032 1596 2060 dolor
1616 2031 1753 2068 qu-'edam
1768 2038 1856 2066 poena

1081 2087 1137 2119 cst,
1154 2091 1219 2119 qum
1239 2085 1350 2109 tantum
1371 2083 1464 2117 potest
1484 2080 1613 2115 intendi,
1632 2079 1714 2116 quod
1732 2078 1856 2107 sufficiat

1081 2131 1119 2159 ad
1135 2130 1313 2157 deletionem
1327 2128 1420 2164 cnlpae
1435 2131 1461 2155 ct
1475 2135 1578 2163 poenoe.

1119 2176 1282 2205 Ditlcrentia
1297 2178 1393 2202 auten]
1410 2177 1450 2202 est
1465 2175 1539 2201 inter
1554 2172 1731 2200 attritionem
1746 2174 1772 2199 et
1787 2179 1855 2199 con—

1082 2224 1243 2256 tritionem,
1260 2222 1333 2248 sieut
1346 2221 1419 2247 iuter
1438 2220 1563 2247 informe
1579 2221 1606 2246 et
1624 2218 1797 2252 formatum,
1813 2226 1855 2245 se-

1083 2270 1214 2298 cundum
1235 2268 1317 2304 quod
1341 2267 1447 2294 dicitur
1469 2267 1505 2294 de
1529 2267 1588 2294 fide
1611 2266 1729 2294 informi
1752 2268 1779 2294 et
1798 2266 1856 2294 sor-

1083 2319 1171 2346 mata.
1195 2317 1293 2343 Utrum
1310 2317 1407 2342 autem
1429 2314 1536 2341 attritio
1556 2314 1607 2341 fiat
1628 2313 1776 2346 contritio,
1797 2312 1855 2340 dis-

1083 2362 1277 2399 tinguendum
1288 2364 1340 2395 est,
1351 2361 1421 2396 quia
1434 2360 1568 2387 contritio
1580 2360 1685 2387 dicitur
1697 2358 1857 2392 cumgratia

1085 2412 1177 2441 triti03
1200 2409 1255 2436 hoc
1281 2410 1378 2434 autem
1400 2409 1496 2443 potest
1518 2414 1580 2434 esse
1603 2405 1775 2441 dupliciter:
1795 2412 1855 2432 uno

1085 2456 1176 2485 modo
1197 2462 1250 2490 per
1271 2454 1544 2487 concomitantiam,
1565 2452 1636 2488 quia
1659 2451 1752 2486 gratia
1775 2458 1855 2478 asso-

1086 2504 1177 2530 ciatur
1192 2500 1285 2528 motui
1300 2500 1432 2527 existenti
1449 2500 1480 2527 in
1495 2499 1606 2531 anima,
1627 2500 1655 2525 et
1670 2497 1753 2525 illum
1767 2497 1857 2524 insor-

1086 2552 1161 2583 mat,
1178 2547 1312 2584 quamvis
1331 2555 1393 2574 non
1413 2546 1519 2580 eliciat;
1537 2545 1595 2573 alio
1610 2544 1702 2572 modo
1722 2552 1774 2580 per
1789 2551 1856 2571 cau-

1120 2613 1126 2628 ¹
1138 2611 1228 2639 Escod.¹
1245 2611 1374 2640 1n‚18.—
1386 2609 1503 2637 Hilarem,
1518 2609 1646 2635 1x,2:3.-
1656 2607 1741 2637 ³L1‹e.‚
1757 2612 1802 2636 vn,
1819 2607 1855 2631 15.

1088 2661 1114 2667 -—
1129 2648 1138 2665 Β
1151 2648 1233 2677 loun„
1245 2652 1282 2676 n,
1298 2647 1335 2670 43.
1349 2658 1379 2663 -—
1395 2645 1513 2673 Uei-em,
1533 2649 1566 2673 ri,
1582 2645 1620 2667 26.
