2004 3037
217 182 278 214 468

218 246 334 284 aliquid
343 244 428 275 aliud
435 244 547 274 faciunt
557 243 590 273 in
601 241 803 280 cognitionem
812 240 851 278 (a)
857 241 970 270 venire.
979 250 994 266 »

217 294 300 323 Unde
323 294 422 329 nugo,
444 290 498 320 uhi
520 299 612 328 supra
626 291 648 326 ¹,
663 289 756 318 dicit:
775 298 790 316 ιι
802 289 844 317 Ne
863 288 998 317 humana

217 340 374 370 infirmitas
400 339 569 368 contactum
601 337 699 366 carnis
732 336 764 365 in
795 334 997 371 assumptione

218 387 393 416 abhorreret
406 406 416 422 ,
446 385 516 414 ideo
553 383 686 414 consueti
720 382 814 412 edulii
841 381 998 418 speciebus

217 442 338 464 carnem
351 433 477 469 velaVIt,
491 433 525 461 ut
537 440 642 460 sensus
655 430 818 465 foveretur,
836 429 910 457 dum
925 435 998 457 con-

217 483 299 511 sueta
312 479 454 518 percipit3
469 481 502 509 ut
523 479 612 508 etiam
634 477 815 513 intellectus,
830 475 996 511 credendo,

218 530 246 557 et
264 527 385 557 affectus
390 548 400 563 ,
420 526 590 562 diligendo,
607 524 799 554 determinate
823 522 999 558 dirigeretur

216 575 256 605 ad
270 575 374 604 cibum
385 574 481 610 hunc,
497 580 589 610 quem
607 574 692 601 Pater
707 570 837 607 signavit
853 567 999 598 sensibili·

217 622 274 651 bus
285 621 386 658 signis.
396 631 412 649 n
427 621 500 650 Hinc
514 621 755 658 Chrysostomus‚
767 627 857 656 super
871 617 948 646 illud
960 617 972 634 ²
988 625 995 644 :

217 671 274 699 Hoc
296 671 382 705 facite
408 670 438 697 in
466 677 554 698 meam
575 668 852 697 commemorationem
868 687 878 701 ,
903 664 997 693 dicit:

200 740 208 743 r
221 727 236 744 «ι
249 718 309 746 Hoc
322 716 391 745 fecit
403 716 533 745 Christus
552 714 743 744 sensibilibus
763 712 856 750 signis
868 734 878 748 ‚
897 713 931 740 ut
943 719 999 739 nos

218 764 340 793 duceret
353 763 393 793 ad
407 763 506 800 majus
521 762 657 792 amicitiae
671 761 784 793 foedus,
800 767 886 788 suam
905 757 1000 787 chari-

218 813 308 842 tatem
323 811 478 840 declarans
491 818 563 847 erga
576 817 632 839 nos
643 819 652 845 ;
676 807 808 846 praestitit
828 815 859 835 se
876 814 938 835 non
952 813 1000 834 so-

218 859 284 888 lum
297 858 394 888 videri
413 856 663 891 desiderantibus,
679 855 732 884 sed
754 855 843 883 etiam
863 852 998 890 palpari,

221 906 353 942 comedi,
370 907 398 934 et
411 904 563 941 amplecti,
576 905 605 933 et
618 904 714 932 totum
735 901 875 931 affectum
899 900 1000 937 exple-

219 962 262 985 re.
283 965 297 983 ›>
312 954 450 983 floecille.

255 1004 328 1031 Item
338 1001 436 1038 inquit
448 999 579 1029 seeundo
596 1009 603 1028 :
619 1000 676 1034 qu
687 1006 745 1027 sum
759 999 857 1026 ostium
870 996 1001 1024 intellec-

220 1050 273 1085 tui,
283 1057 337 1086 per
351 1048 444 1077 fidem
452 1047 614 1085 perfectam
623 1048 797 1075 reseratum.
811 1044 893 1072 Unde
910 1044 1002 1079 Chry-

220 1099 379 1133 sostomus,
395 1097 427 1125 in
441 1098 565 1125 tractatu
580 1095 613 1123 de
628 1094 767 1130 symbolo,
779 1092 850 1120 dicit
863 1100 870 1119 ε
885 1101 900 1117 α
917 1091 1002 1119 Fides

221 1147 265 1174 est
278 1145 380 1173 lumen
393 1144 501 1172 animae
513 1164 523 1178 ,
544 1142 652 1171 ostium
667 1141 735 1168 vitae
746 1162 755 1176 ‚
771 1139 1002 1168 fundamentum

221 1192 322 1221 salutis
337 1193 464 1220 aeternae.
481 1200 495 1217 n
512 1189 593 1218 Unde
618 1188 689 1216 dicit
707 1187 796 1216 isaias
810 1188 821 1204 ³
838 1196 844 1214 :
862 1187 926 1214 Nisi
945 1193 1002 1212 cre-

223 1240 370 1273 dideritis,
385 1246 439 1265 uon
453 1237 613 1271 intelligetis
628 1244 635 1263 :
652 1243 724 1270 ergo
738 1242 791 1270 per
810 1233 902 1261 sidem
917 1232 1005 1259 intra-

223 1288 270 1314 tur
284 1285 325 1313 ad
340 1284 470 1313 veritatis
486 1282 698 1320 cognitionem.
716 1280 797 1308 [nde
814 1279 1004 1314 Augustinus,

223 1340 304 1368 super
318 1333 449 1360 Joannem
469 1330 516 1366 (b),
534 1330 605 1357 dicit
620 1329 630 1346 ⁴
651 1338 658 1356 :
678 1340 691 1354 ι(
710 1328 775 1356 Noli
797 1327 960 1362 intelligere
975 1328 1007 1353 ut

225 1379 329 1408 credas
339 1400 347 1414 ,
363 1378 416 1407 sed
431 1377 518 1406 crede
532 1378 563 1405 ut
575 1376 734 1411 intelligas.
750 1374 915 1409 intelligere
927 1373 1007 1400 euim

226 1427 269 1454 est
282 1433 396 1454 merces
409 1424 491 1452 fidei.
508 1423 594 1452 Fides
606 1422 732 1451 mundet
743 1423 786 1456 te,
799 1423 832 1449 ut
845 1420 1008 1455 intelligere

225 1472 339 1509 repleat
353 1473 390 1500 te.
411 1481 425 1500 »
446 1472 512 1500 Hoec
526 1470 587 1499 ille.
612 1469 779 1498 Intellectus
801 1467 880 1495 enim
902 1467 1009 1495 huma-

229 1527 285 1548 nus
299 1519 362 1547 sine
377 1518 462 1549 radio
476 1517 560 1552 fidei,
578 1516 654 1545 eirca
670 1515 772 1544 divina
791 1517 834 1543 est
855 1514 940 1550 quasi
956 1521 1008 1541 coe·

228 1574 289 1594 cue.
303 1565 384 1594 Unde
407 1564 591 1601 impossibile
608 1565 665 1597 est,
681 1562 766 1598 quod
789 1561 954 1589 intellectus
969 1561 1010 1587 at-

229 1613 322 1649 tingat
342 1620 449 1648 eorpus
463 1611 585 1646 Christi,
601 1611 634 1638 ut
657 1609 753 1638 existit
773 1608 828 1636 sub
854 1607 1011 1644 speciebus

231 1658 495 1688 sacramentalibus
504 1680 513 1693 ,
525 1658 580 1685 nisi
594 1657 706 1685 lumine
720 1655 937 1692 supernaturali
953 1662 1014 1681 cer-

232 1707 351 1735 tissimae
376 1704 448 1733 fidei
477 1704 661 1732 illuminetur
687 1705 715 1731 ct
742 1702 885 1738 dirigatur
903 1711 910 1735 3
941 1700 1014 1727 alias

233 1761 293 1782 non
307 1752 421 1780 videbit
434 1751 547 1779 rivulos
563 1750 693 1778 fluminis
708 1749 845 1777 torrentis
865 1747 967 1782 butyri
988 1748 1017 1774 et

236 1799 347 1834 melliS,
364 1800 396 1826 ut
420 1798 491 1825 dicit
511 1797 567 1825 Job
577 1797 597 1824 ⁵.
621 1796 706 1830 Quod
731 1802 884 1831 exponens
908 1796 1014 1828 Grego-

237 1846 317 1880 rius,
332 1844 555 1882 quintodecimo
578 1844 744 1876 Moralium,
761 1841 853 1869 dicit⁶
871 1850 877 1868 z
897 1852 909 1865 υ
933 1842 1017 1875 Buty-

238 1900 305 1921 rum
331 1891 460 1920 nascitur
483 1898 519 1918 ex
548 1897 654 1924 carne,
684 1891 712 1917 et
739 1887 886 1924 significat
914 1886 1018 1915 Christi

239 1939 470 1974 humanitatem3
486 1937 546 1965 mel
567 1944 638 1965 vcro
661 1935 814 1963 descendit
834 1943 870 1962 ex
891 1942 974 1965 aere,
992 1934 1020 1961 et

241 1986 387 2023 significat
401 1985 503 2014 Christi
525 1984 748 2012 divinitatem.»
767 1984 808 2011 Ex
831 1983 878 2010 his
902 1982 1021 2010 duobus

243 2033 460 2062 descenderunt
494 2033 608 2068 septem
642 2030 730 2059 rivuli
764 2029 1023 2065 contemplationis

243 2080 449 2114 humanitatis,
464 2081 493 2107 et
511 2081 624 2116 septem
640 2077 817 2111 divinitatis,
834 2085 910 2113 quos
925 2076 1023 2104 solum

245 2127 347 2155 fideles
371 2127 403 2155 in
428 2128 508 2155 tanta
530 2125 717 2162 plenitudine
739 2123 923 2161 quandoque
949 2122 1024 2151 rcci-

245 2174 345 2210 piunt,
361 2175 393 2202 ut
404 2173 525 2201 videant
540 2171 623 2208 quod
639 2171 736 2199 dicero
761 2179 821 2199 non
844 2170 951 2198 valent.
975 2171 1024 2198 At-

247 2221 333 2256 tingit
355 2220 436 2247 enim
459 2219 535 2247 fides
556 2219 722 2251 inaccessa,
745 2218 785 2245 ait
815 2217 1023 2251 Bernardus7,

249 2267 320 2304 quia
334 2266 498 2295 intellectus
513 2273 565 2302 per
586 2265 678 2293 fidem
701 2264 883 2292 illuminatus
907 2266 935 2291 et
958 2270 1027 2291 con-

248 2313 371 2342 fortatus
395 2312 509 2347 attingit
528 2312 605 2340 lianc
627 2312 779 2339 veritatem
806 2310 1026 2344 indubitanter,

249 2360 333 2398 quod
346 2359 473 2388 Christus
488 2367 557 2386 vere
579 2361 621 2386 est
639 2359 670 2386 in
691 2359 894 2392 sacramento,
911 2359 938 2385 et
952 2356 1026 2384 divi-

249 2407 325 2436 nitas
335 2415 404 2435 vere
419 2408 462 2434 est
476 2405 507 2434 in
521 2405 644 2434 Christo.

282 2505 289 2521 ¹
305 2505 381 2536 Hug„
396 2502 441 2528 ubi
453 2509 509 2533 sup.
523 2508 597 2533 prox.
610 2513 640 2519 -—
655 2501 685 2524 ΞΙ
701 2501 772 2531 σωκ,
789 2507 826 2529 x1,
840 2502 879 2526 24.
895 2514 926 2520 --
943 2502 951 2516 ³
967 2503 1026 2532 Iso.‚

251 2547 298 2572 vii,
315 2542 338 2572 9,
353 2540 426 2572 juxta
446 2539 520 2564 Lxx.
537 2551 568 2556 -
588 2537 599 2554 δ
616 2539 693 2569 Aug„
716 2538 742 2561 in
759 2537 842 2566 Joan.,
862 2540 935 2562 tract.
950 2544 1026 2569 xxix,

251 2583 277 2601 n.
292 2578 314 2602 6.
331 2590 361 2596 --
375 2577 384 2591 ⁵
397 2575 452 2605 Job,
471 2580 520 2605 xx,
542 2574 580 2598 17.
595 2586 626 2592 —
645 2574 654 2588 ⁰
673 2574 758 2605 Greg.‚
780 2573 880 2603 Moral„
904 2574 946 2598 lib.
971 2574 1025 2605 XV,

252 2621 275 2637 c.
289 2619 312 2637 x.
329 2626 355 2630 —
373 2613 380 2627 ⁷
397 2612 463 2636 Bern
476 2629 482 2641 ‚
499 2611 525 2634 in
541 2609 623 2637 Cant„
640 2616 716 2633 serui.
733 2615 821 2635 Lxxw.
837 2609 904 2634 eirca
919 2610 1027 2634 med.—

251 2649 261 2665 ⁸
276 2649 357 2677 loun„
373 2654 408 2678 vi,
423 2648 503 2671 51-
518 2646 528 2660 ⁰
540 2646 614 2676 Aug,
630 2646 655 2668 in
672 2646 752 2674 Joan.¹
771 2647 842 2670 tract.
864 2651 924 2675 xxxi,
944 2652 969 2669 n,
988 2647 1026 2669 15.

625 176 676 208 DE
697 173 858 208 SEPTEM
878 170 1106 205 lTlNERIBUS
1124 170 1415 205 AETERNITATIS.

1088 241 1160 270 item
1171 239 1258 269 tertio
1271 238 1370 276 inquit
1384 247 1393 267 ε
1413 238 1472 274 Euo
1486 244 1557 268 vere
1575 246 1637 268 nm
1654 240 1755 269 ostium
1772 247 1827 270 vo-

1051 287 1172 323 luntati,
1188 295 1243 324 per
1256 285 1427 315 charitatem
1440 285 1586 315 fervidam
1599 287 1745 323 eperum,
1760 293 1828 323 gus-

1052 335 1146 363 tatum
1175 336 1204 362 et
1229 332 1428 362 inhabitatum
1451 341 1458 361 =
1483 332 1556 369 quia
1575 333 1587 350 ⁸
1607 334 1658 369 qui
1681 333 1829 362 manducat

1052 390 1137 410 meam
1159 389 1282 414 carnem,
1297 383 1322 409 et
1341 380 1409 408 bibit
1430 387 1518 408 meum
1538 381 1715 414 sanquinem,
1736 381 1769 408 in
1787 388 1829 409 me

1052 431 1158 464 manet,
1174 431 1200 456 et
1215 436 1262 464 eqo
1275 429 1306 456 in
1320 430 1358 455 eo.
1375 428 1440 455 llaec
1461 428 1561 455 autern
1581 425 1772 455 manducatio
1795 425 1830 456 fit

1052 475 1250 512 spiritualiter.
1265 474 1442 504 Mandueare
1457 475 1557 503 autem
1570 473 1771 511 spiritualiter,
1785 474 1830 502 est

1052 523 1195 558 attingere
1211 522 1251 551 ad
1273 530 1336 551 rem
1351 522 1440 558 hujus
1454 521 1640 550 sacramenti.
1662 523 1718 550 Res
1732 522 1832 550 autem
1853 529 1942 551 Rus·-

1052 568 1142 606 hujus
1155 572 1200 598 est
1217 569 1331 606 duplex
1347 578 1354 597 :
1370 577 1430 597 una
1455 570 1592 597 contenta
1614 570 1643 597 et
1661 568 1790 604 signata,
1804 569 1834 596 et
1845 559 1953 619 ffigf
1970 604 1973 605 ⁷

1054 618 1098 645 cst
1111 617 1241 646 Christus
1254 617 1378 652 integer,
1395 615 1446 652 qui
1467 615 1633 644 continetur
1651 615 1708 644 sub
1722 614 1834 652 specie-

1054 663 1111 692 bus
1120 663 1212 700 ‚panis
1231 665 1259 692 et
1279 663 1358 698 vini,
1375 662 1436 691 alia
1461 664 1504 691 est
1523 670 1570 691 res
1593 663 1708 698 signata
1728 664 1758 690 et
1771 669 1835 691 non

1055 712 1210 745 contenta,
1229 710 1258 738 et
1280 709 1344 737 haec
1364 711 1407 737 est
1425 717 1534 746 corpus
1546 709 1651 738 Christi
1663 709 1834 746 mysticum.

1053 756 1105 785 llle
1115 763 1187 792 ergo
1197 755 1360 784 manducat
1371 755 1569 792 spiritualiter,
1580 756 1632 792 qui
1642 755 1756 784 Christo
1765 763 1836 784 con-

1050 803 1186 839 jungitur
1197 810 1251 839 per
1262 802 1355 831 fidem
1372 805 1400 831 et
1413 802 1590 831 charitatem
1598 802 1694 831 ,Fides
1707 802 1837 839 pertinet

1055 849 1095 878 ad
1117 850 1345 885 ,cognitionem;
1370 849 1497 878 charitas
1513 870 1524 884 ,
1550 848 1590 877 ad
1618 848 1836 878 refectionem:

1054 897 1123 925 ideo
1148 896 1236 926 etiam
1263 897 1363 925 unitur
1381 896 1501 933 corpori
1520 895 1626 924 Christi
1653 895 1839 932 mystico,id

1055 946 1116 980 est,
1130 943 1273 972 Ecclesiae.
1289 946 1330 972 Ex
1349 944 1404 971 ista
1426 943 1506 971 enim
1528 943 1760 972 manducatione
1781 942 1839 972 ori·

1054 990 1102 1019 tur
1127 991 1301 1027 attingentia
1325 990 1507 1027 spiritualis;
1533 990 1607 1019 alias
1636 990 1750 1019 Christo
1773 997 1836 1018 non

1055 1038 1331 1074 incorporaremur,
1354 1037 1428 1065 dum
1451 1045 1571 1065 earnem
1591 1038 1654 1073 ejus
1676 1039 1838 1073 gustamus.

1056 1086 1094 1114 De
1107 1085 1160 1113 ista
1171 1084 1416 1121 incorporatione
1431 1085 1609 1120 Augustinus
1621 1093 1702 1120 super
1710 1085 1840 1112 ⁴loannem

1058 1132 1129 1161 dicit
1142 1134 1153 1150 ⁹
1170 1141 1177 1160 ι
1195 1142 1208 1159 α
1228 1133 1250 1160 Ο
1272 1133 1490 1160 sacramentum
1511 1131 1648 1168 pietatis!
1674 1139 1692 1160 o
1715 1131 1837 1167 signum

1058 1179 1195 1208 unitatis!
1209 1178 1391 1207 ovinculum
1406 1173 1571 1207 &raritatisl
1589 1177 1644 1213 Qui
1653 1178 1718 1206 vult
1728 1178 1840 1212 vivere,

1059 1226 1199 1260 accedat,
1215 1226 1316 1254 credat
1327 1248 1335 1261 ‚
1351 1226 1573 1262 incorporetur,
1588 1227 1616 1253 et
1629 1225 1805 1254 vivificetur.
1823 1234 1838 1252 »v

1061 1276 1093 1302 Et
1107 1275 1190 1309 llugo
1206 1273 1275 1301 dicit
1290 1274 1320 1308 ¹⁰,
1338 1273 1421 1309 quod
1444 1273 1499 1300 ista
1519 1272 1713 1300 manducatio
1736 1271 1842 1300 dicitur

1061 1321 1188 1354 unifica,
1204 1320 1275 1357 quia
1291 1328 1368 1348 unos
1383 1327 1484 1348 secum
1499 1319 1589 1347 eflicit
1603 1327 1718 1355 omneS,
1733 1319 1844 1356 quibus

1062 1376 1092 1396 se
1108 1367 1351 1396 manducandam
1373 1367 1495 1403 praebet.
1522 1367 1603 1395 Dicat
1625 1374 1696 1402 ergo
1719 1365 1845 1394 mandu-

1064 1422 1134 1443 cans
1153 1414 1229 1442 illud
1253 1415 1441 1442 canticorum
1469 1415 1489 1435 ¹¹
1512 1414 1643 1442 :Comedi
1664 1415 1759 1448 savum
1786 1420 1846 1440 cum

1064 1463 1142 1490 melle
1166 1469 1233 1489 meo.
1255 1471 1267 1487 α
1293 1462 1411 1495 Favus,
1433 1460 1508 1489 sicut
1532 1460 1603 1489 dicit
1625 1460 1782 1496 Origenes,
1805 1461 1847 1488 est

1065 1517 1133 1537 cera
1156 1508 1306 1544 virginea,
1327 1507 1440 1536 cellulis
1467 1508 1619 1541 distincta,
1642 1507 1730 1536 melle
1753 1506 1847 1543 reple·

1068 1558 1096 1584 ta
1112 1556 1156 1591 (e).
1174 1565 1187 1583 ›i
1203 1555 1280 1589 Quid
1296 1563 1366 1589 crgo
1383 1557 1425 1583 cst
1439 1554 1522 1582 aliud
1538 1564 1544 1582 ε
1563 1555 1671 1583 comedi
1684 1555 1776 1588 favum
1789 1561 1848 1582 cum

1067 1605 1142 1630 melle
1155 1611 1226 1637 mco,
1242 1602 1298 1630 nisi
1313 1602 1495 1630 manducare
1512 1609 1619 1638 corpus
1634 1601 1774 1637 virginem
1787 1607 1849 1629 car-

1068 1651 1113 1678 nis
1135 1650 1305 1678 dulcissima
1324 1650 1474 1677 divinitate
1498 1649 1665 1684 repletum?
1682 1650 1713 1676 Et
1736 1648 1778 1676 sic
1795 1655 1849 1684 per

1070 1700 1189 1733 gustum
1204 1697 1395 1725 humanitatis
1414 1696 1583 1732 pervenitur
1604 1695 1642 1723 ad
1668 1697 1786 1730 gustum
1801 1693 1861 1722 di<

1069 1744 1216 1778 vinitatis,
1234 1746 1261 1771 et
1275 1743 1343 1771 ideo
1357 1743 1395 1771 ud
1410 1743 1604 1779 praelibamen
1617 1741 1793 1770 {eternitatis

1297 1839 1538 1873 DISTlNCTIO
1567 1839 1625 1873 VI.

1076 1913 1200 1946 Qualiter
1219 1913 1334 1948 quilibet
1354 1920 1444 1940 sensus
1458 1913 1572 1939 interior
1585 1911 1740 1947 spiritualis
1754 1913 1852 1938 aeterna

1381 1959 1548 1992 eaepcriatur.

1114 2028 1200 2056 Sexto
1214 2026 1379 2056 notandum
1396 2029 1438 2054 est
1449 2048 1458 2061 ‚
1473 2026 1599 2062 qualiter
1612 2025 1737 2063 quilibet
1750 2033 1854 2054 sensus

1080 2075 1201 2103 interior
1222 2074 1382 2110 spiritualis
1403 2076 1511 2101 {eterna
1533 2073 1709 2109 experiatur.
1734 2074 1773 2101 De
1791 2080 1853 2109 quo

1079 2121 1232 2149 sciendum
1246 2123 1298 2156 est,
1316 2120 1399 2157 quod
1416 2120 1581 2149 Bernartius
1603 2120 1673 2148 dicit
1688 2120 1708 2138 ¹²
1723 2129 1732 2147 ε
1748 2130 1761 2146 α
1776 2120 1854 2148 Sicut

1080 2176 1188 2205 eorpus
1217 2168 1307 2195 habet
1335 2176 1404 2195 suos
1431 2167 1563 2203 quinque
1591 2175 1693 2195 sensus
1709 2188 1719 2202 ‚
1745 2166 1854 2202 quibus

1081 2215 1187 2243 animae
1206 2214 1412 2249 conjungitur,
1432 2214 1491 2241 vita
1515 2214 1684 2250 mediante3
1699 2213 1741 2241 sic
1755 2212 1856 2241 anima

1080 2262 1169 2290 habet
1185 2269 1255 2289 suos
1271 2261 1404 2297 quinque
1427 2268 1544 2294 sensus,
1569 2261 1678 2297 quibus
1700 2262 1778 2295 Deo,
1794 2260 1854 2288 sive

1081 2308 1195 2336 aeternis
1210 2307 1415 2343 conjungitur,
1431 2307 1580 2335 mediante
1594 2307 1743 2336 charitate.
1759 2307 1854 2340 Quare

1082 2356 1239 2393 Apostolus
1255 2356 1323 2383 dicit
1337 2356 1356 2373 ¹³
1368 2364 1374 2384 ι
1391 2357 1483 2383 Nolite
1497 2356 1661 2389 conformari
1673 2355 1736 2382 huic
1748 2355 1854 2388 saeculo,

1080 2404 1126 2431 sed
1142 2404 1327 2436 reformamini
1340 2405 1368 2430 in
1386 2404 1506 2430 novitate
1520 2409 1610 2430 sensus
1624 2403 1724 2436 vestri,
1739 2404 1770 2428 uc
1790 2408 1855 2436 pro-

1082 2502 1111 2507 —
1127 2490 1145 2507 '⁰
1159 2490 1236 2520 nug„
1253 2489 1278 2513 in
1293 2491 1356 2519 sept.
1373 2496 1429 2520 cap.
1445 2488 1533 2520 Anqel.
1551 2488 1630 2518 Hieta,
1645 2488 1689 2512 lib.
1705 2488 1762 2519 vn,
1778 2487 1854 2520 longe

1081 2528 1140 2557 post
1155 2526 1222 2549 med.
1234 2538 1264 2543 -—
1281 2526 1299 2543 ¹¹
1313 2526 1396 2555 Cant„
1412 2531 1436 2556 V,
1453 2527 1474 2549 1.
1488 2537 1517 2542 -
1529 2524 1550 2541 ¹²
1562 2524 1648 2555 Rern„
1662 2524 1692 2549 de
1703 2531 1782 2549 amor.
1798 2524 1853 2553 Dei.

1082 2569 1104 2587 c.
1121 2568 1156 2590 vr,
1173 2561 1239 2586 circa
1253 2562 1297 2586 fin.
1315 2574 1346 2579 -
1364 2562 1380 2575 ¹³
1394 2561 1470 2591 Rom„
1485 2566 1534 2591 xxi,
1548 2561 1570 2585 2.

1115 2608 1146 2638 (α)
1162 2608 1204 2633 ΑΙ.
1226 2608 1414 2637 cogitationem.
1431 2621 1462 2626 --
1484 2606 1517 2637 (b)
1540 2607 1602 2631 Coet.
1622 2607 1682 2633 edit.
1705 2607 1807 2632 Ioanne.
1824 2619 1855 2624 —

1083 2646 1113 2674 (c)
1130 2645 1189 2667 Item
1203 2644 1322 2674 repletus.
