2004 3037
235 275 274 306 '18
588 270 847 305 COMPENDIUM
869 269 1130 304 THEOLOGIGAE
1150 270 1372 303 VERITATIS.
1395 269 1471 301 LlB.
1494 269 1519 301 Ι.

434 385 627 420 CAPUT
668 386 808 420 XXII.

484 457 519 485 De
536 457 698 486 Notionibus
716 458 776 485 Dei.

269 527 409 557 Notiones
422 526 472 554 Dei
487 528 556 554 sunt
578 526 729 562 quinque,
752 525 863 554 scilieet
882 524 1013 562 paterni-

233 577 291 611 tas,
306 574 429 609 filiatio,
444 573 613 610 processio,
627 572 859 607 innascibilitas,
881 574 910 600 et
933 580 1014 600 com-

233 621 332 650 munis
343 621 474 658 spiratio.
491 620 588 648 Prima
605 622 648 648 est
661 619 752 648 Patris
761 640 771 654 ,
786 618 918 647 secunda
930 618 1012 654 Filii,

233 668 318 697 tertia
329 668 452 705 Spiritus
466 667 574 702 sancti,
591 668 698 703 quarta
712 665 818 701 Patris,
835 665 939 702 quinta
957 667 1013 693 Pa-

233 715 286 744 tris
300 717 328 743 et
341 715 414 743 Filii.
430 716 499 743 Tres
515 714 620 750 primte
633 713 772 741 notiones
790 712 929 741 dicuntur
949 720 1014 749 per-

233 761 366 796 sonaleS,
384 769 420 790 eo
441 760 525 798 quod
539 768 683 797 personas
697 759 823 794 faciunt,
840 761 869 788 et
883 767 933 788 eas
945 767 1014 795 pro-

233 809 297 845 prie
310 808 496 844 distinguunt
512 817 519 835 ε
537 809 565 835 et
577 807 635 836 illoe
648 807 720 836 solae
733 809 801 836 sunt
815 809 873 835 tres
887 807 1013 835 unitates

234 856 323 884 trium
337 862 534 892 personarum
549 876 558 890 ,
581 854 692 891 quibus
715 862 852 890 personae
876 854 1014 882 dicuntur

235 904 293 930 tres
310 901 410 930 :unde
429 901 498 930 licet
521 903 605 929 Pater
626 901 727 937 plures
747 901 857 930 habeat
878 900 1014 937 proprie-

235 951 321 985 tates,
337 952 435 978 tamen
451 951 534 978 Pater
549 948 724 986 paternitate
740 950 855 976 tantum
869 956 947 976 unus
961 949 1014 980 est,

234 996 379 1025 indivisus
394 998 437 1024 est
451 996 482 1024 in
494 1004 544 1031 se,
561 998 590 1024 et
605 995 719 1024 divisus
733 995 772 1023 ab
791 995 865 1023 aliis.
888 994 1015 1023 innasci-

233 1043 332 1072 bilitas
346 1045 446 1072 autem
459 1043 544 1071 estin
559 1043 642 1071 Patre
652 1064 660 1077 ,
675 1044 703 1070 et
717 1042 843 1070 sumitur
856 1041 1013 1078 privative,

235 1098 271 1118 eo
286 1090 370 1126 quod
393 1092 476 1118 Pater
494 1090 531 1118 sit
549 1089 672 1118 anullo
697 1098 703 1116 :
727 1091 756 1117 et
777 1091 878 1117 tamen
901 1090 1015 1117 Patrem

234 1137 381 1172 notificat,
398 1137 472 1165 sicut
487 1136 551 1165 ovis
566 1144 628 1164 non
643 1136 759 1171 signata
773 1144 827 1172 per
841 1136 899 1164 hoc
916 1135 1014 1172 ipsum

235 1183 425 1219 distinguitur
440 1192 458 1212 a
470 1183 601 1218 signatis.
618 1182 757 1211 Similiter
772 1182 941 1211 communis
955 1182 1015 1218 spi-

234 1231 310 1259 ratio
322 1233 364 1259 est
387 1239 448 1258 una
470 1230 552 1258 notio
564 1251 573 1264 ,
589 1232 617 1258 et
641 1230 694 1258 illa
717 1230 813 1258 unitas
832 1232 875 1257 est
890 1229 970 1257 idem
985 1229 1015 1257 in

235 1279 317 1305 Patre
333 1279 360 1305 et
375 1277 464 1312 Filio,
474 1278 511 1304 'et
525 1278 568 1304 est
583 1276 719 1304 distincta
734 1276 772 1304 ab
788 1276 869 1303 omni
888 1275 946 1303 alia
961 1284 1015 1303 no-

236 1325 325 1352 tione.
342 1324 510 1352 Notandum
527 1323 616 1359 igitur
633 1323 733 1359 quod,
748 1323 868 1359 proprie
887 1322 1014 1358 loquen-

236 1371 292 1406 do,
308 1373 366 1399 tres
385 1374 452 1399 sunt
470 1371 666 1406 proprietates
686 1370 874 1406 personales,
890 1369 1015 1404 scilicet,

235 1418 416 1454 paternitas,
431 1417 534 1446 filiatio
547 1438 556 1451 ,
576 1420 604 1445 et
625 1417 774 1453 processio
792 1426 798 1444 :
820 1416 892 1452 quia
913 1424 1015 1452 perso-

236 1465 312 1493 nalis
325 1464 491 1501 proprietas
504 1466 547 1491 est
562 1472 629 1500 quae
651 1464 702 1491 uni
723 1463 779 1491 soli
799 1471 935 1499 personae
948 1470 1016 1490 con-

236 1511 316 1540 venit
326 1532 335 1546 ,
351 1514 379 1539 et
394 1519 459 1539 eam
475 1511 513 1538 ab
530 1510 612 1538 omni
625 1510 684 1538 alia
699 1518 729 1537 re
744 1510 906 1545 distinguit.

273 1558 436 1587 Relationes
456 1565 526 1585 vero
548 1560 616 1585 sunt
637 1559 781 1593 quatuor,
797 1556 869 1592 quia
893 1564 953 1584 una
974 1559 1017 1584 est

237 1605 326 1634 Patris
339 1604 378 1633 ad
393 1605 499 1632 Filium
510 1625 518 1638 ‚
532 1604 643 1632 scilicet
654 1626 661 1638 ‚
681 1603 859 1640 paternitas;
877 1603 935 1631 alia
953 1603 1015 1631 Filii

237 1652 275 1680 ad
291 1653 404 1679 Patrem
415 1672 422 1685 ,
439 1651 569 1684 scilicet,
587 1650 710 1684 iiliati03
729 1650 811 1677 tertia
826 1653 870 1678 est
886 1649 975 1677 Patris
990 1652 1017 1677 et

237 1699 300 1726 Filii
316 1698 354 1726 ad
369 1698 509 1734 Spiritum
533 1699 667 1724 sanctum
683 1717 691 1730 ‚
714 1696 825 1723 scilicet
849 1696 1017 1723 communis

237 1745 358 1781 spiratio
375 1754 382 1778 3
409 1746 514 1780 quarta
537 1743 658 1779 Spiritus
680 1743 771 1771 sancti
793 1743 832 1770 ad
856 1744 969 1770 Patrem
990 1744 1018 1769 et

238 1792 359 1827 Filium,
375 1792 485 1820 scilicet
501 1792 660 1827 processio.

275 1839 413 1867 Notiones
428 1841 526 1866 autem
541 1841 609 1866 sunt
624 1838 756 1874 quinque
766 1858 774 1871 ‚
792 1837 863 1873 quia
879 1836 1017 1872 quaelibet

238 1885 342 1914 relatio
364 1888 406 1914 est
430 1886 512 1913 notio
531 1907 540 1920 ,
563 1887 590 1913 et
613 1887 756 1921 praeterea
777 1883 990 1911 innascibilitas
1008 1903 1016 1917 ,

237 1941 304 1969 quae
320 1933 395 1960 Patri
418 1932 556 1960 convenit
579 1939 631 1967 per
654 1930 850 1966 privationem
865 1929 1017 1957 relationis

238 1979 278 2008 ad
293 1979 416 2015 aliquod
431 1979 626 2015 principium,
642 1985 703 2005 non
724 1979 768 2004 est
781 1976 895 2004 relatio.
917 1976 1017 2004 Notio-

237 2035 289 2055 nes
307 2026 419 2054 habent
442 2025 536 2053 multa
555 2024 679 2053 nomina
696 2033 702 2051 ε
719 2024 857 2051 dicuntur
880 2022 959 2050 enim
974 2031 1018 2050 uo-

238 2076 337 2107 iiones,
350 2073 420 2109 quia
435 2072 588 2100 notificant
602 2078 760 2107 personas;
776 2070 913 2097 dicuntur
927 2069 1015 2097 etiam

237 2120 443 2153 distinctiones,
469 2119 540 2154 quia
564 2125 707 2153 personas
733 2116 945 2151 distinguunt;
972 2115 1017 2143 di-

238 2169 343 2194 cuntur
366 2167 527 2200 relationes,
547 2165 617 2200 quia
634 2171 768 2200 personae
789 2171 841 2199 per
860 2170 910 2190 eas
927 2162 967 2190 ad
987 2170 1017 2189 se

238 2213 365 2240 invicem
388 2212 571 2245 reseruntur3
589 2211 726 2237 dicuntur
749 2217 870 2245 quoque
893 2210 1018 2243 proprie-

241 2262 320 2293 tates,
338 2259 409 2295 quia
423 2258 542 2294 proprie
558 2257 692 2292 personis
706 2256 815 2282 insunt.

275 2307 347 2334 Nota
365 2305 482 2340 regulas
502 2303 667 2331 notionum.
684 2302 769 2329 Nulla
792 2301 873 2329 notio
899 2301 936 2328 de
959 2301 1017 2328 alia

239 2352 424 2389 praedicatur.
448 2353 519 2379 ltem
536 2359 541 2377 ι
558 2349 701 2383 Quaelibet
724 2348 805 2375 notio
829 2350 872 2375 est
894 2348 1018 2375 essentia

241 2399 361 2433 divina,
381 2406 447 2433 quae
471 2399 545 2424 Deus
569 2398 620 2423 cst.
645 2397 737 2422 Item:
755 2396 862 2422 Omnes
884 2394 1017 2421 notiones

243 2448 311 2474 sunt
326 2453 385 2473 una
397 2444 530 2472 essentia.
546 2445 616 2470 ltcm
634 2452 639 2469 :
657 2442 741 2469 Nulla
756 2441 838 2469 notio
852 2441 927 2468 inest
942 2440 1017 2467 divi-

243 2500 288 2520 nae
314 2491 443 2520 essentiae
469 2490 652 2524 distinguens
678 2496 760 2521 eam,
780 2488 850 2523 quia
873 2487 936 2523 ipsa
958 2495 1018 2514 non

245 2538 410 2574 distinguit,
440 2545 494 2565 nee
523 2535 720 2570 distinguitur.
752 2536 822 2562 ltem
849 2543 855 2561 ε
882 2534 1020 2561 Notioncs

244 2587 367 2620 sumptae
392 2582 566 2611 abstractive
592 2581 791 2617 praedicantur
815 2580 852 2607 de
877 2580 1019 2614 essentia,

243 2631 296 2657 sed
311 2632 434 2665 sumptae
448 2628 630 2662 concretive,
646 2635 707 2654 non
724 2636 729 2653 :
747 2627 827 2654 unde
847 2627 923 2654 bene
947 2626 1020 2653 dici-

244 2677 310 2703 tur:
329 2676 457 2703 Essentia
478 2678 519 2703 est
537 2674 717 2710 paternitas;
742 2673 794 2701 sed
824 2681 885 2701 non
914 2673 1021 2700 dicitur

243 2723 368 2751 essentia
382 2730 537 2757 generans.
554 2723 625 2750 ltem
642 2730 647 2747 :
664 2720 748 2748 Notio
767 2728 884 2756 semper
908 2720 1019 2756 impor-

1070 340 1112 368 tat
1135 338 1320 374 dignitatem.
1340 339 1412 366 Item
1428 345 1436 364 ε
1451 336 1611 374 Supposita
1632 336 1772 371 notione,
1785 344 1848 366 non

1069 385 1192 422 ponitur
1214 392 1343 421 persona
1356 405 1367 420 ,
1390 384 1463 421 quia
1487 383 1603 420 aliquid
1628 383 1768 412 convenit
1792 391 1849 413 no-

1070 432 1164 468 tioni,
1189 432 1273 468 quod
1299 439 1362 460 non
1388 430 1528 459 convenit
1554 438 1702 467 personae.
1730 429 1848 459 Notioni

1071 479 1152 507 enim
1173 477 1313 507 convenit
1329 477 1450 514 proprie
1465 477 1646 513 distinguere
1657 487 1666 513 3
1681 476 1735 505 sed
1747 484 1849 513 perso-

1070 533 1117 554 nae
1130 525 1282 561 distingui.

1314 608 1458 644 CAPUT
1481 608 1605 642 XXIII.

1284 687 1321 714 De
1339 686 1502 715 Nominibus
1521 686 1640 714 Divinis.

1107 762 1199 790 Omne
1213 768 1327 789 nomen
1341 760 1426 797 quod
1441 760 1478 789 de
1494 761 1553 789 Deo
1565 760 1682 796 dicitur,
1693 762 1744 789 aut
1756 768 1851 789 essen-

1071 808 1157 842 tiale,
1173 809 1223 836 aut
1236 807 1409 844 personale,
1425 810 1477 836 aut
1500 806 1651 836 notionale
1673 809 1724 835 est.
1748 809 1852 836 Essen-

1070 855 1186 883 tialium
1216 855 1355 891 quaedam
1389 856 1458 883 sunt
1485 854 1669 884 substantiva
1688 877 1697 891 ,
1723 858 1756 884 ut
1782 857 1853 885 Deus

1073 902 1199 936 Creator,
1221 904 1250 930 et
1273 901 1401 936 similia3
1428 901 1568 938 quaedam
1591 909 1663 930 vero
1689 902 1851 938 adjectiva,

1071 951 1103 977 ut
1131 950 1213 976 bonus
1231 970 1239 980 ,
1268 951 1403 981 oeternus,
1428 950 1590 983 immensus,
1616 951 1644 977 et
1667 949 1850 985 huiusmodi.

1072 995 1257 1029 personalia,
1271 998 1303 1023 ut
1319 996 1416 1026 Pater,
1432 996 1534 1029 Filius,
1551 997 1579 1023 et
1593 996 1716 1031 Spiritus
1733 998 1852 1026 sanctus.

1071 1041 1238 1070 Notionalia
1252 1044 1336 1076 sunt,
1352 1043 1384 1070 ut
1396 1043 1569 1076 Paternitas,
1593 1043 1710 1077 filiatio,
1726 1044 1852 1070 innasci-

1072 1090 1176 1122 bilitas,
1203 1091 1230 1117 et
1243 1089 1429 1124 hujusmodi.
1447 1090 1485 1116 De
1506 1088 1553 1116 his
1566 1088 1752 1124 notandum,
1768 1089 1851 1125 quod

1072 1144 1182 1165 nomen
1204 1135 1415 1170 substantiale,
1429 1135 1477 1163 vel
1500 1135 1672 1170 essentiale,
1692 1135 1852 1164 substanti-

1072 1191 1144 1211 vum
1167 1184 1196 1210 et
1215 1182 1411 1216 abstractum,
1435 1181 1520 1210 nullo
1544 1181 1636 1210 modo
1658 1183 1755 1218 potest
1777 1181 1853 1210 trahi

1073 1230 1111 1258 ad
1124 1230 1354 1266 supponendum
1365 1238 1420 1266 pro
1433 1237 1562 1266 persona
1576 1239 1582 1257 :
1595 1229 1676 1258 unde
1691 1229 1773 1257 falsae
1785 1231 1854 1258 sunt

1072 1277 1117 1305 hee
1134 1286 1140 1304 :
1159 1287 1172 1302 (ι
1194 1277 1324 1305 Essentia
1345 1277 1446 1312 genuit
1468 1276 1640 1311 essentiam,
1653 1288 1665 1301 »ι
1683 1276 1732 1304 vel
1749 1287 1763 1302 «ι
1778 1277 1854 1304 Divi-

1073 1324 1148 1352 nitas
1175 1323 1384 1351 divinitatem:
1407 1333 1422 1349 ι)
1439 1326 1521 1351 actus
1548 1323 1628 1351 enim
1654 1324 1853 1359 generationis

1073 1378 1191 1406 semper
1202 1370 1363 1406 ponendus
1375 1373 1417 1398 est
1429 1370 1459 1398 in
1472 1373 1621 1398 concreto.
1633 1370 1690 1398 Sed
1704 1372 1851 1405 concreta,

1072 1417 1140 1445 licet
1163 1417 1220 1444 sint
1245 1417 1427 1452 essentialia,
1443 1417 1518 1445 trahi
1538 1417 1645 1445 *tamen
1668 1419 1793 1453 possunt
1813 1417 1853 1444 ad

1072 1463 1304 1499 supponendum
1317 1472 1372 1499 pro
1396 1471 1540 1499 persona,
1556 1466 1584 1491 et
1607 1463 1669 1491 haec
1691 1471 1746 1499 per
1760 1463 1853 1492 verba

1072 1510 1257 1545 notionalia‚
1282 1510 1331 1538 vel
1354 1518 1407 1546 per
1431 1510 1651 1546 propositiones
1674 1510 1849 1538 notionales.

1074 1557 1153 1585 [inde
1179 1565 1256 1585 verae
1281 1560 1350 1584 sunt
1378 1557 1424 1585 hae
1449 1566 1455 1584 :
1483 1568 1496 1582 «
1520 1558 1594 1585 Deus
1617 1557 1719 1592 genuit
1742 1558 1851 1592 Deum,

1072 1606 1192 1632 Creator
1213 1604 1382 1632 Creatorem
1395 1624 1402 1636 ,
1422 1614 1435 1629 n
1459 1603 1505 1632 vel
1528 1613 1534 1631 :
1555 1614 1569 1628 (ι
1590 1605 1664 1631 Deus
1687 1603 1725 1631 de
1750 1605 1819 1632 Deo.
1835 1614 1848 1630 »

1074 1651 1211 1678 Similiter
1235 1650 1272 1678 de
1296 1650 1468 1678 nominibus
1492 1658 1558 1686 quae
1584 1649 1684 1678 media
1709 1652 1792 1685 sunt,
1821 1653 1851 1678 ut

1075 1707 1089 1723 ιι
1104 1697 1206 1725 lumen
1221 1697 1258 1724 de
1274 1697 1397 1725 lumine.
1415 1708 1427 1721 υ
1446 1700 1515 1725 item
1530 1696 1587 1724 hoc
1612 1704 1724 1724 nomen
1743 1699 1852 1732 sapien-

1073 1745 1131 1777 tia,
1145 1743 1212 1772 licet
1232 1744 1267 1771 sit
1289 1743 1484 1778 abstractum,
1502 1745 1533 1771 ut
1549 1754 1563 1770 α
1582 1743 1726 1780 sapientia
1745 1743 1782 1771 de
1806 1751 1852 1772 sa-

1072 1790 1198 1826 pientia,
1221 1800 1234 1816 »
1252 1792 1351 1818 tamen
1373 1792 1469 1826 potest
1491 1798 1527 1818 ex
1550 1798 1605 1818 usu
1631 1790 1708 1818 sumi
1734 1793 1766 1818 ut
1791 1798 1852 1819 non

1073 1837 1264 1864 abstractum.
1291 1837 1494 1864 Essentialium
1514 1839 1613 1865 autem
1637 1837 1852 1872 adJectivorum

1073 1883 1214 1918 quaedam
1245 1883 1408 1919 praedieant
1441 1891 1514 1919 pure
1551 1883 1683 1911 divinam
1717 1883 1853 1911 substan-

1072 1929 1189 1963 tiam,ut
1214 1930 1314 1964 bonus,
1335 1932 1362 1957 et
1386 1938 1446 1964 e11s3
1468 1930 1606 1965 quaedam
1631 1930 1786 1958 essentium
1809 1929 1852 1956 di—

1073 1976 1194 2011 vinam,
1218 1976 1410 2004 connotando
1436 1977 1633 2012 privationem
1662 1976 1798 2012 principii
1825 1977 1853 2004 et

1073 2023 1156 2057 finis,
1182 2025 1213 2050 ut
1237 2026 1370 2057 oeiernus;
1385 2023 1433 2050 vel
1453 2026 1536 2051 certae
1559 2031 1705 2051 mensurae
1728 2023 1850 2057 localis,

1074 2072 1105 2097 ut
1126 2071 1286 2104 immensus3
1303 2069 1442 2105 quaedam
1463 2069 1665 2106 principaliter
1686 2069 1852 2104 significant

1073 2117 1230 2144 essentiam
1254 2116 1403 2151 divinam,
1420 2119 1447 2144 et
1477 2119 1639 2144 connotant
1662 2116 1798 2144 effectum
1822 2117 1851 2143 in

1074 2166 1208 2191 creatura
1223 2165 1300 2197 actu,
1317 2166 1348 2190 ut
1358 2166 1443 2195 creat,
1457 2164 1612 2197 justificat,·
1626 2162 1673 2190 vel
1687 2163 1717 2190 in
1731 2163 1851 2197 habitu,

1074 2212 1105 2237 ut
1116 2210 1220 2243 justus,
1235 2212 1262 2236 et
1278 2211 1438 2240 misericors,
1454 2208 1501 2236 vel
1517 2209 1547 2236 in
1561 2209 1708 2244 potentia,
1724 2214 1753 2236 ut
1769 2212 1852 2236 omui-

1071 2260 1176 2291 poteus.
1197 2256 1268 2282 Sunt
1290 2255 1427 2291 quaedam
1448 2255 1558 2290 verba,
1575 2263 1704 2291 quorum
1725 2263 1779 2283 nec
1794 2255 1852 2290 sig-

1074 2301 1204 2329 nificatio
1213 2321 1222 2335 ,
1233 2309 1287 2328 nec
1299 2301 1407 2328 modus
1418 2301 1621 2336 significandi,
1635 2303 1692 2330 Deo
1704 2302 1851 2337 convenit,

1074 2350 1105 2375 ut
1128 2355 1232 2375 currere
1255 2350 1282 2375 et
1305 2348 1464 2375 ambulare.-
1480 2356 1549 2376 nam
1573 2349 1682 2376 modus
1707 2351 1751 2376 est
1770 2349 1852 2377 varia

1077 2394 1229 2422 inclinatio
1251 2393 1343 2421 animi
1365 2394 1462 2422 varios
1483 2395 1546 2429 qius
1569 2395 1687 2423 effectus
1713 2395 1851 2423 demons—

1074 2443 1164 2468 trans.
1181 2440 1281 2467 Modus
1296 2439 1483 2475 significandi
1500 2441 1573 2468 nihil
1589 2441 1671 2469 aliud
1689 2444 1746 2473 est,
1761 2450 1852 2477 quain

1076 2486 1229 2522 dispositio
1246 2487 1343 2521 vocis,
1360 2496 1425 2523 quae
1440 2488 1588 2515 constituit
1603 2488 1782 2515 intellectum
1796 2488 1851 2516 sub

1076 2534 1125 2561 tali
1145 2533 1238 2560 modo
1264 2532 1463 2569 intelligendi,
1479 2537 1507 2561 ct
1530 2542 1582 2568 per
1603 2542 1788 2570 consequens
1810 2535 1853 2570 ip-

1075 2588 1139 2608 sam
1162 2587 1235 2607 rem.
1261 2581 1335 2606 Cum
1358 2588 1428 2615 ergo
1452 2580 1558 2608 dicitur
1574 2580 1610 2608 de
1625 2582 1683 2608 Deo
1699 2581 1851 2614 ambulare,

1075 2627 1123 2654 vel
1137 2634 1256 2658 currere,
1272 2628 1299 2653 et
1318 2626 1508 2661 hujusmodi,
1524 2627 1699 2661 significatio
1723 2627 1850 2662 horum,

1075 2675 1164 2708 prout
1185 2675 1252 2700 sunt
1267 2674 1350 2706 actu,
1367 2674 1425 2701 Deo
1441 2681 1502 2701 non
1517 2673 1662 2702 convenit.
1682 2673 1783 2702 Modus
1798 2681 1851 2701 au-

1077 2721 1136 2747 tem
1151 2718 1337 2754 significandi
1359 2719 1523 2755 quamdam
1538 2720 1676 2756 importat
1695 2720 1850 2757 Imperfec-
