2004 3037
748 186 948 222 APPENDIX
970 186 1111 220 DIAETAE
1131 185 1310 218 SALUTlS.

221 256 262 285 ad
287 256 348 285 duo
377 256 543 293 specialiter
567 263 624 284 nos
649 255 807 284 hortatur:
837 253 935 290 primo
959 252 999 281 ad

221 297 402 332 fructuosam
416 302 631 340 operationem,
644 309 712 330 cum
722 300 810 329 dicit:
824 301 869 328 Sic
882 301 1000 332 currite:

221 350 353 378 secundo
374 349 502 378 ostendit
524 349 680 378 fructuosae
704 347 885 385 operationis
909 346 999 375 ratio-

222 405 309 432 nem,
335 405 403 425 cum
431 396 515 426 addit
540 405 547 426 :
577 397 611 424 Ut
634 394 875 431 comprehendatis.
902 393 999 422 Primo

223 443 312 479 igitur
326 444 470 472 debemus
486 451 605 472 cursum
615 444 833 479 praeceptorum
846 440 998 478 perficere,

223 498 323 527 quoere
333 491 364 519 in
372 491 495 519 materia
503 490 535 518 de
543 491 687 526 Proeceptis
694 491 714 522 ¹;
722 488 864 523 seeundo,
873 488 1000 516 fructum

223 537 414 574 proemiorum
443 539 602 574 appetere,
628 544 727 573 quaere
754 536 785 564 in
813 535 937 563 materia
964 534 1000 562 de

225 585 318 614 Gloria
332 584 459 621 paradisi
473 584 495 612 ².

424 665 559 691 Doniiniea
575 665 602 690 in
618 665 798 697 Sexagesima.

260 726 382 754 Libenter
407 726 544 761 gloriabor
567 727 597 753 in
627 725 837 760 infirmitatibus
859 726 943 758 meis,
970 727 1002 751 ut

224 773 359 800 inhabitet
386 774 416 800 in
438 780 479 800 me
507 774 595 800 virtus
618 772 720 800 Christi
750 771 770 800 ³.
799 771 952 805 Infirmus,
977 771 1001 798 si

223 819 355 855 prudeus
374 821 431 854 est,
449 819 576 847 libenter
590 819 711 848 sustinet
725 819 866 847 sudorem
881 819 1002 854 propter

224 867 396 902 sequentem
410 865 444 901 (a)
461 865 625 894 sanitatem.
646 866 716 894 ldeo
737 865 893 901 Apostolus
907 865 936 892 iu
957 864 1002 892 his

224 912 323 941 verbis
339 912 400 940 duo
422 912 509 940 docet
525 921 532 941 :
552 912 663 941 scilicet
684 912 875 941 afflictionem
891 911 1002 946 carnis,

225 968 315 996 quam
342 960 486 988 debemus
506 960 632 988 libenter
653 961 792 996 portare,
818 959 917 987 dicens
934 968 940 987 :
958 960 1003 987 Lz'-

226 1007 317 1035 beuter
339 1006 475 1041 moriebar
493 1008 524 1034 in
543 1008 752 1042 infirmitatibus
765 1009 850 1039 tnez's‚·
871 1006 1002 1034 seeundo

225 1053 444 1090 possessionem
455 1053 579 1089 virtutis,
595 1062 686 1089 quam
701 1054 846 1081 dehemus
859 1053 1004 1081 ferventer

225 1107 343 1134 amare,
359 1108 428 1127 cum
452 1099 559 1128 addit:
585 1101 618 1128 Ut
640 1101 773 1128 inhabitet
798 1102 827 1127 in
854 1109 894 1127 me
915 1102 1005 1127 virtus

229 1148 339 1176 Christi.
357 1148 455 1176 Primo
470 1148 559 1184 igitur
574 1148 693 1176 afflictio
709 1148 804 1176 carnis
823 1149 866 1176 est
880 1147 1005 1176 libenter

225 1195 384 1231 portanda,
401 1203 498 1231 quaere
511 1195 540 1222 in
556 1195 679 1224 materia
687 1196 719 1223 de
733 1195 907 1223 Fortitudine
921 1195 946 1229 ⁸;
962 1202 1006 1222 se-

228 1242 342 1277 cundo,
358 1242 505 1278 possessio
519 1242 661 1270 virtutum
678 1244 720 1269 cst
741 1242 888 1275 amanda,
905 1249 1006 1277 quaere

228 1288 259 1316 in
273 1289 396 1318 materia
407 1290 439 1317 de
455 1291 565 1318 Virtute
578 1291 607 1317 in
622 1291 757 1317 communi
770 1289 790 1316 ⁵.

407 1371 543 1396 Dominica
559 1371 584 1395 in
603 1371 827 1402 Quinquagesima.

268 1431 393 1459 Charitas
410 1433 519 1466 patiens
544 1435 582 1459 esc
597 1432 616 1459 ⁶.
636 1433 720 1459 Decet
744 1432 879 1466 reginam
897 1431 1007 1459 habere

230 1478 345 1513 regium
364 1481 540 1514 apparatum
557 1488 564 1506 :
584 1471 651 1506 ideo
667 1478 824 1514 Apostolus
839 1478 869 1505 in
884 1478 928 1506 his
942 1485 1007 1505 ver-

231 1523 276 1552 bis
292 1525 431 1552 describit
445 1525 610 1561 specialiter
630 1525 685 1553 ista
701 1525 779 1560 duo,
794 1525 903 1552 scilicet
919 1533 924 1552 ε
942 1525 1010 1552 clia-

231 1571 363 1605 ritatem,
379 1571 453 1598 sicut
472 1572 621 1607 virginum
636 1572 785 1607 reginam,
802 1572 902 1600 dicens
920 1581 926 1599 :
944 1572 1009 1600 cha-

231 1619 317 1653 ritas3
342 1618 473 1646 secundo
497 1618 680 1654 patientiam,
696 1619 770 1646 sieut
787 1619 897 1654 reginte
913 1627 1008 1646 arma—

232 1666 328 1692 turam
340 1686 349 1700 ,
379 1665 494 1693 addens
520 1674 526 1693 :
557 1667 670 1693 Patiens
697 1669 744 1693 est.
774 1666 871 1694 Primo
899 1665 988 1700 igitur
1000 1687 1009 1700 ,

233 1711 358 1740 charitas
373 1714 415 1739 est
428 1712 569 1740 virtutum
588 1712 690 1747 regina
701 1734 709 1747 ,
726 1721 824 1748 quaere
843 1713 874 1740 in
888 1712 1011 1740 materia

234 1758 266 1786 de
289 1759 466 1794 charitate⁷3
493 1759 642 1794 secundo,
666 1759 806 1795 patientia
835 1762 878 1787 est
903 1759 1012 1794 reginae

236 1807 399 1840 armatura,
417 1814 514 1841 quaere
533 1805 563 1833 in
585 1806 708 1834 materia
727 1807 759 1834 de
774 1807 946 1834 Fortttudine
960 1804 970 1821 ⁸
986 1807 1014 1833 et

236 1852 267 1879 in
280 1852 403 1880 materia
419 1853 451 1880 de
465 1854 602 1881 Patientia
616 1854 637 1889 5³.

375 1932 508 1957 Dominica
524 1933 606 1964 prima
623 1934 650 1958 in
667 1934 875 1966 Quadragesima.

279 1993 311 2019 Ut
324 1994 462 2027 castz‘qatt,
473 1996 727 2029 etnonmortificati
743 1995 772 2022 ¹⁰.
790 1995 892 2030 Filius,
909 1995 933 2022 si
947 2003 1015 2031 pec-

240 2039 363 2074 caverit,
386 2040 574 2075 castigandus
598 2043 654 2075 est,
681 2042 709 2069 et
735 2049 796 2068 non
820 2041 1013 2077 mactandum

240 2086 433 2121 corrigendus
444 2107 452 2120 ,
469 2088 496 2114 et
516 2095 577 2114 non
597 2087 788 2115 occidendus.
805 2089 838 2115 Et
852 2088 1016 2116 secundum

239 2132 297 2160 hoc
311 2133 468 2169 Apostolus
487 2134 518 2161 in
533 2133 588 2161 isto
603 2134 697 2162 verbo
711 2135 876 2170 specialiter
891 2135 1018 2163 ostendit

241 2179 301 2207 duo
318 2189 324 2207 :
344 2180 458 2216 primo,
475 2181 558 2216 quod
571 2183 709 2217 peccator
724 2182 811 2209 debet
825 2190 854 2209 se
870 2182 1017 2217 corrigere

241 2235 309 2254 cum
332 2227 453 2262 flagello
473 2227 670 2262 poenitentiae,
686 2236 755 2255 eum
774 2228 843 2256 dicit
860 2238 866 2256 ε
887 2231 920 2256 Ut
935 2230 1018 2256 casti-

241 2276 318 2308 qati,·
334 2274 475 2309 secundo,
491 2275 575 2311 quod
588 2283 648 2302 non
662 2275 748 2303 debet
763 2284 793 2303 se
808 2275 939 2304 occidere
951 2283 1019 2303 cuin

243 2321 344 2355 gladio
360 2321 473 2357 culpae,
493 2322 607 2350 addens
628 2331 634 2350 :
658 2323 719 2351 Νοη
738 2325 903 2358 mortificati.
921 2323 1019 2351 Primo

242 2367 331 2402 igitur
352 2368 540 2403 castigandus
568 2372 610 2397 est
629 2372 766 2405 peccator
788 2370 906 2405 flagello
927 2369 1020 2406 pieni-

243 2415 352 2450 tentiae,
375 2424 473 2451 quaere
491 2416 521 2444 in
540 2417 663 2444 materia
686 2418 718 2445 de
741 2419 903 2445 Paenitentia
920 2417 954 2451 ¹¹;
977 2425 1022 2444 se-

280 2515 284 2527 ¹
303 2515 374 2545 sup,
391 2514 428 2538 tit.
439 2520 476 2545 ιιι,
490 2522 535 2546 per
545 2517 635 2545 totum,
645 2523 670 2546 p.
681 2517 795 2540 275—28‘2.
807 2517 854 2535 —2
865 2517 936 2547 Sup„
948 2517 985 2541 tit.
997 2523 1021 2546 ς’,

248 2556 269 2572 c.
282 2555 311 2579 11,
323 2557 347 2579 p.
357 2551 400 2573 335
412 2553 436 2574 et
446 2557 539 2582 seq.—
551 2552 560 2567 ³
576 2552 595 2574 ll
613 2552 680 2581 Corn,
698 2558 745 2583 xu,
758 2554 780 2577 9.
793 2567 819 2570 —
830 2554 837 2567 ⁵
854 2554 926 2583 Sup„
940 2553 978 2576 tit.
996 2558 1021 2582 v,

249 2591 270 2608 c.
288 2591 338 2616 vn,
354 2592 378 2615 p.
394 2588 438 2610 303
453 2589 513 2611 ets.
530 2600 560 2604 —
575 2588 585 2603 ⁵
599 2588 677 2617 thid„
694 2595 716 2612 c.
736 2594 757 2619 1,
775 2596 834 2620 pag.
851 2590 895 2612 ‘290
913 2591 937 2612 et
956 2596 976 2612 s.
993 2601 1024 2604 —

249 2620 258 2635 Β
271 2620 277 2642 l
292 2620 359 2650 Corn,
375 2627 433 2651 xiii,
448 2624 472 2646 4.
487 2636 517 2640 —
532 2624 540 2637 ⁷
553 2625 626 2654 Sup.,
643 2624 679 2647 tit.
696 2631 721 2655 v,
736 2631 750 2648 e
777 2631 809 2655 11,
825 2632 850 2655 p.
863 2626 906 2648 293
918 2628 940 2648 et
957 2632 976 2647 ε.
994 2637 1023 2641 —-

250 2655 349 2685 ¹⁵1bid.‚
364 2663 386 2680 e.
402 2662 453 2687 νιι,
468 2665 494 2688 p.
513 2661 557 2683 302
572 2661 596 2683 et
610 2666 631 2682 s.
645 2661 695 2676 —9
712 2660 789 2691 Sup,
812 2660 849 2684 tit.
869 2666 920 2690 νιι,
937 2666 959 2683 c.
979 2665 1022 2688 vii,

1775 187 1833 216 349

1056 251 1167 286 cundo,
1178 259 1239 279 non
1254 252 1297 280 est
1307 249 1488 279 ochdendus
1503 249 1604 285 gladio
1615 249 1719 287 culpae,
1734 257 1834 287 quoere

1055 299 1086 327 in
1098 297 1222 327 materia
1237 299 1270 326 de
1286 299 1396 326 Peccata
1409 298 1438 324 in
1453 298 1587 325 commum·
1602 295 1622 325 ¹.

1179 379 1313 404 Dominica
1329 378 1442 404 secunda
1458 377 1484 403 in
1502 378 1711 410 Quadragesima.

1093 442 1153 469 Hoec
1168 441 1337 468 estvoluntas
1354 440 1413 474 Dei,
1425 440 1601 474 sanctificatio
1616 441 1706 467 vestra
1717 439 1747 466 ¹⁸.
1757 439 1836 467 Tunc

1056 495 1180 523 regnum
1195 487 1271 516 bene
1283 486 1404 522 regitur,
1423 485 1545 522 quando
1562 485 1691 522 populus
1700 485 1838 514 volunta-

1056 536 1116 563 tem
1131 535 1209 570 regis
1222 535 1371 567 observat,
1385 532 1541 569 etquando
1556 540 1609 560 rex
1622 532 1718 568 plebis
1730 532 1838 561 utilita-

1057 584 1116 610 tem
1133 582 1282 618 procurat.
1296 580 1379 609 Unde
1391 579 1547 616 Apostolus
1559 579 1589 606 in
1604 579 1650 606 his
1661 579 1760 607 verbis
1775 579 1837 608 hoec

1057 629 1118 657 duo
1129 628 1206 657 facit.
1215 630 1252 656 De
1263 627 1364 655 scribit
1381 626 1459 654 enim
1474 626 1546 662 quid
1554 634 1668 654 sumine
1679 626 1838 654 observan-

1059 676 1144 710 dum,
1156 675 1226 712 quia
1235 674 1373 703 voluntas
1381 673 1491 708 divina,
1500 673 1614 701 dicens:
1626 674 1688 700 Haec
1699 675 1736 700 est
1746 673 1838 701 volan-

1058 726 1101 751 ηις
1112 724 1171 757 Dei3
1183 721 1327 755 seeundo,
1339 721 1413 757 quid
1424 728 1537 748 summe
1548 718 1838 755 affectandum,quia

1058 769 1194 798 sanctitas
1204 768 1337 805 propria,
1345 768 1473 796 addens:
1485 768 1669 802 Sanctificati'o
1675 768 1773 794 vestra.
1783 766 1837 794 Pri-

1059 825 1109 844 mo
1119 816 1206 851 igitur
1216 815 1362 844 debemus
1371 814 1504 842 divinam
1515 814 1694 842 voluntatem
1702 812 1840 840 observa·

1058 864 1134 891 reim
1140 863 1248 899 plendo
1255 863 1514 899 praeeepta,quaere
1522 861 1550 888 in
1557 860 1677 888 materia
1685 860 1717 887 de
1723 860 1840 893 Proecep-

1060 911 1132 944 tis¹'⁴‚·
1139 910 1282 943 secundo,
1293 909 1436 937 debemus
1443 916 1496 944 per
1503 907 1679 935 munditiam
1687 905 1839 942 propriam

1060 957 1220 985 castitatem
1226 964 1354 990 servare,
1363 963 1460 992 quaere
1468 955 1497 982 in
1504 954 1664 983 materiade
1670 954 1798 982 Castitate
1808 952 1840 981 ¹⁵.

1201 1037 1335 1062 Dominica
1353 1037 1427 1062 tertia
1446 1037 1472 1061 in
1491 1036 1699 1068 Quadragesimn.

1096 1099 1241 1126 Ambulate
1255 1100 1284 1125 in
1299 1099 1441 1125 dilectione
1451 1120 1459 1130 ,
1474 1099 1544 1125 sicut
1563 1100 1587 1124 et
1603 1097 1727 1124 Christus
1742 1095 1841 1122 dilexit

1060 1154 1105 1173 vos
1129 1144 1156 1173 ¹⁰.
1180 1145 1341 1181 Unicuique
1367 1147 1488 1181 experto
1515 1144 1546 1172 in
1569 1151 1622 1171 sua
1637 1142 1756 1171 seientia
1782 1149 1844 1169 cre-

1062 1193 1218 1221 dendum:
1242 1194 1270 1220 et
1289 1192 1374 1227 ideo,
1395 1192 1466 1228 quia
1483 1191 1639 1227 Apostolus
1659 1198 1774 1218 summe
1789 1189 1843 1217 fuit

1062 1241 1198 1277 expertus
1219 1240 1249 1266 in
1264 1239 1417 1275 praeoeptis
1434 1241 1461 1266 et
1475 1238 1612 1271 scientia,
1628 1237 1732 1266 audire
1752 1236 1843 1264 debe-

1062 1295 1128 1314 mus
1148 1286 1307 1314 lectionem
1326 1294 1426 1320 suam,
1449 1293 1540 1321 quam
1555 1285 1643 1313 nobis
1659 1283 1800 1320 proponit
1813 1283 1844 1310 in

1062 1334 1107 1361 liis
1134 1333 1250 1368 verbis,
1281 1333 1317 1360 de
1347 1332 1449 1360 schola
1476 1332 1584 1360 divinae
1611 1330 1754 1359 lectionis.
1779 1331 1844 1358 Haec

1063 1384 1162 1409 autem
1177 1381 1263 1408 lectio
1282 1380 1413 1408 continet
1433 1380 1494 1408 duo
1510 1378 1648 1416 capitalia
1667 1377 1842 1412 dilectionis,

1063 1428 1174 1456 scilicet
1189 1437 1196 1456 ι
1225 1428 1307 1456 viam
1334 1427 1534 1462 regulantem,
1562 1428 1590 1454 et
1615 1425 1684 1453 ideo
1714 1424 1821 1452 dicitur
1837 1432 1842 1451 :

1064 1476 1210 1503 Ambulczte
1233 1477 1263 1502 in
1289 1476 1450 1508 clitectz'one;
1477 1477 1505 1502 et
1527 1473 1693 1502 dilectionis
1716 1472 1844 1500 formam

1065 1522 1278 1558 exemplarem,
1295 1524 1322 1549 et
1336 1521 1405 1549 ideo
1419 1521 1556 1549 subditur
1573 1530 1579 1549 t
1596 1522 1671 1549 Sicut
1687 1523 1711 1549 et
1723 1521 1845 1547 Christus

1066 1570 1166 1597 (litemtt
1179 1577 1233 1597 vos.
1247 1569 1344 1596 Primo
1358 1568 1445 1603 igitur
1456 1567 1608 1604 sequenda
1623 1569 1665 1595 est
1680 1565 1846 1594 dilectionis

1065 1616 1124 1651 via,
1135 1624 1232 1652 quaere
1243 1615 1274 1643 in
1288 1616 1410 1643 materia
1421 1615 1452 1643 de
1465 1616 1612 1642 Dilectione
1623 1617 1647 1642 et
1660 1614 1800 1641 Charitate
1810 1612 1844 1647 ¹⁷3

1067 1664 1199 1692 secundo
1214 1663 1393 1691 attendenda
1408 1664 1450 1690 est
1466 1662 1633 1690 dilectionis
1647 1661 1753 1695 forma,
1768 1668 1848 1696 quae-

1066 1720 1098 1739 re
1110 1711 1142 1739 in
1157 1711 1263 1740 eadem
1275 1710 1409 1738 materia.

1202 1792 1334 1816 Dominica
1351 1793 1440 1823 quarta
1457 1791 1483 1815 in
1500 1789 1712 1822 Quadragesima.

1103 1855 1179 1889 Ejice
1201 1855 1329 1881 ancillam
1345 1856 1370 1881 et
1386 1854 1474 1888 silium
1495 1853 1551 1887 ejus
1566 1852 1596 1879 ¹²³.
1612 1851 1707 1886 Vulgo
1723 1849 1847 1884 dicitur,

1070 1901 1152 1937 quod
1166 1901 1283 1928 bonum
1302 1908 1377 1936 opus
1392 1899 1477 1934 facit,
1496 1899 1547 1935 qui
1563 1899 1599 1926 de
1614 1898 1702 1926 stulto
1717 1905 1747 1925 se
1763 1904 1848 1932 expe-

1070 1949 1122 1976 dit.
1143 1950 1175 1976 Et
1188 1948 1257 1975 ideo
1272 1947 1428 1983 Apostolus
1447 1947 1478 1974 in
1496 1946 1553 1974 hoe
1568 1946 1661 1973 verbo
1678 1946 1779 1972 monet
1793 1951 1848 1971 nos

1070 1995 1109 2023 ad
1121 1995 1331 2031 expellendum
1345 1996 1499 2030 peceatum
1511 1993 1548 2021 de
1560 1993 1658 2020 cordis
1668 1991 1807 2027 hospitio,
1821 1993 1849 2017 et

1070 2042 1127 2070 hoc
1156 2043 1300 2077 quantum
1325 2041 1364 2068 ad
1392 2041 1454 2068 duo
1471 2049 1477 2067 z
1505 2040 1614 2067 scilieet
1640 2040 1783 2074 quantum
1809 2037 1848 2064 ad

1072 2089 1259 2116 affectionem
1283 2096 1342 2123 qua
1369 2089 1524 2123 peceatum
1549 2085 1776 2121 concupiscitur,
1805 2084 1849 2111 di-

1073 2144 1141 2164 cens
1157 2145 1163 2162 z
1179 2135 1253 2169 Effice
1269 2136 1406 2168 ancillam,
1421 2134 1453 2161 id
1467 2136 1510 2161 est
1524 2133 1707 2161 voluntatem
1721 2132 1847 2166 malam;

1073 2185 1100 2210 et
1115 2183 1259 2218 quantum
1274 2182 1313 2209 ad
1329 2181 1529 2217 operationem
1542 2188 1602 2216 qua
1614 2181 1769 2216 peccatum
1783 2186 1849 2214 per-

1072 2231 1218 2266 petratur,
1241 2228 1355 2256 addens
1372 2237 1379 2256 :
1399 2230 1435 2255 Et
1451 2229 1539 2263 filium
1560 2222 1628 2262 ejas.
1650 2226 1746 2254 Primo
1763 2225 1850 2260 igitur

1073 2284 1126 2312 per
1141 2275 1344 2312 paenitentiam
1365 2275 1542 2311 expellenda
1564 2276 1606 2302 est
1624 2273 1738 2301 affectio
1754 2273 1850 2307 mala,

1075 2325 1103 2351 et
1115 2323 1148 2350 fit
1162 2323 1309 2359 praecipue
1324 2331 1377 2358 per
1392 2322 1599 2350 contritionem
1618 2323 1645 2349 et
1663 2329 1715 2356 per
1737 2319 1851 2347 confes-

1075 2370 1206 2405 sionem,
1223 2378 1321 2406 quaere
1339 2370 1371 2397 in
1390 2369 1514 2397 materia.
1527 2369 1559 2396 cle
1574 2369 1735 2396 Paenitentia
1752 2367 1786 2401 ¹⁹5
1806 2374 1850 2393 se-

1076 2443 1100 2466 p.
1111 2436 1155 2459 325
1166 2437 1218 2459 cts.
1230 2448 1261 2452 —
1272 2436 1292 2452 ¹⁰
1308 2435 1326 2458 ll
1341 2434 1409 2464 Cuia,
1420 2440 1455 2464 vi,
1474 2435 1495 2458 9.
1508 2447 1537 2451 —
1551 2434 1567 2449 ¹¹
1579 2434 1650 2464 Sup.y
1664 2433 1699 2456 tit.
1718 2438 1745 2461 11,
1756 2433 1850 2461 perto-

1076 2473 1140 2501 tum,
1154 2478 1180 2501 p.
1194 2472 1305 2495 263-275.
1327 2484 1353 2488 —
1378 2471 1397 2487 ¹²
1408 2471 1480 2500 Sup.³
1496 2470 1532 2494 tit.
1550 2475 1568 2499 ι,
1580 2475 1633 2498 e.1,
1651 2476 1676 2499 p.
1692 2469 1735 2492 249
1752 2469 1776 2490 ct
1789 2474 1808 2490 s.
1822 2479 1852 2484 -

1079 2507 1097 2523 ¹³
1119 2508 1125 2530 l
1154 2507 1244 2535 Thess„
1268 2513 1302 2536 iv,
1327 2508 1348 2530 3.
1373 2519 1402 2523 —
1427 2506 1447 2522 ¹⁴
1467 2506 1539 2536 sup,
1565 2506 1602 2528 tit.
1627 2510 1669 2533 ιιι,
1695 2510 1740 2533 per
1760 2504 1851 2532 totum,

1077 2550 1102 2573 p.
1121 2544 1234 2567 eis—282.
1250 2556 1275 2559 —
1293 2542 1313 2558 ¹⁵
1328 2542 1406 2572 Sup.‚
1422 2541 1460 2565 tit.
1483 2547 1521 2572 iv,
1543 2546 1664 2570 c.1v‚p.
1686 2540 1729 2562 iss
1747 2540 1771 2562 et
1786 2546 1806 2562 s.
1821 2551 1852 2555 —

1079 2579 1098 2594 ¹⁶
1114 2578 1216 2609 Ephes„
1230 2584 1255 2601 v.
1274 2581 1296 2601 2.
1310 2591 1340 2595 --
1358 2578 1374 2591 '⁷
1391 2578 1463 2608 Sup„
1478 2577 1515 2601 tit¹
1531 2584 1553 2606 x,
1570 2584 1591 2599 c.
1609 2582 1641 2605 11,
1656 2582 1680 2605 p.
1694 2576 1738 2598 293
1754 2576 1807 2598 ets.
1822 2587 1852 2592 —

1080 2615 1098 2630 ¹⁸
1113 2614 1181 2642 Gal„
1200 2620 1232 2645 iv,
1251 2615 1326 2637 30.-
1340 2613 1359 2629 ¹⁹
1375 2614 1447 2644 Sap„
1460 2613 1496 2637 tit.
1515 2619 1542 2643 ιι,
1553 2613 1695 2640 c.11ct111‚
1706 2611 1850 2640 awti-267.

1111 2657 1145 2689 (a)
1160 2657 1222 2682 Caet.
1236 2656 1295 2681 edit.
1313 2656 1482 2686 frequentem.
