2004 3037
383 295 565 341 CAPUT
597 305 840 362 xxxvm.

495 379 536 408 De
555 379 652 408 timore
670 379 729 408 Dei.

261 449 358 486 Usque
372 447 413 478 ad
426 447 644 478 beatitudinem
653 448 861 478 confirmatam
874 455 938 478 non
950 455 1005 485 po-

224 496 280 525 test
295 503 359 525 esse
372 495 514 525 securitas
529 505 538 525 :
552 503 626 525 nam
638 497 668 525 et
681 495 780 532 angeli
795 495 828 524 in
847 495 924 525 coelo
942 503 1006 524 em-

224 550 333 581 pyreo,
357 544 388 572 et
398 543 490 580 primi
502 546 642 581 parentes
663 543 696 572 in
720 543 849 572 terrestri
862 542 1005 580 paradiso

224 592 435 628 peceaverunt.
445 591 523 627 Gen„
531 598 575 620 111.
588 592 628 620 De
637 590 757 627 Angelis
765 593 876 628 autem,
885 592 908 620 ll
918 592 1006 627 Petra,

223 646 262 675 ιι,
275 639 310 673 4,
324 638 432 668 dicitur
449 646 456 667 :
480 647 495 666 α
517 638 637 676 Angelis
655 638 848 676 peccantibus
869 646 933 668 non
950 645 1006 675 pe-

223 686 354 723 percit.»

261 734 336 763 Loth
349 734 424 763 inter
437 734 609 771 peccatores
621 733 769 771 pessimos
788 733 888 762 bonus
901 732 966 769 fuit,
979 735 1008 762 et

226 781 328 811 exiens
341 781 412 812 inde
425 789 498 818 cum
503 781 624 812 filiabus
633 781 695 811 suis
708 781 740 810 in
748 782 851 812 monte
861 781 1005 819 peccavit.

228 829 306 864 Gen„
318 837 380 858 mx.

262 876 397 906 Defectus
410 875 524 905 timoris
534 875 629 904 divini
639 876 683 905 est
696 883 786 904 causa
798 875 912 912 peccati
918 884 927 911 ;
938 874 1007 904 ideo

228 923 304 955 dixit
318 923 470 953 Abraham
489 923 530 952 ad
547 923 721 952 Abimelech
736 932 743 952 :
769 933 783 950 ιι
796 922 930 959 Cogitavi
948 931 1009 952 me-

231 979 311 1008 cum,
336 970 438 1000 dicens
455 980 462 1000 :
479 971 611 999 Forsitan
632 978 695 1000 non
718 973 761 999 est
781 970 871 999 timor
893 971 925 999 in
939 970 1008 1000 loco

227 1018 296 1060 isto,
311 1019 340 1047 et
351 1018 527 1047 interficient
540 1026 600 1054 me,
613 1027 629 1046 »
645 1020 700 1047 etc.
717 1018 795 1054 Gen„
809 1026 862 1054 xx,
875 1019 921 1047 ll.

269 1076 284 1094 α
294 1067 428 1095 Timuere
443 1066 614 1096 obstetrices
627 1066 797 1103 Dominum,
810 1068 840 1096 et
852 1065 1010 1096 aedificavit

228 1114 288 1144 illis
302 1114 438 1143 domum.
453 1123 468 1141 r
482 1114 581 1147 Emod„
597 1121 618 1149 ι,
634 1115 676 1143 ¹5.

265 1161 364 1190 Voluit
384 1161 526 1190 Dominus
540 1161 670 1190 multum
685 1160 823 1190 timorem
836 1160 906 1190 filiis
921 1160 1011 1190 lsrael

229 1209 370 1244 incutere,
382 1211 411 1237 ct
425 1208 493 1237 ideo
507 1216 577 1237 cum
590 1209 735 1244 tonitruis,
750 1211 778 1237 et
792 1208 874 1245 igne,
885 1208 1011 1245 etsignis

229 1256 412 1286 terribilibus
425 1256 523 1292 legem
537 1256 628 1284 dedit.
644 1256 746 1290 Exod„
761 1264 811 1284 xx.

267 1305 332 1332 Non
356 1303 446 1332 debet
463 1304 553 1332 bomo
575 1303 727 1331 confidere
745 1303 775 1331 in
794 1302 943 1340 probitate
956 1310 1011 1340 pa-

230 1352 369 1387 rentum;
393 1351 544 1379 Abraham
566 1351 645 1379 enim
664 1350 764 1387 plures
787 1350 894 1379 habuit
914 1350 1012 1378 malos

229 1398 319 1434 filios,
329 1407 423 1426 unum
435 1398 562 1427 bonum.
573 1398 692 1427 Samuel
701 1397 805 1426 habuit
819 1398 907 1433 duos,
919 1397 1012 1426 ambo

230 1446 349 1475 fuerunt
372 1445 572 1480 mali‚1Req.,
588 1453 651 1474 vin.
673 1445 766 1473 David
789 1445 877 1474 etium
901 1445 1012 1474 multos

230 1493 486 1522 mansSanmon
497 1493 602 1522 habuit
611 1500 705 1521 unum
712 1493 826 1521 malum
836 1495 864 1522 et
873 1492 1010 1522 stultum:

233 1543 260 1571 et
274 1541 310 1569 de
324 1541 424 1570 multis
439 1541 504 1569 aliis
514 1541 704 1569 inveniuntur
718 1541 866 1577 exempla.

266 1590 334 1617 Post
347 1589 502 1617 transitum
517 1588 601 1616 Maris
618 1588 721 1624 Rubri,
733 1590 762 1616 et
773 1588 1013 1617 submersionem

234 1637 380 1666 exereitus
399 1635 575 1670 Pharaonis,
602 1635 718 1672 dicitur,
744 1636 845 1669 lia-od„
863 1644 930 1671 xw,
951 1638 983 1664 31
1004 1645 1011 1665 :

237 1696 250 1712 ιι
262 1684 369 1712 Timuit
382 1683 512 1720 populus
526 1683 696 1719 Dominum,
712 1684 740 1712 et
755 1683 946 1713 crediderunt
959 1686 1014 1713 Do-

233 1731 327 1767 mino,
343 1735 371 1760 et
384 1731 476 1767 Moysi
492 1739 580 1760 servo
593 1731 666 1766 ejus.
681 1741 695 1757 »

270 1779 382 1807 Abdias
404 1779 591 1814 dispensator
616 1778 725 1805 (lomus
743 1778 845 1806 Achab
863 1787 877 1804 «
892 1778 1015 1807 timebat

233 1827 393 1854 Dominum
407 1835 421 1852 »
439 1826 531 1852 Deum
545 1825 633 1854 lsrael
652 1835 667 1851 ιι
679 1825 784 1859 valum
801 1833 871 1852 nam
886 1832 954 1853 cum
970 1825 1014 1852 in-

233 1872 376 1902 terficeret
395 1872 513 1901 lezabel
533 1871 696 1908 prophetas
718 1871 850 1907 Domini,
875 1871 940 1900 tulit
962 1871 1013 1900 ille

235 1922 354 1949 centum
369 1920 541 1956 prophetas,
557 1920 585 1947 et
599 1918 756 1948 abscondit
770 1926 833 1955 eOS,
849 1920 877 1948 et
890 1919 983 1956 pavit.
996 1929 1010 1945 n

233 1968 267 1997 lll
282 1968 360 2001 Rem,
374 1975 456 1995 xvni.

271 2014 410 2043 llomines
425 2021 502 2050 quos
514 2013 593 2042 misit
607 2021 658 2042 rex
675 2013 861 2049 Assyriorum
876 2012 915 2041 ad
930 2012 1014 2041 habi-

237 2062 360 2091 tandum
376 2061 549 2096 Samariam,
568 2072 581 2087 «ι
592 2068 653 2089 non
668 2061 811 2089 timebant
832 2061 988 2088 Dominum
1005 2070 1011 2088 :

235 2111 263 2138 ct
277 2109 398 2137 immisit
421 2109 462 2136 eis
484 2108 625 2137 Dominus
649 2108 766 2143 leones,
789 2108 840 2144 qui
862 2107 1015 2136 interficie-

235 2156 308 2185 bant
319 2165 380 2184 cos.
392 2166 405 2182 n
419 2157 451 2184 IV
466 2157 542 2190 neq„
558 2164 629 2189 xvu,
645 2156 690 2183 25.

271 2202 424 2231 Constituit
437 2203 578 2239 iosaphat
588 2203 705 2238 judices
720 2203 750 2230 in
763 2202 874 2230 cunctis
892 2201 1015 2230 civitati-

235 2251 292 2280 bus
306 2251 391 2283 Juda,
409 2250 582 2286 praecipiens
602 2250 643 2278 eis
659 2250 732 2278 inter
747 2253 851 2278 caetera
871 2259 877 2278 :
898 2260 911 2276 ιι
925 2250 965 2278 Sit
981 2249 1015 2278 ti-

235 2306 303 2328 mor
318 2298 434 2325 Domini
449 2297 619 2332 vobiscum,
642 2298 670 2325 ct
690 2306 758 2324 cum
772 2297 924 2332 diligentia
945 2305 1016 2325 cun—

237 2348 282 2375 cta
296 2345 398 2380 facite3
416 2353 478 2373 non
493 2348 535 2373 est
549 2346 630 2373 enim
645 2345 727 2382 apud
750 2346 908 2374 Dominum
924 2347 1016 2374 Deum

236 2393 388 2430 iniquitas,
402 2403 416 2419 »
432 2395 486 2422 etc.
503 2394 523 2421 ll
539 2393 646 2428 Par-al„
660 2401 722 2427 xix,
737 2395 763 2420 7.

272 2441 379 2469 Tobias
393 2441 491 2468 senior
502 2440 597 2468 filium
608 2449 695 2468 suum
708 2452 720 2465 ιι
728 2439 767 2468 ab
778 2440 900 2467 infantia
913 2439 1016 2468 timere

237 2490 328 2517 Deum
343 2488 454 2516 docuit.
470 2498 483 2514 n
504 2488 581 2522 Tob„
596 2496 616 2522 1,
634 2490 677 2515 10.
695 2487 775 2515 ldem
790 2487 830 2515 ad
845 2486 1016 2514 convivium

237 2544 324 2563 snum
340 2538 431 2563 Deum
444 2535 576 2563 timentes
591 2535 716 2562 faciebat
730 2535 841 2562 vocari.
855 2534 931 2568 Tob„
941 2542 973 2568 ιι,
987 2534 1016 2563 9..

237 2582 373 2618 Sequitur
393 2583 523 2617 ibidem,
537 2591 561 2617 i,
576 2584 606 2610 21
626 2591 633 2610 ε
651 2582 802 2618 «Tobios,
823 2582 892 2618 plus
910 2582 1016 2610 timens

238 2630 331 2657 Deum
354 2638 445 2666 quam
465 2638 583 2665 regem,
598 2630 734 2667 rapiebat
755 2638 881 2666 corpora
903 2629 1016 2659 occiso-

236 2683 314 2710 rum,
331 2679 358 2704 ct
370 2676 531 2713 sepeliebat
544 2684 589 2705 ea.
605 2686 619 2703 »

845 189 981 225 BIBLtA
997 187 1230 224 PAUPERUM.

1096 257 1205 287 Tobias
1216 257 1330 294 junior,
1342 258 1375 288 et
1385 257 1476 288 amici
1487 257 1546 295 sui,
1561 265 1577 287 ιι
1587 264 1659 294 eam
1668 257 1845 303 tingeremu-

1061 303 1136 334 mini
1149 303 1324 335 convivium
1336 305 1510 343 nuptiarum
1526 305 1717 342 exercebant.
1731 316 1754 339 n—
1765 307 1845 345 rom,

1061 353 1162 390 1¹,12.
1654 364 1657 366 ·
1798 372 1811 386 -,

1097 399 1274 430 confitendo
1289 400 1321 429 in
1335 399 1470 429 oratione
1483 399 1611 429 Domino
1625 399 1744 431 dicebat
1758 401 1847 435 Sarra⁴

1061 446 1125 476 filia
1137 447 1268 484 Raguel:
1282 456 1297 475 ιι
1308 446 1410 476 Virum
1422 455 1491 476 cum
1500 448 1606 477 timore
1615 449 1680 484 tuo,
1693 456 1756 478 non
1770 457 1848 484 cum

1062 494 1271 531 libidinemea
1285 495 1423 524 consensi
1436 495 1580 532 recipere.
1595 506 1611 524 i>
1629 497 1706 530 Tot„
1720 505 1764 532 ιιι,
1776 498 1823 526 18.

1102 552 1117 570 ιι
1128 544 1195 571 Erat
1206 542 1308 571 Judith
1320 542 1415 571 vidua
1428 542 1460 570 in
1474 542 1616 572 omnibus
1633 543 1845 581 famosissima,

1063 589 1210 627 quoniam
1221 590 1346 619 timebat
1360 591 1452 618 Deum
1467 589 1568 625 valde,
1587 597 1644 619 nec
1657 592 1722 620 erat
1733 591 1786 629 qui
1799 591 1845 621 lo-

1063 638 1203 674 queretur
1216 637 1255 666 de
1269 644 1306 666 ea
1318 636 1446 666 verbum
1455 637 1581 666 malum.
1592 646 1607 664 n
1619 638 1728 672 Judtah,
1741 646 1806 674 vni,
1817 640 1844 668 8.

1099 686 1184 714 inter·
1197 684 1257 713 alia
1277 684 1317 713 de
1331 684 1443 721 quibus
1466 684 1696 714 commendatur
1715 685 1789 721 lob,
1803 688 1848 716 est

1064 731 1154 761 timor
1166 731 1229 767 Dei,
1237 731 1297 767 Job,
1306 739 1318 761 1
1331 733 1361 760 et
1374 739 1395 760 ιι
1401 741 1410 768 3
1423 731 1504 761 unde
1518 734 1548 762 et
1560 732 1623 769 ipse
1635 733 1731 763 dixit:
1743 743 1759 761 α
1771 742 1846 763 sem-

1063 787 1119 816 per
1143 778 1230 816 quasi
1254 780 1400 808 tumentes
1424 787 1515 816 super
1539 787 1588 809 me
1613 779 1737 817 fluctus,
1761 781 1847 811 timui

1064 825 1168 854 Deum.
1183 835 1198 852 n
1214 825 1276 859 Job,
1290 833 1374 861 xxxi,
1389 826 1435 854 23.

1099 872 1140 900 De
1168 872 1294 901 muliere
1320 872 1390 901 forti
1417 872 1525 901 dicitur
1552 872 1732 910 specialiter,
1752 875 1847 911 Pron„

1065 926 1145 954 xxxi,
1155 920 1191 948 30
1203 929 1209 947 :
1221 930 1235 946 ιι
1243 919 1346 948 Mulier
1357 920 1462 949 timens
1471 921 1564 948 Deum
1572 920 1637 957 ipsa
1645 921 1845 951 laudabitur.»

1101 967 1176 996 Cum
1185 967 1283 1004 plagis
1296 967 1491 1005 perimeretur
1505 968 1671 1003 Eleazarus,
1685 969 1744 998 uit:
1764 978 1779 996 ιι
1792 970 1849 999 Do-

1066 1014 1158 1049 mine,
1173 1017 1205 1043 tu
1220 1014 1287 1050 scis,
1309 1015 1380 1051 quia
1394 1023 1464 1043 cum
1482 1023 1500 1044 a
1521 1018 1618 1044 morte
1635 1024 1756 1052 possem
1773 1016 1848 1046 libe-

1066 1062 1136 1099 rari,
1148 1062 1240 1091 duros
1251 1062 1385 1099 corporis
1393 1063 1523 1091 sustineo
1534 1063 1665 1099 dolores,
1681 1064 1848 1093 secundum

1067 1110 1201 1140 animam
1217 1118 1290 1139 vero
1311 1112 1435 1147 propter
1457 1111 1595 1140 timorem
1620 1113 1706 1140 tuum
1721 1111 1849 1142 libenter

1066 1157 1125 1188 hoc
1140 1157 1247 1195 patior.
1263 1168 1277 1185 ι)
1297 1159 1317 1187 ll
1333 1159 1418 1193 Mac„
1432 1166 1474 1193 vi,
1489 1160 1535 1186 30.

1103 1207 1260 1234 Commota
1273 1208 1444 1243 tempestate
1460 1213 1580 1242 magna,
1590 1207 1697 1241 nautae,
1707 1213 1776 1234 cum
1786 1206 1850 1242 qui·

1068 1253 1125 1282 bus
1140 1254 1202 1281 erat
1214 1254 1318 1286 JonaS‚
1341 1262 1355 1280 α
1370 1253 1514 1281 miserunt
1532 1253 1631 1289 ipsum
1652 1253 1683 1281 in
1707 1261 1807 1288 mare,
1823 1255 1851 1282 et

1068 1301 1144 1329 stetit
1159 1308 1240 1328 mare
1257 1308 1275 1328 a
1297 1300 1414 1328 fervore
1435 1308 1502 1336 suo,
1517 1302 1546 1328 et
1567 1300 1728 1329 timuerunt
1747 1300 1803 1329 viri
1817 1300 1851 1329 u-

1068 1356 1152 1377 more
1175 1355 1285 1383 magno
1303 1347 1480 1383 Dominum,
1500 1349 1529 1376 et
1550 1347 1782 1377 immolaverunt
1796 1348 1850 1377 ho·

1069 1395 1148 1430 stias,
1164 1397 1191 1423 et
1206 1397 1351 1423 voverunt
1366 1397 1445 1423 vota.
1461 1406 1474 1421 ι)
1489 1396 1564 1428 lon„
1580 1403 1602 1428 1,
1618 1396 1663 1424 15.

1104 1443 1132 1471 Si
1148 1442 1297 1471 timendus
1311 1444 1353 1470 est
1368 1442 1476 1478 aliquis
1497 1442 1657 1478 dominns,
1675 1442 1746 1479 qnia
1761 1442 1852 1472 mulla

1069 1490 1150 1519 bona
1165 1490 1278 1518 donare
1292 1492 1399 1526 potest,
1415 1489 1509 1518 multo
1525 1489 1620 1525 magis
1646 1489 1795 1518 timendus
1809 1491 1852 1519 est

1069 1539 1161 1573 Deus,
1181 1537 1234 1574 qui
1253 1545 1371 1565 summa
1391 1537 1473 1565 bona
1501 1536 1615 1565 donare
1637 1539 1744 1573 potest.
1775 1538 1850 1573 Tob.,

1070 1593 1110 1620 ιν,
1126 1586 1160 1613 23
1178 1594 1185 1613 :
1203 1594 1217 1610 ιι
1230 1584 1294 1613 Noli
1315 1584 1427 1619 timere,
1452 1583 1494 1611 fili
1511 1582 1563 1618 mi,
1578 1594 1590 1609 n
1608 1586 1660 1612 etc.
1681 1586 1764 1618 ltem,
1780 1584 1852 1620 quia

1068 1634 1165 1669 potest
1184 1632 1264 1660 mala
1280 1632 1403 1666 inferre;
1421 1634 1449 1660 ct
1470 1634 1592 1668 propter
1606 1631 1674 1666 hoc,
1695 1632 1807 1664 Murem,
1822 1639 1851 1666 x,

1069 1681 1104 1707 28
1119 1688 1126 1707 ε
1139 1689 1153 1705 ιι
1166 1679 1274 1707 Timete
1291 1687 1369 1713 eum,
1383 1678 1434 1714 qui
1447 1681 1545 1715 potest
1560 1678 1693 1706 animam
1704 1680 1731 1706 et
1744 1686 1851 1714 eorpus

1070 1727 1182 1755 mittere
1199 1726 1229 1753 in
1243 1726 1420 1761 gehennam.
1434 1735 1448 1750 ι)

1105 1773 1131 1800 Si
1146 1773 1274 1807 graviter
1289 1772 1409 1807 punitus
1424 1772 1465 1799 est
1479 1778 1581 1798 servus
1602 1770 1668 1806 ille,
1689 1770 1740 1807 qni
1756 1771 1849 1799 talen-

1070 1822 1132 1848 tum
1146 1819 1203 1847 sibi
1219 1819 1359 1847 traditum
1378 1826 1440 1846 non
1461 1817 1685 1854 multiplicavit,
1702 1817 1756 1845 sed
1774 1817 1849 1854 liga—

1070 1868 1131 1894 tum
1147 1867 1177 1894 in
1196 1866 1317 1893 sudario
1338 1865 1485 1900 integrum
1509 1865 1690 1901 reportavit,
1711 1864 1785 1901 quid
1799 1864 1850 1893 fiet

1070 1913 1107 1942 de
1119 1913 1181 1948 illo,
1193 1913 1244 1949 qui
1259 1913 1361 1940 omnia
1375 1912 1527 1948 dissipavit
1540 1911 1691 1940 luxuriose
1703 1911 1847 1948 vivendo,

1070 1963 1111 1995 ct,
1128 1963 1273 1996 quantum
1289 1960 1317 1987 in
1335 1960 1399 1996 ipso
1415 1959 1482 1994 snit,
1499 1959 1658 1987 Dominum
1672 1958 1849 1996 impugnan-

1071 2008 1134 2038 do?
1148 2009 1263 2042 Manli„
1279 2015 1345 2042 xxv,
1362 2008 1398 2035 de
1416 2007 1531 2035 talentis
1545 2006 1681 2035 habetur.

1105 2055 1197 2083 Valde
1219 2055 1347 2090 graviter
1367 2054 1527 2091 punientur
1547 2054 1588 2082 illi
1609 2053 1661 2090 qui
1682 2061 1775 2090 opera
1791 2053 1847 2082 ini·-

1070 2103 1189 2140 quitatis
1204 2104 1232 2130 ct
1246 2102 1383 2138 nequitiae
1398 2103 1659 2138 perpetraverunt,
1676 2109 1711 2129 ex
1729 2109 1789 2137 quo
1808 2101 1848 2129 ita

1071 2150 1288 2179 confundentur
1301 2149 1351 2185 qui
1367 2156 1459 2184 opera
1475 2148 1685 2176 misericordiae
1699 2156 1760 2176 non
1776 2148 1849 2176 lece-

1070 2200 1148 2232 runt,
1160 2198 1354 2231 Mutth.‚xxv,
1370 2196 1424 2224 42:
1440 2205 1453 2221 ιι
1464 2195 1687 2231 iit—,maledictu
1703 2195 1733 2224 in
1749 2195 1847 2231 iguem

1072 2249 1231 2277 aetcrnum,
1247 2255 1261 2271 »
1279 2246 1334 2271 etc.

1110 2304 1123 2319 ιι
1138 2293 1257 2320 Simeon
1272 2292 1334 2319 erat
1347 2289 1440 2318 homo
1452 2290 1547 2325 justus
1561 2291 1589 2318 et
1611 2289 1780 2322 timoratus,
1797 2296 1847 2317 ex-

1070 2343 1192 2378 pectans
1206 2338 1440 2367 consolationem
1457 2337 1561 2373 lsrael,
1577 2347 1590 2363 n
1608 2338 1688 2372 Luc„
1703 2345 1738 2372 ιι,
1755 2337 1801 2364 25.

1110 2399 1124 2415 ιι
1138 2388 1196 2415 Viri
1217 2385 1347 2415 timorati
1376 2388 1555 2413 curaverunt
1574 2385 1756 2421 Stephanum
1771 2392 1788 2412 a
1800 2384 1848 2412 Ju-

1072 2435 1143 2465 daeis
1153 2434 1329 2471 lapidatum,
1348 2435 1375 2460 et
1391 2433 1522 2460 fecerunt
1536 2433 1687 2469 planctum
1702 2439 1848 2468 magnum

1071 2490 1161 2519 super
1176 2489 1244 2509 eum
1255 2501 1263 2515 ‚
1278 2490 1292 2507 n
1309 2480 1386 2514 Ace„
1401 2488 1472 2514 vni,
1485 2481 1513 2508 2.

1107 2531 1175 2559 Pest
1189 2527 1415 2556 conversionem
1431 2526 1513 2555 Pauli
1529 2526 1672 2562 scriptum
1693 2527 1737 2553 est
1748 2546 1755 2559 ,
1772 2526 1848 2560 Act„

1072 2586 1118 2613 ιχ,
1141 2578 1171 2605 31
1192 2583 1199 2602 :
1221 2585 1235 2601 ιι
1260 2574 1388 2602 Ecclesia
1411 2573 1615 2602 oedificabatur
1636 2573 1795 2601 ambulans
1816 2572 1848 2600 in

1072 2627 1176 2655 timore
1192 2622 1327 2656 Domini,
1343 2624 1371 2650 et
1385 2621 1589 2651 consolatione
1614 2621 1706 2650 sancti
1726 2620 1848 2657 Spiritus

1071 2671 1252 2709 replebatur.
1265 2678 1278 2693 υ
