2004 3037
683 274 770 307 CAP.
796 275 847 306 lll.
872 274 1097 307 PARTICULA
1120 276 1143 306 l.
1682 275 1716 304 2¹

115 342 152 372 de
167 342 298 371 bonitate
313 342 465 378 diffidens,
480 341 534 370 tibi
549 342 785 378 inseparabiliter
805 342 889 370 colli-

113 389 176 426 gari
191 389 301 418 amoris
316 389 429 425 glutino
439 410 449 424 ,
471 388 565 417 sciens
581 388 664 425 quod
686 398 722 417 ex
737 397 798 425 quo
813 389 890 417 odor

113 438 170 465 tuae
183 436 349 465 dilectionis
363 444 410 464 me
427 436 569 464 miserum
588 435 627 464 ad
640 444 670 464 se
684 436 781 471 trahit,
796 435 888 463 facili-

113 486 155 512 ter
168 486 248 512 tanto
262 483 403 520 ligamine
415 483 523 519 ligatus
538 491 603 510 sum
623 485 650 511 et
666 483 808 518 astrictus,
824 490 888 510 om-

111 530 162 558 nia
177 530 324 559 contraria
340 529 570 566 vilipendendo,
591 531 619 558 et
639 531 666 558 te
686 530 750 558 solo
767 530 888 558 invento

111 577 165 605 tibi
185 577 420 613 inseparabiliter
439 576 630 604 adhaerendo.
654 577 675 605 O
691 577 757 613 quis
772 576 889 612 juvabit

110 632 175 658 me,
188 627 220 652 ut
234 626 261 652 te
275 624 373 652 solum
388 623 563 660 astringam,
579 623 631 659 qui
653 623 733 652 solus
746 625 844 652 bonus
859 625 887 651 et

111 671 205 699 dulcis
220 680 251 700 cs
268 671 376 707 hospes
399 671 504 699 animae
517 679 608 706 meae,
624 671 716 699 modo
731 671 885 699 turbidum

110 726 247 746 securum
260 718 388 746 efficias?

145 765 197 794 sed
211 766 295 793 libera
311 773 357 793 nos
371 774 387 793 a
401 766 482 792 malo.
500 765 594 794 Amen.
613 767 633 793 Α
648 764 729 792 malo
747 773 809 793 non
824 767 886 792 tan-

110 814 172 840 tum
189 820 285 849 poenae
307 812 477 847 infernalis,
501 811 554 839 sed
578 813 606 839 et
625 812 797 848 purgatorii.
823 814 886 840 Non

109 860 218 893 tamen,
234 861 330 894 Pater,
345 859 402 887 hoc
417 860 500 894 peto,
519 860 550 886 ut
566 858 707 893 effugiam
722 861 885 892 tormenta,

109 905 161 932 sed
177 905 247 941 quia
261 905 420 941 utrobique
435 907 477 932 est
494 905 582 932 dolor
596 913 602 931 :
619 913 689 932 nam
709 905 732 932 si
747 913 841 933 essem
856 905 886 933 in

108 952 236 987 inferno,
252 954 279 980 te
298 961 453 989 nunquam
467 951 541 980 facie
557 952 596 979 ad
611 952 717 980 faciem
732 952 864 980 viderem
876 963 884 987 ;

108 999 131 1026 si
146 999 177 1026 in
188 999 362 1035 purgatorio
376 999 428 1026 diu
438 1001 505 1035 post
518 1000 644 1026 mortem
655 1007 754 1026 meam
769 1001 884 1034 stetero,

106 1045 194 1072 nimis
219 1045 446 1082 prolongabitur
470 1044 650 1073 desiderium
673 1045 778 1073 faciem
804 1048 885 1073 tuam

106 1091 228 1127 plenam
257 1092 419 1127 gratiarum
449 1091 581 1127 videndi,
610 1092 641 1119 in
671 1100 761 1127 quain
785 1092 885 1127 angeli

108 1139 276 1167 desiderant
293 1147 410 1175 semper
432 1139 602 1176 prospicere
615 1149 621 1166 :
647 1139 699 1167 sed
725 1140 748 1166 si
772 1147 828 1175 ego
858 1142 884 1168 te

107 1186 244 1214 ardenter
264 1186 436 1222 diligerem,
452 1188 521 1214 tunc
537 1194 621 1214 amor
637 1186 884 1214 reconciliationis

106 1239 226 1267 poenam
241 1233 416 1261 infernalem
429 1241 484 1269 pro
502 1233 615 1261 offensa
639 1233 770 1261 debitam
784 1233 884 1261 absol-

106 1282 187 1307 veret
196 1289 204 1315 ;
221 1280 244 1307 si
260 1281 286 1308 te
302 1288 452 1314 amarem,
467 1280 508 1308 sic
520 1280 642 1308 ssamma
657 1280 767 1308 amoris
781 1288 884 1316 pecca-

105 1328 203 1354 torum
217 1327 369 1362 rubigines
384 1329 536 1362 exureret,
557 1329 589 1355 ut
603 1327 634 1354 111
655 1327 760 1354 ultimo
781 1327 884 1355 mortis

105 1372 184 1400 exitu
198 1373 403 1401 affectionibus
417 1373 609 1409 flammigeris
629 1376 826 1409 expurgatus,
844 1375 883 1402 ad

104 1421 131 1446 te
147 1419 198 1446 diu
213 1419 413 1447 desideratum
428 1420 490 1447 sine
507 1420 650 1448 dilatione
665 1428 749 1448 meus
765 1421 883 1456 spiritus

105 1465 244 1493 evolaret.
260 1467 349 1501 Igitur
368 1467 491 1503 quando
508 1469 534 1494 te
549 1468 606 1495 hoc
625 1467 731 1495 ardore
748 1468 881 1503 diligam,

105 1513 156 1548 qui
178 1515 206 1540 et
226 1521 347 1548 poenam
367 1513 542 1541 infernalem
561 1514 706 1548 excutiat,
724 1516 752 1542 et
771 1523 788 1542 a
808 1514 882 1542 dila-

104 1560 182 1587 tione
193 1560 349 1588 absolvat‘?
359 1561 444 1594 Quod
455 1561 518 1596 ipse
529 1562 666 1596 praestare
677 1560 817 1596 digneris,
827 1563 880 1588 etc.

361 1662 521 1696 CAPUT
556 1663 607 1694 {11

122 1743 160 1769 De
173 1743 219 1768 via
233 1743 350 1773 unitiva,
366 1743 395 1769 in
409 1745 522 1776 quatuor
533 1741 686 1776 particulas
701 1741 866 1768 distinctum.

383 1827 562 1851 PARTlCULA
582 1828 600 1850 Ι.

309 1881 356 1905 Via
377 1881 474 1905 unitiva
497 1888 553 1912 quae
576 1881 608 1905 sit
626 1880 672 1911 (a).

139 1939 217 1966 Dicto
234 1939 271 1967 de
285 1939 334 1967 via
347 1939 552 1972 illuminativa,
569 1940 596 1966 et
611 1938 764 1974 quomodo
781 1939 880 1966 actua-

105 1985 169 2012 liter
180 1994 233 2021 per
245 1986 340 2021 ipsam
350 1986 388 2013 ad
401 1986 544 2013 unitivam
557 1984 734 2019 ascenditur,
749 1985 881 2020 sequitur

106 2031 142 2058 de
154 2031 203 2058 via
217 2032 339 2065 unitiva,
355 2040 420 2067 quae
435 2032 486 2066 sit,
503 2032 644 2066 secundo,
661 2032 698 2059 de
712 2031 880 2067 persuasio-

105 2078 192 2105 nibus
214 2078 253 2105 ad
270 2078 384 2114 ipsam3
403 2079 505 2111 tertio,
527 2079 563 2106 de
583 2078 747 2112 industriis,
771 2079 879 2113 quibus

104 2131 187 2151 mens
207 2124 373 2151 firmissime
392 2125 550 2158 solidatur,
566 2126 594 2151 et
613 2125 670 2151 hoc
693 2125 818 2159 pertinet
840 2125 879 2151 ad

103 2171 263 2206 practicam
282 2172 310 2198 et
329 2171 368 2198 ad
387 2179 483 2198 usum.
507 2170 592 2204 Quod
616 2170 703 2197 etiam
724 2170 748 2196 si
772 2170 879 2205 aliquis

103 2217 228 2253 simplex
242 2218 352 2246 nesciat
369 2218 521 2251 ordinare,
541 2218 644 2244 saltem
660 2216 878 2252 quoquomodo

104 2264 222 2299 doleat3
247 2267 275 2292 et
292 2265 315 2292 si
339 2265 430 2292 nescit
450 2265 587 2292 meditari
609 2265 639 2292 in
663 2263 824 2299 Scriptura,
847 2265 879 2290 ut

104 2311 213 2338 dictum
228 2313 285 2346 est,
307 2311 409 2339 saltem
429 2312 536 2347 aspiret
555 2311 594 2338 ad
613 2319 763 2344 amorem,
777 2310 877 2337 dicens

103 2366 218 2394 semper
231 2358 261 2385 in
279 2358 339 2385 suis
354 2358 556 2385 orationibus:
573 2359 594 2385 Ο
610 2357 742 2391 Domine,
756 2357 877 2392 quando

102 2407 129 2432 te
145 2405 317 2432 dulcissimo
334 2413 434 2432 amore
449 2405 650 2439 constringam
660 2405 673 2430 ⁶?
688 2406 715 2431 et
730 2404 772 2430 sic
787 2411 879 2439 quan-

103 2453 295 2487 tumcumque
319 2451 445 2487 simplex
460 2473 468 2486 ,
493 2451 541 2478 vel
564 2451 671 2485 laicus,
693 2450 800 2486 poterit
823 2458 876 2485 per

104 2496 239 2524 dolorem
255 2498 292 2524 de
301 2498 442 2534 peccatis,
453 2498 544 2525 veluti
559 2506 612 2533 per
627 2497 762 2525 osculum
776 2496 874 2532 pedis5

103 2551 156 2578 per
180 2544 417 2571 recordationem
448 2544 661 2571 beneficiorum
676 2565 685 2576 ,
709 2543 800 2571 veluti
823 2551 876 2578 per

103 2589 238 2616 osculum
252 2598 357 2617 manus
363 2612 372 2625 ,
386 2599 480 2626 usque
496 2590 535 2618 ad
549 2591 685 2618 osculum
699 2590 758 2617 oris
770 2610 776 2622 ‚
792 2589 876 2626 quod

104 2637 146 2662 est
170 2635 201 2662 in
226 2636 378 2664 desideriis
404 2637 513 2664 amoris
540 2637 701 2672 attingere,
725 2636 825 2663 dicens
842 2638 873 2663 ¹:

135 2735 167 2765 (a)
185 2734 244 2758 Coet.
260 2734 320 2758 edit.
336 2734 401 2758 deest
421 2735 518 2759 titulus.

945 343 1086 370 osculetur
1109 351 1150 371 mc
1173 344 1258 371 osculo
1282 345 1335 370 oris
1359 345 1420 375 sut,
1445 345 1498 371 etc.
1524 343 1556 370 Et
1575 341 1636 369 hmc
1657 341 1720 376 jam

943 391 1180 425 praesumptuosa
1203 397 1264 417 non
1289 389 1492 425 judicabitur,
1520 389 1544 416 si
1568 389 1665 425 primo
1690 387 1720 414 in

944 435 1046 464 osculo
1061 436 1145 472 pedis
1167 438 1195 464 et
1214 444 1321 464 manus
1344 444 1374 464 se
1399 439 1549 470 exerceat,
1572 437 1600 463 et
1618 436 1720 471 postca

943 482 973 510 in
1001 482 1060 510 alio
1085 485 1216 519 tempore
1247 482 1286 510 ad
1309 483 1444 511 osculum
1475 483 1535 510 oris
1565 481 1674 518 aspiret
1686 482 1696 497 ²
1711 490 1718 508 ε

946 529 967 556 O
981 531 1118 564 sapientia
1133 538 1192 565 quoe
1205 538 1238 557 em
1255 538 1314 562 ore,
1330 531 1385 558 etc.
1404 531 1467 557 Haec
1482 531 1580 557 autem
1595 528 1643 556 via
1657 527 1720 555 uni-

943 575 1003 603 tiva
1018 576 1142 604 sumitur
1164 576 1194 604 in
1208 576 1307 604 verbis
1327 576 1405 611 istis,
1421 576 1472 603 11111
1493 575 1598 603 dieitur
1614 583 1621 601 :
1638 575 1659 602 Ο
1673 582 1718 601 sa-

940 624 1063 657 pientia,
1073 631 1133 657 quae
1147 631 1180 650 ea:
1195 631 1239 650 ore
1252 623 1397 650 Altissz'mi
1414 622 1565 657 prodiisti,
1581 623 1719 655 attingens

942 676 959 695 a
973 671 1025 702 fine
1039 677 1122 704 usque
1137 670 1173 696 ad
1187 672 1266 704 finem
1280 671 1403 703 fortiter,
1420 671 1444 695 et
1464 669 1608 704 disponens
1628 669 1719 695 omnia

941 717 1078 748 suaviter,
1096 718 1159 743 vem*
1176 717 1213 743 ad
1229 716 1375 744 docendum
1394 724 1440 743 nos
1463 718 1536 743 viam
1552 715 1715 750 prudentz'oe.

941 762 1037 790 Verba
1060 762 1140 790 enim
1162 765 1229 790 sunt
1252 762 1407 799 aspirantis
1431 761 1582 796 Ecclesiae,
1603 760 1717 788 deside-

940 809 1031 836 rantis
1045 809 1163 837 edoceri
1179 809 1218 837 ab
1233 809 1314 846 ipso,
1326 809 1378 845 qui
1393 811 1435 836 est
1448 808 1514 836 fons
1530 808 1617 836 totius
1629 807 1716 834 honi-

940 855 1022 889 tatis,
1037 858 1066 883 et
1085 856 1179 891 origo.
1196 856 1273 883 Licet
1296 855 1375 883 enim
1399 855 1492 882 verba
1517 855 1572 882 ista
1592 854 1629 881 de
1653 853 1717 889 ipsa

941 902 1083 938 sapientia
1097 903 1242 938 increata,
1267 911 1334 939 quae
1353 904 1395 930 est
1414 902 1503 929 Filius
1524 901 1588 936 Dei,
1604 901 1718 936 possint

939 951 1017 977 recte
1028 949 1075 976 vel
1089 949 1208 985 proprie
1223 949 1361 984 intelligi,
1372 949 1403 976 in
1418 949 1500 983 cujus
1515 948 1599 981 exitu,
1606 950 1716 975 aeterno

940 996 1091 1024 affluentia
1113 996 1253 1024 bonitatis
1274 996 1382 1023 summi
1398 995 1488 1024 Patris
1502 994 1657 1031 apparuit;
1674 996 1717 1021 ta-

939 1050 1007 1069 men
1031 1042 1079 1070 hic
1098 1042 1136 1070 de
1153 1042 1207 1070 ista
1226 1042 1386 1078 sapientia,
1407 1044 1495 1078 prout
1516 1041 1717 1077 temporaliter

940 1089 1073 1123 mittitur,
1090 1089 1218 1125 seipsam
1234 1089 1370 1117 rationali
1386 1089 1499 1125 spiritui
1514 1088 1713 1121 manifestans,

940 1137 982 1163 est
1004 1144 1131 1171 praesens
1153 1136 1292 1170 intentio,
1308 1144 1374 1171 quae
1397 1135 1573 1163 describitur
1588 1143 1606 1162 a
1627 1135 1714 1162 beato

941 1182 1080 1218 Dionysio
1095 1183 1287 1217 Areopagita,
1304 1182 1424 1210 doctore
1442 1182 1573 1217 egregio,
1588 1181 1713 1217 septimo

941 1229 973 1255 de
996 1230 1106 1256 Divinis
1128 1230 1293 1261 nominibus,
1313 1228 1354 1256 sic
1379 1229 1493 1256 dicente
1510 1238 1516 1256 ς
1537 1227 1714 1264 «Sapientia
1728 1229 1841 1281 sarcilem?

1728 1267 1765 1287 qui
1800 1268 1837 1283 ει.

940 1277 982 1302 est
1005 1275 1180 1310 dignissima
1200 1275 1249 1303 Dei
1274 1275 1419 1310 cognitio,
1441 1283 1494 1311 per
1515 1275 1714 1310 ignorantiam

939 1322 1058 1357 cognita
1076 1343 1084 1357 ,
1109 1322 1274 1350 secundum
1299 1322 1441 1349 unionem
1468 1330 1534 1357 quae
1560 1323 1603 1349 est
1625 1330 1715 1357 supra

938 1370 1085 1403 mentem,
1099 1369 1222 1405 quando
1237 1377 1321 1396 mens
1335 1369 1373 1396 ab
1389 1369 1530 1396 omnibus
1550 1368 1614 1396 aliis
1635 1377 1715 1396 rece-

939 1416 1024 1450 dens,
1035 1418 1140 1452 postea
1155 1416 1283 1451 seipsam
1299 1415 1457 1448 dimittens,
1467 1415 1549 1442 unita
1561 1417 1715 1451 estsuper-

938 1463 1163 1498 splendentibus
1184 1463 1290 1498 radiis,
1311 1462 1494 1490 inscrutabili
1516 1464 1544 1489 et
1564 1462 1714 1498 profundo

938 1509 1088 1545 sapientiae
1108 1509 1266 1545 splendore
1291 1509 1467 1536 illuminata.
1485 1519 1497 1533 1)
1515 1510 1578 1536 Haec
1607 1510 1649 1536 est
1663 1509 1715 1536 illa

937 1555 1083 1591 sapientia
1097 1555 1346 1590 Christianorum,
1363 1557 1390 1582 et
1406 1555 1492 1582 totius
1513 1555 1657 1582 Trinitatis
1670 1555 1714 1582 in-

938 1603 1020 1630 clusa
1033 1604 1060 1630 et
1076 1602 1182 1630 deifica
1195 1601 1353 1629 diffusione
1368 1601 1508 1628 divinitus
1523 1601 1628 1636 illapsa
1640 1601 1714 1629 fide-

937 1649 1033 1683 libus,
1048 1657 1109 1685 qua
1127 1651 1240 1676 mentes
1259 1648 1423 1676 amantium
1438 1648 1547 1675 coelesti
1562 1656 1628 1675 rore
1647 1656 1714 1683 per-

936 1695 1024 1730 fusae,
1045 1703 1107 1723 non
1129 1695 1255 1731 aliquod
1278 1695 1513 1722 emolumentum
1534 1695 1713 1730 temporale,

935 1751 998 1770 non
1013 1743 1116 1778 aliqua
1131 1742 1211 1770 dona
1225 1742 1337 1778 sponsi,
1349 1741 1458 1769 scilicet
1472 1741 1607 1776 gratiam,
1619 1741 1712 1768 virtu-

937 1791 1013 1824 tem,
1035 1789 1083 1817 vel
1107 1789 1234 1825 gloriam
1249 1809 1258 1822 ,
1282 1788 1334 1816 sed
1360 1788 1458 1824 ipsum
1483 1787 1535 1823 qui
1560 1790 1602 1815 est
1625 1788 1713 1815 totius

937 1836 1088 1864 deiformis
1112 1835 1307 1863 emanationis
1322 1835 1516 1871 principium,
1533 1834 1713 1862 scintillanti-

934 1884 991 1910 bus
1025 1882 1230 1911 affectionibus
1248 1903 1256 1916 ,
1287 1881 1504 1909 insatiabilibus
1538 1881 1710 1916 desideriis,

934 1930 1053 1957 unitivis
1077 1929 1306 1965 aspirationibus
1330 1929 1428 1964 ipsum
1450 1928 1548 1955 solum
1569 1930 1689 1963 tangere
1703 1949 1710 1960 ‚

935 1978 981 2005 vel
996 1978 1152 2012 stringere,
1169 1985 1230 2004 non
1253 1976 1334 2003 aliud
1356 1976 1539 2010 affectantes,
1556 1975 1611 2011 ipsi
1633 1975 1709 2003 uniri

935 2025 1112 2053 desiderant.

969 2070 1174 2099 Consurrectio
1191 2078 1262 2105 ergo
1285 2078 1338 2105 per
1359 2069 1464 2096 unitivi
1487 2069 1596 2096 amoris
1621 2069 1709 2096 affee-

935 2120 1028 2147 tiones
1042 2117 1257 2151 flammigeras,
1273 2125 1362 2152 supra
1377 2124 1465 2143 omne
1481 2116 1613 2143 officium
1627 2116 1709 2143 intel-

934 2167 1025 2193 lectus
1048 2165 1078 2191 in
1101 2171 1241 2199 supremo
1266 2163 1407 2190 affeetivae
1430 2163 1512 2198 apice
1535 2163 1708 2197 constituta,

933 2213 996 2248 ipsa
1007 2213 1049 2239 est
1059 2210 1202 2246 sapientia
1217 2209 1328 2237 intenta
1342 2209 1381 2236 ad
1395 2217 1536 2244 praesens,
1549 2218 1614 2244 qufe
1629 2209 1709 2236 idem

934 2260 976 2286 est
999 2257 1083 2294 quod
1107 2256 1227 2292 Mystica
1250 2255 1432 2290 Theologia,
1457 2263 1517 2291 qua
1537 2255 1602 2291 ipsa
1625 2264 1709 2283 meus
1743 2264 1752 2266 ⁷

932 2305 1040 2340 ignita,
1055 2303 1164 2338 linguis
1184 2302 1375 2330 affectionum
1400 2302 1596 2329 occultissime
1617 2302 1709 2329 dilec-

933 2354 995 2379 tum
1009 2350 1171 2386 alloquitur
1188 2359 1195 2376 :
1212 2357 1277 2385 quae
1292 2357 1353 2376 non
1373 2349 1497 2383 alicujus
1516 2348 1649 2375 mortalis
1667 2348 1709 2375 in-

933 2397 1044 2425 dustria
1056 2399 1212 2430 reseratur,
1226 2396 1278 2423 sed
1294 2395 1390 2422 solum
1404 2395 1506 2422 divina
1519 2395 1707 2422 miseratione

932 2445 1059 2480 seipsam
1080 2443 1233 2470 manifeste
1253 2442 1353 2477 prodit
1370 2452 1375 2467 :
1395 2450 1461 2477 quae
1485 2441 1514 2468 in
1540 2441 1585 2468 his
1608 2441 1707 2467 verbis

931 2491 1070 2519 laudatur
1085 2492 1173 2526 prout
1192 2492 1234 2516 est
1250 2491 1373 2523 aeterna,
1389 2488 1419 2515 in
1434 2490 1579 2523 quantum
1593 2487 1706 2514 ratione

932 2547 991 2566 suae
1004 2536 1207 2565 immensitatis
1223 2544 1239 2562 a
1253 2538 1304 2570 fine
1318 2543 1401 2570 usque
1421 2535 1455 2561 acl
1476 2537 1555 2569 finem
1571 2535 1704 2568 atttuyt't3

932 2585 1064 2612 similiter
1078 2585 1167 2619 prout
1181 2584 1224 2610 est
1238 2582 1422 2617 temporalis,
1439 2581 1469 2608 in
1484 2583 1628 2616 quantum
1642 2588 1706 2607 sua-

930 2633 999 2659 viter
1015 2633 1111 2658 cuncta
1127 2630 1263 2664 disponit,
1280 2629 1390 2656 scilieet
1404 2627 1562 2655 rationales
1577 2626 1703 2662 spiritus.

964 2733 969 2751 ¹
987 2732 1069 2758 Cant„
1086 2736 1103 2759 1,
1124 2732 1144 2753 1.
1160 2743 1190 2747 —
1203 2729 1210 2743 ²
1226 2728 1328 2759 Antipli.
1344 2729 1372 2757 O,
1387 2734 1416 2751 ex
1434 2727 1641 2758 Εεςῖῑ.,1ζῑ,ιν,.-3
