2004 3037
260 279 289 309 et
306 275 462 314 jejunavit,
483 276 514 307 et
535 275 686 312 ingressus
698 281 836 304 seorsum
845 273 939 311 jacuit
951 279 1040 310 super

259 326 379 360 terram,
402 324 424 354 11
444 325 523 359 Ray„
537 331 587 353 xu.
603 324 702 352 Bonus
716 321 841 360 quidem
859 321 915 350 fuit
930 320 1041 350 modus

260 365 392 407 orandi,
405 370 459 399 sed
476 372 547 399 tunc
564 370 658 399 David
678 376 740 398 non
754 368 809 398 fuit
829 368 938 405 dignus
951 375 1042 397 exau·

262 418 329 448 diri.

295 467 387 496 Orans
409 465 488 494 Elias
507 473 565 503 pro
579 465 700 502 pluvia,
721 463 796 492 dixit
809 469 904 500 puero
919 470 986 498 suo,
1008 463 1042 490 ut

259 513 443 551 prospiceret
457 514 560 542 eontra
573 520 668 546 mare,
682 510 763 540 unde
773 509 914 547 sperabat
925 509 1041 538 nubem

261 569 439 596 consurgere
453 560 640 597 pluviosam
652 558 705 587 sed
719 565 816 594 usque
831 556 871 585 ad
883 556 1042 593 septimam

259 608 356 637 vicem
375 607 451 636 nihil
464 607 582 644 penitus
597 605 762 644 apparebat
777 614 784 632 z
803 604 834 632 in
849 612 911 640 quo
926 603 1040 632 diutur-

260 655 336 684 nitas
369 654 511 684 orationis
522 675 533 690 ,
566 655 594 682 et
632 652 774 681 instantia
803 649 1041 680 commendatur.

260 703 294 731 111
310 703 388 738 neq„
402 709 484 730 xvur.

297 749 438 786 Josaphat
450 756 503 777 rex
513 747 589 777 Juda
605 746 709 775 timore
719 744 890 783 perterritus
905 745 999 772 totum
1011 751 1042 772 se

261 796 386 826 contulit
394 796 433 824 ad
444 795 615 831 rogandum
626 793 798 828 Dominum;
811 791 947 820 audierat
962 789 1043 818 enim

262 843 346 881 quod
367 843 500 872 maxima
514 840 675 870 multitudo
690 839 823 876 gentium
836 838 958 867 venerat
971 844 1041 865 con-

262 893 306 921 tra
320 899 400 920 eum.
418 892 439 919 ll
453 890 594 925 Paralip„
607 896 658 916 xx.

297 941 379 968 Bono
394 945 465 965 usus
480 938 523 965 est
537 935 661 965 consilio
677 933 826 968 Ezechias,
843 931 952 961 audItis
965 938 1043 959 nun-

262 986 307 1015 tiis
329 985 408 1021 regis
422 984 626 1020 Assyriorum,
644 980 766 1018 quando
784 979 863 1008 misit
882 978 921 1007 ad
936 978 1043 1007 lsaiam

262 1033 453 1070 prophetam,
468 1031 570 1059 dicens
587 1039 594 1058 :
614 1040 627 1056 «
642 1031 698 1058 Fae
712 1027 880 1056 orationem
903 1034 958 1063 pro
973 1025 1043 1054 reli-

262 1080 350 1117 quiis,
366 1087 432 1116 quoe
443 1079 566 1115 repertae
581 1079 657 1106 sunt.
674 1086 687 1102 ι)
706 1077 737 1104 Et
751 1076 884 1112 ipsemet,
897 1073 936 1102 ad
950 1081 1041 1101 oran-

263 1127 336 1156 dum
351 1125 520 1161 Dominum,
531 1133 562 1153 se
577 1123 767 1158 convertit,et
781 1123 853 1150 nota
866 1129 957 1158 quam
973 1128 1044 1157 pru-

263 1174 366 1204 denter
378 1173 483 1202 oravit.
498 1173 533 1201 IV
548 1174 625 1207 Req„
640 1179 701 1201 xix.

298 1221 448 1251 Convertit
459 1220 594 1249 Ezechias
610 1218 714 1247 faciem
732 1225 819 1245 suam
833 1216 873 1245 acl
887 1216 1044 1252 parictem,

263 1271 296 1298 ut
309 1269 445 1297 attentius
455 1276 539 1295 orare
550 1267 660 1303 posset,
671 1268 698 1294 et
709 1264 804 1294 oravit
815 1263 982 1297 Dominum,
1000 1263 1045 1290 di-

263 1325 356 1346 cens:
376 1327 388 1341 «
402 1316 541 1348 Obsecro,
565 1313 702 1348 Domine,
722 1323 735 1338 n
760 1314 816 1339 etc.
837 1311 929 1339 Flevit
942 1310 1042 1346 itaque

264 1364 400 1393 Ezechias
413 1363 484 1391 fletu
499 1369 620 1397 magno,
636 1362 692 1389 etc.
710 1361 742 1388 iV
760 1360 836 1394 Rea„
851 1366 899 1387 xx.

300 1412 370 1440 Miro
385 1410 477 1438 modo
485 1409 539 1437 fuit
553 1408 672 1442 devota,
685 1406 806 1435 humilis
817 1408 844 1434 et
859 1405 965 1434 efficax
981 1413 1046 1434 ora-

265 1459 305 1487 tio
321 1460 451 1487 Manasse
465 1456 544 1492 regis
566 1454 653 1489 Juda,
674 1454 749 1482 sicut
769 1454 849 1490 patet
875 1452 999 1481 intuenti
1014 1452 1045 1480 in

264 1505 323 1534 fine
339 1504 460 1533 secundi
473 1503 542 1532 libri
557 1504 793 1538 Paralipomenon.

303 1562 317 1580 α
331 1552 543 1589 Jejunavimus,
569 1552 596 1579 et
619 1549 792 1585 rogavimus
813 1547 972 1576 Dominum
990 1554 1045 1583 pro

265 1602 345 1634 recto
354 1600 456 1628 itinere
466 1601 620 1633 etsecur03
630 1599 657 1626 et
665 1596 763 1626 evenit
773 1595 862 1625 nobis
869 1602 1020 1632 prospere.
1028 1606 1041 1621 »

267 1650 276 1677 1
294 1648 388 1682 Esar„
402 1655 461 1676 vm.

302 1696 382 1724 Patet
401 1693 485 1731 quod
499 1693 530 1721 in
554 1692 636 1721 omni
658 1692 725 1720 loco
740 1690 808 1719 licet
822 1698 930 1719 orare:
952 1689 1047 1719 Nehe-

267 1742 341 1770 mias
363 1742 443 1769 enim
467 1740 572 1774 oravit,
597 1739 671 1767 dum
695 1739 777 1766 daret
796 1738 860 1773 regi
881 1737 1003 1771 bibere;
1020 1740 1048 1765 et

267 1790 364 1818 oravit
386 1790 478 1816 Deum
503 1787 580 1821 omli,
597 1794 665 1813 eum
681 1785 783 1813 debuit
805 1785 843 1812 ad
868 1785 1047 1819 interrogata

267 1835 461 1872 respondere,
471 1835 591 1864 Netwm..
602 1841 634 1860 ιι.
647 1833 786 1860 oraverat
801 1832 888 1859 ctiam
901 1831 988 1858 valde
998 1830 1047 1857 de-

268 1885 347 1916 vote,
363 1885 390 1910 et
404 1881 555 1910 humiliter
570 1880 599 1907 in
615 1880 713 1916 primo
729 1878 824 1914 capite
839 1877 1028 1914 praecedenti.

303 1929 422 1964 Tobias,
438 1928 545 1956 auditis
561 1927 643 1954 duris
656 1925 843 1953 sermonibus
856 1925 970 1959 uxoris,
991 1933 1049 1952 coe-

269 1976 311 2013 pit
322 1983 407 2004 orare
421 1984 489 2003 cum
503 1973 653 2010 lacrymis,
672 1974 747 2008 Tot„
764 1981 805 2000 ιιι.

305 2024 392 2052 Sarra
405 2022 468 2050 filia
488 2021 637 2056 Raguelis‚
657 2019 759 2049 audita
782 2019 819 2047 ab
836 2017 945 2046 ancilla
965 2018 1047 2054 gravi

270 2069 460 2102 contumelia,
474 2068 603 2105 perrexit
614 2068 642 2095 in
653 2066 787 2103 superius
803 2065 976 2094 cubiculum
993 2065 1048 2093 do-

271 2125 337 2145 mus
350 2125 422 2151 sure,
434 2118 461 2144 et
469 2116 562 2144 tribus
573 2115 678 2143 diebus
692 2115 722 2141 in
733 2114 866 2142 oratione
880 2113 1049 2149 persistens,

271 2171 340 2191 cum
362 2163 503 2199 lacrymis
521 2161 737 2198 deprecabatur
762 2162 869 2195 Deum,
895 2162 926 2188 ut
941 2159 979 2188 ab
996 2159 1047 2187 illo

272 2209 454 2246 improperio
468 2209 607 2237 liberaret
621 2216 697 2236 eam.
715 2208 790 2241 Tob„
805 2215 847 2235 ru.

308 2256 440 2293 Raphael
463 2255 587 2291 angelus
607 2255 723 2282 monuit
742 2254 866 2281 'sobiam
885 2252 1048 2290 juniorem,

273 2311 310 2332 ne
326 2304 444 2331 daemon
457 2303 581 2330 haberet
600 2303 775 2338 potestatem
790 2301 821 2328 in
836 2308 917 2332 euin.
936 2302 967 2327 ut
982 2308 1051 2327 cum

274 2351 557 2387 accepissetSarram
565 2357 701 2381 uxorem,
715 2348 863 2382 ingressus
877 2346 1049 2375 cubiculum

274 2407 325 2435 per
334 2400 392 2426 tres
404 2399 504 2425 noctes
515 2396 677 2423 contineret
689 2403 719 2422 se
730 2395 767 2422 ab
779 2402 823 2427 ea,
840 2395 867 2421 et
879 2393 951 2421 nihil
966 2393 1049 2421 aliud

274 2446 392 2479 faceret,
403 2443 459 2472 nisi
474 2442 558 2479 quod
573 2441 757 2472 orationibus
770 2440 887 2477 utrique
900 2442 1050 2469 vacarent.

277 2493 352 2524 Τοὺ..
367 2498 406 2520 vr.

310 2538 468 2567 Audientes
489 2536 543 2565 filii
566 2535 654 2564 lsrael
679 2535 842 2572 potentiam
866 2534 1031 2563 Holofernis
1043 2557 1050 2569 ,

276 2585 479 2613 clamaverunt
492 2583 531 2612 ad
547 2582 714 2611 Dominum.
728 2581 871 2610 Eliachim
885 2589 956 2609 vero
973 2590 1052 2609 sum-

277 2640 342 2659 mus
372 2630 511 2659 sacerdos
532 2629 788 2658 commemorabat
810 2629 872 2663 eis,
896 2629 1052 2664 quomodo

278 2680 389 2714 Moyses
404 2677 604 2706 confidentem
619 2676 649 2704 in
663 2675 768 2704 virtute
781 2684 834 2703 sua
845 2675 974 2709 Amalec,
991 2683 1052 2704 uon

873 218 1008 252 BIBLIA
1029 215 1259 252 PAUPERUM.

1094 272 1174 302 terro
1196 270 1382 310 pugnando,
1395 270 1451 300 sed
1466 269 1606 308 precibus
1626 270 1736 301 sanctis
1757 270 1874 310 orando

1097 318 1217 356 dejecit.
1230 318 1339 353 Iudith,
1353 325 1393 347 ιν.

1130 365 1255 396 uultum
1263 364 1436 394 confidebat
1443 364 1546 394 Iudith
1558 364 1591 394 in
1604 363 1790 394 orationihus
1802 364 1876 394 alio·
1925 375 1927 378 ¹

1095 422 1182 443 rum:
1194 412 1274 441 unde
1288 420 1462 450 proponens
1475 412 1517 441 ire
1531 411 1572 441 ad
1585 411 1787 446 Heleia-nem,
1801 411 1878 445 dixit

1095 459 1293 498 presbyteris:
1305 460 1424 495 «Orate,
1437 461 1471 488 ut
1483 459 1606 488 firmum
1615 459 1704 488 faciat
1717 458 1877 488 consilium

1095 515 1198 537 meum
1212 509 1298 535 Deus.
1313 517 1327 533 a>
1340 508 1373 536 Et
1386 508 1454 544 post
1469 514 1567 543 pauca
1578 515 1586 536 ε
1597 515 1612 534 α
1626 506 1703 536 Nihil
1716 505 1800 535 aliud
1813 505 1876 542 fiat,

1096 553 1153 583 nisi
1178 553 1274 583 oratio
1302 562 1358 591 pro
1380 562 1429 582 me
1454 553 1494 582 ad
1518 553 1676 582 Dominum
1702 553 1796 582 Deum
1818 561 1876 581 no-

1095 603 1199 631 strum.
1215 611 1229 628 ι)
1243 601 1358 634 Judilh,
1372 609 1434 630 vm.
1453 600 1607 636 Similiter,
1631 600 1753 638 quando
1772 599 1878 630 debuit

1097 649 1251 685 amputare
1263 649 1351 684 caput
1364 647 1540 684 Holofernis,
1549 647 1645 677 oravit
1655 655 1723 676 cum
1736 647 1878 684 lacrymis

1097 691 1171 724 ante‘
1179 694 1301 724 lectum.
1312 693 1423 729 Iudith,
1437 703 1500 724 xm.

1133 741 1235 771 Esther
1256 741 1393 770 locutura
1416 740 1457 769 ad
1477 749 1580 778 regem
1600 743 1780 776 Assuerum,
1803 740 1879 770 dixit

1097 789 1284 819 Mardochaeo
1297 797 1304 817 ε
1318 799 1333 816 α
1343 790 1498 825 Congrega
1507 797 1612 818 omnes
1626 789 1743 818 Judoeos
1758 797 1834 826 quos
1847 789 1878 818 in

1097 837 1176 866 Susis
1190 836 1363 874 reperieris,
1383 838 1412 865 et
1425 839 1507 865 orate
1520 844 1576 874 pro
1591 844 1650 866 me.
1666 847 1681 864 ι»
1700 837 1815 871 Esther,
1838 844 1877 866 ιν.

1098 885 1194 920 Quam
1218 884 1327 912 devote
1356 886 1385 913 et
1404 883 1556 913 humiliter
1580 882 1726 918 oraverit,
1749 882 1878 913 habetur

1097 933 1212 968 postea,
1224 939 1290 968 cap.
1306 938 1364 960 xiv.

1135 979 1174 1006 De
1188 978 1323 1006 oratione
1334 976 1522 1012 mardochaei,
1532 977 1689 1015 quomodo
1704 977 1879 1014 deprecatus

1099 1026 1143 1054 est
1153 1024 1311 1054 Dominum
1328 1033 1383 1062 pro
1399 1032 1430 1053 se
1446 1026 1474 1053 et
1487 1032 1543 1062 pro
1557 1024 1685 1062 populo,
1698 1025 1876 1060 Eulimna.

1098 1075 1209 1109 Magnae
1222 1071 1419 1109 reputationis
1434 1071 1516 1108 apud
1532 1073 1623 1100 Deum
1637 1071 1691 1099 fuit
1705 1072 1801 1100 oratio
1815 1071 1879 1100 iiie-

1099 1120 1208 1155 remioe,
1225 1119 1349 1157 quando
1365 1119 1483 1147 dicebat
1497 1118 1523 1147 ei
1539 1118 1691 1155 Dominus,
1707 1120 1812 1155 Hiera,
1825 1127 1876 1148 ιιι

1102 1177 1117 1194 ιι
1130 1167 1196 1197 Noli
1213 1175 1299 1196 orare
1310 1174 1366 1203 pro
1376 1165 1492 1203 populo
1499 1165 1568 1201 hoc,
1581 1167 1609 1194 et
1623 1173 1661 1194 ne
1675 1173 1810 1194 assumas
1822 1173 1878 1202 pro

1099 1214 1141 1243 cis
1152 1214 1274 1243 laudem
1287 1215 1315 1242 et
1328 1213 1495 1242 orationem
1503 1221 1512 1248 3
1523 1222 1536 1238 υ
1549 1211 1634 1249 quasi
1649 1212 1729 1241 dicat
1742 1220 1750 1240 :
1764 1212 1839 1242 Nolo
1853 1214 1881 1242 te

1100 1269 1186 1291 orare
1198 1261 1261 1290 sine
1271 1261 1377 1290 effectu
1387 1261 1528 1297 sequente
1535 1268 1544 1296 3
1559 1267 1630 1288 narn
1642 1258 1750 1289 dicitur
1759 1261 1879 1297 postea:

1102 1318 1116 1336 α
1130 1311 1194 1338 Non
1209 1309 1289 1337 enim
1303 1307 1465 1336 exaudiam
1480 1309 1518 1335 te.
1529 1316 1543 1333 ιο

1136 1356 1254 1384 Azarias
1272 1357 1351 1384 stans
1371 1355 1402 1383 in
1421 1354 1522 1383 medio
1541 1353 1685 1390 fornacis,
1705 1353 1800 1383 oravit
1819 1353 1880 1382 sic:

1103 1413 1117 1430 α
1140 1403 1314 1431 Benedictus
1335 1404 1378 1431 est
1407 1403 1481 1430 Deus
1503 1402 1623 1438 patrum
1644 1402 1830 1437 nostrorum,
1855 1403 1883 1430 et

1100 1450 1277 1485 laudabilis,
1292 1460 1305 1475 n
1323 1451 1380 1478 etc.
1395 1450 1478 1483 Dan„
1492 1457 1534 1477 ιιι.

1138 1500 1202 1526 Νοιι
1228 1496 1339 1526 dimisit
1366 1496 1467 1524 Daniel
1492 1497 1615 1533 propter
1641 1495 1778 1532 iniquum
1805 1495 1883 1532 regis

1103 1545 1179 1574 Darii
1196 1544 1337 1578 edictum,
1347 1543 1419 1581 quin
1430 1544 1528 1571 oraret
1542 1545 1584 1572 ter
1594 1543 1625 1572 in
1638 1543 1685 1572 die
1696 1545 1786 1571 Deum
1797 1551 1884 1572 suum

1102 1593 1230 1629 genibus
1250 1591 1350 1625 flexis,
1367 1590 1442 1618 sicut
1458 1592 1545 1618 antea
1564 1589 1661 1619 facere
1676 1591 1884 1625 consueverat,

1102 1643 1188 1675 Dan„
1206 1649 1246 1669 vr.
1264 1642 1335 1668 Ecce
1360 1646 1452 1675 quam
1469 1638 1649 1674 pretiosum,
1669 1640 1697 1667 et
1716 1638 1787 1667 utile
1802 1645 1886 1666 orare

1103 1689 1195 1716 Deum
1214 1687 1382 1724 reputabat.

1150 1729 1320 1770 intelligens
1349 1734 1450 1762 Daniel
1478 1735 1595 1769 tempus
1622 1731 1803 1768 captivitatis·
1822 1739 1886 1760 esse

1104 1781 1303 1818 completum,
1329 1780 1485 1809 instantius
1515 1778 1609 1808 oravit
1632 1787 1687 1815 pro
1712 1778 1828 1815 populo
1854 1778 1885 1807 in

1104 1828 1268 1864 captivitate
1285 1827 1415 1857 detento.
1430 1830 1462 1856 Et
1479 1829 1550 1855 nota
1565 1826 1607 1854 ibi
1625 1833 1717 1862 quam
1735 1825 1886 1854 humiliter

1104 1877 1131 1903 et
1146 1883 1237 1911 quam
1254 1874 1421 1910 frequenter
1437 1874 1541 1902 oravit.
1558 1875 1642 1907 Dan.‚
1657 1880 1697 1900 lx.

1139 1921 1247 1949 Videns
1260 1922 1403 1957 ‚Susanna
1424 1928 1513 1949 omne
1531 1920 1698 1948 humanum
1712 1918 1769 1947 sibi
1784 1919 1886 1948 deesse

1105 1968 1277 2003 consilium,
1293 1968 1417 1996 recurrit
1431 1968 1470 1996 ad
1492 1967 1634 1995 orationis
1653 1966 1843 2002 suffragium,
1859 1969 1887 1995 et

1105 2016 1199 2044 oratio
1215 2023 1269 2042 sua
1284 2015 1337 2042 suit
1350 2014 1503 2048 exaudita,
1519 2015 1602 2045 Dan„
1615 2021 1676 2041 xm.

1141 2062 1239 2091 Oravit
1256 2064 1345 2089 Jonas
1364 2062 1402 2090 ad
1420 2061 1577 2089 Dominum
1592 2061 1630 2088 de
1645 2061 1730 2088 utero
1742 2059 1845 2096 piscis,
1859 2062 1887 2088 et

1105 2111 1162 2139 ait:
1180 2120 1193 2136 m
1208 2109 1354 2143 Clamavi,
1370 2120 1382 2134 n
1401 2111 1467 2143 etc.,
1483 2110 1556 2143 Ion„
1572 2115 1604 2136 11.

1142 2158 1343 2192 Congregatus
1366 2158 1409 2184 est
1433 2157 1612 2188 conventus,
1631 2156 1664 2182 ut
1683 2156 1778 2182 essent
1791 2154 1886 2190 parati

1107 2205 1137 2232 in
1152 2203 1301 2240 prndium,
1317 2205 1345 2230 et
1359 2204 1390 2230 ut
1405 2204 1524 2230 orarent
1538 2203 1565 2229 et
1579 2202 1710 2237 peterent
1724 2201 1887 2228 misericor-

1107 2252 1188 2279 diam
1211 2253 1238 2278 et
1262 2249 1481 2283 miserationes,
1498 2250 1507 2276 l
1528 2248 1664 2282 Machab„
1685 2256 1715 2275 ιι.
1741 2249 1825 2282 ilem,
1842 2255 1886 2281 lv,

1105 2299 1196 2327 Judas
1222 2297 1435 2325 commissurus
1462 2296 1598 2332 praelium
1625 2298 1725 2322 contra
1749 2295 1887 2329 Gorgiam

1109 2346 1199 2373 dixit:
1225 2355 1237 2370 (ι
1259 2343 1432 2371 Benedictus
1455 2344 1497 2370 cst
1521 2342 1654 2370 Salvator
1678 2341 1780 2375 lsrael,
1799 2351 1813 2367 »
1832 2342 1886 2369 etc.

1108 2395 1197 2427 Item,
1223 2400 1278 2426 vn,
1303 2390 1407 2418 videns
1422 2390 1513 2418 Judas
1537 2388 1697 2417 exercitum
1721 2387 1886 2423 Nicanoris,

1110 2439 1220 2472 oravit,
1235 2440 1263 2466 et
1278 2438 1369 2465 dixit:
1389 2448 1403 2463 <a
1418 2437 1474 2471 Qui
1488 2436 1569 2465 missi
1585 2437 1666 2463 erant
1688 2443 1706 2464 a
1726 2443 1795 2470 rege
1817 2437 1888 2463 Sen-

1109 2486 1266 2519 nacherib,
1284 2496 1296 2510 »
1315 2487 1368 2512 etc.

1145 2536 1176 2562 ln
1194 2533 1312 2561 duobus
1334 2534 1432 2559 autem
1446 2529 1604 2567 praecipuis
1618 2527 1720 2564 bellis,
1736 2537 1797 2556 non
1812 2529 1887 2565 legi-

1110 2583 1157 2609 tur
1175 2580 1266 2608 Judas
1288 2587 1383 2606 orasse
1401 2587 1407 2606 :
1424 2577 1535 2614 primo,
1549 2576 1651 2603 contra
1673 2583 1774 2611 regem
1789 2576 1888 2604 Antio-

1110 2629 1200 2657 chum
1223 2628 1419 2662 Eupatorem,
1443 2627 1471 2653 et
1492 2626 1561 2651 tuuc
1582 2631 1644 2651 non
1666 2623 1751 2657 vicit,
1770 2623 1822 2651 sed
1843 2623 1887 2650 di-

1111 2675 1204 2709 vertit,
1218 2676 1226 2702 i
1240 2674 1372 2707 Machab„
1388 2681 1432 2707 ιις
1445 2670 1588 2706 secundo,
1602 2671 1704 2698 contra
1714 2669 1888 2698 Bacchidem
