2004 3037
675 191 1009 227 CONFESSIONALE.
1032 191 1119 224 CAP.
1142 191 1196 223 ΙΙΙ.

134 263 293 291 mortuam.
318 261 463 296 Quoniam
482 269 536 290 nec
558 262 763 298 Evangelium,
778 270 834 291 nec
847 261 910 290 ulla

136 309 238 338 divina
253 311 281 338 et
295 309 427 338 humana
447 309 506 344 lex,
528 309 616 338 unius
630 309 796 338 testimonio
821 308 910 337 etiam

134 355 245 384 idoneo
271 356 443 393 quempiam
467 355 665 391 condemnat,
683 355 731 384 vel
752 355 908 391 justificat3

136 406 247 440 quanto
262 404 359 440 magis
368 411 420 440 per
431 403 520 432 istum
530 402 795 438 flagitiosissimum
809 405 837 431 et
851 411 912 431 sce-

135 450 252 485 lestum,
269 458 324 479 nec
335 450 387 478 illa
401 450 471 478 viva
485 449 589 478 debuit
603 449 808 483 condemnari,
825 457 879 477 nee
894 458 912 478 a

136 498 163 526 te
177 499 245 534 post
259 498 385 525 mortem
400 497 463 532 ejus
478 497 629 525 accusari?
651 497 732 525 Prius
753 504 843 525 causa
857 497 913 524 eri-

137 544 226 572 minis
247 543 392 572 subtiliter
414 543 618 578 investiganda
638 545 714 579 erat3
737 545 765 572 et
785 545 870 579 tune,
889 543 913 571 si

137 591 178 620 ita
191 590 293 619 fuisset
315 590 446 624 inventa,
469 590 634 618 secundum
650 590 751 626 legum
766 590 913 619 tramitem

139 637 242 666 debuit
254 637 418 666 vindictam
432 636 567 673 accipere
582 637 713 665 ultionis.
730 639 804 665 Nam
823 637 847 665 si
863 645 915 665 ve-

138 693 216 720 rum,
235 684 317 721 quod
328 683 415 719 absit,
431 683 542 719 fuisset,
557 683 632 712 sieut
647 684 763 712 adulter
777 684 916 712 mentitus

140 733 191 766 est,
207 732 275 768 post
298 733 410 767 septem
432 738 526 758 annos
540 731 713 767 pot-nitentia
727 733 856 768 peraeta,
872 731 916 759 di-

139 778 254 806 mittere
269 785 335 806 eam
349 785 402 814 per
425 777 624 813 approbatam
648 786 768 806 causam
787 780 916 814 poteras,

139 825 164 852 si
177 824 332 858 voluisses,
349 824 483 852 occidere
494 826 593 853 tamen
607 833 673 853 eam
689 825 860 853 nullatenus
870 825 919 853 de-

140 871 240 900 buisti.
256 873 320 899 Non
336 871 416 898 enim
426 871 433 887 ¹
445 871 508 899 vult
518 873 591 899 Deus
604 874 731 900 mortem
743 871 919 908 peccatoris,

141 918 194 947 sed
208 919 241 946 ut
255 920 442 946 convertatur
457 918 495 946 ad
506 919 709 955 poenitentiam
725 921 753 947 et
768 919 859 946 vivat.
876 918 920 946 ld—

142 965 220 993 eireo
236 965 349 1002 placeat
363 964 417 992 tibi
441 965 598 993 consilium
620 967 768 1000 nostrum,
789 967 817 993 et
830 965 921 993 facias

142 1011 210 1046 hoc,
225 1011 309 1048 quod
329 1011 436 1040 melius
458 1014 486 1040 et
506 1012 602 1040 levius
622 1012 718 1040 videri
740 1013 793 1040 tibi
814 1014 918 1048 potest.

142 1059 276 1087 Miserere
298 1058 404 1086 aniinae
419 1060 486 1093 tuae,
503 1060 535 1087 ut
555 1066 616 1087 non
633 1059 671 1086 sis
685 1061 716 1086 tu
732 1059 846 1088 tibimet
866 1059 921 1087 ho-

143 1106 262 1134 micida.
279 1106 435 1142 Relinque,
452 1108 634 1142 quapropter
656 1108 683 1134 te
697 1114 849 1142 rogamuS‚
863 1106 922 1134 hoc

143 1152 257 1181 malum
271 1152 424 1188 saeculum,
440 1153 524 1189 quod
538 1155 564 1181 te
579 1153 667 1181 traxit
688 1153 728 1181 ad
742 1155 802 1181 tam
818 1153 923 1181 imma-

144 1199 301 1228 nissimum
321 1199 435 1236 peceati
457 1199 581 1228 facinus.
601 1200 760 1235 Ingredere
775 1202 923 1227 monaste-

145 1246 241 1282 rium,
259 1246 418 1274 humiliare
433 1246 489 1274 sub
503 1255 596 1274 manu
617 1247 744 1282 abbatis,
760 1247 924 1274 multorum

146 1293 269 1321 fratrum
290 1293 429 1329 precibus
445 1293 575 1329 adjutus,
592 1293 719 1321 observa
733 1295 838 1321 cuneta
851 1293 924 1320 sim-

146 1340 216 1377 plici
232 1340 333 1368 animo
346 1348 413 1376 quae
429 1340 482 1368 tibi
504 1340 613 1368 fuerint
627 1341 786 1377 imperata,
806 1340 831 1368 si
850 1340 924 1368 forte

147 1388 280 1423 ignoscat
294 1387 408 1415 infinita
424 1387 473 1415 Dei
488 1387 602 1415 bonitas
616 1388 744 1424 peccatis
758 1388 825 1422 tuis,
839 1389 867 1414 et
880 1395 925 1414 re-

148 1434 267 1470 frigeret
292 1434 424 1462 animam
453 1436 535 1462 tuam
546 1456 555 1469 ,
582 1435 758 1470 priusquam
786 1434 925 1462 crucieris

149 1481 297 1518 perpetuis
312 1481 449 1508 flammis.
464 1483 523 1509 Hoc
534 1481 639 1509 melius
649 1485 675 1509 et
686 1481 781 1509 levius
796 1481 849 1509 tibi
864 1489 926 1508 esse

151 1528 309 1556 certissime
325 1527 408 1555 scias.
425 1528 475 1555 Sin
494 1530 593 1555 autem
608 1528 761 1564 publicam
780 1529 927 1564 poeniten-

150 1576 233 1610 tiam,
243 1583 423 1612 permanens
434 1575 464 1602 in
475 1574 566 1603 domo
576 1577 637 1609 tua,
649 1575 697 1602 vel
707 1575 737 1602 in
748 1576 805 1603 hoe
813 1575 928 1603 mundo

151 1623 196 1650 vis
211 1630 309 1658 agere,
335 1622 417 1658 quod
433 1621 487 1649 tibi
506 1621 591 1658 pejus
607 1623 634 1649 et
650 1622 769 1657 gravius
788 1630 851 1649 esse
866 1630 928 1649 non

152 1669 280 1704 dubites,
291 1669 332 1696 ila
346 1670 378 1696 ut
393 1677 480 1704 agere
495 1668 606 1696 debeas
618 1669 816 1697 exhortamur.
833 1669 929 1697 Omni-

151 1715 208 1744 bus
230 1716 336 1743 diebus
356 1715 466 1752 quibus
480 1715 623 1751 poenitere
642 1715 751 1751 debeS,
776 1716 880 1743 vinum
902 1717 930 1743 et

152 1762 277 1791 siceram
290 1770 353 1790 non
367 1762 464 1794 bibas,
483 1770 603 1790 carnem
618 1770 773 1798 nunquam
789 1763 929 1790 comedas

151 1810 214 1838 ullo
223 1811 368 1846 tempore,
376 1811 575 1845 praeterquam
583 1809 614 1836 in
623 1809 742 1844 Pascha,
751 1812 778 1837 et
787 1810 817 1837 in
825 1809 872 1837 die
879 1811 930 1837 Na-

151 1857 216 1884 talis
228 1856 343 1884 Domini
354 1857 399 1884 ;in
409 1864 486 1892 pane
497 1857 525 1883 et
534 1864 614 1892 aqua
622 1857 650 1884 et
657 1857 718 1884 sale
726 1856 930 1892 poenitentiam

152 1912 218 1939 age,
230 1904 385 1939 invigiliis,
395 1904 559 1938 etjejuniis,
567 1903 762 1937 orationibus,
770 1904 931 1940 eleemosy-

153 1950 198 1977 nis
205 1950 286 1978 omni
297 1953 427 1986 tempore
436 1958 604 1986 persevera,
615 1950 704 1978 armis
710 1959 865 1986 nunquam
873 1951 932 1978 cin-

156 2005 234 2032 gere,
259 2005 313 2024 neo
328 1996 358 2023 in
378 1996 445 2024 loco
471 1996 606 2032 quolibet
623 1997 738 2032 litigare
753 2005 929 2033 praesumas,

155 2051 280 2071 uxorem
294 2051 450 2078 nunquam
465 2043 584 2077 ducere,
599 2043 799 2071 concubinam
810 2052 872 2071 non
882 2043 933 2072 ha-

156 2090 238 2124 bere,
258 2098 313 2117 nee
339 2089 520 2117 adulterium
541 2089 723 2117 committere
749 2090 878 2125 audeas,
902 2090 933 2118 in

156 2137 265 2165 balneo
276 2144 431 2172 nunquam
442 2135 561 2170 laveris,
574 2135 604 2162 in
615 2135 759 2163 conviviis
772 2136 934 2164 laetantium

157 2191 313 2219 nunquam
329 2184 354 2210 te
368 2182 508 2215 misceas,
525 2181 556 2209 in
575 2182 697 2210 eeclesia
711 2185 880 2218 segregatus
895 2183 933 2211 ab

159 2230 223 2258 aliis
238 2229 418 2262 Christianis,
433 2230 500 2264 post
513 2229 621 2256 ostium
633 2232 661 2257 et
674 2232 772 2265 postes
786 2230 935 2257 humiliter

158 2279 186 2304 te
201 2284 323 2312 repone,
338 2275 571 2311 ingredientium
587 2278 614 2303 et
628 2276 844 2311 egredientium
868 2285 936 2312 sup-

158 2323 272 2360 pliciter
296 2322 480 2350 orationibus
503 2323 681 2350 commenda
698 2324 737 2356 te,
753 2326 780 2350 et
802 2331 937 2350 commu-

159 2370 249 2398 nione
274 2370 410 2406 corporis
438 2371 465 2397 et
493 2370 646 2404 sanguinis
675 2369 803 2404 Domini,
825 2370 936 2398 cunctis

160 2417 265 2445 diebus
279 2417 345 2444 vit-<e
366 2419 422 2444 tuae
441 2415 599 2451 indignum
614 2419 641 2444 te
665 2417 824 2451 existimes,
848 2417 879 2444 in
894 2416 937 2444 ul-

161 2463 231 2490 timo
246 2465 345 2491 tamen
368 2463 462 2491 exitus
486 2463 552 2490 vitoe
575 2465 631 2490 tuae
650 2463 709 2498 die,
734 2464 757 2491 si
783 2463 937 2499 merueris,

161 2517 215 2545 pro
230 2511 348 2545 viatico,
363 2511 386 2538 si
402 2510 439 2538 sit
458 2510 510 2546 qui
525 2510 577 2538 tibi
596 2511 713 2546 tribuat,
729 2511 937 2539 tantummodo

161 2556 323 2592 venialiter,
335 2560 366 2586 ut
380 2557 520 2593 accipias,
537 2557 591 2585 tibi
603 2557 803 2586 concedimus
820 2559 891 2587 Sunt
908 2560 936 2585 et

197 2657 205 2674 ¹
218 2656 316 2685 Ezech.,
332 2662 408 2686 xviii,
423 2658 468 2687 323
483 2661 580 2687 xxxin,
598 2659 638 2681 11.

1683 197 1738 227 371

965 259 1025 290 alia
1038 258 1134 288 multa
1147 267 1215 296 quae
1229 259 1282 288 tibi
1298 259 1387 289 nimis
1407 260 1511 289 durius
1525 262 1554 290 et
1562 261 1632 291 satis
1646 262 1743 291 acrius

965 307 1049 335 erant
1060 306 1145 342 juxta
1159 314 1302 342 magnum
1317 307 1435 344 pondus
1449 308 1572 346 peceati,
1595 317 1614 338 0
1627 308 1742 346 infelix,

966 352 1143 389 adjicienda.
1160 353 1217 382 Sed
1232 353 1254 381 si
1271 354 1334 382 haze
1349 355 1461 391 omnia,
1477 363 1544 392 quoe
1562 356 1614 384 tibi
1629 356 1744 386 miseri-

967 400 1094 429 corditer
1102 399 1272 436 supradicta
1279 403 1356 436 sunt,
1368 401 1495 437 perfecto
1507 402 1606 437 corde,
1619 403 1743 432 Domino

968 447 1127 476 auxiliante
1141 447 1244 475 feceris
1259 449 1287 475 et
1301 448 1490 483 eustodieris,
1514 449 1694 478 confidimus
1707 450 1744 479 de

967 494 1114 522 immensa
1128 494 1176 522 Dei
1188 494 1355 529 elementia,
1369 495 1574 524 remissionem
1584 499 1704 526 tuorum
1718 499 1745 526 te

968 541 1140 569 habiturum
1163 543 1369 578 peecatorum,
1391 543 1419 570 et
1441 543 1608 571 secundum
1635 544 1746 572 dictum

967 588 1038 624 justi
1052 588 1187 624 bonique
1200 588 1336 625 pastoris,
1352 589 1482 617 resolvet
1497 591 1522 617 te
1534 592 1635 619 sancta
1651 591 1747 620 Eccle-

970 636 1014 664 sia
1028 635 1066 663 ab
1081 635 1140 663 hoe
1160 635 1281 664 vinculo
1296 636 1409 672 peccati
1424 636 1455 664 in
1475 637 1569 673 terris,
1588 640 1620 666 ut
1638 646 1691 674 per
1705 639 1749 675 ip-

971 682 1031 710 sius
1046 682 1183 718 gratiam,
1199 681 1251 718 qui
1267 690 1334 710 eam
1349 683 1494 718 sanguine
1509 692 1564 712 suo
1583 685 1748 721 acquisivit,

972 729 1086 757 solutus
1105 729 1144 756 sis
1163 728 1194 756 in
1214 728 1303 757 coelis.
1321 729 1349 757 Si
1371 732 1470 758 autem
1486 730 1570 759 aliter
1589 731 1708 767 feceris,
1724 734 1753 760 et

973 777 1080 804 sanctae
1095 775 1350 804 matris·Ecclesiae
1371 778 1434 804 tam
1448 777 1600 806 salubrem
1615 778 1754 807 admoni-

974 824 1086 851 tionem
1102 823 1283 859 despexeris,
1299 823 1361 860 ipse
1377 824 1415 852 sis
1430 824 1483 852 tibi
1495 825 1599 861 Judex,
1616 828 1644 854 et
1663 826 1694 854 in
1709 827 1752 854 la-

975 878 1053 907 queo
1069 870 1195 905 diaboli,
1205 878 1265 906 quo
1280 870 1408 899 irretitus
1422 872 1539 908 teneris,
1548 874 1753 909 permanebis,

975 917 1095 953 sanguis
1117 919 1185 945 tuus
1209 925 1298 953 super
1321 920 1410 954 caput
1431 921 1524 947 tuum.
1549 921 1607 947 Nos
1626 920 1714 949 alieni
1738 929 1755 949 a

977 965 1126 993 consortio
1146 967 1208 999 tuo,
1223 973 1279 1000 pro
1295 965 1424 993 aliorum
1439 966 1487 994 Dei
1503 966 1636 995 filiorum
1650 968 1754 1005 salute,

976 1012 1041 1048 ipso
1058 1011 1232 1048 opitulante,
1248 1012 1331 1040 omni
1346 1012 1543 1042 sollicitudine
1558 1014 1681 1043 nitImur
1705 1015 1756 1043 de-

977 1058 1095 1093 sudare,
1108 1060 1136 1086 et
1146 1058 1261 1086 Domini
1272 1058 1508 1088 misericordiam
1520 1061 1652 1097 quotidie
1663 1064 1756 1090 atten-

978 1106 1034 1134 tius
1048 1106 1219 1141 implorare.
1233 1116 1246 1132 n
1260 1107 1324 1133 Haec
1337 1114 1444 1134 canon.

1230 1185 1410 1210 PARTtCULA
1428 1186 1507 1211 xvu.

1057 1239 1094 1263 De
1112 1238 1262 1270 poenitentia
1280 1246 1370 1264 eorum
1381 1259 1389 1272 ,
1407 1241 1450 1272 qui
1467 1241 1587 1266 occidunt
1603 1243 1677 1268 filios.

1016 1295 1106 1330 llujus
1119 1295 1236 1323 sceleris
1250 1304 1340 1332 poena
1354 1297 1520 1325 seeundum
1534 1298 1614 1334 leges
1627 1299 1690 1328 haec
1704 1302 1758 1337 est,

981 1343 1013 1370 ut
1040 1342 1191 1378 parricida
1210 1343 1302 1378 virgis
1323 1344 1492 1379 sanguineis
1513 1346 1702 1383 verberatus,
1729 1348 1760 1376 in

981 1388 1077 1423 culeo,
1094 1389 1126 1416 id
1141 1391 1183 1416 est
1196 1389 1226 1417 in
1242 1398 1329 1418 sacco
1345 1391 1417 1418 corii
1432 1392 1576 1428 insuatur,
1591 1402 1660 1421 cum
1675 1402 1760 1430 cane,

982 1438 1009 1463 et
1022 1435 1102 1471 gallo
1124 1435 1301 1472 gallinaceo,
1318 1439 1346 1465 et
1361 1438 1472 1475 vipera,
1489 1441 1517 1467 et
1531 1440 1627 1475 simia,
1652 1441 1760 1470 deinde

982 1482 1012 1510 in
1026 1482 1211 1518 profundum
1226 1484 1460 1521 marisjactetur,
1476 1486 1525 1514 vel
1539 1487 1570 1514 in
1585 1496 1714 1524 amnem,
1731 1491 1763 1517 nt

983 1531 1011 1557 et
1026 1530 1133 1557 eoelum
1149 1531 1307 1566 superstiti,
1323 1534 1351 1560 et
1365 1534 1441 1561 terra
1465 1536 1584 1563 mortuo
1600 1535 1760 1572 auferatur,

984 1577 1058 1604 sieut
1080 1577 1109 1604 in
1133 1578 1283 1613 Instantis,
1307 1578 1344 1606 de
1367 1580 1494 1615 publicis
1511 1582 1648 1618 judiciis,
1665 1583 1763 1618 §Alia

984 1624 1080 1651 deinde
1096 1625 1151 1651 Ieoe.
1168 1624 1224 1652 Sed
1239 1625 1403 1654 seeundum
1420 1635 1546 1655 canones
1565 1637 1628 1657 non
1642 1630 1693 1666 sie,
1710 1630 1764 1659 sed

985 1671 1147 1706 imponitur
1169 1679 1258 1707 poena
1281 1672 1455 1701 inclusionis
1476 1674 1507 1702 in
1529 1677 1762 1714 monasterium,

984 1719 1094 1753 Extra„
1119 1718 1156 1745 de
1180 1718 1226 1746 his
1254 1719 1306 1754 qui
1329 1719 1371 1747 fil.
1400 1721 1582 1757 occiderunt,
1610 1724 1695 1760 quod
1723 1726 1765 1753 est

985 1764 1144 1793 Alexandri
1159 1766 1192 1793 lll
1208 1774 1214 1792 :
1235 1766 1387 1794 «Veniens
1408 1768 1448 1795 ad
1468 1776 1523 1796 nos
1548 1771 1582 1798 M.
1600 1771 1708 1799 mulier
1721 1771 1765 1799 la-

986 1811 1144 1848 crymabili
1165 1812 1253 1840 nobis
1269 1814 1454 1843 confessione
1468 1818 1658 1854 monstravit,
1682 1819 1765 1854 quod

987 1866 1056 1886 cum
1077 1859 1115 1886 de
1131 1859 1264 1895 quodam
1287 1860 1383 1889 filium
1399 1862 1557 1898 genuisset,
1582 1866 1610 1892 et
1635 1865 1687 1894 iste
1709 1866 1766 1894 sibi

987 1914 1063 1942 saepe
1079 1906 1199 1941 turgido
1221 1906 1305 1935 vultu
1328 1908 1572 1946 improperasset,
1589 1912 1673 1947 quod
1688 1912 1767 1940 filius

988 1953 1051 1988 ejus
1072 1960 1132 1980 non
1160 1955 1248 1987 esset,
1270 1953 1335 1990 ipsa
1357 1955 1519 1984 iracundiae
1543 1958 1641 1987 calore
1667 1960 1766 1995 ducta,

989 1999 1129 2028 eumdem
1143 1999 1239 2027 filium
1255 2001 1406 2029 interfecit.
1424 2013 1436 2027 η
1454 2005 1487 2030 Et
1500 2004 1576 2032 infra
1592 2015 1598 2032 :
1619 2016 1632 2031 «
1646 2007 1767 2034 Manda-

989 2054 1056 2073 mus
1081 2048 1227 2081 quatenus
1251 2055 1316 2075 eam
1340 2048 1459 2077 labores
1489 2050 1647 2088 inducere,
1673 2055 1704 2081 ut
1728 2054 1768 2082 ad

990 2092 1114 2128 aliquod
1138 2094 1351 2122 monasterium
1370 2097 1509 2131 transeat,
1524 2098 1556 2125 in
1573 2107 1633 2134 quo
1648 2103 1769 2136 peecata

991 2147 1044 2167 sua
1058 2141 1202 2175 perpetua
1216 2141 1389 2176 poenitentia
1407 2143 1552 2179 deploret.
1569 2145 1596 2173 Si
1610 2147 1708 2174 autem
1722 2156 1769 2175 re—

991 2189 1142 2221 pugnante
1158 2187 1254 2214 earnis
1270 2196 1329 2215 suae
1343 2188 1510 2226 fragilitate,
1533 2191 1572 2219 ad
1589 2192 1647 2220 hoc
1668 2193 1770 2222 induci

991 2233 1134 2267 noluerit,
1157 2233 1183 2261 ei
1205 2233 1355 2263 licentiam
1376 2236 1406 2263 in
1427 2238 1551 2266 Domino
1568 2239 1704 2268 nubendi
1722 2241 1771 2269 tri-

992 2279 1067 2307 buas
1082 2279 1171 2316 :quia
1179 2280 1268 2308 tutius
1283 2282 1371 2310 nobis
1379 2282 1497 2312 videtur
1504 2286 1536 2312 ut
1547 2285 1576 2313 in
1585 2287 1709 2315 Domino
1716 2296 1770 2315 nu-

993 2326 1045 2354 bat
1059 2327 1110 2354 uni
1122 2327 1187 2361 soli,
1206 2336 1298 2364 quam
1311 2329 1464 2358 inhoneste
1476 2332 1586 2360 multos
1601 2333 1744 2362 admittat.
1756 2344 1768 2361 n

994 2374 1058 2401 llaec
1073 2382 1180 2402 canon.
1197 2376 1275 2402 Hanc
1287 2376 1388 2404 tamen
1399 2378 1603 2413 poenitentiam
1617 2381 1772 2416 injungen-

995 2420 1065 2448 dam
1081 2420 1239 2456 intelligas,
1260 2422 1283 2449 si
1306 2422 1331 2450 is
1351 2424 1403 2459 qui
1417 2424 1513 2452 filium
1535 2426 1652 2462 occidit,
1669 2428 1772 2463 eonju—
1811 2434 1815 2436 ⁷

995 2475 1063 2503 gem
1078 2470 1105 2495 et
1117 2468 1195 2495 filios
1210 2468 1284 2496 alios
1299 2477 1359 2497 non
1374 2470 1477 2507 habet3
1495 2472 1567 2500 alias
1582 2481 1680 2509 secus,
1696 2476 1727 2501 ut
1742 2474 1772 2502 in

995 2514 1132 2550 proximo
1149 2515 1279 2551 capitulo
1293 2518 1437 2553 sequenti.
1461 2519 1534 2546 Cum
1555 2528 1625 2547 vero
1646 2520 1675 2547 in
1691 2520 1773 2548 lectis

995 2563 1152 2597 parentum
1165 2561 1219 2589 filii
1233 2562 1422 2592 inveniuntur
1439 2566 1583 2602 oppressi,
1599 2567 1771 2603 poenitentia

997 2607 1180 2644 imponatur,
1194 2617 1259 2645 quae
1271 2610 1435 2639 continetur
1447 2612 1478 2640 in
1491 2613 1598 2641 eodem
1612 2614 1709 2650 titulo,
1725 2623 1773 2643 ca-

997 2654 1057 2691 pite
1072 2654 1188 2690 ultimo,
1202 2656 1287 2690 cujus
1303 2657 1397 2686 verba.
1410 2660 1478 2686 sunt
1495 2658 1558 2687 haeo
1573 2669 1580 2687 :
1599 2670 1613 2686 α
1626 2662 1665 2690 De
1680 2662 1773 2691 infan—
