2004 3037
217 214 236 243 6
810 212 982 244 MYSTICA
1002 212 1240 245 THEOLOGIA.

109 281 203 316 'nonefi-
252 283 356 310 Postea
384 281 492 318 cogitet
519 281 549 308 in
576 279 712 316 speciali,
742 288 809 317 quse
832 279 907 315 sibi,
929 287 992 309 non

94 317 201 365 2:153&
217 328 358 357 omnibus
372 328 452 363 aliis,
465 329 550 356 Pater
562 326 652 356 totius
665 326 877 355 consolationis
891 328 994 355 contu-

217 374 305 410 lerit,
329 383 420 411 quem
443 373 573 402 maxime
598 373 638 402 ad
662 372 838 409 religionem
858 374 991 402 Fratrum

217 422 362 451 minorum
384 420 486 449 divina
510 421 666 449 clementia
693 421 895 457 provocavit:
916 429 992 458 quo-

217 467 298 496 niam
311 467 364 496 ista
384 467 434 496 via
450 468 608 504 purgativa
622 468 721 496 solum
739 470 782 496 est
800 475 906 496 eorum
916 488 926 502 ‚
941 469 993 505 qui

217 523 233 542 a
254 514 302 543 via
324 514 472 549 saeculari,
486 515 578 543 veluti
599 514 741 543 columba
763 514 811 542 vel
835 515 946 550 turtur,
961 515 993 543 in

1049 280 1119 309 dine
1133 280 1189 309 ista
1201 281 1251 309 vel
1265 281 1340 316 alia,
1359 280 1525 309 secundum
1549 273 1634 318 quod
1656 282 1756 320 ipsum
1774 284 1827 312 Do-

1049 327 1147 355 minus
1160 327 1240 356 intus
1253 327 1389 356 docuerit
1398 348 1407 362 ,
1421 327 1593 356 recolendo.

1083 374 1128 403 Sic
1141 382 1196 411 per
1209 374 1448 403 recordationem
1459 377 1650 411 peccatorum
1667 376 1696 403 et
1709 375 1826 404 divino·
1867 387 1900 407 ne
1909 386 1948 407 hu-

1048 429 1116 450 rum
1134 421 1352 450 beneficiorum
1370 420 1526 456 confusus,
1542 421 1606 458 Jam
1627 422 1708 450 viam
1729 422 1826 451 humi-
1840 417 1948 475 ’13ᾚὲ

1048 468 1176 497 liationis
1197 468 1318 504 incipiat
1335 489 1343 502 ‚
1364 468 1406 496 sic
1429 467 1530 496 dicens
1549 478 1558 496 :
1579 469 1720 504 Domine,
1743 470 1783 497 Pa
1795 477 1827 498 er
1839 481 1942 506 peccator

1048 515 1137 543 totius
1151 514 1365 549 miserationis,
1379 522 1441 543 non
1453 522 1577 551 possum
1591 515 1645 543 tibi
1658 515 1826 544 satisfacere
1841 516 1949 562 „22⁸2

216 560 384 596 desertum,
399 561 430 589 in
445 569 592 590 secessum
609 561 748 590 videlicet
767 561 993 598 contemplatio-

216 607 278 641 nis,
294 607 361 637 licet
380 608 479 637 adhuc
496 608 625 643 debiles,
640 616 732 644 supra
745 608 858 644 seipsos
873 609 994 637 avolare

216 654 370 691 nituntur,
392 655 574 684 amotionem
599 655 697 684 omnis
723 655 818 691 culpae
839 655 991 691 mortalis,

217 702 320 738 quoad
331 702 478 738 judicium
493 702 698 737 conscientioe,
714 702 912 730 necessariam
926 711 994 739 sup-

216 757 342 786 ponens.
358 750 459 778 Primo
475 757 547 785 ergo
561 750 718 786 recogitet,
733 751 807 786 quot
822 749 973 785 digniores
984 772 992 785 ,

217 798 291 833 quot
303 796 501 833 potentiores,
522 798 595 833 quot
616 797 705 825 etiam
728 796 768 825 ad
792 796 993 825 abundantio—

217 851 280 871 rem
295 843 480 872 influentiam
495 843 603 871 divinae
621 843 724 879 gratiae
738 844 834 879 magis
848 843 993 879 multipli-

218 891 289 918 citer
312 892 494 927 praeparatos
507 911 517 925 ,
543 890 662 927 reliquit
687 890 751 927 ipse
774 890 937 919 Altissimus
964 890 994 918 in

218 937 342 966 miseriis
357 940 385 967 et
398 938 558 966 mundanis
571 937 766 973 voraginibus
785 937 952 972 involutos,
967 940 995 966 et

218 993 248 1014 se
264 985 301 1013 de
316 985 446 1013 tenebris
460 984 585 1013 miseriae
606 985 782 1013 convocavit
799 985 838 1012 ad
853 993 938 1012 suam
953 986 994 1013 in-

219 1031 463 1060 commutabilem
475 1032 638 1060 veritatem.
653 1031 789 1060 Secundo
805 1039 866 1060 non
880 1033 995 1060 tantum

219 1080 353 1114 respectu
385 1079 510 1107 miseriae
541 1078 701 1106 mundanae
733 1078 790 1106 sibi
815 1078 995 1107 beneficium

219 1125 358 1153 collatum
372 1125 528 1161 recogitet,
543 1125 596 1153 sed
613 1127 641 1153 et
663 1124 738 1153 illud
756 1124 890 1153 divinum
906 1125 996 1154 bene-

219 1172 319 1200 ficium
342 1174 477 1208 respectu
498 1171 650 1200 infernalis
671 1171 796 1200 miserim
815 1174 971 1208 pertractet
988 1183 994 1200 :

220 1219 290 1255 quia
306 1218 406 1253 multi,
426 1219 478 1255 qui
498 1226 560 1246 non
584 1221 697 1246 tantum
717 1222 862 1255 quantum
880 1220 943 1256 ipse
959 1220 996 1256 (α)

221 1265 329 1294 divinae
351 1265 510 1301 majestatis
531 1266 635 1293 oculos
660 1258 862 1301 offenderunt,
887 1267 995 1303 sempi-

222 1316 309 1341 ternae
329 1312 547 1341 maledictionis
569 1312 665 1349 poenis
688 1313 839 1349 perpetuis
863 1313 996 1341 detinen-

221 1362 268 1388 tur
276 1369 284 1395 ;
306 1362 333 1388 et
357 1360 419 1395 ipse
444 1359 495 1396 qui
517 1359 612 1387 multo
635 1359 702 1395 plus
726 1359 805 1387 idem
830 1362 996 1395 meruerat,

221 1414 282 1434 non
296 1406 408 1434 meritis
421 1406 564 1442 propriis,
582 1406 633 1434 sed
648 1406 729 1434 dono
748 1406 914 1434 Conditoris
932 1415 998 1441 gra-

222 1453 312 1488 tuito,
326 1453 364 1480 ad
388 1453 488 1488 gratiae
508 1452 626 1480 radium
650 1453 679 1480 in
699 1453 835 1488 praesenti
858 1455 997 1488 vocatur,

223 1502 251 1527 et
265 1500 304 1527 ad
324 1500 479 1536 praemium
499 1502 613 1527 aeternae
633 1499 822 1527 beatitudinis
843 1500 873 1527 in
887 1499 996 1528 futuro.

223 1546 451 1574 Similitudinem
462 1546 592 1574 duorum
605 1546 756 1574 latronum
770 1546 914 1580 recolens,
925 1554 998 1583 quo-

224 1601 290 1620 rnm
314 1601 391 1621 unus
415 1593 453 1621 ab
477 1592 578 1629 aliquo
604 1601 672 1628 rege
694 1595 810 1621 terreno
833 1593 999 1629 condignus

224 1640 423 1675 suspenditur,
439 1641 512 1668 alter
529 1648 610 1673 vero,
621 1640 687 1675 plus
699 1640 798 1675 priore
811 1640 998 1676 delinquens,

227 1686 290 1714 sola
303 1686 380 1721 regis
394 1687 500 1714 terreni
515 1686 687 1721 clementia,
712 1686 780 1714 licet
800 1687 911 1714 meritis
926 1695 998 1714 con-

225 1733 454 1767 tradicentibus,
470 1733 526 1769 ipsi
547 1732 672 1760 efficitur
692 1732 920 1767 commensalis,
938 1733 1000 1769 glo-

225 1779 301 1807 riam
315 1787 376 1807 non
389 1779 586 1814 ignominiam
599 1780 790 1816 reportando.
803 1780 898 1808 Tertio
914 1780 1000 1814 illud,

227 1826 265 1854 ad
288 1826 371 1862 quod
395 1829 535 1860 revocat,
556 1827 681 1860 recolat,
698 1826 768 1863 quia
792 1835 862 1854 eum
882 1835 942 1855 non
962 1827 1001 1855 ad

226 1873 360 1908 regulam
387 1873 466 1901 beati
496 1873 649 1908 Augustini
665 1895 674 1908 ‚
701 1873 748 1901 vel
776 1874 922 1901 Benedicti
948 1875 1001 1901 Re-

227 1920 390 1956 demptoris
404 1920 497 1955 gratia
512 1920 677 1954 revocavit,
693 1920 745 1948 scd
760 1921 798 1948 ad
814 1920 896 1948 illam
907 1929 1002 1949 sacra-

227 1966 385 2002 tissimam,
410 1975 501 2003 quam
523 1967 647 2003 ipsemet
668 1967 770 2002 elegit,
788 1967 909 2003 quando
932 1967 1002 1995 duc-

228 2016 272 2041 tus
282 2013 363 2041 estin
374 2013 522 2041 desertum
535 2014 580 2049 (b),
591 2014 642 2042 ubi
650 2014 848 2050 quadraginta
863 2014 968 2042 diebus
976 2017 1003 2042 et

227 2060 364 2088 noctibus
379 2060 525 2089 continuis
535 2061 694 2096 jejunavit,
707 2064 735 2089 et
748 2061 777 2089 in
789 2061 920 2089 maxima
929 2069 1002 2097 pau-

228 2110 337 2143 pertate
351 2115 405 2143 per
420 2108 566 2135 mundum
581 2108 765 2143 praedicavit,
785 2110 813 2135 et
835 2107 919 2135 saluti
941 2116 1003 2135 om-

229 2154 311 2182 nium
329 2154 531 2182 ardentissime
547 2155 686 2188 intendit,
708 2157 735 2182 et
751 2156 914 2182 Praecursor
935 2163 1004 2182 suus

228 2201 347 2236 proprie
364 2201 500 2234 instituit,
517 2204 544 2228 ct
558 2201 653 2236 ipsam
667 2201 696 2228 in
712 2202 808 2237 seipso
824 2209 960 2235 servans,
977 2204 1005 2229 et

228 2247 316 2275 nobis
339 2247 518 2275 servandam
543 2248 725 2275 monstravit.
748 2249 779 2275 ln
801 2249 915 2275 tantum
938 2248 1004 2275 aliis

229 2293 423 2329 regiminibus
438 2294 498 2321 haec
513 2293 617 2328 regula
632 2296 673 2322 est
688 2294 855 2327 sublimior,
868 2294 897 2321 in
913 2302 1005 2330 quan-

230 2343 291 2368 tum
314 2341 480 2367 doctrinam
505 2340 668 2368 humanam
693 2341 828 2368 divinum
853 2341 1005 2376 eloquium

229 2386 417 2423 praeexcellit.
434 2387 489 2414 Sed
512 2389 540 2414 et
559 2387 598 2413 sic
620 2387 776 2422 persistens
800 2387 829 2414 in
851 2387 1004 2421 oratione,

231 2442 291 2462 non
306 2435 419 2461 tantum
435 2433 543 2469 cogitet
558 2434 586 2461 in
601 2434 709 2469 seipso,
723 2434 774 2461 sed
789 2434 827 2461 ad
843 2435 934 2461 Deum
949 2434 1004 2461 im-

230 2480 358 2508 mediate
379 2480 485 2515 dirigat
508 2481 661 2516 eloquium
684 2489 788 2515 suum,
805 2483 864 2508 tam
886 2483 1006 2517 peccata

230 2535 299 2561 sua,
316 2535 407 2562 quam
422 2527 580 2561 beneficia,
595 2527 625 2554 in
641 2526 771 2561 generali
788 2529 818 2554 et
835 2527 866 2554 in
885 2527 1005 2563 speciali

231 2573 378 2601 humiliter
401 2573 556 2601 referendo
574 2582 580 2600 z
598 2575 696 2601 tamen
717 2582 784 2601 cum
805 2574 940 2610 quodam
956 2582 1004 2602 or-

264 2674 295 2702 (a)
315 2673 373 2697 Coer.
390 2673 447 2696 edit.
462 2674 530 2704 ipsae.
548 2687 578 2690 —
591 2673 623 2704 (b)
640 2674 697 2696 Ilm!
710 2674 818 2697 deserto,

1049 562 1087 590 de
1100 562 1204 597 malis,
1227 570 1294 598 quae
1315 569 1417 590 coram
1439 563 1467 590 te
1490 561 1697 591 miserabiliter
1717 570 1826 599 perpe-

1050 609 1144 643 travi;
1160 616 1222 636 non
1237 608 1289 636 tibi
1310 608 1491 645 respondere
1505 608 1592 637 valeo
1607 609 1648 637 ad
1661 609 1826 644 beneficia,

1049 663 1116 692 quae
1131 655 1204 683 mihi
1219 655 1386 683 miserrimo
1409 655 1559 684 contulisti
1583 664 1590 683 :
1610 656 1664 683 sed
1683 655 1756 692 quia
1777 663 1826 685 me

1048 702 1212 731 interficere
1225 710 1288 730 non
1303 702 1401 730 debeo
1412 723 1420 737 ,
1433 710 1488 730 nec
1500 702 1602 738 valeo,
1618 704 1651 731 tu
1667 710 1716 731 me
1728 702 1826 731 infeli-

1049 757 1114 778 cem
1127 749 1276 784 interfice;
1292 749 1345 777 sed
1356 749 1381 777 si
1395 749 1450 777 tibi
1463 749 1521 778 hoc
1535 757 1596 778 non
1611 749 1724 786 placet,
1741 750 1825 778 mitte

1049 796 1194 832 Angelum
1208 798 1292 824 tuum
1308 796 1518 831 gladiatorem,
1534 796 1585 833 qui
1601 797 1638 824 de
1652 804 1701 825 me
1713 797 1825 826 vindic-

1050 845 1110 871 tam
1125 843 1257 879 accipiat.
1273 843 1331 871 Sed
1344 842 1369 871 si
1382 843 1440 871 hoc
1454 844 1576 879 propter
1587 843 1825 872 misericordiam

1049 898 1111 918 non
1123 890 1168 918 vis
1182 889 1347 926 adimplere
1362 889 1447 926 quod
1460 889 1554 918 merui
1563 910 1572 924 ,
1587 889 1659 926 quia
1675 898 1724 918 me
1736 890 1825 919 inter-

1050 937 1136 966 ficere
1151 945 1212 965 non
1226 945 1349 973 possum
1358 946 1366 971 ;
1383 938 1482 964 tamen
1495 936 1553 964 hoc
1568 936 1652 973 quod
1673 937 1704 965 in
1717 945 1766 965 me
1784 939 1828 966 est

1050 984 1176 1018 faciens,
1192 991 1239 1012 me
1252 983 1337 1020 quasi
1351 983 1500 1011 latronem
1517 985 1602 1010 tuum
1617 983 1668 1011 tibi
1683 983 1778 1012 reddo
1795 984 1826 1012 in

1050 1033 1227 1067 perpetuum
1241 1029 1416 1058 servientem
1426 1051 1435 1064 ,
1450 1037 1607 1065 nunquam
1627 1029 1734 1058 diebus
1753 1030 1827 1058 meis

1051 1077 1173 1106 ulterius
1188 1085 1205 1105 a
1219 1078 1271 1104 tuo
1291 1076 1408 1105 servitio
1429 1076 1627 1104 recedentem.
1641 1077 1720 1104 Tunc
1741 1085 1827 1113 pros-

1052 1126 1145 1152 ternat
1159 1131 1190 1151 se
1206 1123 1236 1151 in
1250 1123 1371 1157 faciem,
1385 1125 1413 1151 et
1427 1125 1702 1159 quantumcumque
1720 1124 1828 1160 poterit

1052 1171 1181 1206 seipsum
1195 1170 1346 1198 humiliter
1367 1169 1581 1206 deprimendo,
1601 1171 1629 1197 et
1647 1169 1828 1198 Altissimum

1053 1217 1199 1245 offensum
1218 1216 1375 1245 exaltando
1387 1238 1394 1251 ,
1412 1218 1441 1244 et
1459 1217 1490 1244 in
1505 1217 1650 1252 quantum
1666 1216 1808 1245 humilius
1818 1239 1828 1252 ,

1052 1265 1082 1292 in
1102 1266 1216 1292 tantum
1238 1264 1327 1291 etiam
1342 1264 1426 1291 citius
1441 1265 1468 1291 et
1482 1263 1684 1292 abundantius
1703 1264 1828 1299 gratiam

1053 1310 1161 1338 «livinae
1171 1310 1381 1339 misericordiae
1394 1311 1579 1347 provocabit.
1597 1312 1630 1338 Et
1642 1312 1713 1338 tunc
1729 1310 1766 1338 de
1780 1318 1829 1338 ne-

1054 1359 1185 1388 cessitate
1214 1359 1322 1387 divinae
1348 1359 1548 1394 congruentiae
1576 1360 1693 1395 oportet
1709 1379 1718 1392 ‚
1746 1359 1828 1395 quod

1053 1406 1176 1443 quando
1191 1406 1341 1442 piissimus
1360 1408 1443 1434 Pater
1456 1405 1538 1433 videt
1552 1405 1651 1442 ipsum
1671 1405 1713 1433 sic
1728 1413 1830 1434 coram

1054 1461 1085 1481 se
1102 1453 1305 1488 humiliatum,
1323 1452 1459 1481 dolorem
1478 1452 1611 1480 conterat
1629 1452 1666 1480 de
1685 1452 1829 1489 peccatis,

1055 1500 1103 1528 vel
1126 1500 1231 1528 saltem
1255 1499 1408 1534 dolorem,
1425 1499 1496 1536 quia
1519 1507 1581 1527 non
1605 1498 1706 1527 dolet:
1726 1501 1758 1527 ut
1777 1507 1831 1536 per

1055 1547 1109 1575 ista
1133 1547 1193 1574 duo
1215 1548 1317 1575 contra
1338 1546 1398 1574 duo
1419 1545 1576 1582 praedicta,
1592 1545 1691 1574 anima
1705 1548 1831 1582 purgata

1055 1598 1206 1632 recuperet
1219 1596 1282 1630 jam
1298 1594 1451 1630 quondam
1462 1593 1542 1630 quod
1560 1595 1622 1621 erat
1632 1592 1830 1628 deperditum,

1056 1644 1083 1669 et
1095 1642 1149 1669 sibi
1166 1641 1348 1677 quandoque
1363 1640 1456 1668 multo
1472 1639 1614 1676 amplius,
1631 1647 1719 1675 quam
1734 1642 1830 1674 antea,

1056 1689 1186 1725 idipsum
1200 1689 1386 1716 restauretur.
1404 1687 1460 1715 Sed
1474 1687 1496 1714 si
1512 1686 1600 1715 etiam
1615 1686 1752 1714 dolorem
1770 1694 1831 1714 non

1055 1736 1163 1772 poterit
1181 1735 1283 1771 quoad
1297 1734 1431 1763 effectum
1457 1733 1617 1769 consequi,
1632 1741 1686 1769 per
1708 1741 1742 1761 ea
1767 1741 1832 1769 quae

1057 1782 1136 1810 dicta
1150 1784 1231 1816 sunt,
1249 1782 1278 1809 in
1294 1781 1426 1818 qualibet
1440 1782 1526 1808 nocte
1549 1779 1695 1807 succincte
1718 1779 1775 1807 hoc
1790 1781 1832 1808 te-

1058 1832 1139 1863 neat,
1156 1828 1239 1865 quod
1255 1828 1366 1856 dictum
1390 1829 1451 1856 est:
1468 1835 1540 1863 quia
1560 1826 1688 1855 Creatori
1708 1826 1831 1862 sufficit,

1058 1876 1180 1913 quando
1204 1876 1296 1904 homo
1319 1875 1387 1903 fecit
1408 1874 1491 1911 quod
1514 1874 1545 1902 in
1571 1882 1600 1901 se
1629 1875 1687 1907 est,
1702 1881 1757 1901 nec
1771 1882 1833 1902 non

1058 1923 1120 1959 ipse
1136 1922 1276 1951 Dominus
1286 1943 1295 1956 ‚
1310 1922 1353 1950 rei
1368 1921 1478 1949 exitum
1501 1922 1676 1956 expectans,
1695 1919 1832 1956 quando-

1059 1978 1116 2006 que
1132 1978 1162 1997 se
1186 1968 1347 2003 subtrahit,
1364 1970 1395 1996 ut
1417 1970 1445 1996 et
1467 1967 1522 1995 ista
1544 1966 1674 2002 faciens,
1697 1967 1833 1995 dolorem

1059 2016 1176 2044 nullum
1191 2016 1229 2044 ad
1245 2014 1479 2043 consolationem
1493 2013 1641 2048 inveniat,
1654 2015 1687 2041 ut
1702 2013 1765 2049 ejus
1782 2021 1834 2049 pa-

1060 2063 1159 2091 tientia
1184 2062 1222 2090 ad
1248 2064 1364 2098 tempus
1390 2068 1444 2097 per
1471 2060 1604 2088 divinam
1629 2060 1833 2088 sustinentiam

1061 2109 1282 2146 comprobetur,
1298 2109 1326 2136 et
1339 2110 1372 2135 ut
1395 2107 1451 2135 sibi
1471 2109 1574 2143 postea
1589 2106 1716 2142 amplior
1729 2114 1835 2134 conso-

1060 2156 1145 2191 latio,
1162 2158 1189 2183 et
1204 2155 1241 2183 de
1256 2154 1383 2191 peccatis
1399 2153 1534 2181 contritio
1550 2153 1689 2180 divinitus
1704 2153 1834 2180 confera-

1061 2206 1115 2231 tur.

1096 2249 1152 2277 Sed
1178 2249 1247 2284 quia
1273 2256 1339 2284 quae
1365 2247 1505 2283 praedicta
1527 2249 1615 2281 sunt,
1630 2254 1691 2275 non
1713 2248 1837 2282 possunt

1061 2296 1123 2324 fieri
1139 2295 1200 2323 sine
1215 2294 1308 2330 gratia
1323 2294 1465 2330 speciali,
1487 2293 1619 2330 sequitur
1638 2293 1675 2321 de
1696 2293 1835 2329 impetra-

1062 2343 1140 2371 tione
1169 2341 1269 2377 gratiae
1296 2349 1350 2377 per
1377 2340 1503 2368 modum
1532 2339 1655 2374 orandi,
1680 2341 1769 2375 prout
1796 2339 1836 2367 ad

1063 2389 1141 2417 viam
1168 2388 1356 2424 purgativam
1383 2387 1517 2422 pertinet.
1543 2387 1622 2414 Sicut
1645 2386 1724 2414 enim
1747 2386 1835 2414 oculo

1062 2435 1212 2472 corporis,
1227 2435 1274 2462 vel
1297 2434 1445 2466 sensuali,
1462 2434 1498 2461 de
1511 2433 1728 2468 joculatoribus
1743 2433 1773 2460 in
1786 2441 1835 2460 cu-

1062 2483 1112 2510 riis
1122 2483 1293 2516 magnatum
1305 2481 1443 2514 cernitur,
1456 2479 1538 2516 quod
1549 2479 1698 2515 cupientes
1711 2478 1835 2514 aliquod

1062 2528 1224 2565 temporale
1239 2528 1432 2556 commodum
1447 2527 1607 2563 aprincipe
1623 2525 1835 2554 inconfusibili-

1063 2578 1105 2604 ter
1122 2575 1273 2609 obtinere‚
1293 2575 1391 2611 primo
1414 2574 1512 2610 ipsum
1532 2572 1732 2608 multipliciter
1753 2580 1834 2600 com-

1063 2622 1220 2656 mendant,
1231 2621 1339 2650 deinde
1352 2621 1435 2657 quod
1449 2619 1606 2649 intendunt
1620 2619 1676 2647 sibi
1687 2618 1837 2654 postulant

1065 2668 1245 2702 condonari,
1261 2668 1302 2696 sic
1322 2670 1349 2696 et
1372 2675 1468 2696 novus
1488 2665 1636 2702 joculator
1656 2665 1834 2702 spiritualis,

1840 578 1890 594 cere
1908 572 1948 594 de-

1840 603 1885 626 bet.
