2004 3037
70 483 95 503 ln
101 482 164 509 quin-

55 519 98 540 que
105 515 164 535 Deus

56 547 90 566 est
106 551 164 566 oom-

55 577 161 598 mendan-

55 608 105 629 dus.

757 219 846 252 CAP.
869 219 893 251 Ι.
918 218 1141 252 PARTICULA
1163 219 1202 251 Π.
1769 227 1786 255 7

178 288 327 318 mundum
348 289 536 325 deceptorem
558 286 740 324 despiciens,
762 286 851 315 debet
874 287 956 315 ordi-

177 337 244 364 nate
257 334 429 372 procedere.
448 335 521 363 Cum
539 333 620 362 enim
643 334 718 362 Deus
740 333 770 361 in
794 341 825 361 se
849 333 885 361 sit
908 333 954 361 in-

177 382 390 416 nominabilis,
413 381 512 419 ipsum
533 383 634 410 tamen
659 382 689 410 in
713 381 773 410 suis
797 381 952 410 effectibus

178 430 381 462 nominamus,
393 430 420 456 et
431 436 485 464 per
498 428 580 465 ipsos
594 429 686 465 ipsius
700 428 953 464 magnificentiam

179 475 394 504 collaudamus.
423 475 519 504 Primo
547 475 646 511 enim,
677 475 841 503 secuudum
870 475 954 512 quod

178 522 240 560 ipse
255 524 297 551 est
311 522 408 551 omnis
423 525 578 558 creaturae,
594 524 655 550 tam
670 522 845 558 corporalis,
861 530 953 558 quam

177 569 352 606 spiritualis,
368 569 548 606 principium
570 571 597 597 et
621 569 715 605 origo.
740 569 877 597 Secundo
899 568 954 596 ali-

178 615 354 653 quantulum
369 616 541 650 sublimius,
557 618 645 653 prout
659 624 689 644 se
712 616 802 644 habet
821 615 860 644 ad
882 623 952 643 con-

177 662 352 699 templantes
366 663 395 690 in
412 662 527 698 gloria,
543 662 653 691 scilicet
673 665 785 690 mentes
802 662 953 697 angelicas

177 711 205 737 et
219 709 376 744 humanas,
385 711 412 737 et
426 709 490 746 ipsa
500 709 747 745 contemplatione
757 718 817 737 sufe
829 709 864 745 (ιι)
876 709 953 736 indi-

177 756 272 784 cibilis
295 756 534 793 pulchritudinis,
560 764 650 792 quam
680 756 782 784 vident
800 756 874 784 sicut
899 758 951 790 est,

176 803 364 840 beatificans,
380 804 418 832 ab
435 804 507 841 ipsis
525 811 646 832 omnem
664 803 821 831 eliminans
843 806 953 839 egesta-

175 853 245 880 tem.
256 851 351 880 Tertio
366 851 463 880 adhuc
478 851 530 879 iste
544 851 716 886 sublimius,
732 853 821 887 prout
835 850 874 878 asl
888 859 952 878 om·

176 907 228 926 nes
248 900 396 927 creaturas
417 906 447 926 se
466 898 575 933 habet,
598 898 706 934 quibus
727 897 789 934 ipse
809 899 952 933 tanquam

176 945 335 974 altissimus
356 945 497 981 imperat,
513 946 541 973 et
563 952 668 972 omnes
689 946 749 972 tam
772 944 951 980 rationales,

175 1000 268 1028 quam
283 991 482 1026 irrationales,
496 1000 557 1019 suae
572 991 779 1027 obtemperant
794 991 949 1027 majestati.

175 1039 305 1072 Quarto,
328 1040 461 1075 respectu
486 1037 678 1066 nobilissimae
704 1040 860 1073 creaturae,
885 1046 951 1074 quae

175 1086 218 1113 est
231 1085 322 1113 homo
338 1094 344 1113 :
362 1086 390 1112 et
403 1084 500 1121 primo
519 1086 655 1121 respectu
671 1093 790 1118 eorum,
813 1085 863 1121 qui
884 1088 952 1114 sunt

175 1131 204 1160 in
217 1131 372 1166 charitate,
386 1131 594 1159 famulantium
609 1139 664 1158 suo
680 1131 823 1166 Creatori,
841 1132 871 1159 in
893 1132 951 1160 hoc

175 1178 259 1215 quod
273 1178 363 1214 ipsis,
379 1178 477 1207 adhuc
498 1178 674 1214 degentibus
695 1178 726 1205 in
745 1178 800 1206 hae
821 1178 881 1206 vita
895 1179 951 1206 mi-

175 1225 272 1259 seriae,
288 1226 489 1262 superpositus
504 1227 586 1253 Pater
599 1225 759 1261 suppositis
776 1225 843 1252 filiis
858 1225 951 1253 multa

176 1273 263 1301 xenia
285 1272 468 1300 internarum
483 1271 737 1306 consolationum,
756 1272 848 1300 veluti
871 1280 951 1308 quae-

175 1319 246 1347 dam
260 1319 363 1347 futurae
378 1319 488 1347 divinae
503 1318 710 1353 beatitudinis,
727 1318 788 1346 sive
803 1318 951 1346 beatifica-

174 1366 278 1401 tionis,
295 1365 422 1400 indicia,
437 1365 609 1394 hominibus
625 1365 709 1401 quasi
731 1365 856 1393 nihilum
875 1365 950 1393 exis-

174 1413 312 1447 tentibus,
336 1412 427 1440 veluti
451 1412 520 1440 filiis
539 1412 678 1440 Altissimi
698 1412 733 1448 (b)
749 1412 949 1446 praeostendit.

174 1459 280 1493 Quinto
298 1461 325 1487 et
338 1459 460 1493 ultimo,
477 1461 613 1495 respect-1
629 1459 814 1486 existentium
835 1459 865 1486 in
884 1467 951 1494 pec-

175 1505 259 1540 catis,
278 1505 403 1542 quibus,
419 1505 450 1532 in
472 1505 719 1541 quantiscumque
738 1506 864 1540 peccatis
886 1505 951 1532 diu-

174 1552 231 1580 tius
246 1560 300 1579 sua
322 1552 434 1579 scelera
456 1552 638 1587 protelantes
657 1551 813 1585 extiterint,
830 1552 950 1587 pulsan-

174 1597 252 1626 tibus
267 1598 307 1626 ad
323 1598 448 1634 januam
465 1598 573 1626 divinae
595 1598 727 1634 pietatis,
748 1597 828 1633 ipsos
848 1598 950 1625 divina

175 1645 331 1673 clementia
353 1645 385 1672 in
407 1645 505 1672 sinum
528 1653 588 1672 suae
606 1644 754 1672 charitatis
776 1644 948 1680 recolliget3

175 1694 202 1720 et
213 1692 386 1728 perpetratis
398 1692 525 1728 peccatis
539 1691 769 1719 misericorditer
790 1691 830 1719 sic
851 1691 951 1719 indul-

175 1741 237 1774 get,
252 1742 286 1768 ut
299 1739 404 1775 saepius
419 1739 457 1766 ab
472 1739 537 1775 ipso
549 1759 557 1772 ,
573 1746 662 1774 quem
678 1738 718 1766 sic
740 1738 949 1766 abominabili-

174 1788 219 1814 ter
233 1786 435 1819 offenderunt,
451 1785 634 1821 quandoque
657 1785 725 1821 plus
749 1793 840 1821 quam
864 1786 950 1813 inno-

175 1835 286 1866 centes,
299 1832 440 1860 uberiora
454 1834 482 1861 et
495 1832 670 1868 pretiosiora
684 1832 829 1859 beneficia
844 1832 951 1867 illapsa

175 1879 288 1908 coelitus
303 1881 532 1915 consequantur.
555 1880 586 1906 ln
603 1879 649 1906 his
673 1878 752 1906 enim
776 1879 877 1906 divina
898 1879 950 1906 bo-

174 1927 250 1954 nitas
273 1934 309 1954 ex
334 1925 521 1963 primordiali
543 1925 710 1953 diffusionis
733 1925 833 1960 gratiae
855 1925 950 1952 mani-

174 1973 326 2001 festatione
341 1981 434 2009 usque
448 1973 487 2000 ad
501 1973 585 2000 saeces
600 1972 786 2000 existentium
802 1972 831 1999 in
846 1980 950 2007 pecca-

176 2020 211 2047 tis
246 2020 418 2047 ostenditur.
449 2021 481 2046 Et
507 2019 570 2046 hzec
604 2019 736 2055 quinque
764 2019 893 2046 breviter
921 2019 951 2046 in

177 2065 309 2102 quinque
336 2065 382 2092 his
410 2065 565 2092 vocabulis
591 2065 783 2092 includuntur
805 2087 814 2100 ,
843 2065 952 2093 scilicet

176 2115 282 2148 Bonus,
306 2113 540 2147 pulcherrimus,
557 2113 708 2146 Dominus,
726 2112 831 2145 Dulcis,
847 2112 951 2139 Miseri-

176 2170 251 2190 cors.
270 2163 300 2190 Et
318 2162 477 2197 postquam
491 2160 521 2187 in
538 2160 583 2187 his
599 2160 825 2187 commendatus
845 2159 950 2194 fuerit,

175 2208 252 2236 illud
281 2207 365 2243 quod
390 2206 532 2241 intendit,
552 2206 717 2242 plenariam
746 2205 951 2233 remissionem

177 2255 213 2283 de
228 2254 401 2291 perpetratis
422 2253 581 2281 sceleribus
598 2261 699 2280 secure
722 2252 828 2288 poterit
848 2254 950 2288 postu-

175 2301 246 2329 lare.
277 2303 330 2329 lste
359 2301 438 2328 enim
464 2299 571 2327 modus
595 2299 766 2335 postulandi
793 2301 820 2326 et
846 2299 951 2326 orandi

176 2348 334 2382 edocetur,
352 2347 404 2375 ubi
420 2355 545 2382 sponsus
561 2346 630 2374 dicit
645 2354 760 2381 sponsae
777 2348 784 2363 ¹
804 2356 810 2373 :
831 2347 887 2373 1³0ae
903 2350 952 2373 tua

176 2395 278 2429 dulcis,
295 2397 320 2421 et
333 2395 415 2426 facies
432 2396 480 2420 tua
495 2393 609 2425 decora,
626 2392 747 2427 scilicet,
763 2401 816 2428 per
831 2393 951 2420 interio-

176 2449 240 2468 rem
264 2440 492 2476 purgationem,
520 2439 765 2467 obtenebrantem
794 2440 951 2474 caliginem

1009 287 1216 322 canticorum,
1232 289 1260 316 et
1281 287 1312 315 in
1335 290 1449 317 tantum
1463 297 1481 318 a
1503 292 1586 326 parte
1607 291 1733 326 animae,
1757 295 1789 320 ut

1009 334 1262 371 quandocumque
1288 342 1373 362 mens
1397 335 1436 364 ad
1464 337 1555 364 Deum
1581 345 1612 366 se
1637 338 1741 374 erigit,
1756 338 1787 367 in

1008 379 1079 416 ipsis
1093 381 1247 409 vocabulis
1261 381 1426 409 involutam
1439 382 1629 412 dulcedInem
1644 384 1786 419 inveniat,

1008 435 1046 455 ne
1074 436 1128 464 per
1154 429 1348 465 multiloquas
1376 431 1580 459 enarrationes
1591 453 1599 466 ,
1615 433 1644 459 et
1669 432 1786 460 vocales

1008 475 1205 510 prolationes,
1221 476 1338 504 animus
1361 475 1392 503 in
1412 478 1491 505 tanto
1508 478 1660 515 colloquio
1676 487 1785 513 evage-

1008 523 1065 554 tur,
1080 521 1132 549 sed
1146 521 1177 549 in
1192 522 1236 550 his
1252 522 1377 557 illectus,
1389 523 1439 550 ,νεὶ
1455 523 1591 558 allectus,
1606 526 1682 553 intra
1696 533 1726 553 se
1742 527 1786 554 to-

1008 568 1103 595 taliter
1117 568 1271 596 aduuetur.
1286 569 1330 597 Sic
1346 577 1418 604 ergo
1433 569 1520 604 dicat,
1537 571 1654 606 quoties
1668 572 1784 607 poterit,

1007 615 1055 642 vel
1071 615 1163 643 modo
1183 616 1240 644 hoc
1256 615 1300 644 isti
1317 616 1464 644 consimili
1481 625 1488 644 z
1505 618 1583 644 Bone
1594 638 1604 651 ,
1625 618 1785 647 Pulcherri-

1007 669 1056 689 me
1071 662 1204 694 Domine,
1220 662 1331 697 dulcis,
1347 663 1530 699 misericors,
1544 664 1682 693 miserere
1697 665 1785 701 hujus

1007 708 1185 744 peccatoris,
1201 717 1292 745 quem
1313 709 1463 737 redemisti
1488 711 1632 746 sanguine
1649 713 1700 739 tuo
1715 719 1782 748 pre-

1007 754 1092 782 tioso.
1119 757 1149 783 ln
1170 755 1228 783 hoc
1251 756 1348 784 solum
1369 756 1523 784 attendens
1536 778 1544 791 ,
1563 758 1647 793 quod
1667 757 1723 785 sibi
1747 758 1785 786 de

1007 801 1093 829 malis
1115 802 1288 838 perpetratis
1309 805 1411 839 parcat
1431 803 1586 832 clementia
1607 804 1784 839 salvatoris,

1007 856 1068 876 non
1096 849 1179 885 quod
1206 850 1237 877 in
1266 850 1401 886 quolibet
1433 851 1595 879 verborum
1624 851 1785 880 includitur

1006 895 1133 924 theorice
1160 896 1365 932 speculando,
1387 897 1440 924 secl
1465 897 1622 926 affectuose
1648 898 1783 933 orando,

1006 945 1100 978 potest
1115 943 1165 971 illa
1183 943 1232 970 vel
1252 943 1417 971 consimilia
1437 944 1553 979 dicere,
1570 946 1660 980 prout
1683 944 1784 972 dicens

1006 989 1122 1017 noverit
1135 989 1282 1025 majorem
1301 990 1488 1018 affectionem
1509 990 1541 1018 in
1560 990 1637 1025 istis,
1654 990 1700 1018 vel
1714 999 1784 1018 con-

1006 1036 1167 1071 similibus,
1182 1037 1322 1073 reperire.

1041 1083 1097 1111 Sed
1111 1083 1151 1111 ad
1169 1084 1226 1111 hoc
1245 1085 1278 1111 ut
1296 1091 1380 1111 mens
1398 1083 1537 1111 desiderii
1553 1084 1783 1120 completionem

1007 1130 1147 1164 obtineat,
1159 1138 1276 1158 necesse
1290 1131 1332 1157 est
1346 1130 1441 1166 ipsam
1455 1130 1587 1158 divinam
1598 1131 1784 1159 influentiam

1006 1175 1129 1211 imitari,
1146 1178 1179 1204 ut
1192 1177 1267 1204 sicut
1284 1176 1348 1212 ipse
1366 1176 1416 1204 Sol
1429 1176 1589 1212 spiritualis
1604 1177 1784 1206 Hierusalem

1006 1223 1130 1251 civitatis
1145 1231 1296 1258 supernoe,
1311 1225 1456 1259 quantum
1471 1225 1512 1251 est
1527 1223 1564 1251 de
1584 1231 1630 1258 se,
1646 1223 1743 1252 bonos
1758 1227 1785 1252 et

1007 1270 1102 1297 malos
1116 1269 1208 1297 radiis
1219 1269 1359 1297 bonitatis
1374 1278 1434 1297 suoe
1448 1269 1583 1304 illustrat,
1599 1270 1640 1298 sic
1650 1279 1712 1298 non
1723 1273 1785 1299 tan-

1007 1319 1069 1345 tum
1084 1325 1138 1353 pro
1153 1316 1342 1353 propinquis,
1354 1316 1406 1345 sed
1420 1324 1476 1352 pro
1492 1317 1632 1345 omnibus
1642 1317 1710 1352 illis,
1721 1319 1785 1354 qui-

1007 1372 1135 1400 cumque
1157 1365 1224 1391 sunt
1242 1363 1418 1391 beatissimae
1439 1364 1582 1392 Trinitatis
1596 1364 1724 1399 imagine
1739 1365 1784 1393 in-

1007 1411 1120 1446 signiti,
1144 1411 1211 1438 totis
1234 1411 1395 1438 visceribus
1424 1411 1598 1447 deprecetur
1625 1412 1706 1440 illius
1726 1412 1785 1440 cle-

1006 1458 1148 1485 mentiam
1169 1457 1342 1492 SalvatoriS,
1358 1459 1404 1491 ut,
1421 1458 1495 1485 sicut
1509 1465 1613 1486 omnes
1628 1459 1738 1486 creavit
1758 1462 1786 1487 et

1007 1512 1110 1533 omnes
1130 1504 1270 1538 redemit,
1287 1504 1327 1532 ita
1342 1505 1482 1532 omnibus
1497 1505 1663 1533 indistincte
1679 1506 1784 1541 digne-

1006 1553 1052 1578 tur
1066 1551 1298 1578 misericorditer
1318 1551 1486 1579 subvenire.
1504 1554 1536 1579 Et
1549 1552 1580 1579 in
1593 1552 1650 1580 hoc
1665 1552 1780 1581 irrefra-

1007 1597 1142 1633 gabiliter
1161 1597 1244 1625 citius
1265 1597 1399 1625 divinam
1418 1599 1652 1627 misericordiam
1670 1606 1782 1635 provo-

1006 1643 1098 1678 cabit,
1128 1643 1175 1672 vel
1203 1644 1363 1679 obtinebit,
1396 1645 1426 1672 in
1455 1647 1599 1681 quantum
1626 1645 1783 1674 hominum

1006 1691 1149 1719 Creatoris
1163 1692 1387 1726 universorum,
1409 1694 1437 1719 et
1456 1692 1591 1719 omnium
1612 1693 1783 1720 mortalium

1007 1738 1211 1774 Redemptoris
1233 1739 1357 1773 vestigia
1381 1738 1487 1774 (suam
1507 1739 1678 1766 charitatem
1698 1747 1786 1775 super

1007 1793 1111 1814 omnes
1128 1785 1269 1813 latissime
1294 1785 1508 1821 diffundentis)
1533 1785 1620 1813 fuerit
1640 1786 1784 1820 imitatus,

1006 1832 1063 1860 nisi
1078 1831 1260 1867 quandoque
1276 1831 1314 1859 ad
1329 1831 1435 1859 horam
1454 1840 1509 1867 pro
1529 1840 1575 1865 se,
1592 1834 1620 1859 et
1639 1840 1693 1867 pro
1709 1832 1784 1865 aliis,

1007 1878 1207 1913 singularibus
1223 1878 1407 1906 orationibus
1418 1880 1583 1906 coarctetur
1594 1879 1707 1914 petitio,
1720 1878 1786 1906 licet

1006 1933 1124 1961 semper
1136 1925 1261 1953 charitas
1277 1924 1386 1952 habeat
1401 1933 1429 1952 se
1446 1925 1631 1958 diffundere,
1647 1925 1786 1952 eumdem

1008 1972 1202 2000 affectuosum
1221 1972 1362 2006 modum,
1379 1980 1468 2008 quem
1487 1981 1542 2008 pro
1557 1981 1602 2006 se,
1624 1972 1712 2000 etiam
1731 1981 1786 2008 pro

1008 2019 1146 2047 omnibus
1167 2027 1308 2053 exorans,
1332 2019 1475 2046 sollicitus
1496 2019 1620 2054 alleget,
1642 2021 1787 2054 quantum

1008 2069 1050 2094 est
1075 2067 1112 2094 de
1138 2066 1264 2094 modulo
1293 2075 1351 2093 suze
1373 2066 1544 2101 parvitatis,
1567 2066 1608 2092 sic
1636 2065 1784 2093 dicendo:

1008 2115 1099 2146 Bone,
1116 2113 1253 2147 Domine,
1273 2113 1487 2148 pulcherrime,
1508 2112 1603 2139 dulcis
1624 2114 1651 2139 et
1674 2112 1786 2139 miseri-

1008 2167 1084 2194 cors,
1100 2159 1239 2186 miserere
1255 2159 1389 2186 omnium
1401 2160 1603 2194 peccatorum,
1617 2167 1693 2194 quos
1703 2158 1787 2185 rede-

1008 2206 1084 2233 misti
1095 2206 1223 2241 pretioso
1235 2205 1377 2240 sanguine
1388 2208 1448 2233 tuo.
1459 2207 1491 2232 Et
1501 2207 1584 2239 tunc,
1597 2205 1627 2232 in
1639 2207 1785 2241 quantum

1007 2253 1130 2288 poterit,
1148 2252 1256 2279 habeat
1277 2252 1362 2279 istam
1382 2251 1641 2286 imaginationem,
1662 2251 1784 2287 quando

1008 2299 1099 2327 dicit:
1120 2299 1267 2332 Miserere,
1288 2301 1320 2325 ut
1339 2300 1416 2325 totus
1437 2298 1566 2325 mundus
1585 2306 1639 2325 suo
1655 2298 1783 2325 Creatori

1008 2346 1174 2379 inclinetur,
1198 2354 1250 2381 per
1273 2353 1377 2372 verum
1403 2345 1515 2372 cultum
1541 2347 1567 2372 et
1589 2344 1784 2372 reverentiam

1009 2392 1201 2427 condignam.

1044 2439 1099 2466 Sed
1115 2439 1185 2474 quia
1199 2445 1282 2465 mens
1297 2438 1397 2465 omnia
1411 2437 1465 2464 ista
1480 2445 1541 2464 non
1556 2439 1651 2473 potest
1665 2445 1724 2472 prae
1739 2437 1782 2464 ni-

1825 2435 1905 2454 Sim'ff-

1771 2478 1774 2480 -
1817 2466 1853 2485 tud
1865 2472 1890 2486 ne

1008 2487 1068 2513 mia
1088 2486 1257 2513 carnalitate
1277 2488 1303 2512 et
1322 2484 1522 2515 vertibilitate,
1542 2486 1631 2519 prout
1647 2487 1720 2511 esset
1735 2493 1784 2511 vx—
1806 2497 1899 2516 (ἐρωῇ,

1007 2533 1140 2568 pedicns,
1156 2532 1325 2568 impetrare,
1338 2534 1453 2567 oportet
1468 2531 1550 2567 quod
1565 2531 1603 2559 ad
1617 2531 1707 2558 instar
1719 2531 1785 2559 illo·
1799 2530 1843 2578 gf
1856 2534 1906 2579 {³an

1007 2587 1075 2607 rum
1095 2579 1147 2615 qui
1161 2579 1272 2606 hahent
1292 2578 1417 2614 aliquod
1434 2586 1578 2613 magnum
1593 2579 1623 2605 in
1637 2578 1724 2606 curiae
1739 2587 1784 2607 re-
1799 2595 1891 2609 micam

1799 2620 1845 2640 ιΙυΞ.

178 2487 368 2523 expellendo,
386 2489 413 2514 et
426 2494 485 2513 vox
501 2485 610 2520 dulcis,
623 2487 654 2513 ut
669 2486 699 2512 in
715 2486 848 2521 quolibet
858 2486 951 2513 verbo

178 2541 304 2570 sponsus
320 2535 445 2560 aeternus
460 2532 490 2560 in
505 2532 606 2568 aliquo
622 2532 785 2568 specialiter
800 2540 951 2560 commen-

179 2580 273 2607 detur.
289 2581 321 2607 Et
331 2580 375 2607 hae
390 2579 509 2615 proprie
525 2578 738 2614 appellationes
753 2581 820 2606 sunt
834 2579 952 2607 Cantica

212 2642 244 2671 (α)
257 2642 316 2665 Coer.
326 2642 386 2665 edit.
401 2648 454 2665 sua.
467 2640 618 2671 —(b)E<11·t.
641 2641 693 2664 l'al.
712 2640 864 2670 Altissiuius3
889 2640 950 2665 elit.

184 2677 240 2699 Veri.
254 2678 277 2699 ee
292 2677 378 2707 βαφὴ,
396 2676 534 2700 ΑΙῑίεείωίε.
1042 2678 1048 2693 ¹
1063 2677 1144 2706 Cant.,
1166 2683 1194 2706 11,
1213 2678 1250 2700 tl.
