2004 3037
299 220 359 251 356

298 293 377 314 suam
387 285 475 321 ponat
487 284 550 320 quis
560 289 612 319 pro
626 282 722 310 amieis
733 281 792 311 suis
805 280 826 310 ¹.
842 282 1021 311 consuetum
1035 281 1079 310 est

297 331 330 360 in
342 330 485 367 Ecclesia,
501 329 586 368 quod
597 329 630 358 in
649 335 762 365 magna
775 328 963 358 solemnitate
973 328 1077 366 pulsa·

296 380 345 407 tur
353 378 452 415 major
461 385 628 415 campana:
644 376 685 405 ita
699 377 727 404 et
739 375 772 404 in
784 375 858 405 festo
868 375 1079 413 Apostolorum

295 426 456 455 recitantur
469 424 623 461 magnalia.
631 423 794 456 charitatis,
808 432 876 461 quae
890 426 934 453 est
946 423 1079 452 maxima

296 472 456 508 virtutum,
473 475 502 501 et
521 471 687 500 secundum
705 471 765 500 hoc
780 469 812 499 in
827 471 928 499 verbis
941 470 1004 500 istis
1017 470 1078 499 Sal-

296 521 383 549 vator
400 519 432 548 in
445 519 568 548 laudem
581 518 670 555 hujus
685 517 812 554 apostoli
831 517 922 546 nobis
935 517 1079 555 proponit

297 566 335 596 de
351 566 492 595 charitate
509 566 587 601 duo,
601 565 731 594 scilicet:
751 564 901 594 charitatis
916 564 1078 601 gaudium,

296 613 381 650 quod
398 621 462 642 non
478 615 576 650 potest
593 612 681 641 altius
701 619 780 647 esse,
800 611 923 641 dicens:
946 612 1077 647 Maiorem

295 660 345 688 hac
367 660 536 689 dilectionem
555 667 630 688 nemo
654 659 732 688 habet
739 669 748 695 ;
775 658 926 688 charitatis
946 659 1076 694 signum,

295 707 380 744 quod
396 715 459 736 non
479 708 576 744 potest
593 706 699 735 certius
713 714 791 741 esse,
806 705 940 735 addens:
966 707 1000 734 Ut
1015 707 1078 733 ani-

294 762 365 783 mam
384 762 461 782 suam
472 756 559 790 ponat
572 755 635 789 quis
648 761 699 790 pro
714 755 811 782 amicis
824 755 892 782 suis.
907 752 1006 781 Primo
1021 752 1077 788 igi-

294 803 341 830 tur
355 801 515 836 dehemus,
533 800 669 836 exemplo
681 800 772 836 hujus
786 799 927 837 apostoli,
943 799 1077 828 dilectio-

293 848 340 876 nis
354 848 465 884 gradus
479 848 651 883 ascendere,
665 855 765 884 quaere
779 847 812 875 in
825 846 951 875 materia
965 846 998 874 de
1009 847 1078 875 Cha-

293 896 405 931 ritate2,
420 897 449 923 et
463 895 568 924 Acedia
577 895 588 913 ³
601 902 655 930 per
669 893 861 922 contrarium.
872 893 1009 922 Secundo
1025 892 1077 921 de·

293 942 401 971 bemus
414 942 534 978 signum
555 941 723 970 dilectionis
742 939 914 976 ostendere,
930 947 1030 977 quoere
1045 940 1076 968 in

293 989 419 1019 materia
438 990 472 1018 de
492 989 632 1018 charitate
646 989 667 1024 ⁴,
691 989 720 1017 et
737 988 843 1016 Acedia
855 988 866 1005 ⁸
890 995 944 1024 per
961 988 1078 1016 contra-

293 1036 382 1066 rium.

489 1072 553 1097 item
571 1071 602 1096 de
620 1071 718 1096 eisdem
736 1070 874 1102 Apostolis.

329 1133 422 1160 Estote
428 1131 577 1167 prudentes
587 1131 659 1158 sicut
667 1132 816 1166 serpentes,
827 1131 852 1157 et
861 1130 998 1165 simplices
1007 1131 1079 1157 sicut

290 1179 415 1207 columboe
434 1178 454 1206 Β.
479 1177 559 1206 Miles
579 1177 667 1205 debet
691 1185 754 1205 esse
777 1176 925 1213 praecipuc
946 1177 1077 1204 armatus

292 1227 395 1254 contra
409 1225 460 1253 illa
474 1225 543 1259 tela,
553 1224 664 1261 quibus
679 1223 769 1251 utitur
783 1223 931 1251 inimicus.
949 1225 981 1251 Et
995 1222 1076 1258 ideo,

292 1273 364 1309 quia
379 1272 511 1301 mundus
525 1271 616 1299 habet
636 1271 697 1298 duo
713 1270 771 1298 tela
785 1270 952 1307 proecipua‚
967 1269 1079 1297 seilicet

291 1319 525 1348 fraudulentiam
545 1320 573 1346 ct
591 1317 781 1352 violentiam,
797 1317 868 1354 quia.
881 1325 934 1353 per
953 1316 1076 1344 fraudu-

292 1366 414 1395 lentiam
437 1365 562 1402 decipit,
576 1373 631 1402 per
645 1364 820 1392 violentiam
835 1364 977 1400 opprimit
982 1373 991 1399 3
1008 1363 1077 1392 ideo

293 1413 428 1442 Salvator
443 1413 474 1441 in
495 1413 541 1440 his
556 1411 656 1440 verbis
677 1414 773 1440 armat
793 1411 902 1439 milites
921 1419 991 1439 suos
1008 1418 1077 1446 spe·

294 1459 406 1488 cialiter
421 1459 541 1488 duobus
556 1458 657 1493 armis,
672 1458 795 1486 scilicet:
813 1457 982 1494 serpentina
996 1464 1080 1492 saga-

295 1508 397 1542 citate,
422 1509 526 1535 contra
549 1505 656 1534 mundi
684 1505 932 1538 fraudulentiam,
957 1504 1077 1533 dicens:

295 1556 387 1583 Estote
400 1555 547 1590 prudentes
559 1556 629 1581 sicut
644 1556 792 1588 serpentem
814 1552 988 1580 columbina
1011 1552 1080 1580 sim—

295 1602 440 1639 plicitate,
454 1604 557 1630 contra
572 1600 677 1629 mundi
691 1599 877 1634 violentiam,
894 1599 1027 1627 addens:
1044 1600 1080 1626 Ee

296 1649 430 1685 simplices
454 1650 524 1676 sicut
545 1648 683 1675 columble.
705 1647 802 1675 Primo
823 1647 913 1682 igitur
935 1646 1080 1674 debemus

297 1696 426 1730 habere,
450 1694 588 1731 exemplo
609 1694 697 1730 hujus
723 1693 867 1729 apostoli,
890 1693 1081 1730 prudentiam

298 1742 513 1779 serpentinam,
536 1749 633 1777 quaerc
656 1741 687 1768 in
710 1739 834 1768 materia
848 1740 880 1767 <Ie
896 1741 1080 1774 P1·udenlo'a⁷;

299 1790 431 1818 secundo
456 1789 601 1816 debemus
624 1787 736 1814 habere
757 1786 912 1814 militatem
933 1786 1081 1814 columbi·

300 1844 385 1871 nam,
410 1843 510 1872 quaerc
533 1835 564 1862 in
586 1834 710 1862 materia
734 1833 765 1861 de
786 1833 998 1861 Mansuetudiue
1012 1833 1034 1868 ⁸,
1055 1836 1083 1862 et

301 1885 347 1912 Ira
357 1884 377 1919 ¹³,
392 1891 446 1919 pcr
459 1881 651 1911 eontrarium.

543 1963 578 1986 Do
597 1961 693 1985 eisdem
711 1960 847 1991 Apostolis.

341 2028 407 2055 Ecce
417 2034 463 2061 eqo
474 2026 553 2052 mitto
566 2031 611 2051 vos
623 2025 694 2051 sicut
709 2030 767 2050 oves
778 2023 808 2048 in
819 2021 906 2048 medio
919 2023 1041 2057 luporum
1054 2022 1082 2050 ¹⁰.

306 2072 463 2102 Consucvit
484 2070 617 2107 luparius
638 2070 710 2105 lupo
733 2076 882 2104 exponere
905 2076 1033 2104 agnum,
1054 2071 1087 2097 ut

307 2129 375 2149 cuin
390 2127 467 2155 agno
483 2117 579 2154 capiat
592 2117 709 2152 lupum.
724 2116 779 2143 lsto
794 2115 887 2143 modo
902 2123 982 2143 novo
998 2124 1085 2144 vcna-

307 2168 395 2197 tionis
414 2175 484 2195 usus
507 2168 549 2194 est
568 2164 711 2198 Christus,
728 2163 779 2199 qui
798 2163 982 2199 principibus
1000 2171 1085 2191 inun-

308 2215 394 2243 danis
408 2213 542 2249 exposuit
558 2211 725 2247 apostolos,
739 2212 766 2237 ct
780 2217 834 2245 per
846 2210 998 2245 apostolos
1011 2211 1088 2247 cepit

308 2261 456 2297 principes
470 2262 498 2288 et
512 2267 595 2293 reges
610 2257 788 2285 mundanos
806 2258 837 2283 Et
852 2257 1015 2284 secundum
1030 2258 1088 2286 hoc

309 2308 339 2335 in
354 2307 445 2334 verbo
461 2306 514 2333 isto
531 2305 570 2332 ad
590 2304 711 2331 laudeni
733 2303 820 2337 hujus
840 2303 965 2338 apostoli
982 2305 1088 2332 descri-

309 2354 352 2382 bit
365 2353 436 2387 duo,
449 2352 575 2379 scilicet:
591 2350 724 2377 dix-inam
738 2349 955 2384 auctoritatem,
972 2350 1087 2379 dicens:

309 2402 374 2428 Ecce
393 2408 438 2434 σξιο
456 2400 535 2425 ιιιὶίίο
556 2406 616 2431 vos3
637 2396 757 2423 ovinam
781 2395 1010 2431 simplicitatem,
1036 2397 1089 2425 ad-

311 2448 399 2475 dens:
414 2446 492 2473 Sicut
506 2453 564 2472 oves
581 2446 609 2471 in
624 2443 711 2470 medio
729 2444 863 2477 luporum.
880 2443 976 2471 Primo
990 2444 1087 2479 igitur,

345 2544 449 2573 ¹J01111.,
473 2546 516 2569 xv,
545 2541 581 2564 13.
600 2552 630 2557 ·——
652 2539 660 2552 ²
680 2539 752 2569 Sup,
777 2538 813 2562 tit.
839 2544 863 2569 v,
886 2547 908 2562 e.
933 2545 966 2570 11,
989 2547 1013 2570 p.
1034 2543 1088 2565 itus,

312 2593 341 2598 -
363 2579 373 2595 ³
388 2579 437 2602 Tit.
454 2584 470 2608 ι,
496 2584 518 2600 e.
537 2581 590 2603 vii,
616 2582 639 2605 p.
669 2576 723 2598 2131.
744 2587 774 2591 —
796 2573 805 2589 ¹·
831 2575 861 2598 Ut
890 2582 957 2605 sup„
980 2583 1005 2606 p.
1034 2579 1088 2601 21³3,

312 2629 342 2634 —
362 2616 372 2632 ὓ
393 2615 424 2639 Ut
443 2620 512 2644 sup..
531 2619 555 2642 p.
575 2613 628 2635 2:31.
646 2623 670 2627 —-
695 2611 704 2623 ὃ
726 2610 825 2638 Manli..
844 2616 874 2637 Χ,
898 2613 933 2634 16.
951 2625 977 2628 -
995 2612 1002 2625 ⁷
1017 2613 1088 2641 Sug»,

314 2655 349 2675 ιιι.
373 2657 396 2677 v.
422 2658 444 2674 c.
470 2655 494 2678 v,
517 2656 540 2679 p.
566 2648 661 2670 ;οι].-
682 2646 691 2661 ⁵
710 2646 756 2669 Tit,
779 2652 822 2676 vii,
847 2654 869 2669 c.
892 2652 923 2675 ιι,
947 2654 971 2677 p.
990 2649 1044 2670 αι’,Δ
1061 2662 1090 2666 -

313 2690 322 2701 ⁹
335 2687 383 2712 Tit.
400 2693 423 2718 1,
443 2694 464 2710 c.
481 2691 505 2715 v,
524 2691 549 2715 p.
566 2684 620 2708 25¹1.
637 2696 667 2700 -—
682 2683 701 2699 ⁷⁰
716 2681 817 2711 Marta„
835 2688 863 2712 x,
883 2684 918 2706 ιδ.
936 2695 964 2700 -
986 2684 1000 2699 ¹¹
1018 2687 1090 2715 sup„

823 212 1026 246 APPENDIX
1045 211 1190 246 mAETAE
1208 211 1387 246 SALU’ris.

1133 281 1263 318 apostoli
1272 281 1392 310 fuerunt
1403 281 1487 310 missi
1500 281 1542 310 ad
1552 281 1777 318 praedicandum
1785 281 1836 311 Dei
1843 282 1912 311 ver-

1133 327 1223 364 bum,
1243 337 1342 365 quaere
1362 329 1394 357 in
1409 328 1534 358 materia
1547 329 1581 358 de
1597 328 1795 358 Proeawenone
1806 329 1843 363 ¹¹;
1861 336 1910 358 se-

1134 375 1245 411 cundo,
1255 375 1374 404 suerunt
1384 374 1466 404 missi
1476 375 1516 404 ad
1524 374 1737 404 aedificandum
1748 383 1804 413 per
1812 383 1911 404 exem-

1133 421 1230 458 plum,
1245 430 1344 459 quaere
1357 423 1389 451 in
1403 422 1528 451 materia
1545 423 1578 451 de
1591 423 1730 458 Religione
1743 423 1777 451 ¹².
1790 423 1912 460 Propter

1132 468 1265 505 primum
1284 471 1328 498 est
1348 470 1554 506 apostolorum
1570 469 1698 506 dignitas
1716 468 1911 504 honoranda,

1134 523 1234 552 quaere
1244 516 1275 544 in
1285 517 1409 546 materia
1419 517 1452 545 de
1460 517 1625 545 Humilitate
1634 516 1656 534 ¹³
1662 525 1672 553 3
1679 517 1802 553 propter
1807 523 1912 545 semm-

1134 562 1224 598 dum,
1239 566 1282 592 est
1299 571 1405 592 eorum
1418 563 1569 592 humilitas
1587 562 1748 598 imitanda,
1762 561 1912 600 praecipue

1134 612 1280 647 quantum
1292 611 1333 639 ad
1345 612 1562 648 paupertatem,
1578 610 1792 644 obedientiam,
1803 611 1833 639 et
1845 608 1913 638 cha-

1133 657 1266 694 ritatem,
1283 667 1383 695 quaere
1400 659 1433 687 in
1453 659 1579 687 materia
1598 658 1632 687 de
1650 659 1817 694 Paupertate
1832 658 1865 693 ²⁶,
1884 658 1914 686 et

1135 705 1274 734 Charitate
1290 706 1322 741 ¹⁵,
1343 707 1372 734 et
1389 705 1550 734 obedientia
1564 706 1596 734 ¹⁸.

1369 786 1407 811 De
1423 785 1523 812 eisdem
1539 786 1678 818 apostolis.

1169 847 1226 874 Hoc
1239 849 1278 875 est
1293 850 1459 883 proeceptum
1472 855 1573 880 meum,
1592 849 1625 875 ut
1644 847 1771 882 diligatis
1783 849 1912 882 invicem,

1131 894 1203 921 sicut
1217 893 1306 921 dilexi
1324 901 1370 922 uos
1386 894 1417 922 ¹⁷.
1439 893 1599 922 consuevit
1619 893 1770 929 magister,
1788 892 1912 930 quando

1133 939 1198 968 vult
1214 940 1365 969 scholares
1386 941 1464 969 bene
1480 940 1624 969 instruere
1635 961 1642 974 ,
1663 940 1803 977 exempla
1820 940 1913 969 sensi—

1132 986 1206 1016 bilia
1220 987 1251 1015 in
1261 987 1388 1016 lectione
1399 995 1580 1025 proponere,
1590 989 1624 1016 ut
1633 987 1784 1016 scholares
1798 987 1914 1024 possint

1132 1033 1248 1063 facilius
1266 1035 1401 1063 retinere.
1418 1037 1450 1063 Et
1467 1034 1537 1063 ideo
1554 1033 1689 1063 Salvator
1704 1034 1806 1070 legens
1825 1033 1913 1063 scho-

1132 1080 1246 1110 laribus
1261 1081 1337 1117 suis,
1359 1081 1390 1110 id
1405 1084 1457 1117 est,
1473 1081 1630 1118 apostolis,
1644 1081 1802 1110 lectionem
1817 1081 1913 1110 chari-

1133 1128 1209 1163 tatis,
1220 1129 1362 1165 proponit
1373 1129 1503 1165 seipsum
1515 1131 1659 1165 tanquam
1672 1128 1845 1165 exemplum
1855 1127 1913 1157 lec-

1133 1175 1233 1204 tionis.
1247 1178 1280 1205 Et
1289 1176 1453 1204 secundum
1465 1176 1522 1204 hoc
1534 1175 1672 1211 charitas,
1683 1183 1750 1212 quae
1760 1174 1815 1204 fuit
1825 1175 1913 1205 lectio

1133 1223 1355 1259 apostolorum,
1380 1223 1557 1252 describitur
1577 1223 1626 1251 hic
1648 1223 1814 1260 tripliciter,
1837 1222 1914 1252 scili—

1134 1272 1196 1298 cet:
1217 1272 1251 1298 ut
1273 1269 1449 1298 mandatum
1471 1270 1756 1306 intransgressibile,
1780 1278 1848 1299 cum
1868 1270 1914 1299 di-

1135 1316 1229 1345 citur:
1255 1317 1310 1344 Hoc
1333 1321 1371 1345 est
1392 1320 1557 1353 praeceptum
1575 1325 1677 1350 meum3
1706 1319 1739 1345 ut
1761 1317 1915 1346 vinculum

1135 1363 1353 1398 indissolubile,
1365 1356 1433 1392 cuin
1448 1363 1583 1392 additur:
1601 1365 1633 1392 Ut
1645 1365 1773 1400 diliyatis
1784 1366 1912 1400 inuicem

1135 1413 1169 1439 ut
1183 1411 1355 1448 exemplum
1379 1411 1584 1448 intelligibile,
1607 1420 1676 1440 cum
1694 1411 1820 1440 dicitur:
1839 1413 1916 1441 Sicut

1135 1458 1225 1487 dilexi
1246 1467 1301 1487 vos.
1327 1458 1425 1487 Primo
1453 1459 1543 1495 igitur
1568 1458 1714 1487 debemus
1742 1459 1915 1488 charitatem

1136 1505 1212 1534 sicut
1225 1508 1405 1542 praeceptum
1419 1513 1553 1541 servare,
1575 1514 1674 1542 quaere
1693 1506 1725 1534 in
1746 1506 1870 1535 materia
1883 1506 1917 1535 de

1136 1554 1282 1588 Praeceptis
1298 1554 1329 1579 ¹⁸.
1345 1552 1482 1581 Secundo
1497 1553 1643 1582 debemus
1657 1553 1829 1582 charitatem
1843 1553 1918 1582 sicut

1137 1600 1290 1628 vinculum
1309 1600 1438 1635 nodare,
1458 1608 1557 1637 quaere
1575 1600 1607 1629 in
1625 1600 1750 1629 materia
1766 1601 1799 1629 de
1819 1601 1917 1629 Chari-

1139 1651 1195 1676 tate
1211 1647 1239 1675 ¹⁹.
1255 1647 1350 1676 Tertio
1370 1647 1516 1676 debemus
1532 1647 1706 1676 charitatem
1720 1647 1824 1676 Christi
1843 1647 1918 1677 sicut

1138 1695 1306 1731 exemplum
1324 1694 1464 1731 palpare,
1481 1702 1580 1731 quaere
1594 1695 1626 1723 in
1640 1695 1765 1724 materia
1778 1695 1811 1723 de
1825 1695 1918 1724 charc-

1192 1751 1196 1758 .
1211 1742 1231 1759 2⁰

1139 1744 1195 1769 tate
1234 1761 1240 1767 ⁶
1407 1778 1443 1802 De
1460 1783 1512 1801 uno
1529 1777 1650 1809 Martyre.

1175 1836 1267 1863 Justus
1285 1837 1316 1863 ut
1334 1836 1428 1871 palma
1445 1837 1549 1870 florebit
1561 1835 1592 1865 ²¹.
1607 1837 1766 1866 consuevit
1786 1838 1917 1874 agricola

1140 1882 1263 1911 arbores
1277 1890 1437 1919 generosas
1451 1883 1573 1919 eligere,
1587 1885 1620 1913 ut
1634 1892 1684 1913 eas
1701 1886 1795 1921 possit
1817 1886 1849 1914 in
1863 1894 1918 1916 suo

1140 1930 1268 1965 virgulto
1296 1930 1450 1966 plantarc;
1475 1931 1517 1959 sic
1547 1931 1689 1960 Dominus
1712 1934 1812 1961 noster
1838 1934 1920 1962 Jesus

1141 1977 1270 2005 Christus
1285 1977 1373 2013 elegit
1388 1977 1510 2006 arbores
1524 1978 1725 2008 nobilissimas
1744 1980 1776 2008 in
1789 1980 1919 2016 virgulto

1142 2024 1273 2060 paradisi
1299 2024 1494 2060 plantandas:
1522 2025 1598 2054 inter
1622 2034 1697 2062 quas
1720 2026 1809 2063 elegit
1830 2027 1921 2063 hujus

1143 2071 1305 2100 venerandi
1332 2073 1470 2108 martyris
1497 2072 1666 2108 victoriam,
1691 2073 1766 2102 sicut
1788 2074 1920 2110 palmam

1143 2118 1324 2147 fructuosam
1353 2122 1382 2148 et
1409 2120 1585 2156 speciosam.
1611 2121 1645 2149 Et
1671 2121 1837 2150 secundum
1862 2122 1921 2151 hoc

1144 2168 1258 2202 martyr
1282 2166 1335 2194 iste
1359 2166 1506 2201 gloriosus
1529 2167 1561 2195 in
1582 2167 1636 2196 isto
1657 2168 1750 2197 verbo
1772 2169 1922 2206 tripliciter

1145 2212 1383 2246 commendatur,
1397 2213 1522 2241 scilicet:
1540 2216 1572 2241 ut
1581 2214 1678 2249 justus
1692 2215 1723 2242 in
1737 2223 1838 2252 opere,
1853 2224 1922 2244 cum

1146 2259 1271 2287 dicitur:
1296 2260 1404 2294 Justus3
1430 2262 1461 2287 ut
1481 2259 1563 2288 fortis
1582 2261 1613 2288 in
1633 2261 1836 2297 tribulatione,
1853 2270 1922 2291 cum

1147 2305 1279 2334 additur:
1298 2307 1329 2332 [t
1344 2307 1452 2340 palma,·
1465 2308 1496 2334 ut
1509 2307 1632 2342 pulcher
1646 2307 1677 2335 in
1688 2309 1922 2344 conversatione,

1148 2360 1216 2380 cum
1237 2352 1392 2380 subditur:
1412 2354 1537 2381 Flet-obit.
1555 2354 1651 2382 Primo
1670 2354 1758 2390 igitur
1779 2355 1923 2385 debemus

1147 2399 1286 2435 exemplo
1306 2399 1394 2435 huJus
1418 2400 1556 2436 martyris
1574 2400 1685 2429 habere
1702 2401 1821 2436 justitiae
1838 2403 1923 2431 recti-

1147 2447 1295 2481 tudinem,
1317 2454 1415 2482 quaere
1435 2447 1466 2474 in
1489 2447 1613 2475 materia
1637 2447 1669 2475 de
1689 2449 1803 2477 Iustitia
1816 2448 1854 2486 ²²3
1877 2458 1922 2479 se-

1149 2508 1174 2530 in
1195 2507 1312 2537 procem„
1333 2513 1355 2531 c.
1379 2513 1401 2537 1,
1422 2514 1447 2538 p.
1466 2508 1519 2531 258.
1533 2521 1564 2525 -
1584 2507 1601 2523 ¹²
1618 2508 1665 2533 Tit.
1685 2514 1721 2540 ιν,
1741 2516 1763 2533 c.
1787 2515 1806 2541 1,
1824 2517 1848 2541 p.
1867 2512 1921 2535 283.

1148 2557 1179 2561 —
1198 2543 1278 2567 ¹³'1'it.
1296 2549 1340 2574 xii,
1356 2550 1380 2567 c.
1396 2548 1413 2573 ι,
1429 2550 1455 2574 p.
1471 2544 1525 2567 31¹.
1540 2557 1571 2561 —
1587 2544 1603 2557 ¹¹
1618 2544 1667 2569 Tit.
1683 2550 1718 2575 iv,
1734 2552 1756 2569 c.
1773 2551 1811 2577 ιιι,
1826 2553 1851 2577 p.
1868 2547 1921 2571 ΞΗ.

1147 2592 1178 2598 -
1194 2578 1216 2595 ¹⁶
1229 2579 1276 2603 Tit.
1298 2585 1322 2608 v,
1341 2586 1362 2603 c.
1383 2585 1451 2610 11,p.
1469 2581 1523 2604 293.
1536 2593 1568 2597 -
1584 2581 1603 2597 ¹⁶
1618 2581 1667 2605 Tit.
1690 2587 1724 2611 iv,
1740 2589 1762 2605 c.
1778 2587 1807 2612 11,
1824 2589 1849 2613 p.
1867 2583 1922 2606 285.

1149 2628 1179 2632 —
1204 2615 1221 2631 ¹⁷
1235 2616 1316 2641 lemn..
1332 2621 1374 2643 xv,
1400 2617 1437 2639 12.
1454 2629 1480 2632 —
1499 2616 1516 2629 '⁸
1540 2618 1613 2647 sup„
1634 2617 1672 2640 tit.
1697 2622 1737 2648 ιιι,
1759 2624 1784 2648 p.
1807 2619 1922 2642 275-282.

1149 2663 1179 2668 ——-
1200 2651 1216 2667 '⁹
1238 2651 1285 2675 Tit.
1311 2657 1334 2680 v,
1359 2658 1381 2675 c.
1405 2657 1437 2680 ιι,
1460 2658 1484 2681 p.
1508 2653 1561 2675 293.
1584 2665 1614 2670 —
1637 2652 1659 2670 20
1681 2652 1743 2677 ibid.
1764 2666 1794 2672 —
1815 2653 1832 2668 ²¹
1854 2653 1922 2678 Psal.

1150 2692 1202 2716 xm,
1219 2687 1256 2711 ¹3.
1274 2700 1299 2704 -
1319 2688 1340 2704 ³³
1353 2689 1426 2718 sup„
1442 2687 1481 2711 tit.
1496 2693 1521 2718 v,
1535 2694 1557 2712 e.
1575 2693 1630 2719 viu,
1646 2695 1671 2719 p.
1687 2690 1742 2714 303.
