2004 3037
239 258 299 291 Aah

239 332 314 355 rere.
330 322 514 353 Manifestum
532 321 575 349 est
588 322 689 350 autem
709 320 901 357 antiquorum
921 327 1020 348 exem·

239 372 292 409 pla
313 371 464 407 gestorum
482 367 572 397 valde
589 366 782 396 aedificatoria
796 374 876 402 esse,
897 365 1020 403 quando

239 417 348 448 fuerint
367 416 505 445 decenter
523 415 660 450 inducta,
681 416 710 443 et
730 413 807 442 inter
825 420 911 442 sacra
927 411 1021 440 verba

241 465 438 501 congruenter
451 463 560 492 inserta
568 471 578 498 ς
599 461 751 498 siquidem
764 462 793 489 et
806 461 920 488 castum
933 458 1020 487 timo-

239 520 305 541 rem
322 510 485 546 incutiunt,
508 511 537 538 et
561 510 696 538 sanetum
718 507 853 536 alliciunt
873 505 913 535 ad
937 513 1021 534 amo-

240 567 315 595 rem,
331 558 405 586 dum
418 556 451 586 id
466 556 551 594 quod
563 555 678 584 homini
689 554 801 584 factum
813 554 903 582 fuisse
916 560 1020 582 narra-

240 607 304 642 tur,
320 605 413 633 homo
428 604 547 632 sibimet
561 611 650 640 posse
665 602 730 631 fieri
748 601 881 630 similiter
899 600 1021 628 arbitra—

240 655 299 689 tur,
317 653 379 681 sive
395 651 517 689 speciali
535 650 630 688 gratia
647 652 746 678 actum
762 648 851 677 fuerit
868 655 937 676 cum
955 646 1020 683 qui-

239 700 379 735 busdam,
397 700 457 728 sive
474 707 542 727 cum
558 697 624 727 aliis
636 696 778 726 suadibili
794 695 943 729 doctrina,
958 694 1019 723 sive

241 749 328 778 etiam
353 747 475 776 terribili
499 744 664 782 disciplina.
691 742 872 772 Intellectum
899 741 1021 777 insuper

239 795 370 826 hominis
379 794 501 823 faciliter
511 792 667 826 instruunt,
679 792 707 819 et
720 789 920 825 cognitionem
934 795 1021 824 gene-

239 846 306 873 rant
315 842 492 880 planiorem,
502 840 573 877 quia
583 847 650 867 cum
660 838 737 866 facta
743 835 973 873 praecedentium
983 834 1019 870 (a)

240 890 436 920 memorativa.
452 887 672 921 describuntur,
693 884 779 921 quasi
798 883 939 920 quaedam
953 889 1020 910 sen-

241 938 342 966 sibiles
355 935 468 973 species
482 934 513 962 in
528 932 672 962 auditoris
686 930 877 966 imaginativa
890 929 1020 966 pingun-

241 987 304 1019 tur,
318 992 384 1020 quae
399 983 461 1011 sine
481 980 652 1009 difficultate
667 979 707 1007 ad
720 978 902 1006 intellectum
917 978 1022 1012 postea

240 1030 494 1061 transfunduntur.
503 1025 699 1064 Apprehensis
705 1033 826 1062 quoque
832 1023 1021 1052 mirabilibus

240 1077 470 1116 praecedentium
487 1075 578 1109 factis,
591 1075 703 1110 quanto
721 1072 889 1100 auditorem
905 1071 941 1107 (b)
954 1078 1022 1098 con-

241 1126 326 1162 tingit
342 1124 456 1153 fortiori
480 1121 677 1151 admiratione
702 1119 830 1156 percuti,
853 1120 935 1146 tanto
960 1118 1022 1153 ejus

242 1172 386 1202 memorIa
405 1172 517 1199 certum
543 1170 586 1197 est
604 1167 735 1196 tenacius
754 1165 897 1201 insigniri.
918 1165 1022 1200 Sicque

243 1220 342 1249 minus
357 1219 414 1247 cito
436 1217 558 1254 poterit,
573 1215 657 1252 quod
675 1213 762 1243 avide
778 1213 912 1241 auditum
927 1213 955 1239 ct
967 1219 1021 1239 va-

242 1268 302 1296 lide
318 1267 495 1302 impressum
514 1262 618 1296 tuerit,
634 1261 671 1289 de
694 1262 757 1297 ipsa
779 1259 808 1288 vi
827 1258 1023 1287 memorativa

243 1314 344 1343 deleri.
355 1312 429 1347 Quia
437 1319 520 1346 vero,
535 1312 567 1338 ut
578 1309 619 1337 ait
626 1309 730 1336 beatus
740 1307 930 1342 Augustinus,
940 1313 1024 1334 sacra

243 1362 391 1398 Scriptura
403 1366 493 1396 supra
503 1356 639 1386 omnium
651 1355 783 1391 gentium
798 1353 909 1381 litteras
922 1353 1024 1381 omnia

243 1408 299 1437 sibi
328 1414 438 1443 genera
466 1403 655 1440 ingeniorum
688 1402 889 1430 humanorum
921 1399 1023 1428 divina

244 1455 390 1485 excellens
405 1451 575 1481 auctoritate
591 1449 728 1485 subjecit,
743 1448 775 1476 in
789 1447 870 1476 omni
885 1446 983 1476 solida
997 1448 1025 1474 et

244 1500 449 1532 indubitabilis
463 1499 571 1527 veritas
586 1497 760 1525 continetur.
777 1495 906 1530 ideoque
924 1501 1024 1522 exem·

244 1550 296 1587 pla
319 1556 385 1585 quae
408 1546 587 1575 hauriuntur
608 1544 639 1572 in
660 1543 730 1577 illa,
756 1550 792 1571 eo
817 1541 938 1577 majoris
959 1542 1027 1568 sunt

244 1596 387 1634 ponderis
401 1596 429 1623 et
451 1592 563 1621 valoris
576 1611 586 1627 ,
597 1599 658 1628 quo
672 1589 841 1618 sublimiori
855 1587 1025 1617 auctoritate

246 1645 273 1672 et
296 1641 412 1671 certiori
435 1640 556 1669 veritate
581 1639 723 1667 nituntur.
748 1636 829 1665 Unde
850 1635 1027 1672 praedicator

246 1692 338 1719 verba
353 1688 508 1725 Scriptura}
526 1693 616 1714 sacrfe
635 1683 815 1713 enucleatius
829 1681 1026 1718 exponendo,

247 1741 274 1766 ct
288 1735 461 1766 testimoniis
482 1734 511 1762 in
525 1735 667 1761 aztcrnum
682 1730 812 1758 fundatis
826 1728 953 1763 utendo,
969 1736 1026 1764 po·

247 1787 300 1813 test
320 1790 438 1812 morose
455 1788 623 1809 sermonem
642 1778 730 1807 tutius
746 1777 880 1810 dilatare,
897 1782 989 1811 quam
1005 1771 1028 1801 si

246 1832 340 1861 verba
366 1829 580 1865 cvjuscumque
607 1824 726 1853 alterius
749 1822 878 1851 historiae
899 1823 1028 1858 pertrac-

246 1880 329 1908 taret.
345 1876 488 1905 Plurimas
507 1873 595 1909 igitur
610 1871 747 1900 utilitates
767 1869 804 1898 de
820 1867 1029 1904 exemplorum

247 1927 278 1955 in
294 1932 378 1954 sacra
392 1922 540 1958 Scriptura
553 1920 760 1948 contentorum
772 1915 940 1944 narratione
954 1914 1029 1942 veri-

249 1973 315 2002 dica
341 1969 548 2008 provenientes
576 1964 765 2003 perpendens
776 1985 785 1999 ,
814 1963 854 1992 ad
882 1961 1030 1991 honorem

623 2061 654 2094 A

250 2166 289 2193 De
304 2159 485 2192 Abstinentia
500 2159 528 2186 et
542 2155 709 2189 sobrietate,
725 2161 790 2190 cap.
807 2159 935 2181 Lxxxvn.

250 2213 288 2239 De
301 2208 475 2244 Acccptione
490 2210 665 2236 muncrum,
682 2208 746 2236 cap.
763 2207 860 2228 Lxxvi.

251 2259 290 2285 De
306 2254 413 2284 Acedia
422 2252 469 2280 vel
484 2249 677 2285 negligentia,
694 2256 759 2283 cap.
779 2253 868 2275 cxvn.

251 2303 337 2338 Quod
352 2297 602 2337 acquiescendum
617 2298 658 2324 est
672 2294 761 2323 bonis
776 2292 916 2327 consiliis,
931 2297 1025 2319 c.1.V1.

251 2353 290 2379 De
305 2347 482 2378 Adoratione
498 2347 525 2373 et
539 2344 619 2372 cultu
634 2342 699 2376 Dei,
716 2349 779 2377 cap.
797 2347 855 2368 ui.

251 2398 290 2425 De
305 2392 496 2426 Adulationc,
511 2398 575 2426 cap.
593 2395 670 2416 Lxlx.

252 2445 290 2471 De
305 2440 448 2477 AEquitate
468 2440 495 2466 ct
506 2435 632 2472 justitia,
649 2441 714 2469 cap.
730 2440 786 2461 ux.

252 2492 291 2518 De
306 2488 417 2517 Ass'ectu
431 2484 555 2519 carnali,
572 2490 636 2518 cap.
653 2488 729 2509 xciv.

253 2539 291 2565 De
305 2534 433 2571 Agendis
447 2531 547 2568 gratiis
561 2537 616 2566 pro
632 2526 783 2557 beneficiis
798 2525 858 2559 Dei,
869 2531 935 2560 cap.
948 2529 1026 2551 inu.

254 2586 292 2612 De
307 2581 449 2616 Amicitia,
462 2587 527 2615 cap.
544 2585 619 2606 xrvr.

256 2633 294 2658 De
309 2628 475 2658 Ambitione
489 2622 668 2662 praelationis
679 2643 688 2657 ,
703 2629 767 2658 cap.
783 2627 840 2649 cni.

256 2680 294 2705 De
309 2675 427 2711 Angelis
440 2673 545 2706 bonis,
561 2676 708 2706 capam.

288 2730 319 2759 (a)
327 2729 387 2753 Coet.
397 2726 456 2751 cdzt.
467 2723 679 2756 praecedentia-
689 2720 721 2751 (b)
733 2721 791 2744 [lem
803 2718 956 2749 adjutorem.

718 251 851 284 BlBLlA
872 250 1102 283 PAUPERUM.
1125 249 1348 282 PRAEFATIO.

1077 318 1128 347 Dei
1151 320 1180 347 et
1204 317 1365 355 aliqualem
1391 316 1600 354 proximorum
1625 315 1851 346 aedificationem

1077 365 1215 402 exempla
1236 365 1268 393 in
1289 363 1380 393 variis
1401 363 1476 392 locis
1497 371 1588 392 sacrm
1613 362 1768 400 Scripturas
1789 362 1850 392 dis-

1075 419 1180 448 persa,
1203 411 1327 440 faciliter
1349 410 1557 446 breviterque,
1580 409 1745 438 secundum
1769 410 1852 447 quod

1076 458 1200 487 tenuitas
1213 457 1395 495 paupertatis
1412 465 1486 485 meae
1505 456 1625 485 valebat
1638 456 1772 492 excipere
1782 476 1791 492 ,
1805 455 1852 485 la-

1075 505 1193 534 boravi.
1209 506 1313 534 Nullus
1333 507 1433 534 autem
1450 505 1491 533 ita
1513 512 1561 532 me
1584 506 1851 541 praesumptuosum

1077 552 1235 588 existimet,
1249 554 1282 580 ut
1296 554 1400 589 putem
1413 551 1461 580 hie
1476 552 1582 580 cuncta
1594 550 1686 587 ipsius
1699 550 1853 587 Seripturae

1076 600 1213 636 exempla
1229 599 1376 627 notabilia
1390 601 1552 627 coarctasse
1568 607 1575 625 :
1597 598 1659 626 scio
1674 598 1755 626 enim
1769 597 1853 634 quod

1077 647 1159 675 tanta
1171 648 1213 675 est
1234 646 1459 674 christianarum
1478 645 1642 673 litterarum
1654 644 1852 681 profunditas,

1076 695 1108 722 ut
1119 696 1182 722 non
1191 693 1285 730 possit
1295 692 1398 729 paucis
1409 691 1614 720 voluminibus
1626 690 1850 728 comprehendi.

1076 741 1184 774 Quare,
1206 739 1230 767 si
1253 735 1333 767 dicat
1351 738 1459 773 lector,
1478 738 1562 775 quod
1582 738 1622 767 ad
1641 738 1734 772 hanc,
1749 738 1798 766 vel
1812 738 1852 766 ad

1075 786 1160 815 illam
1184 785 1359 819 materiam,
1379 785 1436 813 tale
1459 785 1508 813 vel
1529 784 1588 814 tale
1611 784 1782 821 exemplum
1804 784 1852 814 hic

1077 833 1220 862 omissum
1242 833 1385 870 potuisset
1410 832 1520 861 adduci
1545 841 1553 860 :
1580 832 1630 861 vel
1657 832 1747 861 etiam
1769 833 1852 869 quod

1076 880 1152 916 tale,
1176 879 1225 908 vel
1248 880 1305 908 tale
1327 880 1376 908 hic
1397 879 1600 916 propositum,
1624 879 1663 907 ad
1685 878 1745 907 alia
1767 878 1853 915 plura

1077 927 1287 963 congruentius
1323 926 1475 955 debuisset
1507 926 1601 963 aptari
1612 935 1620 961 ;
1650 926 1722 954 nolo
1756 925 1854 954 verbis

1078 974 1275 1009 contendere,
1294 981 1349 1002 nec
1368 973 1393 1002 ei
1417 973 1618 1002 contradicere
1639 972 1671 1000 in
1690 972 1746 1001 hac
1759 975 1853 1009 parte.

1077 1022 1138 1050 1100
1160 1021 1259 1049 solum
1281 1021 1354 1049 mihi
1378 1020 1523 1055 sufficiat,
1547 1019 1631 1056 quod
1653 1019 1690 1048 de
1713 1019 1801 1048 bonis
1826 1022 1855 1048 et

1077 1068 1260 1097 notabilibus
1274 1067 1418 1104 exemplis
1437 1066 1539 1103 ailqua
1557 1066 1641 1094 utilia
1654 1069 1721 1094 sunt
1734 1066 1783 1094 hic
1796 1066 1853 1094 sub

1078 1115 1162 1144 brevi
1182 1114 1320 1143 facilitate
1341 1114 1497 1150 descripta.
1519 1114 1629 1142 Rursus
1649 1113 1757 1148 etiam,
1783 1113 1854 1150 quia

1078 1169 1296 1199 nonnunquam
1319 1169 1413 1189 unum
1434 1160 1514 1188 valet
1533 1160 1635 1188 induci
1657 1160 1698 1188 ad
1721 1160 1853 1188 diversas

1078 1209 1219 1238 virtutum
1243 1209 1294 1236 aut
1313 1207 1453 1236 vitiorum
1476 1206 1630 1242 materias,
1652 1214 1714 1235 nou
1733 1206 1854 1235 miretur

1079 1255 1203 1292 aliquis,
1217 1255 1265 1283 vel
1279 1255 1431 1289 turbetur,
1446 1253 1470 1282 si
1490 1253 1640 1282 interdum
1660 1253 1716 1281 sub
1731 1252 1855 1281 diversis

1078 1302 1169 1331 titulis
1196 1302 1277 1330 idem
1304 1301 1414 1330 iactum
1438 1300 1486 1329 vel
1515 1299 1687 1336 exemplum
1712 1299 1857 1328 invenerit

1080 1350 1271 1384 collocatum,
1284 1348 1367 1377 verbi
1380 1347 1482 1384 gratia,
1495 1347 1617 1384 quando
1628 1348 1763 1375 narratur
1773 1346 1856 1383 quod

1080 1397 1187 1433 ,loseph
1210 1396 1329 1433 procaci
1355 1394 1473 1423 mulieri
1498 1394 1597 1431 ipsum
1619 1393 1786 1421 sollicitanti
1807 1400 1855 1422 ac-

1081 1444 1232 1480 quiescere
1255 1442 1415 1477 recusavit,
1441 1449 1614 1478 quanquam
1638 1440 1748 1468 factum
1771 1439 1857 1469 fuerit

1081 1499 1187 1525 unum,
1205 1492 1302 1527 potest
1320 1492 1418 1518 tamen
1441 1488 1511 1517 inde
1526 1488 1603 1516 sumi
1617 1486 1787 1524 exemplum
1801 1495 1856 1524 pro

1081 1538 1210 1566 castitate
1230 1537 1399 1571 inventum,
1415 1538 1443 1564 et
1459 1544 1514 1572 pro
1528 1535 1668 1563 fidelitate
1685 1542 1856 1570 servorum3

1081 1585 1166 1620 item,
1183 1586 1286 1613 contra
1297 1583 1421 1612 nimiam
1438 1582 1638 1611 credulitatem
1654 1581 1856 1615 dominorum,

1083 1634 1111 1661 et
1126 1633 1228 1660 contra
1247 1631 1378 1660 fallacias
1398 1629 1557 1658 mulierum
1568 1639 1576 1664 ;
1594 1629 1664 1657 item
1684 1628 1721 1657 de
1736 1628 1858 1657 occultis

1080 1679 1199 1715 judiciis
1218 1680 1246 1706 et
1265 1676 1453 1714 providentia
1472 1675 1537 1711 Dei,
1558 1676 1609 1711 qui
1629 1684 1665 1703 ex
1685 1675 1857 1710 hujusmodi

1083 1725 1239 1754 occasione
1249 1724 1347 1760 ipsum
1360 1722 1468 1758 Joseph
1481 1721 1702 1757 inopinabiliter
1717 1721 1858 1749 sublima-

1083 1773 1134 1800 vit.
1151 1774 1259 1806 Porro,
1282 1771 1353 1807 quia
1373 1769 1508 1797 brevitati
1530 1768 1640 1802 studui,
1656 1776 1775 1796 sensum
1795 1768 1858 1804 ple-

1083 1826 1210 1854 rumque
1231 1817 1335 1854 posui,
1351 1824 1413 1844 non
1427 1816 1491 1852 ipsa
1508 1815 1615 1850 verba,
1630 1817 1719 1851 prout
1734 1815 1764 1843 in
1778 1816 1858 1843 textu

1085 1866 1208 1894 omnino
1219 1864 1369 1900 iacebant.
1380 1864 1414 1891 Ut
1429 1864 1527 1890 autem
1542 1861 1678 1898 exempla
1691 1861 1806 1898 possint
1819 1860 1859 1890 ci-

1085 1913 1140 1941 tius
1146 1911 1298 1948 proposito
1307 1909 1509 1947 praedicatoris
1517 1917 1681 1944 occurrere,
1688 1908 1786 1945 titulos
1792 1908 1858 1937 sub-

1085 1958 1234 1996 sequentis
1243 1957 1381 1994 Opusculi
1391 1957 1421 1986 in
1432 1958 1496 1994 ipso
1505 1956 1573 1985 libri
1583 1955 1678 1993 capite
1685 1955 1856 1992 praenotavi.

1084 2056 1123 2082 De
1137 2053 1256 2089 Angelis
1270 2052 1375 2087 maiis,
1391 2060 1456 2088 cap.
1472 2059 1521 2080 Lu.

1083 2102 1123 2129 De
1137 2099 1248 2128 Animae
1263 2099 1499 2133 immortalitate,
1514 2105 1579 2134 cap.
1594 2104 1695 2126 xxxin.

1084 2148 1122 2176 De
1137 2146 1376 2184 Apparitionibus
1394 2145 1477 2175 factis
1491 2144 1620 2181 antiquis
1633 2143 1778 2181 patribus,
1794 2150 1858 2180 cap.

1118 2202 1190 2222 xxx.

1083 2242 1122 2268 De
1136 2242 1262 2276 Aspectu
1276 2240 1412 2275 incauto,
1427 2247 1493 2276 cap.
1509 2246 1578 2268 xcii.

1084 2289 1122 2316 De
1135 2287 1245 2316 Astutia
1260 2290 1287 2316 et
1302 2286 1471 2321 calliditate,
1488 2294 1553 2322 cap.
1570 2293 1627 2315 mv.

1084 2334 1170 2369 Quod
1184 2336 1259 2362 Deus
1272 2333 1399 2362 Attendit
1412 2333 1480 2369 plus
1504 2332 1544 2361 ad
1563 2332 1752 2368 operantem,
1769 2337 1860 2365 quam

1121 2381 1160 2409 ad
1175 2389 1266 2417 opus,
1283 2389 1348 2416 cap.
1364 2389 1416 2409 xu.

1086 2430 1124 2456 De
1137 2427 1294 2456 Audiendo
1308 2427 1435 2456 verbum
1450 2427 1517 2463 Dei,
1533 2434 1599 2462 cap.
1615 2432 1695 2453 xxix.

1085 2478 1123 2504 De
1138 2474 1282 2510 Avaritia,
1298 2482 1362 2511 cap.
1379 2482 1479 2503 Lxxm.

1087 2524 1124 2552 De
1139 2521 1281 2551 Aviditate
1294 2521 1469 2557 mulierum,
1483 2528 1548 2557 cap.
1565 2526 1673 2547 cxxvn.

1462 2596 1489 2629 Β

1086 2665 1124 2691 De
1140 2662 1220 2691 Bello
1235 2662 1403 2698 temporali,
1415 2668 1481 2697 cap
1496 2667 1605 2688 Lxxxn.
1736 2679 1738 2681 .
1785 2678 1792 2681 ν

1087 2711 1124 2738 De
1137 2709 1340 2738 Benedictione
1352 2716 1443 2745 quam
1457 2708 1532 2736 Deus
1547 2706 1598 2736 dat
1608 2705 1733 2740 11οω101,
1748 2684 1814 2740 cap.
1830 2711 1859 2733 v.
