<?xml version="1.0" encoding="UTF-8"?>
<!DOCTYPE html PUBLIC "-//W3C//DTD XHTML 1.0 Transitional//EN"
    "http://www.w3.org/TR/xhtml1/DTD/xhtml1-transitional.dtd">
<html xmlns="http://www.w3.org/1999/xhtml" xml:lang="en" lang="en">
 <head>
  <title>
</title>
<meta http-equiv="Content-Type" content="text/html;charset=utf-8" />
  <meta name='ocr-system' content='tesseract 3.04.00' />
  <meta name='ocr-capabilities' content='ocr_page ocr_carea ocr_par ocr_line ocrx_word'/>
</head>
<body>
  <div class='ocr_page' id='page_1' title='image "./operaomniasixtiv08bonauoft_0075.png"; bbox 0 0 2004 3037; ppageno 0'>
   <div class='ocr_carea' id='block_1_1' title="bbox 45 543 153 944">
    <p class='ocr_par' dir='ltr' id='par_1_1' title="bbox 45 543 153 944">
     <span class='ocr_line' id='line_1_1' title="bbox 68 543 152 569; baseline -0.024 -5"><span class='ocrx_word' id='word_1_1' title='bbox 68 543 152 569; x_wconf 54' lang='lat' dir='ltr'><strong>Carpo*</strong></span> 
     </span>
     <span class='ocr_line' id='line_1_2' title="bbox 82 579 119 594; baseline 0 -1"><span class='ocrx_word' id='word_1_2' title='bbox 82 579 119 594; x_wconf 81' lang='lat' dir='ltr'><strong>reu</strong></span> 
     </span>
     <span class='ocr_line' id='line_1_3' title="bbox 50 605 149 626; baseline -0.02 0"><span class='ocrx_word' id='word_1_3' title='bbox 50 605 149 626; x_wconf 79' lang='lat' dir='ltr'><strong>membra</strong></span> 
     </span>
     <span class='ocr_line' id='line_1_4' title="bbox 46 636 151 656; baseline 0 0"><span class='ocrx_word' id='word_1_4' title='bbox 46 638 68 656; x_wconf 82' lang='lat' dir='ltr'><strong>ct</strong></span> <span class='ocrx_word' id='word_1_5' title='bbox 86 636 151 656; x_wconf 74' lang='lat' dir='ltr'><strong>uissc-</strong></span> 
     </span>
     <span class='ocr_line' id='line_1_5' title="bbox 56 667 141 687; baseline 0 0"><span class='ocrx_word' id='word_1_6' title='bbox 56 668 92 687; x_wconf 79' lang='lat' dir='ltr'><strong>tus</strong></span> <span class='ocrx_word' id='word_1_7' title='bbox 102 667 141 687; x_wconf 91' lang='lat' dir='ltr'><strong>hu-</strong></span> 
     </span>
     <span class='ocr_line' id='line_1_6' title="bbox 64 698 137 723; baseline 0 -5"><span class='ocrx_word' id='word_1_8' title='bbox 64 698 124 718; x_wconf 79' lang='lat' dir='ltr'><strong>mani</strong></span> <span class='ocrx_word' id='word_1_9' title='bbox 131 713 137 723; x_wconf 85' lang='lat'><strong>,</strong></span> 
     </span>
     <span class='ocr_line' id='line_1_7' title="bbox 45 730 152 750; baseline 0 0"><span class='ocrx_word' id='word_1_10' title='bbox 45 735 96 750; x_wconf 80' lang='lat' dir='ltr'><strong>cum</strong></span> <span class='ocrx_word' id='word_1_11' title='bbox 105 730 152 750; x_wconf 87' lang='lat' dir='ltr'><strong>Deo</strong></span> 
     </span>
     <span class='ocr_line' id='line_1_8' title="bbox 66 761 128 782; baseline 0 0"><span class='ocrx_word' id='word_1_12' title='bbox 66 761 128 782; x_wconf 80' lang='lat' dir='ltr'><strong>attri-</strong></span> 
     </span>
     <span class='ocr_line' id='line_1_9' title="bbox 51 793 150 814; baseline 0.01 -1"><span class='ocrx_word' id='word_1_13' title='bbox 51 793 150 814; x_wconf 81' lang='lat' dir='ltr'><strong>buuntur</strong></span> 
     </span>
     <span class='ocr_line' id='line_1_10' title="bbox 45 825 151 851; baseline 0 -6"><span class='ocrx_word' id='word_1_14' title='bbox 45 825 67 846; x_wconf 90' lang='lat' dir='ltr'><strong>in</strong></span> <span class='ocrx_word' id='word_1_15' title='bbox 78 825 139 851; x_wconf 79' lang='lat' dir='ltr'><strong>Scrip</strong></span> <span class='ocrx_word' id='word_1_16' title='bbox 146 836 151 840; x_wconf 94' lang='lat'>-</span> 
     </span>
     <span class='ocr_line' id='line_1_11' title="bbox 66 857 133 882; baseline -0.015 -4"><span class='ocrx_word' id='word_1_17' title='bbox 66 857 133 882; x_wconf 81' lang='lat' dir='ltr'><strong>turis,</strong></span> 
     </span>
     <span class='ocr_line' id='line_1_12' title="bbox 45 888 153 915; baseline -0.009 -7"><span class='ocrx_word' id='word_1_18' title='bbox 45 888 99 915; x_wconf 76' lang='lat' dir='ltr'><strong>quid</strong></span> <span class='ocrx_word' id='word_1_19' title='bbox 109 888 153 914; x_wconf 80' lang='lat' dir='ltr'><strong>sig-</strong></span> 
     </span>
     <span class='ocr_line' id='line_1_13' title="bbox 45 920 142 944; baseline 0.021 -4"><span class='ocrx_word' id='word_1_20' title='bbox 45 920 142 944; x_wconf 79' lang='lat' dir='ltr'><strong>nificent.</strong></span> 
     </span>
    </p>
   </div>
   <div class='ocr_carea' id='block_1_2' title="bbox 46 1337 152 1456">
    <p class='ocr_par' dir='ltr' id='par_1_2' title="bbox 46 1337 152 1425">
     <span class='ocr_line' id='line_1_14' title="bbox 73 1337 152 1363; baseline -0.013 -6"><span class='ocrx_word' id='word_1_21' title='bbox 73 1337 152 1363; x_wconf 82' lang='lat' dir='ltr'><strong>Caput,</strong></span> 
     </span>
     <span class='ocr_line' id='line_1_15' title="bbox 46 1367 152 1394; baseline -0.009 -6"><span class='ocrx_word' id='word_1_22' title='bbox 46 1368 68 1388; x_wconf 78' lang='lat' dir='ltr'><strong>et</strong></span> <span class='ocrx_word' id='word_1_23' title='bbox 80 1367 152 1394; x_wconf 73' lang='lat' dir='ltr'><strong>capilli</strong></span> 
     </span>
     <span class='ocr_line' id='line_1_16' title="bbox 55 1398 139 1425; baseline 0 -7"><span class='ocrx_word' id='word_1_24' title='bbox 55 1398 139 1425; x_wconf 72' lang='lat' dir='ltr'><strong>capitis,</strong></span> 
     </span>
    </p>

    <p class='ocr_par' dir='ltr' id='par_1_3' title="bbox 60 1429 121 1456">
     <span class='ocr_line' id='line_1_17' title="bbox 60 1429 121 1456; baseline 0.016 -7"><span class='ocrx_word' id='word_1_25' title='bbox 60 1429 121 1456; x_wconf 83' lang='lat' dir='ltr'><strong>quid.</strong></span> 
     </span>
    </p>
   </div>
   <div class='ocr_carea' id='block_1_3' title="bbox 82 2046 153 2067">
    <p class='ocr_par' dir='ltr' id='par_1_4' title="bbox 82 2046 153 2067">
     <span class='ocr_line' id='line_1_18' title="bbox 82 2046 153 2067; baseline -0.014 0"><span class='ocrx_word' id='word_1_26' title='bbox 82 2046 153 2067; x_wconf 79' lang='lat' dir='ltr'><strong>Oculi.</strong></span> 
     </span>
    </p>
   </div>
   <div class='ocr_carea' id='block_1_4' title="bbox 53 2541 158 2592">
    <p class='ocr_par' dir='ltr' id='par_1_5' title="bbox 53 2541 158 2592">
     <span class='ocr_line' id='line_1_19' title="bbox 82 2541 158 2567; baseline 0.013 -7"><span class='ocrx_word' id='word_1_27' title='bbox 82 2541 158 2567; x_wconf 81' lang='lat' dir='ltr'><strong>Palpe-</strong></span> 
     </span>
     <span class='ocr_line' id='line_1_20' title="bbox 53 2571 105 2592; baseline 0 0"><span class='ocrx_word' id='word_1_28' title='bbox 53 2571 105 2592; x_wconf 78' lang='lat' dir='ltr'><strong>brae.</strong></span> 
     </span>
    </p>
   </div>
   <div class='ocr_carea' id='block_1_5' title="bbox 758 222 1197 258">
    <p class='ocr_par' dir='ltr' id='par_1_6' title="bbox 758 222 1197 258">
     <span class='ocr_line' id='line_1_21' title="bbox 758 222 1197 258; baseline -0.009 -1"><span class='ocrx_word' id='word_1_29' title='bbox 758 226 896 258; x_wconf 71' lang='lat' dir='ltr'>SUMMA</span> <span class='ocrx_word' id='word_1_30' title='bbox 922 223 971 256; x_wconf 70' lang='lat' dir='ltr'><strong>Du</strong></span> <span class='ocrx_word' id='word_1_31' title='bbox 992 222 1197 255; x_wconf 75' lang='lat' dir='ltr'><strong>ESSENTlA.</strong></span> 
     </span>
    </p>
   </div>
   <div class='ocr_carea' id='block_1_6' title="bbox 165 292 952 2577">
    <p class='ocr_par' dir='ltr' id='par_1_7' title="bbox 165 292 947 521">
     <span class='ocr_line' id='line_1_22' title="bbox 165 292 945 333; baseline -0.008 -7"><span class='ocrx_word' id='word_1_32' title='bbox 165 297 271 332; x_wconf 88' lang='lat' dir='ltr'><strong>habet,</strong></span> <span class='ocrx_word' id='word_1_33' title='bbox 286 299 314 325; x_wconf 90' lang='lat' dir='ltr'><strong>et</strong></span> <span class='ocrx_word' id='word_1_34' title='bbox 334 296 419 333; x_wconf 86' lang='lat' dir='ltr'><strong>quod</strong></span> <span class='ocrx_word' id='word_1_35' title='bbox 433 298 486 324; x_wconf 88' lang='lat' dir='ltr'><strong>est.</strong></span> <span class='ocrx_word' id='word_1_36' title='bbox 509 294 681 323; x_wconf 83' lang='lat' dir='ltr'><strong>Immortalis</strong></span> <span class='ocrx_word' id='word_1_37' title='bbox 700 295 759 329; x_wconf 87' lang='lat' dir='ltr'><strong>est,</strong></span> <span class='ocrx_word' id='word_1_38' title='bbox 776 293 847 330; x_wconf 83' lang='lat' dir='ltr'><strong>quia</strong></span> <span class='ocrx_word' id='word_1_39' title='bbox 861 292 945 320; x_wconf 89' lang='lat' dir='ltr'><strong>nullo</strong></span> 
     </span>
     <span class='ocr_line' id='line_1_23' title="bbox 166 339 947 380; baseline -0.01 -6"><span class='ocrx_word' id='word_1_40' title='bbox 166 345 259 374; x_wconf 90' lang='lat' dir='ltr'><strong>modo</strong></span> <span class='ocrx_word' id='word_1_41' title='bbox 282 344 359 373; x_wconf 90' lang='lat' dir='ltr'><strong>mori</strong></span> <span class='ocrx_word' id='word_1_42' title='bbox 382 345 497 380; x_wconf 85' lang='lat' dir='ltr'><strong>potest,</strong></span> <span class='ocrx_word' id='word_1_43' title='bbox 520 341 663 378; x_wconf 81' lang='lat' dir='ltr'><strong>Apostolo</strong></span> <span class='ocrx_word' id='word_1_44' title='bbox 688 340 804 368; x_wconf 76' lang='lat' dir='ltr'>dicente</span> <span class='ocrx_word' id='word_1_45' title='bbox 824 341 831 356; x_wconf 86' lang='lat'><strong>¹</strong></span> <span class='ocrx_word' id='word_1_46' title='bbox 859 349 865 367; x_wconf 75' lang='grc' dir='ltr'><strong><em>ε</em></strong></span> <span class='ocrx_word' id='word_1_47' title='bbox 893 339 947 372; x_wconf 85' lang='lat' dir='ltr'><strong>Qui</strong></span> 
     </span>
     <span class='ocr_line' id='line_1_24' title="bbox 165 387 946 423; baseline -0.01 -3"><span class='ocrx_word' id='word_1_48' title='bbox 165 393 236 420; x_wconf 85' lang='lat' dir='ltr'><strong>solus</strong></span> <span class='ocrx_word' id='word_1_49' title='bbox 251 392 331 419; x_wconf 80' lang='lat' dir='ltr'><strong>habet</strong></span> <span class='ocrx_word' id='word_1_50' title='bbox 345 390 595 423; x_wconf 78' lang='lat' dir='ltr'><strong>immortalitatem,</strong></span> <span class='ocrx_word' id='word_1_51' title='bbox 611 391 636 416; x_wconf 81' lang='lat' dir='ltr'><strong>et</strong></span> <span class='ocrx_word' id='word_1_52' title='bbox 650 389 734 416; x_wconf 85' lang='lat' dir='ltr'><strong>lucem</strong></span> <span class='ocrx_word' id='word_1_53' title='bbox 748 387 854 414; x_wconf 79' lang='lat' dir='ltr'><strong>habitat</strong></span> <span class='ocrx_word' id='word_1_54' title='bbox 871 387 946 413; x_wconf 83' lang='lat' dir='ltr'><strong>inac-</strong></span> 
     </span>
     <span class='ocr_line' id='line_1_25' title="bbox 166 432 946 473; baseline -0.01 -5"><span class='ocrx_word' id='word_1_55' title='bbox 166 439 330 468; x_wconf 80' lang='lat' dir='ltr'><strong>cessibilem.-</strong></span> <span class='ocrx_word' id='word_1_56' title='bbox 353 445 431 473; x_wconf 83' lang='lat' dir='ltr'><strong>quem</strong></span> <span class='ocrx_word' id='word_1_57' title='bbox 449 436 523 464; x_wconf 83' lang='lat' dir='ltr'><strong>vidit</strong></span> <span class='ocrx_word' id='word_1_58' title='bbox 542 436 633 464; x_wconf 85' lang='lat' dir='ltr'><strong>nulius</strong></span> <span class='ocrx_word' id='word_1_59' title='bbox 657 436 810 469; x_wconf 84' lang='lat' dir='ltr'><strong>hominum,</strong></span> <span class='ocrx_word' id='word_1_60' title='bbox 830 432 877 461; x_wconf 83' lang='lat' dir='ltr'><strong>sed</strong></span> <span class='ocrx_word' id='word_1_61' title='bbox 900 440 946 460; x_wconf 84' lang='lat' dir='ltr'><strong>nec</strong></span> 
     </span>
     <span class='ocr_line' id='line_1_26' title="bbox 166 486 368 521; baseline -0.01 -7"><span class='ocrx_word' id='word_1_62' title='bbox 166 486 258 514; x_wconf 79' lang='lat' dir='ltr'><strong>videre</strong></span> <span class='ocrx_word' id='word_1_63' title='bbox 271 487 368 521; x_wconf 79' lang='lat' dir='ltr'><strong>potest.</strong></span> 
     </span>
    </p>

    <p class='ocr_par' dir='ltr' id='par_1_8' title="bbox 165 526 950 1318">
     <span class='ocr_line' id='line_1_27' title="bbox 203 526 946 568; baseline -0.009 -7"><span class='ocrx_word' id='word_1_64' title='bbox 203 532 386 568; x_wconf 82' lang='lat' dir='ltr'>Ubicumque</span> <span class='ocrx_word' id='word_1_65' title='bbox 409 531 507 558; x_wconf 88' lang='lat' dir='ltr'><strong>autem</strong></span> <span class='ocrx_word' id='word_1_66' title='bbox 536 536 620 557; x_wconf 86' lang='lat' dir='ltr'><strong>sacra</strong></span> <span class='ocrx_word' id='word_1_67' title='bbox 646 528 795 564; x_wconf 86' lang='lat' dir='ltr'><strong>Scriptura</strong></span> <span class='ocrx_word' id='word_1_68' title='bbox 820 526 946 563; x_wconf 82' lang='lat' dir='ltr'>sparsim</span> 
     </span>
     <span class='ocr_line' id='line_1_28' title="bbox 166 574 946 616; baseline -0.01 -8"><span class='ocrx_word' id='word_1_69' title='bbox 166 587 220 616; x_wconf 88' lang='lat' dir='ltr'><strong>per</strong></span> <span class='ocrx_word' id='word_1_70' title='bbox 239 579 355 607; x_wconf 90' lang='lat' dir='ltr'><strong>divinos</strong></span> <span class='ocrx_word' id='word_1_71' title='bbox 374 577 468 605; x_wconf 88' lang='lat' dir='ltr'><strong>libros</strong></span> <span class='ocrx_word' id='word_1_72' title='bbox 485 576 515 604; x_wconf 92' lang='lat' dir='ltr'><strong>in</strong></span> <span class='ocrx_word' id='word_1_73' title='bbox 537 578 596 604; x_wconf 90' lang='lat' dir='ltr'><strong>Deo</strong></span> <span class='ocrx_word' id='word_1_74' title='bbox 612 576 710 603; x_wconf 88' lang='lat' dir='ltr'><strong>motus</strong></span> <span class='ocrx_word' id='word_1_75' title='bbox 734 574 826 602; x_wconf 87' lang='lat' dir='ltr'><strong>animi</strong></span> <span class='ocrx_word' id='word_1_76' title='bbox 841 581 946 601; x_wconf 88' lang='lat' dir='ltr'><strong>secun-</strong></span> 
     </span>
     <span class='ocr_line' id='line_1_29' title="bbox 167 621 945 656; baseline -0.009 -2"><span class='ocrx_word' id='word_1_77' title='bbox 167 627 239 654; x_wconf 91' lang='lat' dir='ltr'><strong>dum</strong></span> <span class='ocrx_word' id='word_1_78' title='bbox 252 626 385 653; x_wconf 86' lang='lat' dir='ltr'><strong>humana</strong></span> <span class='ocrx_word' id='word_1_79' title='bbox 399 624 536 652; x_wconf 86' lang='lat' dir='ltr'><strong>membra</strong></span> <span class='ocrx_word' id='word_1_80' title='bbox 550 622 705 656; x_wconf 83' lang='lat' dir='ltr'>describit,</span> <span class='ocrx_word' id='word_1_81' title='bbox 721 621 753 649; x_wconf 90' lang='lat' dir='ltr'><strong>id</strong></span> <span class='ocrx_word' id='word_1_82' title='bbox 768 623 827 655; x_wconf 80' lang='lat' dir='ltr'><strong>cst,</strong></span> <span class='ocrx_word' id='word_1_83' title='bbox 847 622 945 656; x_wconf 81' lang='lat' dir='ltr'><strong>caput,</strong></span> 
     </span>
     <span class='ocr_line' id='line_1_30' title="bbox 166 669 945 709; baseline -0.009 -8"><span class='ocrx_word' id='word_1_84' title='bbox 166 673 304 709; x_wconf 83' lang='lat' dir='ltr'><strong>capillos,</strong></span> <span class='ocrx_word' id='word_1_85' title='bbox 325 671 446 705; x_wconf 88' lang='lat' dir='ltr'><strong>oculos,</strong></span> <span class='ocrx_word' id='word_1_86' title='bbox 461 669 622 706; x_wconf 84' lang='lat' dir='ltr'>palpebras</span> <span class='ocrx_word' id='word_1_87' title='bbox 632 691 639 703; x_wconf 90' lang='lat'>‚</span> <span class='ocrx_word' id='word_1_88' title='bbox 657 676 743 696; x_wconf 83' lang='lat' dir='ltr'><strong>aures</strong></span> <span class='ocrx_word' id='word_1_89' title='bbox 753 689 762 702; x_wconf 90' lang='lat'><strong>,</strong></span> <span class='ocrx_word' id='word_1_90' title='bbox 776 676 881 701; x_wconf 86' lang='lat' dir='ltr'><strong>nares,</strong></span> <span class='ocrx_word' id='word_1_91' title='bbox 896 675 945 702; x_wconf 82' lang='lat' dir='ltr'><strong>OS,</strong></span> 
     </span>
     <span class='ocr_line' id='line_1_31' title="bbox 165 715 945 754; baseline -0.008 -7"><span class='ocrx_word' id='word_1_92' title='bbox 165 719 265 754; x_wconf 86' lang='lat' dir='ltr'><strong>labia,</strong></span> <span class='ocrx_word' id='word_1_93' title='bbox 280 726 349 753; x_wconf 86' lang='lat' dir='ltr'><strong>cor,</strong></span> <span class='ocrx_word' id='word_1_94' title='bbox 364 718 519 753; x_wconf 87' lang='lat' dir='ltr'><strong>linguam,</strong></span> <span class='ocrx_word' id='word_1_95' title='bbox 538 715 715 751; x_wconf 84' lang='lat' dir='ltr'><strong>imaginem,</strong></span> <span class='ocrx_word' id='word_1_96' title='bbox 732 715 864 748; x_wconf 89' lang='lat' dir='ltr'><strong>vultum,</strong></span> <span class='ocrx_word' id='word_1_97' title='bbox 880 715 945 742; x_wconf 90' lang='lat' dir='ltr'><strong>ute-</strong></span> 
     </span>
     <span class='ocr_line' id='line_1_32' title="bbox 165 761 946 800; baseline -0.009 -6"><span class='ocrx_word' id='word_1_98' title='bbox 165 775 247 799; x_wconf 90' lang='lat' dir='ltr'><strong>rum,</strong></span> <span class='ocrx_word' id='word_1_99' title='bbox 262 773 387 800; x_wconf 82' lang='lat' dir='ltr'><strong>manuS,</strong></span> <span class='ocrx_word' id='word_1_100' title='bbox 406 764 567 799; x_wconf 83' lang='lat' dir='ltr'><strong>dexteram,</strong></span> <span class='ocrx_word' id='word_1_101' title='bbox 584 763 749 796; x_wconf 83' lang='lat' dir='ltr'><strong>sinistram,</strong></span> <span class='ocrx_word' id='word_1_102' title='bbox 767 761 873 796; x_wconf 80' lang='lat' dir='ltr'>digitos</span> <span class='ocrx_word' id='word_1_103' title='bbox 887 761 946 788; x_wconf 84' lang='lat' dir='ltr'><strong>sive</strong></span> 
     </span>
     <span class='ocr_line' id='line_1_33' title="bbox 167 807 948 848; baseline -0.009 -7"><span class='ocrx_word' id='word_1_104' title='bbox 167 813 304 848; x_wconf 81' lang='lat' dir='ltr'><strong>digitum,</strong></span> <span class='ocrx_word' id='word_1_105' title='bbox 319 812 392 847; x_wconf 84' lang='lat' dir='ltr'><strong>alas,</strong></span> <span class='ocrx_word' id='word_1_106' title='bbox 408 810 556 847; x_wconf 87' lang='lat' dir='ltr'><strong>scapulas,</strong></span> <span class='ocrx_word' id='word_1_107' title='bbox 565 809 738 846; x_wconf 84' lang='lat' dir='ltr'><strong>posteriora,</strong></span> <span class='ocrx_word' id='word_1_108' title='bbox 751 808 843 844; x_wconf 88' lang='lat' dir='ltr'><strong>pedes</strong></span> <span class='ocrx_word' id='word_1_109' title='bbox 852 817 860 841; x_wconf 88' lang='lat'><strong>,·</strong></span> <span class='ocrx_word' id='word_1_110' title='bbox 877 807 948 835; x_wconf 90' lang='lat' dir='ltr'><strong>item</strong></span> 
     </span>
     <span class='ocr_line' id='line_1_34' title="bbox 167 855 946 893; baseline -0.008 -6"><span class='ocrx_word' id='word_1_111' title='bbox 167 861 265 888; x_wconf 89' lang='lat' dir='ltr'><strong>motus</strong></span> <span class='ocrx_word' id='word_1_112' title='bbox 293 859 399 887; x_wconf 64' lang='lat' dir='ltr'><strong>animae</strong></span> <span class='ocrx_word' id='word_1_113' title='bbox 410 879 418 893; x_wconf 93' lang='lat'><strong>,</strong></span> <span class='ocrx_word' id='word_1_114' title='bbox 447 858 539 892; x_wconf 89' lang='lat' dir='ltr'><strong>iram,</strong></span> <span class='ocrx_word' id='word_1_115' title='bbox 564 856 712 890; x_wconf 84' lang='lat' dir='ltr'><strong>furorem,</strong></span> <span class='ocrx_word' id='word_1_116' title='bbox 743 855 927 883; x_wconf 82' lang='lat' dir='ltr'><strong>oblivionem</strong></span> <span class='ocrx_word' id='word_1_117' title='bbox 939 875 946 887; x_wconf 92' lang='lat'><strong>,</strong></span> 
     </span>
     <span class='ocr_line' id='line_1_35' title="bbox 166 901 947 942; baseline -0.009 -8"><span class='ocrx_word' id='word_1_118' title='bbox 166 905 385 942; x_wconf 86' lang='lat' dir='ltr'><strong>poenitentiam,</strong></span> <span class='ocrx_word' id='word_1_119' title='bbox 409 904 666 937; x_wconf 82' lang='lat' dir='ltr'><strong>recordationem,</strong></span> <span class='ocrx_word' id='word_1_120' title='bbox 693 904 721 930; x_wconf 88' lang='lat' dir='ltr'><strong>et</strong></span> <span class='ocrx_word' id='word_1_121' title='bbox 743 902 789 930; x_wconf 89' lang='lat' dir='ltr'><strong>his</strong></span> <span class='ocrx_word' id='word_1_122' title='bbox 817 901 947 935; x_wconf 81' lang='lat' dir='ltr'><strong>similia,</strong></span> 
     </span>
     <span class='ocr_line' id='line_1_36' title="bbox 167 947 949 987; baseline -0.01 -5"><span class='ocrx_word' id='word_1_123' title='bbox 167 962 228 982; x_wconf 91' lang='lat' dir='ltr'><strong>non</strong></span> <span class='ocrx_word' id='word_1_124' title='bbox 244 952 400 981; x_wconf 83' lang='lat' dir='ltr'><strong>carnaliter</strong></span> <span class='ocrx_word' id='word_1_125' title='bbox 419 951 504 986; x_wconf 80' lang='lat' dir='ltr'><strong>juxta</strong></span> <span class='ocrx_word' id='word_1_126' title='bbox 526 950 680 987; x_wconf 73' lang='lat' dir='ltr'><strong>historiam</strong></span> <span class='ocrx_word' id='word_1_127' title='bbox 704 957 721 977; x_wconf 87' lang='lat' dir='ltr'><strong>a</strong></span> <span class='ocrx_word' id='word_1_128' title='bbox 743 951 821 976; x_wconf 80' lang='lat' dir='ltr'><strong>recte</strong></span> <span class='ocrx_word' id='word_1_129' title='bbox 842 947 949 975; x_wconf 88' lang='lat' dir='ltr'><strong>intelli-</strong></span> 
     </span>
     <span class='ocr_line' id='line_1_37' title="bbox 167 995 948 1036; baseline -0.009 -8"><span class='ocrx_word' id='word_1_130' title='bbox 167 1000 305 1036; x_wconf 83' lang='lat' dir='ltr'><strong>gentibus</strong></span> <span class='ocrx_word' id='word_1_131' title='bbox 326 998 500 1035; x_wconf 87' lang='lat' dir='ltr'><strong>accipienda</strong></span> <span class='ocrx_word' id='word_1_132' title='bbox 523 999 601 1032; x_wconf 86' lang='lat' dir='ltr'><strong>sunt,</strong></span> <span class='ocrx_word' id='word_1_133' title='bbox 624 997 698 1024; x_wconf 88' lang='lat' dir='ltr'><strong>sicut</strong></span> <span class='ocrx_word' id='word_1_134' title='bbox 718 1004 736 1023; x_wconf 90' lang='lat' dir='ltr'><strong>a</strong></span> <span class='ocrx_word' id='word_1_135' title='bbox 757 995 864 1022; x_wconf 80' lang='lat' dir='ltr'><strong>Judoeis</strong></span> <span class='ocrx_word' id='word_1_136' title='bbox 885 995 948 1030; x_wconf 89' lang='lat' dir='ltr'><strong>ple-</strong></span> 
     </span>
     <span class='ocr_line' id='line_1_38' title="bbox 166 1043 949 1084; baseline -0.009 -8"><span class='ocrx_word' id='word_1_137' title='bbox 166 1048 266 1084; x_wconf 89' lang='lat' dir='ltr'><strong>risque</strong></span> <span class='ocrx_word' id='word_1_138' title='bbox 290 1049 316 1075; x_wconf 86' lang='lat' dir='ltr'><strong>et</strong></span> <span class='ocrx_word' id='word_1_139' title='bbox 337 1045 480 1074; x_wconf 80' lang='lat' dir='ltr'><strong>haereticis</strong></span> <span class='ocrx_word' id='word_1_140' title='bbox 505 1044 661 1073; x_wconf 78' lang='lat' dir='ltr'><strong>carnaliter</strong></span> <span class='ocrx_word' id='word_1_141' title='bbox 682 1043 881 1080; x_wconf 81' lang='lat' dir='ltr'><strong>sapientibus,</strong></span> <span class='ocrx_word' id='word_1_142' title='bbox 897 1043 949 1078; x_wconf 87' lang='lat' dir='ltr'><strong>qui</strong></span> 
     </span>
     <span class='ocr_line' id='line_1_39' title="bbox 166 1091 950 1130; baseline -0.008 -7"><span class='ocrx_word' id='word_1_143' title='bbox 166 1096 259 1123; x_wconf 90' lang='lat' dir='ltr'><strong>Deum</strong></span> <span class='ocrx_word' id='word_1_144' title='bbox 271 1101 447 1130; x_wconf 87' lang='lat' dir='ltr'><strong>corporeum</strong></span> <span class='ocrx_word' id='word_1_145' title='bbox 462 1094 551 1128; x_wconf 87' lang='lat' dir='ltr'><strong>atque</strong></span> <span class='ocrx_word' id='word_1_146' title='bbox 564 1091 693 1119; x_wconf 81' lang='lat' dir='ltr'><strong>localem</strong></span> <span class='ocrx_word' id='word_1_147' title='bbox 706 1091 866 1126; x_wconf 84' lang='lat' dir='ltr'><strong>opinantur</strong></span> <span class='ocrx_word' id='word_1_148' title='bbox 874 1101 882 1126; x_wconf 80' lang='lat'><em>3</em></span> <span class='ocrx_word' id='word_1_149' title='bbox 896 1091 950 1118; x_wconf 88' lang='lat' dir='ltr'><strong>sed</strong></span> 
     </span>
     <span class='ocr_line' id='line_1_40' title="bbox 166 1137 948 1178; baseline -0.006 -9"><span class='ocrx_word' id='word_1_150' title='bbox 166 1141 355 1178; x_wconf 83' lang='lat' dir='ltr'><strong>spiritualiter</strong></span> <span class='ocrx_word' id='word_1_151' title='bbox 370 1140 471 1168; x_wconf 89' lang='lat' dir='ltr'><strong>omnia</strong></span> <span class='ocrx_word' id='word_1_152' title='bbox 490 1139 527 1166; x_wconf 94' lang='lat' dir='ltr'><strong>de</strong></span> <span class='ocrx_word' id='word_1_153' title='bbox 544 1147 579 1166; x_wconf 93' lang='lat' dir='ltr'><strong>eo</strong></span> <span class='ocrx_word' id='word_1_154' title='bbox 599 1137 810 1173; x_wconf 85' lang='lat' dir='ltr'><strong>intelligenda,</strong></span> <span class='ocrx_word' id='word_1_155' title='bbox 828 1139 856 1164; x_wconf 91' lang='lat' dir='ltr'><strong>et</strong></span> <span class='ocrx_word' id='word_1_156' title='bbox 871 1137 948 1165; x_wconf 86' lang='lat' dir='ltr'><strong>aeci-</strong></span> 
     </span>
     <span class='ocr_line' id='line_1_41' title="bbox 165 1185 950 1225; baseline -0.006 -9"><span class='ocrx_word' id='word_1_157' title='bbox 165 1188 278 1225; x_wconf 87' lang='lat' dir='ltr'><strong>pienda</strong></span> <span class='ocrx_word' id='word_1_158' title='bbox 296 1189 372 1215; x_wconf 86' lang='lat' dir='ltr'><strong>sunt.</strong></span> <span class='ocrx_word' id='word_1_159' title='bbox 396 1187 424 1214; x_wconf 88' lang='lat' dir='ltr'><strong>Si</strong></span> <span class='ocrx_word' id='word_1_160' title='bbox 446 1186 513 1222; x_wconf 89' lang='lat' dir='ltr'><strong>quis</strong></span> <span class='ocrx_word' id='word_1_161' title='bbox 532 1185 611 1213; x_wconf 91' lang='lat' dir='ltr'><strong>enim</strong></span> <span class='ocrx_word' id='word_1_162' title='bbox 631 1186 688 1212; x_wconf 91' lang='lat' dir='ltr'><strong>Deo</strong></span> <span class='ocrx_word' id='word_1_163' title='bbox 709 1185 843 1212; x_wconf 84' lang='lat' dir='ltr'><strong>humana</strong></span> <span class='ocrx_word' id='word_1_164' title='bbox 857 1192 950 1212; x_wconf 88' lang='lat' dir='ltr'><strong>mem-</strong></span> 
     </span>
     <span class='ocr_line' id='line_1_42' title="bbox 166 1231 949 1270; baseline -0.008 -7"><span class='ocrx_word' id='word_1_165' title='bbox 166 1235 237 1270; x_wconf 87' lang='lat' dir='ltr'><strong>bra,</strong></span> <span class='ocrx_word' id='word_1_166' title='bbox 264 1243 316 1262; x_wconf 85' lang='lat' dir='ltr'><strong>seu</strong></span> <span class='ocrx_word' id='word_1_167' title='bbox 340 1235 439 1261; x_wconf 82' lang='lat' dir='ltr'><strong>motus</strong></span> <span class='ocrx_word' id='word_1_168' title='bbox 463 1232 569 1260; x_wconf 80' lang='lat' dir='ltr'><strong>animae</strong></span> <span class='ocrx_word' id='word_1_169' title='bbox 593 1239 676 1259; x_wconf 90' lang='lat' dir='ltr'><strong>more</strong></span> <span class='ocrx_word' id='word_1_170' title='bbox 698 1231 831 1258; x_wconf 85' lang='lat' dir='ltr'><strong>humano</strong></span> <span class='ocrx_word' id='word_1_171' title='bbox 854 1231 949 1258; x_wconf 85' lang='lat' dir='ltr'><strong>inesse</strong></span> 
     </span>
     <span class='ocr_line' id='line_1_43' title="bbox 167 1275 947 1318; baseline -0.006 -8"><span class='ocrx_word' id='word_1_172' title='bbox 167 1282 273 1317; x_wconf 85' lang='lat' dir='ltr'><strong>credit,</strong></span> <span class='ocrx_word' id='word_1_173' title='bbox 288 1275 490 1318; x_wconf 81' lang='lat' dir='ltr'><strong>proculdubio</strong></span> <span class='ocrx_word' id='word_1_174' title='bbox 502 1281 532 1308; x_wconf 92' lang='lat' dir='ltr'><strong>in</strong></span> <span class='ocrx_word' id='word_1_175' title='bbox 542 1279 632 1307; x_wconf 88' lang='lat' dir='ltr'><strong>corde</strong></span> <span class='ocrx_word' id='word_1_176' title='bbox 646 1287 700 1307; x_wconf 89' lang='lat' dir='ltr'><strong>suo</strong></span> <span class='ocrx_word' id='word_1_177' title='bbox 716 1279 799 1306; x_wconf 88' lang='lat' dir='ltr'><strong>idola</strong></span> <span class='ocrx_word' id='word_1_178' title='bbox 814 1278 947 1306; x_wconf 79' lang='lat' dir='ltr'><strong>fabricat.</strong></span> 
     </span>
    </p>

    <p class='ocr_par' dir='ltr' id='par_1_9' title="bbox 165 1325 952 2020">
     <span class='ocr_line' id='line_1_44' title="bbox 202 1325 949 1364; baseline -0.004 -8"><span class='ocrx_word' id='word_1_179' title='bbox 202 1330 275 1357; x_wconf 90' lang='lat' dir='ltr'><strong>Cum</strong></span> <span class='ocrx_word' id='word_1_180' title='bbox 292 1328 396 1364; x_wconf 85' lang='lat' dir='ltr'><strong>igitur,</strong></span> <span class='ocrx_word' id='word_1_181' title='bbox 419 1330 452 1354; x_wconf 88' lang='lat' dir='ltr'><strong>ut</strong></span> <span class='ocrx_word' id='word_1_182' title='bbox 467 1327 579 1355; x_wconf 85' lang='lat' dir='ltr'><strong>dietum</strong></span> <span class='ocrx_word' id='word_1_183' title='bbox 594 1328 650 1360; x_wconf 85' lang='lat' dir='ltr'><strong>est,</strong></span> <span class='ocrx_word' id='word_1_184' title='bbox 667 1325 830 1361; x_wconf 85' lang='lat' dir='ltr'><strong>figuraliter</strong></span> <span class='ocrx_word' id='word_1_185' title='bbox 845 1325 875 1352; x_wconf 88' lang='lat' dir='ltr'><strong>in</strong></span> <span class='ocrx_word' id='word_1_186' title='bbox 892 1327 949 1353; x_wconf 83' lang='lat' dir='ltr'><strong>Deo</strong></span> 
     </span>
     <span class='ocr_line' id='line_1_45' title="bbox 167 1371 948 1412; baseline -0.006 -9"><span class='ocrx_word' id='word_1_187' title='bbox 167 1378 255 1412; x_wconf 87' lang='lat' dir='ltr'><strong>caput</strong></span> <span class='ocrx_word' id='word_1_188' title='bbox 266 1375 403 1410; x_wconf 87' lang='lat' dir='ltr'><strong>legimus,</strong></span> <span class='ocrx_word' id='word_1_189' title='bbox 420 1374 516 1410; x_wconf 87' lang='lat' dir='ltr'><strong>ipsam</strong></span> <span class='ocrx_word' id='word_1_190' title='bbox 529 1373 686 1402; x_wconf 85' lang='lat' dir='ltr'><strong>essentiam</strong></span> <span class='ocrx_word' id='word_1_191' title='bbox 701 1371 863 1399; x_wconf 83' lang='lat' dir='ltr'><strong>divinitatis</strong></span> <span class='ocrx_word' id='word_1_192' title='bbox 875 1372 948 1407; x_wconf 82' lang='lat' dir='ltr'><strong>ejus,</strong></span> 
     </span>
     <span class='ocr_line' id='line_1_46' title="bbox 168 1419 950 1458; baseline -0.006 -8"><span class='ocrx_word' id='word_1_193' title='bbox 168 1431 235 1458; x_wconf 71' lang='lat' dir='ltr'><strong>quae</strong></span> <span class='ocrx_word' id='word_1_194' title='bbox 260 1422 361 1450; x_wconf 90' lang='lat' dir='ltr'><strong>omnia</strong></span> <span class='ocrx_word' id='word_1_195' title='bbox 380 1420 537 1457; x_wconf 66' lang='lat' dir='ltr'><strong>praecedit,</strong></span> <span class='ocrx_word' id='word_1_196' title='bbox 553 1422 580 1447; x_wconf 92' lang='lat' dir='ltr'><strong>et</strong></span> <span class='ocrx_word' id='word_1_197' title='bbox 602 1420 647 1447; x_wconf 89' lang='lat' dir='ltr'><strong>cui</strong></span> <span class='ocrx_word' id='word_1_198' title='bbox 670 1419 772 1447; x_wconf 91' lang='lat' dir='ltr'><strong>omnia</strong></span> <span class='ocrx_word' id='word_1_199' title='bbox 789 1420 856 1446; x_wconf 82' lang='lat' dir='ltr'><strong>sunt</strong></span> <span class='ocrx_word' id='word_1_200' title='bbox 879 1419 950 1445; x_wconf 85' lang='lat' dir='ltr'><strong>sub-</strong></span> 
     </span>
     <span class='ocr_line' id='line_1_47' title="bbox 165 1465 950 1504; baseline -0.006 -7"><span class='ocrx_word' id='word_1_201' title='bbox 165 1469 253 1504; x_wconf 84' lang='lat' dir='ltr'><strong>jecta,</strong></span> <span class='ocrx_word' id='word_1_202' title='bbox 268 1468 432 1503; x_wconf 87' lang='lat' dir='ltr'><strong>intelligere</strong></span> <span class='ocrx_word' id='word_1_203' title='bbox 446 1467 601 1494; x_wconf 85' lang='lat' dir='ltr'><strong>debemus.</strong></span> <span class='ocrx_word' id='word_1_204' title='bbox 613 1466 743 1502; x_wconf 84' lang='lat' dir='ltr'><strong>Capillos</strong></span> <span class='ocrx_word' id='word_1_205' title='bbox 761 1474 830 1493; x_wconf 74' lang='lat' dir='ltr'><strong>vero</strong></span> <span class='ocrx_word' id='word_1_206' title='bbox 847 1465 950 1501; x_wconf 88' lang='lat' dir='ltr'><strong>capitis</strong></span> 
     </span>
     <span class='ocr_line' id='line_1_48' title="bbox 168 1513 950 1552; baseline -0.006 -8"><span class='ocrx_word' id='word_1_207' title='bbox 168 1517 230 1552; x_wconf 88' lang='lat' dir='ltr'><strong>ejus</strong></span> <span class='ocrx_word' id='word_1_208' title='bbox 257 1518 374 1544; x_wconf 85' lang='lat' dir='ltr'><strong>sanctos</strong></span> <span class='ocrx_word' id='word_1_209' title='bbox 403 1515 526 1551; x_wconf 88' lang='lat' dir='ltr'><strong>angelos</strong></span> <span class='ocrx_word' id='word_1_210' title='bbox 537 1536 546 1549; x_wconf 92' lang='lat'><strong>,</strong></span> <span class='ocrx_word' id='word_1_211' title='bbox 578 1523 630 1541; x_wconf 87' lang='lat' dir='ltr'><strong>seu</strong></span> <span class='ocrx_word' id='word_1_212' title='bbox 659 1514 813 1541; x_wconf 85' lang='lat' dir='ltr'><strong>universos</strong></span> <span class='ocrx_word' id='word_1_213' title='bbox 841 1513 950 1540; x_wconf 87' lang='lat' dir='ltr'><strong>electos</strong></span> 
     </span>
     <span class='ocr_line' id='line_1_49' title="bbox 167 1559 950 1599; baseline -0.006 -8"><span class='ocrx_word' id='word_1_214' title='bbox 167 1563 265 1599; x_wconf 87' lang='lat' dir='ltr'><strong>typice</strong></span> <span class='ocrx_word' id='word_1_215' title='bbox 291 1562 384 1598; x_wconf 85' lang='lat' dir='ltr'><strong>accipi</strong></span> <span class='ocrx_word' id='word_1_216' title='bbox 404 1564 530 1597; x_wconf 82' lang='lat' dir='ltr'><strong>oportet.</strong></span> <span class='ocrx_word' id='word_1_217' title='bbox 561 1563 598 1588; x_wconf 84' lang='lat' dir='ltr'><strong>De</strong></span> <span class='ocrx_word' id='word_1_218' title='bbox 628 1569 688 1597; x_wconf 88' lang='lat' dir='ltr'><strong>quo</strong></span> <span class='ocrx_word' id='word_1_219' title='bbox 710 1562 895 1587; x_wconf 70' lang='lat' dir='ltr'><strong>sacramento</strong></span> <span class='ocrx_word' id='word_1_220' title='bbox 919 1559 950 1586; x_wconf 91' lang='lat' dir='ltr'><strong>in</strong></span> 
     </span>
     <span class='ocr_line' id='line_1_50' title="bbox 167 1607 951 1645; baseline -0.006 -7"><span class='ocrx_word' id='word_1_221' title='bbox 167 1610 245 1638; x_wconf 90' lang='lat' dir='ltr'><strong>libro</strong></span> <span class='ocrx_word' id='word_1_222' title='bbox 263 1609 389 1637; x_wconf 87' lang='lat' dir='ltr'><strong>Danielis</strong></span> <span class='ocrx_word' id='word_1_223' title='bbox 404 1609 547 1645; x_wconf 86' lang='lat' dir='ltr'><strong>scriptum</strong></span> <span class='ocrx_word' id='word_1_224' title='bbox 561 1608 623 1635; x_wconf 70' lang='lat' dir='ltr'><strong>est2</strong></span> <span class='ocrx_word' id='word_1_225' title='bbox 641 1617 647 1635; x_wconf 88' lang='lat'>:</span> <span class='ocrx_word' id='word_1_226' title='bbox 665 1608 853 1642; x_wconf 74' lang='lat' dir='ltr'><strong>Aspiciebam,</strong></span> <span class='ocrx_word' id='word_1_227' title='bbox 870 1607 951 1633; x_wconf 83' lang='lat' dir='ltr'><strong>donec</strong></span> 
     </span>
     <span class='ocr_line' id='line_1_51' title="bbox 169 1654 952 1691; baseline -0.005 -7"><span class='ocrx_word' id='word_1_228' title='bbox 169 1658 260 1684; x_wconf 81' lang='lat' dir='ltr'><strong>throni</strong></span> <span class='ocrx_word' id='word_1_229' title='bbox 273 1658 358 1691; x_wconf 83' lang='lat' dir='ltr'><strong>positi</strong></span> <span class='ocrx_word' id='word_1_230' title='bbox 373 1658 446 1690; x_wconf 84' lang='lat' dir='ltr'><strong>sunt,</strong></span> <span class='ocrx_word' id='word_1_231' title='bbox 462 1657 487 1682; x_wconf 83' lang='lat' dir='ltr'><strong>et</strong></span> <span class='ocrx_word' id='word_1_232' title='bbox 494 1656 635 1690; x_wconf 76' lang='lat' dir='ltr'><strong>Antiquus</strong></span> <span class='ocrx_word' id='word_1_233' title='bbox 650 1655 754 1681; x_wconf 81' lang='lat' dir='ltr'><strong>dierum</strong></span> <span class='ocrx_word' id='word_1_234' title='bbox 769 1654 856 1681; x_wconf 80' lang='lat' dir='ltr'><strong>sedit:</strong></span> <span class='ocrx_word' id='word_1_235' title='bbox 870 1655 952 1681; x_wconf 79' lang='lat' dir='ltr'><strong>vesti-</strong></span> 
     </span>
     <span class='ocr_line' id='line_1_52' title="bbox 168 1702 952 1738; baseline -0.005 -7"><span class='ocrx_word' id='word_1_236' title='bbox 168 1706 286 1731; x_wconf 79' lang='lat' dir='ltr'><strong>mentum</strong></span> <span class='ocrx_word' id='word_1_237' title='bbox 297 1703 352 1737; x_wconf 81' lang='lat' dir='ltr'><strong>ejus</strong></span> <span class='ocrx_word' id='word_1_238' title='bbox 367 1704 447 1738; x_wconf 81' lang='lat' dir='ltr'><strong>quasi</strong></span> <span class='ocrx_word' id='word_1_239' title='bbox 460 1704 510 1729; x_wconf 76' lang='lat' dir='ltr'><strong>nim</strong></span> <span class='ocrx_word' id='word_1_240' title='bbox 524 1702 686 1735; x_wconf 80' lang='lat' dir='ltr'><strong>candidum,</strong></span> <span class='ocrx_word' id='word_1_241' title='bbox 701 1704 727 1728; x_wconf 85' lang='lat' dir='ltr'><strong>et</strong></span> <span class='ocrx_word' id='word_1_242' title='bbox 740 1702 835 1735; x_wconf 82' lang='lat' dir='ltr'><strong>capilli</strong></span> <span class='ocrx_word' id='word_1_243' title='bbox 851 1702 952 1735; x_wconf 83' lang='lat' dir='ltr'><strong>capitis</strong></span> 
     </span>
     <span class='ocr_line' id='line_1_53' title="bbox 168 1747 951 1786; baseline -0.005 -8"><span class='ocrx_word' id='word_1_244' title='bbox 168 1751 224 1786; x_wconf 81' lang='lat' dir='ltr'><strong>ejus</strong></span> <span class='ocrx_word' id='word_1_245' title='bbox 246 1752 326 1785; x_wconf 84' lang='lat' dir='ltr'><strong>quasi</strong></span> <span class='ocrx_word' id='word_1_246' title='bbox 351 1751 416 1777; x_wconf 85' lang='lat' dir='ltr'><strong>lana</strong></span> <span class='ocrx_word' id='word_1_247' title='bbox 441 1749 552 1776; x_wconf 84' lang='lat' dir='ltr'><strong>munda.</strong></span> <span class='ocrx_word' id='word_1_248' title='bbox 580 1750 638 1776; x_wconf 85' lang='lat' dir='ltr'><strong>Hoc</strong></span> <span class='ocrx_word' id='word_1_249' title='bbox 668 1747 748 1775; x_wconf 91' lang='lat' dir='ltr'><strong>enim</strong></span> <span class='ocrx_word' id='word_1_250' title='bbox 774 1747 871 1782; x_wconf 88' lang='lat' dir='ltr'><strong>signat</strong></span> <span class='ocrx_word' id='word_1_251' title='bbox 897 1755 951 1783; x_wconf 90' lang='lat' dir='ltr'><strong>per</strong></span> 
     </span>
     <span class='ocr_line' id='line_1_54' title="bbox 167 1793 952 1831; baseline -0.005 -6"><span class='ocrx_word' id='word_1_252' title='bbox 167 1798 341 1825; x_wconf 86' lang='lat' dir='ltr'><strong>vestimenta</strong></span> <span class='ocrx_word' id='word_1_253' title='bbox 359 1796 489 1824; x_wconf 88' lang='lat' dir='ltr'><strong>candida</strong></span> <span class='ocrx_word' id='word_1_254' title='bbox 509 1795 572 1829; x_wconf 89' lang='lat' dir='ltr'><strong>Dei,</strong></span> <span class='ocrx_word' id='word_1_255' title='bbox 596 1795 680 1831; x_wconf 87' lang='lat' dir='ltr'><strong>quod</strong></span> <span class='ocrx_word' id='word_1_256' title='bbox 703 1796 731 1822; x_wconf 85' lang='lat' dir='ltr'><strong>et</strong></span> <span class='ocrx_word' id='word_1_257' title='bbox 753 1802 806 1830; x_wconf 89' lang='lat' dir='ltr'><strong>per</strong></span> <span class='ocrx_word' id='word_1_258' title='bbox 828 1793 952 1830; x_wconf 85' lang='lat' dir='ltr'><strong>capillos</strong></span> 
     </span>
     <span class='ocr_line' id='line_1_55' title="bbox 168 1840 950 1880; baseline -0.006 -8"><span class='ocrx_word' id='word_1_259' title='bbox 168 1844 271 1880; x_wconf 86' lang='lat' dir='ltr'><strong>capitis</strong></span> <span class='ocrx_word' id='word_1_260' title='bbox 284 1844 357 1879; x_wconf 87' lang='lat' dir='ltr'><strong>ejus,</strong></span> <span class='ocrx_word' id='word_1_261' title='bbox 372 1845 488 1870; x_wconf 86' lang='lat' dir='ltr'><strong>sanctos</strong></span> <span class='ocrx_word' id='word_1_262' title='bbox 503 1842 641 1870; x_wconf 87' lang='lat' dir='ltr'><strong>videlicet</strong></span> <span class='ocrx_word' id='word_1_263' title='bbox 656 1841 791 1877; x_wconf 80' lang='lat' dir='ltr'><strong>angelos,</strong></span> <span class='ocrx_word' id='word_1_264' title='bbox 807 1843 835 1868; x_wconf 90' lang='lat' dir='ltr'><strong>et</strong></span> <span class='ocrx_word' id='word_1_265' title='bbox 851 1840 950 1867; x_wconf 87' lang='lat' dir='ltr'><strong>multi-</strong></span> 
     </span>
     <span class='ocr_line' id='line_1_56' title="bbox 167 1887 947 1922; baseline -0.008 -3"><span class='ocrx_word' id='word_1_266' title='bbox 167 1891 302 1919; x_wconf 89' lang='lat' dir='ltr'><strong>tudinem</strong></span> <span class='ocrx_word' id='word_1_267' title='bbox 330 1892 500 1918; x_wconf 88' lang='lat' dir='ltr'><strong>sanctorum</strong></span> <span class='ocrx_word' id='word_1_268' title='bbox 528 1888 748 1916; x_wconf 83' lang='lat' dir='ltr'><strong>dealbatorum.</strong></span> <span class='ocrx_word' id='word_1_269' title='bbox 779 1887 831 1914; x_wconf 89' lang='lat' dir='ltr'><strong>Vel</strong></span> <span class='ocrx_word' id='word_1_270' title='bbox 858 1889 947 1922; x_wconf 86' lang='lat' dir='ltr'><strong>certe,</strong></span> 
     </span>
     <span class='ocr_line' id='line_1_57' title="bbox 168 1936 952 1973; baseline -0.005 -8"><span class='ocrx_word' id='word_1_271' title='bbox 168 1938 236 1966; x_wconf 91' lang='lat' dir='ltr'><strong>ideo</strong></span> <span class='ocrx_word' id='word_1_272' title='bbox 252 1937 351 1973; x_wconf 87' lang='lat' dir='ltr'><strong>capilli</strong></span> <span class='ocrx_word' id='word_1_273' title='bbox 367 1937 430 1972; x_wconf 81' lang='lat' dir='ltr'><strong>ejus</strong></span> <span class='ocrx_word' id='word_1_274' title='bbox 448 1936 524 1964; x_wconf 83' lang='lat' dir='ltr'><strong>lanae</strong></span> <span class='ocrx_word' id='word_1_275' title='bbox 539 1936 659 1963; x_wconf 83' lang='lat' dir='ltr'><strong>mundae</strong></span> <span class='ocrx_word' id='word_1_276' title='bbox 676 1937 903 1971; x_wconf 81' lang='lat' dir='ltr'><strong>comparantur,</strong></span> <span class='ocrx_word' id='word_1_277' title='bbox 920 1937 952 1962; x_wconf 91' lang='lat' dir='ltr'><strong>ut</strong></span> 
     </span>
     <span class='ocr_line' id='line_1_58' title="bbox 167 1982 823 2020; baseline -0.005 -8"><span class='ocrx_word' id='word_1_278' title='bbox 167 1993 221 2020; x_wconf 88' lang='lat' dir='ltr'><strong>per</strong></span> <span class='ocrx_word' id='word_1_279' title='bbox 234 1985 292 2012; x_wconf 88' lang='lat' dir='ltr'><strong>hoc</strong></span> <span class='ocrx_word' id='word_1_280' title='bbox 306 1984 446 2019; x_wconf 90' lang='lat' dir='ltr'><strong>antiquus</strong></span> <span class='ocrx_word' id='word_1_281' title='bbox 461 1983 580 2010; x_wconf 90' lang='lat' dir='ltr'><strong>dierum</strong></span> <span class='ocrx_word' id='word_1_282' title='bbox 596 1991 659 2010; x_wconf 88' lang='lat' dir='ltr'><strong>esse</strong></span> <span class='ocrx_word' id='word_1_283' title='bbox 677 1982 823 2009; x_wconf 88' lang='lat' dir='ltr'><strong>credatur.</strong></span> 
     </span>
    </p>

    <p class='ocr_par' dir='ltr' id='par_1_10' title="bbox 168 2028 952 2527">
     <span class='ocr_line' id='line_1_59' title="bbox 204 2028 949 2064; baseline -0.005 -6"><span class='ocrx_word' id='word_1_284' title='bbox 204 2031 310 2058; x_wconf 86' lang='lat' dir='ltr'><strong>Oculos</strong></span> <span class='ocrx_word' id='word_1_285' title='bbox 323 2030 429 2057; x_wconf 87' lang='lat' dir='ltr'><strong>dicitur</strong></span> <span class='ocrx_word' id='word_1_286' title='bbox 441 2031 515 2057; x_wconf 88' lang='lat' dir='ltr'><strong>Deus</strong></span> <span class='ocrx_word' id='word_1_287' title='bbox 526 2029 648 2062; x_wconf 84' lang='lat' dir='ltr'><strong>habere,</strong></span> <span class='ocrx_word' id='word_1_288' title='bbox 660 2037 715 2064; x_wconf 89' lang='lat' dir='ltr'><strong>pro</strong></span> <span class='ocrx_word' id='word_1_289' title='bbox 727 2037 762 2056; x_wconf 81' lang='lat' dir='ltr'><strong>eo</strong></span> <span class='ocrx_word' id='word_1_290' title='bbox 776 2028 848 2064; x_wconf 86' lang='lat' dir='ltr'><strong>quia</strong></span> <span class='ocrx_word' id='word_1_291' title='bbox 859 2028 949 2059; x_wconf 78' lang='lat' dir='ltr'><strong>videt,</strong></span> 
     </span>
     <span class='ocr_line' id='line_1_60' title="bbox 169 2074 952 2110; baseline -0.005 -5"><span class='ocrx_word' id='word_1_292' title='bbox 169 2080 196 2106; x_wconf 90' lang='lat' dir='ltr'><strong>et</strong></span> <span class='ocrx_word' id='word_1_293' title='bbox 210 2077 284 2104; x_wconf 86' lang='lat' dir='ltr'><strong>nihil</strong></span> <span class='ocrx_word' id='word_1_294' title='bbox 299 2085 368 2104; x_wconf 89' lang='lat' dir='ltr'><strong>eum</strong></span> <span class='ocrx_word' id='word_1_295' title='bbox 382 2076 461 2103; x_wconf 88' lang='lat' dir='ltr'><strong>latet.</strong></span> <span class='ocrx_word' id='word_1_296' title='bbox 478 2078 511 2103; x_wconf 81' lang='lat' dir='ltr'><strong>In</strong></span> <span class='ocrx_word' id='word_1_297' title='bbox 527 2076 583 2110; x_wconf 78' lang='lat' dir='ltr'><strong>ejus</strong></span> <span class='ocrx_word' id='word_1_298' title='bbox 598 2076 677 2103; x_wconf 91' lang='lat' dir='ltr'><strong>enim</strong></span> <span class='ocrx_word' id='word_1_299' title='bbox 694 2078 850 2110; x_wconf 80' lang='lat' dir='ltr'><strong>conspectu,</strong></span> <span class='ocrx_word' id='word_1_300' title='bbox 866 2076 898 2102; x_wconf 91' lang='lat' dir='ltr'><strong>ut</strong></span> <span class='ocrx_word' id='word_1_301' title='bbox 912 2074 952 2101; x_wconf 86' lang='lat' dir='ltr'><strong>ait</strong></span> 
     </span>
     <span class='ocr_line' id='line_1_61' title="bbox 168 2122 952 2160; baseline -0.008 -8"><span class='ocrx_word' id='word_1_302' title='bbox 168 2124 325 2160; x_wconf 84' lang='lat' dir='ltr'><strong>Apostolus</strong></span> <span class='ocrx_word' id='word_1_303' title='bbox 339 2124 365 2157; x_wconf 72' lang='lat'><strong>³,</strong></span> <span class='ocrx_word' id='word_1_304' title='bbox 384 2124 460 2150; x_wconf 86' lang='lat' dir='ltr'><strong>nulla</strong></span> <span class='ocrx_word' id='word_1_305' title='bbox 475 2125 601 2150; x_wconf 81' lang='lat' dir='ltr'><strong>creatura</strong></span> <span class='ocrx_word' id='word_1_306' title='bbox 623 2125 660 2148; x_wconf 83' lang='lat' dir='ltr'><strong>esi</strong></span> <span class='ocrx_word' id='word_1_307' title='bbox 679 2122 837 2148; x_wconf 72' lang='lat' dir='ltr'><strong>inuisibilis.</strong></span> <span class='ocrx_word' id='word_1_308' title='bbox 855 2122 952 2148; x_wconf 87' lang='lat' dir='ltr'><strong>Omnia</strong></span> 
     </span>
     <span class='ocr_line' id='line_1_62' title="bbox 168 2166 951 2204; baseline -0.008 -6"><span class='ocrx_word' id='word_1_309' title='bbox 168 2173 238 2198; x_wconf 82' lang='lat' dir='ltr'><strong>enim</strong></span> <span class='ocrx_word' id='word_1_310' title='bbox 253 2171 327 2197; x_wconf 81' lang='lat' dir='ltr'><strong>nuda</strong></span> <span class='ocrx_word' id='word_1_311' title='bbox 349 2173 373 2196; x_wconf 89' lang='lat' dir='ltr'><strong>et</strong></span> <span class='ocrx_word' id='word_1_312' title='bbox 389 2172 485 2204; x_wconf 82' lang='lat' dir='ltr'><strong>aperta</strong></span> <span class='ocrx_word' id='word_1_313' title='bbox 502 2171 563 2196; x_wconf 87' lang='lat' dir='ltr'><strong>sunt</strong></span> <span class='ocrx_word' id='word_1_314' title='bbox 585 2169 667 2195; x_wconf 76' lang='lat' dir='ltr'><strong>oculis</strong></span> <span class='ocrx_word' id='word_1_315' title='bbox 688 2168 756 2202; x_wconf 73' lang='lat' dir='ltr'><strong>eJ&#39;us.</strong></span> <span class='ocrx_word' id='word_1_316' title='bbox 776 2166 866 2194; x_wconf 83' lang='lat' dir='ltr'><strong>Aliter</strong></span> <span class='ocrx_word' id='word_1_317' title='bbox 880 2174 951 2193; x_wconf 86' lang='lat' dir='ltr'><strong>vero</strong></span> 
     </span>
     <span class='ocr_line' id='line_1_63' title="bbox 169 2215 952 2252; baseline -0.006 -7"><span class='ocrx_word' id='word_1_318' title='bbox 169 2217 248 2245; x_wconf 90' lang='lat' dir='ltr'><strong>oculi</strong></span> <span class='ocrx_word' id='word_1_319' title='bbox 262 2218 412 2252; x_wconf 88' lang='lat' dir='ltr'><strong>respectus</strong></span> <span class='ocrx_word' id='word_1_320' title='bbox 427 2216 528 2251; x_wconf 78' lang='lat' dir='ltr'><strong>gratiae</strong></span> <span class='ocrx_word' id='word_1_321' title='bbox 544 2216 606 2251; x_wconf 84' lang='lat' dir='ltr'><strong>ejus</strong></span> <span class='ocrx_word' id='word_1_322' title='bbox 627 2215 846 2250; x_wconf 86' lang='lat' dir='ltr'><strong>intelliguntur,</strong></span> <span class='ocrx_word' id='word_1_323' title='bbox 862 2215 894 2241; x_wconf 89' lang='lat' dir='ltr'><strong>ut</strong></span> <span class='ocrx_word' id='word_1_324' title='bbox 910 2216 952 2240; x_wconf 87' lang='lat' dir='ltr'><strong>est</strong></span> 
     </span>
     <span class='ocr_line' id='line_1_64' title="bbox 169 2261 951 2295; baseline -0.006 -4"><span class='ocrx_word' id='word_1_325' title='bbox 169 2264 246 2291; x_wconf 91' lang='lat' dir='ltr'><strong>illud</strong></span> <span class='ocrx_word' id='word_1_326' title='bbox 259 2264 291 2290; x_wconf 91' lang='lat' dir='ltr'><strong>in</strong></span> <span class='ocrx_word' id='word_1_327' title='bbox 306 2263 421 2290; x_wconf 87' lang='lat' dir='ltr'><strong>Psalmo</strong></span> <span class='ocrx_word' id='word_1_328' title='bbox 436 2262 446 2277; x_wconf 94' lang='grc'>”</span> <span class='ocrx_word' id='word_1_329' title='bbox 463 2272 469 2289; x_wconf 80' lang='lat' dir='ltr'>z</span> <span class='ocrx_word' id='word_1_330' title='bbox 486 2263 564 2290; x_wconf 79' lang='lat' dir='ltr'><strong>Oculi</strong></span> <span class='ocrx_word' id='word_1_331' title='bbox 584 2263 694 2289; x_wconf 84' lang='lat' dir='ltr'><strong>Domini</strong></span> <span class='ocrx_word' id='word_1_332' title='bbox 713 2269 793 2295; x_wconf 82' lang='lat' dir='ltr'><strong>super</strong></span> <span class='ocrx_word' id='word_1_333' title='bbox 811 2261 912 2295; x_wconf 72' lang='lat' dir='ltr'><strong>justos,</strong></span> <span class='ocrx_word' id='word_1_334' title='bbox 927 2263 951 2287; x_wconf 83' lang='lat' dir='ltr'><strong>et</strong></span> 
     </span>
     <span class='ocr_line' id='line_1_65' title="bbox 171 2306 952 2344; baseline -0.005 -7"><span class='ocrx_word' id='word_1_335' title='bbox 171 2318 248 2337; x_wconf 86' lang='lat' dir='ltr'><strong>aures</strong></span> <span class='ocrx_word' id='word_1_336' title='bbox 274 2310 330 2344; x_wconf 82' lang='lat' dir='ltr'><strong>ejus</strong></span> <span class='ocrx_word' id='word_1_337' title='bbox 354 2310 390 2336; x_wconf 84' lang='lat' dir='ltr'><strong>ad</strong></span> <span class='ocrx_word' id='word_1_338' title='bbox 418 2316 508 2344; x_wconf 76' lang='lat' dir='ltr'><strong>preces</strong></span> <span class='ocrx_word' id='word_1_339' title='bbox 534 2316 633 2335; x_wconf 85' lang='lat' dir='ltr'><strong>eorum.</strong></span> <span class='ocrx_word' id='word_1_340' title='bbox 664 2309 735 2335; x_wconf 88' lang='lat' dir='ltr'><strong>Item</strong></span> <span class='ocrx_word' id='word_1_341' title='bbox 766 2307 849 2334; x_wconf 85' lang='lat' dir='ltr'><strong>aliter</strong></span> <span class='ocrx_word' id='word_1_342' title='bbox 873 2306 952 2334; x_wconf 89' lang='lat' dir='ltr'><strong>oculi</strong></span> 
     </span>
     <span class='ocr_line' id='line_1_66' title="bbox 171 2352 952 2391; baseline -0.005 -8"><span class='ocrx_word' id='word_1_343' title='bbox 171 2356 287 2384; x_wconf 88' lang='lat' dir='ltr'><strong>Domini</strong></span> <span class='ocrx_word' id='word_1_344' title='bbox 302 2357 460 2391; x_wconf 72' lang='lat' dir='ltr'><strong>praecepta,</strong></span> <span class='ocrx_word' id='word_1_345' title='bbox 472 2363 525 2390; x_wconf 85' lang='lat' dir='ltr'><strong>per</strong></span> <span class='ocrx_word' id='word_1_346' title='bbox 537 2363 603 2390; x_wconf 76' lang='lat' dir='ltr'><strong>quae</strong></span> <span class='ocrx_word' id='word_1_347' title='bbox 612 2354 700 2381; x_wconf 88' lang='lat' dir='ltr'><strong>nobis</strong></span> <span class='ocrx_word' id='word_1_348' title='bbox 709 2354 811 2381; x_wconf 89' lang='lat' dir='ltr'><strong>lumen</strong></span> <span class='ocrx_word' id='word_1_349' title='bbox 826 2352 952 2380; x_wconf 75' lang='lat' dir='ltr'><strong>scientiae</strong></span> 
     </span>
     <span class='ocr_line' id='line_1_67' title="bbox 172 2399 952 2436; baseline -0.006 -6"><span class='ocrx_word' id='word_1_350' title='bbox 172 2403 388 2436; x_wconf 85' lang='lat' dir='ltr'><strong>subministrat,</strong></span> <span class='ocrx_word' id='word_1_351' title='bbox 405 2401 526 2436; x_wconf 77' lang='lat' dir='ltr'><strong>mystice</strong></span> <span class='ocrx_word' id='word_1_352' title='bbox 539 2401 757 2435; x_wconf 80' lang='lat' dir='ltr'><strong>intelliguntur,</strong></span> <span class='ocrx_word' id='word_1_353' title='bbox 775 2403 805 2427; x_wconf 86' lang='lat' dir='ltr'><strong>ut</strong></span> <span class='ocrx_word' id='word_1_354' title='bbox 822 2402 863 2427; x_wconf 76' lang='lat' dir='ltr'><strong>est</strong></span> <span class='ocrx_word' id='word_1_355' title='bbox 877 2399 952 2426; x_wconf 87' lang='lat' dir='ltr'><strong>illud</strong></span> 
     </span>
     <span class='ocr_line' id='line_1_68' title="bbox 173 2447 952 2482; baseline -0.006 -6"><span class='ocrx_word' id='word_1_356' title='bbox 173 2450 203 2476; x_wconf 90' lang='lat' dir='ltr'><strong>in</strong></span> <span class='ocrx_word' id='word_1_357' title='bbox 217 2450 332 2476; x_wconf 86' lang='lat' dir='ltr'><strong>Psalmo</strong></span> <span class='ocrx_word' id='word_1_358' title='bbox 347 2450 356 2464; x_wconf 63' lang='lat'><strong>²³</strong></span> <span class='ocrx_word' id='word_1_359' title='bbox 375 2458 381 2475; x_wconf 92' lang='lat'><strong>:</strong></span> <span class='ocrx_word' id='word_1_360' title='bbox 398 2450 562 2482; x_wconf 58' lang='lat' dir='ltr'><strong>Praeceptum</strong></span> <span class='ocrx_word' id='word_1_361' title='bbox 575 2449 684 2474; x_wconf 81' lang='lat' dir='ltr'><strong>Domini</strong></span> <span class='ocrx_word' id='word_1_362' title='bbox 700 2447 835 2477; x_wconf 75' lang='lat' dir='ltr'><strong>lucidum,</strong></span> <span class='ocrx_word' id='word_1_363' title='bbox 851 2447 952 2472; x_wconf 80' lang='lat' dir='ltr'><strong>illumi-</strong></span> 
     </span>
     <span class='ocr_line' id='line_1_69' title="bbox 174 2496 561 2527; baseline -0.005 -5"><span class='ocrx_word' id='word_1_364' title='bbox 174 2504 241 2523; x_wconf 86' lang='lat' dir='ltr'><strong>nans</strong></span> <span class='ocrx_word' id='word_1_365' title='bbox 258 2496 356 2522; x_wconf 84' lang='lat' dir='ltr'><strong>oculos.</strong></span> <span class='ocrx_word' id='word_1_366' title='bbox 559 2524 561 2527; x_wconf 90' lang='lat'>.</span> 
     </span>
    </p>

    <p class='ocr_par' dir='ltr' id='par_1_11' title="bbox 210 2538 952 2577">
     <span class='ocr_line' id='line_1_70' title="bbox 210 2538 952 2577; baseline -0.005 -8"><span class='ocrx_word' id='word_1_367' title='bbox 210 2540 360 2577; x_wconf 79' lang='lat' dir='ltr'><strong>Palpebrae</strong></span> <span class='ocrx_word' id='word_1_368' title='bbox 382 2541 517 2574; x_wconf 89' lang='lat' dir='ltr'><strong>Domini,</strong></span> <span class='ocrx_word' id='word_1_369' title='bbox 537 2540 652 2567; x_wconf 85' lang='lat' dir='ltr'><strong>occulta</strong></span> <span class='ocrx_word' id='word_1_370' title='bbox 676 2541 703 2567; x_wconf 90' lang='lat' dir='ltr'><strong>et</strong></span> <span class='ocrx_word' id='word_1_371' title='bbox 726 2538 952 2574; x_wconf 84' lang='lat' dir='ltr'><strong>incomprehen-</strong></span> 
     </span>
    </p>
   </div>
   <div class='ocr_carea' id='block_1_7' title="bbox 175 2612 953 2716">
    <p class='ocr_par' dir='ltr' id='par_1_12' title="bbox 175 2612 953 2716">
     <span class='ocr_line' id='line_1_71' title="bbox 210 2612 950 2645; baseline -0.007 -7"><span class='ocrx_word' id='word_1_372' title='bbox 210 2615 326 2645; x_wconf 67' lang='lat' dir='ltr'><strong>¹1Tim„</strong></span> <span class='ocrx_word' id='word_1_373' title='bbox 341 2616 430 2645; x_wconf 78' lang='lat' dir='ltr'><strong>v1,16.</strong></span> <span class='ocrx_word' id='word_1_374' title='bbox 441 2627 471 2632; x_wconf 90' lang='lat'><strong>-—</strong></span> <span class='ocrx_word' id='word_1_375' title='bbox 484 2614 492 2627; x_wconf 75' lang='lat'><strong>²</strong></span> <span class='ocrx_word' id='word_1_376' title='bbox 506 2614 581 2641; x_wconf 79' lang='lat' dir='ltr'><strong>Dan.‚</strong></span> <span class='ocrx_word' id='word_1_377' title='bbox 597 2615 682 2642; x_wconf 74' lang='lat' dir='ltr'><strong>V11,9.</strong></span> <span class='ocrx_word' id='word_1_378' title='bbox 695 2626 724 2630; x_wconf 95' lang='lat'><strong>——</strong></span> <span class='ocrx_word' id='word_1_379' title='bbox 739 2613 749 2629; x_wconf 81' lang='lat'><strong>³</strong></span> <span class='ocrx_word' id='word_1_380' title='bbox 761 2612 950 2641; x_wconf 70' lang='lat' dir='ltr'><strong>Heb7·.,1v,13.</strong></span> 
     </span>
     <span class='ocr_line' id='line_1_72' title="bbox 175 2647 953 2679; baseline -0.005 -6"><span class='ocrx_word' id='word_1_381' title='bbox 175 2662 207 2667; x_wconf 91' lang='lat'><strong>—-</strong></span> <span class='ocrx_word' id='word_1_382' title='bbox 222 2650 232 2665; x_wconf 57' lang='grc' dir='ltr'><strong><em>Β</em></strong></span> <span class='ocrx_word' id='word_1_383' title='bbox 244 2649 311 2674; x_wconf 83' lang='lat' dir='ltr'><strong>Psal.</strong></span> <span class='ocrx_word' id='word_1_384' title='bbox 328 2655 420 2679; x_wconf 76' lang='lat' dir='ltr'><strong>xxxin,</strong></span> <span class='ocrx_word' id='word_1_385' title='bbox 438 2651 474 2673; x_wconf 82' lang='grc'><strong>16.</strong></span> <span class='ocrx_word' id='word_1_386' title='bbox 489 2662 518 2666; x_wconf 92' lang='grc'>-</span> <span class='ocrx_word' id='word_1_387' title='bbox 533 2650 542 2665; x_wconf 77' lang='lat'>⁵</span> <span class='ocrx_word' id='word_1_388' title='bbox 558 2648 627 2672; x_wconf 73' lang='lat' dir='ltr'><strong>Psal.</strong></span> <span class='ocrx_word' id='word_1_389' title='bbox 642 2654 720 2678; x_wconf 79' lang='lat' dir='ltr'><strong>xvui,</strong></span> <span class='ocrx_word' id='word_1_390' title='bbox 736 2650 760 2672; x_wconf 84' lang='lat'><strong>9.</strong></span> <span class='ocrx_word' id='word_1_391' title='bbox 775 2661 805 2666; x_wconf 86' lang='lat'>-</span> <span class='ocrx_word' id='word_1_392' title='bbox 821 2650 829 2660; x_wconf 58' lang='lat'><strong>¹*</strong></span> <span class='ocrx_word' id='word_1_393' title='bbox 844 2647 910 2671; x_wconf 84' lang='lat' dir='ltr'><strong>Psal.</strong></span> <span class='ocrx_word' id='word_1_394' title='bbox 927 2654 953 2676; x_wconf 76' lang='lat' dir='ltr'><strong>X,</strong></span> 
     </span>
     <span class='ocr_line' id='line_1_73' title="bbox 177 2681 952 2716; baseline -0.003 -8"><span class='ocrx_word' id='word_1_395' title='bbox 177 2686 201 2708; x_wconf 88' lang='lat'><strong>5.</strong></span> <span class='ocrx_word' id='word_1_396' title='bbox 216 2698 246 2702; x_wconf 97' lang='lat'><strong>—</strong></span> <span class='ocrx_word' id='word_1_397' title='bbox 265 2685 276 2701; x_wconf 83' lang='lat'><strong>&#39;¹</strong></span> <span class='ocrx_word' id='word_1_398' title='bbox 292 2685 362 2716; x_wconf 82' lang='lat' dir='ltr'><strong>Sap.‚</strong></span> <span class='ocrx_word' id='word_1_399' title='bbox 383 2690 401 2714; x_wconf 83' lang='lat'><strong>1,</strong></span> <span class='ocrx_word' id='word_1_400' title='bbox 423 2687 461 2708; x_wconf 89' lang='lat'><strong>10.</strong></span> <span class='ocrx_word' id='word_1_401' title='bbox 479 2698 508 2702; x_wconf 94' lang='lat'>—</span> <span class='ocrx_word' id='word_1_402' title='bbox 527 2684 537 2700; x_wconf 81' lang='lat'>⁸</span> <span class='ocrx_word' id='word_1_403' title='bbox 559 2685 578 2707; x_wconf 89' lang='lat' dir='ltr'><strong>ll</strong></span> <span class='ocrx_word' id='word_1_404' title='bbox 598 2684 667 2715; x_wconf 60' lang='lat' dir='ltr'><strong>neq„</strong></span> <span class='ocrx_word' id='word_1_405' title='bbox 682 2690 749 2714; x_wconf 74' lang='lat' dir='ltr'><strong>xxu,</strong></span> <span class='ocrx_word' id='word_1_406' title='bbox 765 2684 788 2707; x_wconf 79' lang='lat'><strong>9.</strong></span> <span class='ocrx_word' id='word_1_407' title='bbox 807 2697 837 2701; x_wconf 94' lang='lat'><em>-</em></span> <span class='ocrx_word' id='word_1_408' title='bbox 856 2683 864 2697; x_wconf 48' lang='grc' dir='ltr'><strong>ξ’</strong></span> <span class='ocrx_word' id='word_1_409' title='bbox 885 2681 952 2706; x_wconf 80' lang='lat' dir='ltr'><strong>Psal.</strong></span> 
     </span>
    </p>
   </div>
   <div class='ocr_carea' id='block_1_8' title="bbox 1001 223 1797 2525">
    <p class='ocr_par' dir='ltr' id='par_1_13' title="bbox 1003 223 1788 513">
     <span class='ocr_line' id='line_1_74' title="bbox 1749 223 1787 252; baseline 0.053 -2"><span class='ocrx_word' id='word_1_410' title='bbox 1749 223 1787 252; x_wconf 68' lang='lat'><strong>55</strong></span> 
     </span>
     <span class='ocr_line' id='line_1_75' title="bbox 1003 287 1788 326; baseline -0.005 -8"><span class='ocrx_word' id='word_1_411' title='bbox 1003 290 1102 318; x_wconf 76' lang='lat' dir='ltr'><strong>sibilia</strong></span> <span class='ocrx_word' id='word_1_412' title='bbox 1121 290 1248 325; x_wconf 76' lang='lat' dir='ltr'><strong>judicia,</strong></span> <span class='ocrx_word' id='word_1_413' title='bbox 1265 290 1326 317; x_wconf 90' lang='lat' dir='ltr'><strong>sive</strong></span> <span class='ocrx_word' id='word_1_414' title='bbox 1343 288 1504 326; x_wconf 84' lang='lat' dir='ltr'><strong>spiritualis</strong></span> <span class='ocrx_word' id='word_1_415' title='bbox 1523 288 1553 316; x_wconf 88' lang='lat' dir='ltr'><strong>in</strong></span> <span class='ocrx_word' id='word_1_416' title='bbox 1575 287 1683 315; x_wconf 82' lang='lat' dir='ltr'><strong>divinis</strong></span> <span class='ocrx_word' id='word_1_417' title='bbox 1704 287 1788 315; x_wconf 88' lang='lat' dir='ltr'><strong>libris</strong></span> 
     </span>
     <span class='ocr_line' id='line_1_76' title="bbox 1004 334 1787 373; baseline -0.005 -8"><span class='ocrx_word' id='word_1_418' title='bbox 1004 338 1068 373; x_wconf 89' lang='lat' dir='ltr'><strong>ejus</strong></span> <span class='ocrx_word' id='word_1_419' title='bbox 1083 337 1195 365; x_wconf 88' lang='lat' dir='ltr'><strong>locutio</strong></span> <span class='ocrx_word' id='word_1_420' title='bbox 1211 336 1352 364; x_wconf 80' lang='lat' dir='ltr'><strong>innuitur.</strong></span> <span class='ocrx_word' id='word_1_421' title='bbox 1376 338 1413 364; x_wconf 89' lang='lat' dir='ltr'><strong>De</strong></span> <span class='ocrx_word' id='word_1_422' title='bbox 1434 335 1544 372; x_wconf 88' lang='lat' dir='ltr'><strong>quibus</strong></span> <span class='ocrx_word' id='word_1_423' title='bbox 1562 334 1685 363; x_wconf 87' lang='lat' dir='ltr'><strong>occultis</strong></span> <span class='ocrx_word' id='word_1_424' title='bbox 1700 336 1728 362; x_wconf 85' lang='lat' dir='ltr'><strong>et</strong></span> <span class='ocrx_word' id='word_1_425' title='bbox 1742 334 1787 361; x_wconf 91' lang='lat' dir='ltr'><strong>in-</strong></span> 
     </span>
     <span class='ocr_line' id='line_1_77' title="bbox 1003 380 1787 419; baseline -0.005 -7"><span class='ocrx_word' id='word_1_426' title='bbox 1003 383 1325 419; x_wconf 87' lang='lat' dir='ltr'><strong>comprehensibilibus</strong></span> <span class='ocrx_word' id='word_1_427' title='bbox 1347 382 1538 411; x_wconf 81' lang='lat' dir='ltr'><strong>sacramentis</strong></span> <span class='ocrx_word' id='word_1_428' title='bbox 1559 384 1648 418; x_wconf 87' lang='lat' dir='ltr'><strong>atque</strong></span> <span class='ocrx_word' id='word_1_429' title='bbox 1666 380 1787 416; x_wconf 87' lang='lat' dir='ltr'><strong>judiciis</strong></span> 
     </span>
     <span class='ocr_line' id='line_1_78' title="bbox 1004 429 1785 464; baseline -0.005 -5"><span class='ocrx_word' id='word_1_430' title='bbox 1004 431 1116 459; x_wconf 89' lang='lat' dir='ltr'><strong>dictum</strong></span> <span class='ocrx_word' id='word_1_431' title='bbox 1131 432 1173 459; x_wconf 87' lang='lat' dir='ltr'><strong>est</strong></span> <span class='ocrx_word' id='word_1_432' title='bbox 1189 431 1220 458; x_wconf 92' lang='lat' dir='ltr'><strong>in</strong></span> <span class='ocrx_word' id='word_1_433' title='bbox 1234 430 1351 458; x_wconf 88' lang='lat' dir='ltr'><strong>Psalmo</strong></span> <span class='ocrx_word' id='word_1_434' title='bbox 1366 430 1376 446; x_wconf 81' lang='lat'>⁸</span> <span class='ocrx_word' id='word_1_435' title='bbox 1400 438 1406 457; x_wconf 94' lang='lat'><strong>:</strong></span> <span class='ocrx_word' id='word_1_436' title='bbox 1432 430 1570 464; x_wconf 83' lang='lat' dir='ltr'><strong>Palpebroe</strong></span> <span class='ocrx_word' id='word_1_437' title='bbox 1592 429 1648 463; x_wconf 85' lang='lat' dir='ltr'><strong>ejus</strong></span> <span class='ocrx_word' id='word_1_438' title='bbox 1667 429 1785 455; x_wconf 84' lang='lat' dir='ltr'><strong>interro-</strong></span> 
     </span>
     <span class='ocr_line' id='line_1_79' title="bbox 1003 470 1622 513; baseline -0.005 -8"><span class='ocrx_word' id='word_1_439' title='bbox 1003 481 1068 513; x_wconf 65' lang='lat' dir='ltr'><strong>gant</strong></span> <span class='ocrx_word' id='word_1_440' title='bbox 1083 479 1155 513; x_wconf 78' lang='lat' dir='ltr'><strong>filios</strong></span> <span class='ocrx_word' id='word_1_441' title='bbox 1166 470 1324 512; x_wconf 59' lang='lat' dir='ltr'><strong>nominum,</strong></span> <span class='ocrx_word' id='word_1_442' title='bbox 1340 477 1398 504; x_wconf 84' lang='lat' dir='ltr'><strong>hoe</strong></span> <span class='ocrx_word' id='word_1_443' title='bbox 1416 477 1472 511; x_wconf 90' lang='lat' dir='ltr'><strong>est,</strong></span> <span class='ocrx_word' id='word_1_444' title='bbox 1485 475 1622 511; x_wconf 85' lang='lat' dir='ltr'><strong>probant.</strong></span> 
     </span>
    </p>

    <p class='ocr_par' dir='ltr' id='par_1_14' title="bbox 1004 521 1788 694">
     <span class='ocr_line' id='line_1_80' title="bbox 1040 521 1788 558; baseline -0.005 -5"><span class='ocrx_word' id='word_1_445' title='bbox 1040 528 1130 554; x_wconf 77' lang='lat' dir='ltr'><strong>Aures</strong></span> <span class='ocrx_word' id='word_1_446' title='bbox 1150 524 1258 552; x_wconf 84' lang='lat' dir='ltr'><strong>dicitur</strong></span> <span class='ocrx_word' id='word_1_447' title='bbox 1280 525 1355 551; x_wconf 85' lang='lat' dir='ltr'><strong>Deus</strong></span> <span class='ocrx_word' id='word_1_448' title='bbox 1376 523 1502 556; x_wconf 87' lang='lat' dir='ltr'><strong>habere,</strong></span> <span class='ocrx_word' id='word_1_449' title='bbox 1522 524 1681 558; x_wconf 86' lang='lat' dir='ltr'><strong>propterca</strong></span> <span class='ocrx_word' id='word_1_450' title='bbox 1703 521 1788 557; x_wconf 90' lang='lat' dir='ltr'><strong>quod</strong></span> 
     </span>
     <span class='ocr_line' id='line_1_81' title="bbox 1004 569 1786 607; baseline -0.006 -6"><span class='ocrx_word' id='word_1_451' title='bbox 1004 572 1106 601; x_wconf 85' lang='lat' dir='ltr'><strong>omnia</strong></span> <span class='ocrx_word' id='word_1_452' title='bbox 1121 571 1222 607; x_wconf 87' lang='lat' dir='ltr'><strong>audit,</strong></span> <span class='ocrx_word' id='word_1_453' title='bbox 1240 572 1267 599; x_wconf 89' lang='lat' dir='ltr'><strong>et</strong></span> <span class='ocrx_word' id='word_1_454' title='bbox 1288 570 1331 598; x_wconf 89' lang='lat' dir='ltr'><strong>nil</strong></span> <span class='ocrx_word' id='word_1_455' title='bbox 1346 578 1415 598; x_wconf 88' lang='lat' dir='ltr'><strong>eum</strong></span> <span class='ocrx_word' id='word_1_456' title='bbox 1437 569 1493 598; x_wconf 90' lang='lat' dir='ltr'><strong>sub</strong></span> <span class='ocrx_word' id='word_1_457' title='bbox 1513 569 1630 597; x_wconf 87' lang='lat' dir='ltr'><strong>silentio</strong></span> <span class='ocrx_word' id='word_1_458' title='bbox 1652 569 1731 597; x_wconf 87' lang='lat' dir='ltr'><strong>latet.</strong></span> <span class='ocrx_word' id='word_1_459' title='bbox 1748 571 1786 597; x_wconf 89' lang='lat' dir='ltr'><strong>De</strong></span> 
     </span>
     <span class='ocr_line' id='line_1_82' title="bbox 1004 616 1787 655; baseline -0.006 -8"><span class='ocrx_word' id='word_1_460' title='bbox 1004 627 1065 655; x_wconf 86' lang='lat' dir='ltr'><strong>quo</strong></span> <span class='ocrx_word' id='word_1_461' title='bbox 1078 619 1109 646; x_wconf 89' lang='lat' dir='ltr'><strong>in</strong></span> <span class='ocrx_word' id='word_1_462' title='bbox 1122 618 1201 646; x_wconf 88' lang='lat' dir='ltr'><strong>libro</strong></span> <span class='ocrx_word' id='word_1_463' title='bbox 1216 617 1370 654; x_wconf 70' lang='lat' dir='ltr'><strong>Sapientize</strong></span> <span class='ocrx_word' id='word_1_464' title='bbox 1381 618 1390 634; x_wconf 82' lang='lat'>⁷</span> <span class='ocrx_word' id='word_1_465' title='bbox 1403 626 1410 644; x_wconf 90' lang='lat'>:</span> <span class='ocrx_word' id='word_1_466' title='bbox 1427 617 1514 644; x_wconf 86' lang='lat' dir='ltr'><strong>Auris</strong></span> <span class='ocrx_word' id='word_1_467' title='bbox 1528 617 1581 644; x_wconf 82' lang='lat' dir='ltr'><strong>zeli</strong></span> <span class='ocrx_word' id='word_1_468' title='bbox 1593 616 1673 643; x_wconf 82' lang='lat' dir='ltr'><strong>audit</strong></span> <span class='ocrx_word' id='word_1_469' title='bbox 1684 618 1787 650; x_wconf 81' lang='lat' dir='ltr'><strong>omnia,</strong></span> 
     </span>
     <span class='ocr_line' id='line_1_83' title="bbox 1004 663 1704 694; baseline -0.004 -1"><span class='ocrx_word' id='word_1_470' title='bbox 1004 669 1029 693; x_wconf 83' lang='lat' dir='ltr'><strong>et</strong></span> <span class='ocrx_word' id='word_1_471' title='bbox 1046 666 1178 694; x_wconf 83' lang='lat' dir='ltr'><strong>tumultus</strong></span> <span class='ocrx_word' id='word_1_472' title='bbox 1193 666 1441 692; x_wconf 77' lang='lat' dir='ltr'><strong>murmurationum</strong></span> <span class='ocrx_word' id='word_1_473' title='bbox 1454 672 1505 691; x_wconf 80' lang='lat' dir='ltr'><strong>non</strong></span> <span class='ocrx_word' id='word_1_474' title='bbox 1520 663 1704 690; x_wconf 78' lang='lat' dir='ltr'><strong>absconditur.</strong></span> 
     </span>
    </p>

    <p class='ocr_par' dir='ltr' id='par_1_15' title="bbox 1003 709 1788 888">
     <span class='ocr_line' id='line_1_84' title="bbox 1039 709 1786 747; baseline -0.005 -7"><span class='ocrx_word' id='word_1_475' title='bbox 1039 714 1128 740; x_wconf 86' lang='lat' dir='ltr'><strong>Nares</strong></span> <span class='ocrx_word' id='word_1_476' title='bbox 1144 712 1209 747; x_wconf 91' lang='lat' dir='ltr'><strong>Dei,</strong></span> <span class='ocrx_word' id='word_1_477' title='bbox 1230 710 1384 747; x_wconf 89' lang='lat' dir='ltr'><strong>inspiratio</strong></span> <span class='ocrx_word' id='word_1_478' title='bbox 1400 710 1463 745; x_wconf 89' lang='lat' dir='ltr'><strong>ejus</strong></span> <span class='ocrx_word' id='word_1_479' title='bbox 1483 710 1513 737; x_wconf 93' lang='lat' dir='ltr'><strong>in</strong></span> <span class='ocrx_word' id='word_1_480' title='bbox 1528 709 1618 737; x_wconf 84' lang='lat' dir='ltr'><strong>corde</strong></span> <span class='ocrx_word' id='word_1_481' title='bbox 1633 709 1786 744; x_wconf 88' lang='lat' dir='ltr'><strong>fidelium;</strong></span> 
     </span>
     <span class='ocr_line' id='line_1_85' title="bbox 1004 756 1788 792; baseline -0.004 -5"><span class='ocrx_word' id='word_1_482' title='bbox 1004 762 1036 787; x_wconf 90' lang='lat' dir='ltr'><strong>ut</strong></span> <span class='ocrx_word' id='word_1_483' title='bbox 1052 761 1093 788; x_wconf 83' lang='lat' dir='ltr'><strong>est</strong></span> <span class='ocrx_word' id='word_1_484' title='bbox 1108 760 1138 787; x_wconf 87' lang='lat' dir='ltr'><strong>iu</strong></span> <span class='ocrx_word' id='word_1_485' title='bbox 1153 759 1232 787; x_wconf 88' lang='lat' dir='ltr'><strong>libro</strong></span> <span class='ocrx_word' id='word_1_486' title='bbox 1247 758 1380 786; x_wconf 87' lang='lat' dir='ltr'><strong>secundo</strong></span> <span class='ocrx_word' id='word_1_487' title='bbox 1395 759 1496 792; x_wconf 65' lang='lat' dir='ltr'><strong>Regum</strong></span> <span class='ocrx_word' id='word_1_488' title='bbox 1507 757 1518 774; x_wconf 81' lang='lat'>⁸</span> <span class='ocrx_word' id='word_1_489' title='bbox 1532 765 1538 784; x_wconf 93' lang='lat'>:</span> <span class='ocrx_word' id='word_1_490' title='bbox 1554 756 1684 784; x_wconf 80' lang='lat' dir='ltr'><strong>Ascendit</strong></span> <span class='ocrx_word' id='word_1_491' title='bbox 1696 758 1788 790; x_wconf 75' lang='lat' dir='ltr'><strong>fumus</strong></span> 
     </span>
     <span class='ocr_line' id='line_1_86' title="bbox 1005 803 1788 841; baseline -0.005 -7"><span class='ocrx_word' id='word_1_492' title='bbox 1005 807 1037 834; x_wconf 78' lang='lat' dir='ltr'><strong>cle</strong></span> <span class='ocrx_word' id='word_1_493' title='bbox 1049 807 1170 838; x_wconf 79' lang='lat' dir='ltr'><strong>naribus,</strong></span> <span class='ocrx_word' id='word_1_494' title='bbox 1186 806 1218 834; x_wconf 91' lang='lat' dir='ltr'><strong>id</strong></span> <span class='ocrx_word' id='word_1_495' title='bbox 1237 808 1289 840; x_wconf 84' lang='lat' dir='ltr'><strong>est,</strong></span> <span class='ocrx_word' id='word_1_496' title='bbox 1303 805 1472 841; x_wconf 86' lang='lat' dir='ltr'><strong>lacrymosa</strong></span> <span class='ocrx_word' id='word_1_497' title='bbox 1486 803 1677 839; x_wconf 84' lang='lat' dir='ltr'><strong>compunctio</strong></span> <span class='ocrx_word' id='word_1_498' title='bbox 1694 803 1788 839; x_wconf 86' lang='lat' dir='ltr'><strong>poeni-</strong></span> 
     </span>
     <span class='ocr_line' id='line_1_87' title="bbox 1003 851 1479 888; baseline -0.006 -7"><span class='ocrx_word' id='word_1_499' title='bbox 1003 853 1129 881; x_wconf 86' lang='lat' dir='ltr'><strong>tentium</strong></span> <span class='ocrx_word' id='word_1_500' title='bbox 1145 853 1181 880; x_wconf 90' lang='lat' dir='ltr'><strong>de</strong></span> <span class='ocrx_word' id='word_1_501' title='bbox 1196 851 1390 888; x_wconf 88' lang='lat' dir='ltr'><strong>inspiratione</strong></span> <span class='ocrx_word' id='word_1_502' title='bbox 1406 851 1479 887; x_wconf 74' lang='lat' dir='ltr'><strong>ejus,</strong></span> 
     </span>
    </p>

    <p class='ocr_par' dir='ltr' id='par_1_16' title="bbox 1005 896 1793 1450">
     <span class='ocr_line' id='line_1_88' title="bbox 1041 896 1789 934; baseline -0.004 -7"><span class='ocrx_word' id='word_1_503' title='bbox 1041 900 1139 927; x_wconf 84' lang='lat' dir='ltr'><strong>Facies</strong></span> <span class='ocrx_word' id='word_1_504' title='bbox 1154 900 1218 934; x_wconf 88' lang='lat' dir='ltr'><strong>Dei,</strong></span> <span class='ocrx_word' id='word_1_505' title='bbox 1235 898 1366 934; x_wconf 83' lang='lat' dir='ltr'><strong>cognitio</strong></span> <span class='ocrx_word' id='word_1_506' title='bbox 1383 897 1543 925; x_wconf 87' lang='lat' dir='ltr'><strong>divinitatis</strong></span> <span class='ocrx_word' id='word_1_507' title='bbox 1558 897 1621 932; x_wconf 88' lang='lat' dir='ltr'><strong>ejus</strong></span> <span class='ocrx_word' id='word_1_508' title='bbox 1635 897 1674 924; x_wconf 88' lang='lat' dir='ltr'><strong>ad</strong></span> <span class='ocrx_word' id='word_1_509' title='bbox 1693 896 1789 924; x_wconf 91' lang='lat' dir='ltr'><strong>homi-</strong></span> 
     </span>
     <span class='ocr_line' id='line_1_89' title="bbox 1005 943 1790 982; baseline -0.005 -8"><span class='ocrx_word' id='word_1_510' title='bbox 1005 955 1067 974; x_wconf 78' lang='lat' dir='ltr'><strong>ncS.</strong></span> <span class='ocrx_word' id='word_1_511' title='bbox 1094 948 1131 973; x_wconf 91' lang='lat' dir='ltr'><strong>De</strong></span> <span class='ocrx_word' id='word_1_512' title='bbox 1157 954 1217 982; x_wconf 85' lang='lat' dir='ltr'><strong>qua</strong></span> <span class='ocrx_word' id='word_1_513' title='bbox 1242 945 1412 980; x_wconf 84' lang='lat' dir='ltr'><strong>cognitione</strong></span> <span class='ocrx_word' id='word_1_514' title='bbox 1439 945 1469 971; x_wconf 90' lang='lat' dir='ltr'><strong>in</strong></span> <span class='ocrx_word' id='word_1_515' title='bbox 1498 944 1620 972; x_wconf 87' lang='lat' dir='ltr'><strong>Psalmis</strong></span> <span class='ocrx_word' id='word_1_516' title='bbox 1647 943 1790 979; x_wconf 85' lang='lat' dir='ltr'><strong>scriptum</strong></span> 
     </span>
     <span class='ocr_line' id='line_1_90' title="bbox 1006 990 1791 1027; baseline -0.004 -7"><span class='ocrx_word' id='word_1_517' title='bbox 1006 995 1047 1020; x_wconf 87' lang='lat' dir='ltr'><strong>est</strong></span> <span class='ocrx_word' id='word_1_518' title='bbox 1066 994 1096 1020; x_wconf 69' lang='lat'><strong>⁵³:</strong></span> <span class='ocrx_word' id='word_1_519' title='bbox 1123 993 1239 1021; x_wconf 79' lang='lat' dir='ltr'><strong>Ostende</strong></span> <span class='ocrx_word' id='word_1_520' title='bbox 1261 993 1336 1019; x_wconf 88' lang='lat' dir='ltr'><strong>nobis</strong></span> <span class='ocrx_word' id='word_1_521' title='bbox 1360 992 1459 1027; x_wconf 84' lang='lat' dir='ltr'><strong>faciem</strong></span> <span class='ocrx_word' id='word_1_522' title='bbox 1485 994 1573 1024; x_wconf 79' lang='lat' dir='ltr'><strong>tuum,</strong></span> <span class='ocrx_word' id='word_1_523' title='bbox 1598 991 1656 1018; x_wconf 88' lang='lat' dir='ltr'><strong>hoc</strong></span> <span class='ocrx_word' id='word_1_524' title='bbox 1676 993 1731 1025; x_wconf 87' lang='lat' dir='ltr'><strong>est,</strong></span> <span class='ocrx_word' id='word_1_525' title='bbox 1751 990 1791 1017; x_wconf 90' lang='lat' dir='ltr'><strong>da</strong></span> 
     </span>
     <span class='ocr_line' id='line_1_91' title="bbox 1006 1037 1791 1075; baseline -0.004 -8"><span class='ocrx_word' id='word_1_526' title='bbox 1006 1040 1093 1067; x_wconf 88' lang='lat' dir='ltr'><strong>nobis</strong></span> <span class='ocrx_word' id='word_1_527' title='bbox 1119 1040 1321 1075; x_wconf 86' lang='lat' dir='ltr'><strong>cognitionem</strong></span> <span class='ocrx_word' id='word_1_528' title='bbox 1351 1040 1454 1072; x_wconf 89' lang='lat' dir='ltr'><strong>tuam,</strong></span> <span class='ocrx_word' id='word_1_529' title='bbox 1484 1037 1556 1074; x_wconf 83' lang='lat' dir='ltr'><strong>quia</strong></span> <span class='ocrx_word' id='word_1_530' title='bbox 1580 1037 1709 1073; x_wconf 86' lang='lat' dir='ltr'><strong>cognitio</strong></span> <span class='ocrx_word' id='word_1_531' title='bbox 1738 1045 1791 1073; x_wconf 90' lang='lat' dir='ltr'><strong>per</strong></span> 
     </span>
     <span class='ocr_line' id='line_1_92' title="bbox 1006 1085 1792 1117; baseline -0.005 -3"><span class='ocrx_word' id='word_1_532' title='bbox 1006 1087 1112 1114; x_wconf 89' lang='lat' dir='ltr'><strong>Filium</strong></span> <span class='ocrx_word' id='word_1_533' title='bbox 1132 1087 1151 1102; x_wconf 88' lang='lat'><strong>¹⁰</strong></span> <span class='ocrx_word' id='word_1_534' title='bbox 1169 1096 1174 1113; x_wconf 83' lang='lat' dir='ltr'>z</span> <span class='ocrx_word' id='word_1_535' title='bbox 1193 1087 1275 1114; x_wconf 82' lang='lat' dir='ltr'><strong>Nemo</strong></span> <span class='ocrx_word' id='word_1_536' title='bbox 1298 1086 1373 1112; x_wconf 84' lang='lat' dir='ltr'><strong>novit</strong></span> <span class='ocrx_word' id='word_1_537' title='bbox 1392 1086 1502 1112; x_wconf 85' lang='lat' dir='ltr'><strong>Patrem</strong></span> <span class='ocrx_word' id='word_1_538' title='bbox 1517 1086 1573 1111; x_wconf 82' lang='lat' dir='ltr'><strong>nisi</strong></span> <span class='ocrx_word' id='word_1_539' title='bbox 1587 1085 1691 1117; x_wconf 83' lang='lat' dir='ltr'><strong>Filius,</strong></span> <span class='ocrx_word' id='word_1_540' title='bbox 1708 1087 1732 1111; x_wconf 84' lang='lat' dir='ltr'><strong>et</strong></span> <span class='ocrx_word' id='word_1_541' title='bbox 1748 1086 1792 1111; x_wconf 90' lang='lat' dir='ltr'><strong>cui</strong></span> 
     </span>
     <span class='ocr_line' id='line_1_93' title="bbox 1006 1130 1791 1160; baseline -0.004 0"><span class='ocrx_word' id='word_1_542' title='bbox 1006 1134 1123 1160; x_wconf 77' lang='lat' dir='ltr'><strong>voluerit</strong></span> <span class='ocrx_word' id='word_1_543' title='bbox 1145 1134 1234 1160; x_wconf 80' lang='lat' dir='ltr'><strong>Filius</strong></span> <span class='ocrx_word' id='word_1_544' title='bbox 1256 1133 1384 1160; x_wconf 73' lang='lat' dir='ltr'><strong>revelare.</strong></span> <span class='ocrx_word' id='word_1_545' title='bbox 1415 1132 1505 1159; x_wconf 83' lang='lat' dir='ltr'><strong>Aliter</strong></span> <span class='ocrx_word' id='word_1_546' title='bbox 1527 1139 1599 1158; x_wconf 86' lang='lat' dir='ltr'><strong>vero</strong></span> <span class='ocrx_word' id='word_1_547' title='bbox 1626 1130 1716 1158; x_wconf 80' lang='lat' dir='ltr'><strong>facies</strong></span> <span class='ocrx_word' id='word_1_548' title='bbox 1741 1130 1791 1158; x_wconf 91' lang='lat' dir='ltr'><strong>Dei</strong></span> 
     </span>
     <span class='ocr_line' id='line_1_94' title="bbox 1006 1177 1791 1215; baseline -0.004 -8"><span class='ocrx_word' id='word_1_549' title='bbox 1006 1179 1153 1215; x_wconf 84' lang='lat' dir='ltr'><strong>significat</strong></span> <span class='ocrx_word' id='word_1_550' title='bbox 1169 1179 1352 1207; x_wconf 84' lang='lat' dir='ltr'><strong>invisibilem</strong></span> <span class='ocrx_word' id='word_1_551' title='bbox 1373 1179 1531 1206; x_wconf 78' lang='lat' dir='ltr'><strong>essentiam</strong></span> <span class='ocrx_word' id='word_1_552' title='bbox 1555 1177 1718 1205; x_wconf 86' lang='lat' dir='ltr'><strong>divinitatis</strong></span> <span class='ocrx_word' id='word_1_553' title='bbox 1740 1177 1791 1204; x_wconf 90' lang='lat' dir='ltr'><strong>Dei</strong></span> 
     </span>
     <span class='ocr_line' id='line_1_95' title="bbox 1007 1227 1791 1264; baseline -0.004 -8"><span class='ocrx_word' id='word_1_554' title='bbox 1007 1229 1087 1263; x_wconf 87' lang='lat' dir='ltr'><strong>Filii,</strong></span> <span class='ocrx_word' id='word_1_555' title='bbox 1105 1228 1142 1256; x_wconf 89' lang='lat' dir='ltr'><strong>de</strong></span> <span class='ocrx_word' id='word_1_556' title='bbox 1157 1237 1217 1264; x_wconf 84' lang='lat' dir='ltr'><strong>qua</strong></span> <span class='ocrx_word' id='word_1_557' title='bbox 1231 1229 1294 1264; x_wconf 90' lang='lat' dir='ltr'><strong>ipse</strong></span> <span class='ocrx_word' id='word_1_558' title='bbox 1311 1227 1452 1255; x_wconf 91' lang='lat' dir='ltr'><strong>Dominus</strong></span> <span class='ocrx_word' id='word_1_559' title='bbox 1467 1227 1507 1254; x_wconf 88' lang='lat' dir='ltr'><strong>ad</strong></span> <span class='ocrx_word' id='word_1_560' title='bbox 1525 1228 1646 1262; x_wconf 87' lang='lat' dir='ltr'><strong>Moysen</strong></span> <span class='ocrx_word' id='word_1_561' title='bbox 1666 1234 1720 1262; x_wconf 89' lang='lat' dir='ltr'><strong>per</strong></span> <span class='ocrx_word' id='word_1_562' title='bbox 1734 1229 1791 1254; x_wconf 87' lang='lat' dir='ltr'><strong>An-</strong></span> 
     </span>
     <span class='ocr_line' id='line_1_96' title="bbox 1008 1273 1792 1311; baseline -0.004 -9"><span class='ocrx_word' id='word_1_563' title='bbox 1008 1275 1109 1310; x_wconf 84' lang='lat' dir='ltr'><strong>gelum</strong></span> <span class='ocrx_word' id='word_1_564' title='bbox 1124 1274 1280 1311; x_wconf 88' lang='lat' dir='ltr'><strong>respondit</strong></span> <span class='ocrx_word' id='word_1_565' title='bbox 1296 1275 1313 1291; x_wconf 89' lang='lat'><strong>¹¹</strong></span> <span class='ocrx_word' id='word_1_566' title='bbox 1336 1283 1342 1302; x_wconf 83' lang='lat'>:</span> <span class='ocrx_word' id='word_1_567' title='bbox 1363 1275 1513 1301; x_wconf 81' lang='lat' dir='ltr'><strong>Posteriora</strong></span> <span class='ocrx_word' id='word_1_568' title='bbox 1535 1281 1594 1300; x_wconf 90' lang='lat' dir='ltr'><strong>mea</strong></span> <span class='ocrx_word' id='word_1_569' title='bbox 1611 1273 1729 1305; x_wconf 80' lang='lat' dir='ltr'><strong>videbis,</strong></span> <span class='ocrx_word' id='word_1_570' title='bbox 1749 1274 1792 1306; x_wconf 84' lang='lat' dir='ltr'><strong>fa-</strong></span> 
     </span>
     <span class='ocr_line' id='line_1_97' title="bbox 1006 1319 1790 1355; baseline -0.004 -6"><span class='ocrx_word' id='word_1_571' title='bbox 1006 1324 1072 1349; x_wconf 87' lang='lat' dir='ltr'><strong>ciem</strong></span> <span class='ocrx_word' id='word_1_572' title='bbox 1087 1324 1176 1349; x_wconf 82' lang='lat' dir='ltr'><strong>autem</strong></span> <span class='ocrx_word' id='word_1_573' title='bbox 1188 1329 1274 1348; x_wconf 83' lang='lat' dir='ltr'><strong>meam</strong></span> <span class='ocrx_word' id='word_1_574' title='bbox 1285 1321 1377 1348; x_wconf 83' lang='lat' dir='ltr'><strong>videre</strong></span> <span class='ocrx_word' id='word_1_575' title='bbox 1390 1329 1443 1347; x_wconf 87' lang='lat' dir='ltr'><strong>non</strong></span> <span class='ocrx_word' id='word_1_576' title='bbox 1451 1321 1570 1355; x_wconf 79' lang='lat' dir='ltr'><strong>poteris.-</strong></span> <span class='ocrx_word' id='word_1_577' title='bbox 1582 1328 1616 1347; x_wconf 90' lang='lat' dir='ltr'><strong>ac</strong></span> <span class='ocrx_word' id='word_1_578' title='bbox 1628 1319 1652 1346; x_wconf 88' lang='lat' dir='ltr'><strong>si</strong></span> <span class='ocrx_word' id='word_1_579' title='bbox 1667 1319 1790 1347; x_wconf 85' lang='lat' dir='ltr'><strong>diceret:</strong></span> 
     </span>
     <span class='ocr_line' id='line_1_98' title="bbox 1006 1366 1793 1396; baseline -0.004 0"><span class='ocrx_word' id='word_1_580' title='bbox 1006 1368 1243 1396; x_wconf 83' lang='lat' dir='ltr'><strong>incarnationem</strong></span> <span class='ocrx_word' id='word_1_581' title='bbox 1257 1376 1358 1395; x_wconf 84' lang='lat' dir='ltr'><strong>meam</strong></span> <span class='ocrx_word' id='word_1_582' title='bbox 1372 1367 1490 1394; x_wconf 88' lang='lat' dir='ltr'><strong>videbis</strong></span> <span class='ocrx_word' id='word_1_583' title='bbox 1502 1367 1533 1394; x_wconf 90' lang='lat' dir='ltr'><strong>in</strong></span> <span class='ocrx_word' id='word_1_584' title='bbox 1547 1366 1717 1394; x_wconf 88' lang='lat' dir='ltr'><strong>novissimis</strong></span> <span class='ocrx_word' id='word_1_585' title='bbox 1732 1366 1793 1393; x_wconf 91' lang='lat' dir='ltr'><strong>die-</strong></span> 
     </span>
     <span class='ocr_line' id='line_1_99' title="bbox 1006 1413 1613 1450; baseline -0.005 -7"><span class='ocrx_word' id='word_1_586' title='bbox 1006 1415 1063 1443; x_wconf 88' lang='lat' dir='ltr'><strong>bus</strong></span> <span class='ocrx_word' id='word_1_587' title='bbox 1075 1426 1083 1450; x_wconf 75' lang='lat'>3</span> <span class='ocrx_word' id='word_1_588' title='bbox 1100 1415 1286 1443; x_wconf 88' lang='lat' dir='ltr'><strong>divinitatem</strong></span> <span class='ocrx_word' id='word_1_589' title='bbox 1300 1415 1403 1442; x_wconf 83' lang='lat' dir='ltr'><strong>videre</strong></span> <span class='ocrx_word' id='word_1_590' title='bbox 1418 1422 1480 1441; x_wconf 88' lang='lat' dir='ltr'><strong>non</strong></span> <span class='ocrx_word' id='word_1_591' title='bbox 1493 1413 1613 1449; x_wconf 88' lang='lat' dir='ltr'><strong>poteris.</strong></span> 
     </span>
    </p>

    <p class='ocr_par' dir='ltr' id='par_1_17' title="bbox 1007 1460 1797 2008">
     <span class='ocr_line' id='line_1_100' title="bbox 1043 1460 1793 1497; baseline -0.005 -7"><span class='ocrx_word' id='word_1_592' title='bbox 1043 1465 1081 1491; x_wconf 87' lang='lat' dir='ltr'><strong>Os</strong></span> <span class='ocrx_word' id='word_1_593' title='bbox 1101 1462 1165 1497; x_wconf 90' lang='lat' dir='ltr'><strong>Dei,</strong></span> <span class='ocrx_word' id='word_1_594' title='bbox 1182 1462 1270 1490; x_wconf 86' lang='lat' dir='ltr'><strong>Filius</strong></span> <span class='ocrx_word' id='word_1_595' title='bbox 1284 1461 1393 1496; x_wconf 87' lang='lat' dir='ltr'><strong>Patris,</strong></span> <span class='ocrx_word' id='word_1_596' title='bbox 1411 1461 1443 1488; x_wconf 90' lang='lat' dir='ltr'><strong>id</strong></span> <span class='ocrx_word' id='word_1_597' title='bbox 1465 1463 1525 1494; x_wconf 80' lang='lat' dir='ltr'><strong>est,</strong></span> <span class='ocrx_word' id='word_1_598' title='bbox 1541 1460 1671 1488; x_wconf 88' lang='lat' dir='ltr'><strong>Christus</strong></span> <span class='ocrx_word' id='word_1_599' title='bbox 1695 1460 1793 1487; x_wconf 89' lang='lat' dir='ltr'><strong>Domi-</strong></span> 
     </span>
     <span class='ocr_line' id='line_1_101' title="bbox 1008 1508 1794 1545; baseline -0.004 -9"><span class='ocrx_word' id='word_1_600' title='bbox 1008 1518 1075 1542; x_wconf 88' lang='lat' dir='ltr'><strong>nus,</strong></span> <span class='ocrx_word' id='word_1_601' title='bbox 1103 1509 1140 1536; x_wconf 92' lang='lat' dir='ltr'><strong>de</strong></span> <span class='ocrx_word' id='word_1_602' title='bbox 1170 1517 1231 1545; x_wconf 88' lang='lat' dir='ltr'><strong>quo</strong></span> <span class='ocrx_word' id='word_1_603' title='bbox 1256 1508 1397 1536; x_wconf 85' lang='lat' dir='ltr'><strong>Jeremias</strong></span> <span class='ocrx_word' id='word_1_604' title='bbox 1426 1508 1572 1543; x_wconf 88' lang='lat' dir='ltr'><strong>Propheta</strong></span> <span class='ocrx_word' id='word_1_605' title='bbox 1600 1515 1637 1534; x_wconf 83' lang='lat' dir='ltr'><strong>ex</strong></span> <span class='ocrx_word' id='word_1_606' title='bbox 1665 1514 1794 1542; x_wconf 87' lang='lat' dir='ltr'><strong>persona</strong></span> 
     </span>
     <span class='ocr_line' id='line_1_102' title="bbox 1008 1554 1795 1589; baseline -0.004 -7"><span class='ocrx_word' id='word_1_607' title='bbox 1008 1555 1180 1582; x_wconf 78' lang='lat' dir='ltr'><strong>ludaeorum</strong></span> <span class='ocrx_word' id='word_1_608' title='bbox 1193 1555 1308 1589; x_wconf 84' lang='lat' dir='ltr'><strong>effatus,</strong></span> <span class='ocrx_word' id='word_1_609' title='bbox 1325 1555 1365 1582; x_wconf 90' lang='lat' dir='ltr'><strong>ait</strong></span> <span class='ocrx_word' id='word_1_610' title='bbox 1380 1554 1398 1569; x_wconf 75' lang='lat'><strong>&#39;²</strong></span> <span class='ocrx_word' id='word_1_611' title='bbox 1412 1564 1418 1582; x_wconf 92' lang='lat'>:</span> <span class='ocrx_word' id='word_1_612' title='bbox 1435 1555 1508 1587; x_wconf 84' lang='lat' dir='ltr'><strong>Quia</strong></span> <span class='ocrx_word' id='word_1_613' title='bbox 1522 1562 1549 1581; x_wconf 89' lang='lat' dir='ltr'><strong>os</strong></span> <span class='ocrx_word' id='word_1_614' title='bbox 1565 1554 1622 1588; x_wconf 87' lang='lat' dir='ltr'><strong>ejus</strong></span> <span class='ocrx_word' id='word_1_615' title='bbox 1638 1554 1675 1580; x_wconf 80' lang='lat' dir='ltr'><strong>ad</strong></span> <span class='ocrx_word' id='word_1_616' title='bbox 1687 1556 1795 1580; x_wconf 86' lang='lat' dir='ltr'><strong>iracun-</strong></span> 
     </span>
     <span class='ocr_line' id='line_1_103' title="bbox 1008 1600 1794 1636; baseline -0.003 -7"><span class='ocrx_word' id='word_1_617' title='bbox 1008 1603 1084 1629; x_wconf 85' lang='lat' dir='ltr'><strong>diam</strong></span> <span class='ocrx_word' id='word_1_618' title='bbox 1098 1604 1251 1636; x_wconf 78' lang='lat' dir='ltr'><strong>provocavi.</strong></span> <span class='ocrx_word' id='word_1_619' title='bbox 1265 1601 1398 1629; x_wconf 84' lang='lat' dir='ltr'><strong>Alterum</strong></span> <span class='ocrx_word' id='word_1_620' title='bbox 1414 1609 1485 1628; x_wconf 92' lang='lat' dir='ltr'><strong>vero</strong></span> <span class='ocrx_word' id='word_1_621' title='bbox 1500 1609 1534 1628; x_wconf 94' lang='lat' dir='ltr'><strong>os</strong></span> <span class='ocrx_word' id='word_1_622' title='bbox 1550 1600 1680 1634; x_wconf 86' lang='lat' dir='ltr'><strong>Domini,</strong></span> <span class='ocrx_word' id='word_1_623' title='bbox 1696 1608 1794 1627; x_wconf 84' lang='lat' dir='ltr'><strong>sermo</strong></span> 
     </span>
     <span class='ocr_line' id='line_1_104' title="bbox 1007 1647 1795 1684; baseline -0.004 -8"><span class='ocrx_word' id='word_1_624' title='bbox 1007 1649 1071 1684; x_wconf 85' lang='lat' dir='ltr'><strong>ejus</strong></span> <span class='ocrx_word' id='word_1_625' title='bbox 1097 1649 1158 1676; x_wconf 89' lang='lat' dir='ltr'><strong>sive</strong></span> <span class='ocrx_word' id='word_1_626' title='bbox 1185 1648 1278 1684; x_wconf 87' lang='lat' dir='ltr'><strong>jussio</strong></span> <span class='ocrx_word' id='word_1_627' title='bbox 1308 1648 1470 1683; x_wconf 85' lang='lat' dir='ltr'><strong>accipitur3</strong></span> <span class='ocrx_word' id='word_1_628' title='bbox 1499 1647 1536 1675; x_wconf 90' lang='lat' dir='ltr'><strong>de</strong></span> <span class='ocrx_word' id='word_1_629' title='bbox 1563 1655 1624 1682; x_wconf 90' lang='lat' dir='ltr'><strong>quo</strong></span> <span class='ocrx_word' id='word_1_630' title='bbox 1657 1654 1795 1674; x_wconf 86' lang='lat' dir='ltr'><strong>sermone</strong></span> 
     </span>
     <span class='ocr_line' id='line_1_105' title="bbox 1007 1694 1796 1730; baseline -0.004 -8"><span class='ocrx_word' id='word_1_631' title='bbox 1007 1695 1123 1722; x_wconf 90' lang='lat' dir='ltr'><strong>Domini</strong></span> <span class='ocrx_word' id='word_1_632' title='bbox 1138 1695 1225 1722; x_wconf 85' lang='lat' dir='ltr'><strong>isaias</strong></span> <span class='ocrx_word' id='word_1_633' title='bbox 1240 1695 1386 1730; x_wconf 84' lang='lat' dir='ltr'><strong>Propheta</strong></span> <span class='ocrx_word' id='word_1_634' title='bbox 1401 1694 1441 1721; x_wconf 89' lang='lat' dir='ltr'><strong>ait</strong></span> <span class='ocrx_word' id='word_1_635' title='bbox 1453 1695 1470 1711; x_wconf 78' lang='lat'><strong>¹³</strong></span> <span class='ocrx_word' id='word_1_636' title='bbox 1487 1703 1494 1721; x_wconf 72' lang='grc' dir='ltr'>ε</span> <span class='ocrx_word' id='word_1_637' title='bbox 1511 1695 1545 1721; x_wconf 88' lang='lat' dir='ltr'><strong>Os</strong></span> <span class='ocrx_word' id='word_1_638' title='bbox 1559 1695 1667 1721; x_wconf 82' lang='lat' dir='ltr'><strong>Domini</strong></span> <span class='ocrx_word' id='word_1_639' title='bbox 1680 1694 1796 1720; x_wconf 76' lang='lat' dir='ltr'><strong>locutum</strong></span> 
     </span>
     <span class='ocr_line' id='line_1_106' title="bbox 1008 1740 1797 1776; baseline -0.004 -7"><span class='ocrx_word' id='word_1_640' title='bbox 1008 1745 1062 1776; x_wconf 87' lang='lat' dir='ltr'><strong>est,</strong></span> <span class='ocrx_word' id='word_1_641' title='bbox 1078 1742 1136 1769; x_wconf 89' lang='lat' dir='ltr'><strong>hoc</strong></span> <span class='ocrx_word' id='word_1_642' title='bbox 1152 1743 1209 1776; x_wconf 87' lang='lat' dir='ltr'><strong>est,</strong></span> <span class='ocrx_word' id='word_1_643' title='bbox 1223 1742 1353 1769; x_wconf 88' lang='lat' dir='ltr'><strong>Verbum</strong></span> <span class='ocrx_word' id='word_1_644' title='bbox 1370 1741 1429 1775; x_wconf 91' lang='lat' dir='ltr'><strong>Dei,</strong></span> <span class='ocrx_word' id='word_1_645' title='bbox 1445 1741 1535 1768; x_wconf 85' lang='lat' dir='ltr'><strong>Filius</strong></span> <span class='ocrx_word' id='word_1_646' title='bbox 1551 1740 1600 1767; x_wconf 91' lang='lat' dir='ltr'><strong>Dei</strong></span> <span class='ocrx_word' id='word_1_647' title='bbox 1615 1740 1706 1767; x_wconf 85' lang='lat' dir='ltr'><strong>Patris</strong></span> <span class='ocrx_word' id='word_1_648' title='bbox 1718 1760 1725 1772; x_wconf 94' lang='lat'><strong><em>‚</em></strong></span> <span class='ocrx_word' id='word_1_649' title='bbox 1742 1747 1797 1775; x_wconf 83' lang='lat' dir='ltr'><strong>per</strong></span> 
     </span>
     <span class='ocr_line' id='line_1_107' title="bbox 1009 1786 1797 1824; baseline -0.004 -8"><span class='ocrx_word' id='word_1_650' title='bbox 1009 1797 1100 1824; x_wconf 88' lang='lat' dir='ltr'><strong>quem</strong></span> <span class='ocrx_word' id='word_1_651' title='bbox 1115 1788 1217 1816; x_wconf 90' lang='lat' dir='ltr'><strong>omnia</strong></span> <span class='ocrx_word' id='word_1_652' title='bbox 1231 1787 1309 1815; x_wconf 83' lang='lat' dir='ltr'><strong>facta</strong></span> <span class='ocrx_word' id='word_1_653' title='bbox 1324 1789 1401 1821; x_wconf 84' lang='lat' dir='ltr'><strong>sunt,</strong></span> <span class='ocrx_word' id='word_1_654' title='bbox 1417 1787 1454 1814; x_wconf 89' lang='lat' dir='ltr'><strong>de</strong></span> <span class='ocrx_word' id='word_1_655' title='bbox 1467 1795 1527 1822; x_wconf 87' lang='lat' dir='ltr'><strong>quo</strong></span> <span class='ocrx_word' id='word_1_656' title='bbox 1543 1786 1574 1814; x_wconf 93' lang='lat' dir='ltr'><strong>in</strong></span> <span class='ocrx_word' id='word_1_657' title='bbox 1590 1786 1706 1814; x_wconf 78' lang='lat' dir='ltr'><strong>Psalmo</strong></span> <span class='ocrx_word' id='word_1_658' title='bbox 1722 1786 1797 1813; x_wconf 87' lang='lat' dir='ltr'><strong>dici-</strong></span> 
     </span>
     <span class='ocr_line' id='line_1_108' title="bbox 1007 1832 1791 1868; baseline -0.004 -6"><span class='ocrx_word' id='word_1_659' title='bbox 1007 1837 1054 1863; x_wconf 87' lang='lat' dir='ltr'><strong>tur</strong></span> <span class='ocrx_word' id='word_1_660' title='bbox 1065 1836 1085 1852; x_wconf 57' lang='lat'><strong>¹²</strong></span> <span class='ocrx_word' id='word_1_661' title='bbox 1102 1836 1200 1863; x_wconf 84' lang='lat' dir='ltr'><strong>:Verbo</strong></span> <span class='ocrx_word' id='word_1_662' title='bbox 1216 1836 1326 1862; x_wconf 85' lang='lat' dir='ltr'><strong>Domini</strong></span> <span class='ocrx_word' id='word_1_663' title='bbox 1340 1836 1397 1862; x_wconf 81' lang='lat' dir='ltr'><strong>coeli</strong></span> <span class='ocrx_word' id='word_1_664' title='bbox 1411 1835 1517 1868; x_wconf 73' lang='lat' dir='ltr'><strong>firmati</strong></span> <span class='ocrx_word' id='word_1_665' title='bbox 1532 1835 1604 1860; x_wconf 81' lang='lat' dir='ltr'><strong>sunt.</strong></span> <span class='ocrx_word' id='word_1_666' title='bbox 1618 1835 1650 1860; x_wconf 86' lang='lat' dir='ltr'><strong>Et</strong></span> <span class='ocrx_word' id='word_1_667' title='bbox 1664 1832 1736 1860; x_wconf 84' lang='lat' dir='ltr'><strong>alibi</strong></span> <span class='ocrx_word' id='word_1_668' title='bbox 1750 1833 1770 1849; x_wconf 63' lang='lat'><strong>¹5</strong></span> <span class='ocrx_word' id='word_1_669' title='bbox 1784 1842 1791 1859; x_wconf 78' lang='lat' dir='ltr'>z</span> 
     </span>
     <span class='ocr_line' id='line_1_109' title="bbox 1007 1880 1794 1915; baseline -0.005 -6"><span class='ocrx_word' id='word_1_670' title='bbox 1007 1883 1087 1909; x_wconf 82' lang='lat' dir='ltr'><strong>Misit</strong></span> <span class='ocrx_word' id='word_1_671' title='bbox 1101 1883 1209 1909; x_wconf 78' lang='lat' dir='ltr'><strong>verbum</strong></span> <span class='ocrx_word' id='word_1_672' title='bbox 1229 1890 1323 1915; x_wconf 85' lang='lat' dir='ltr'><strong>suum,</strong></span> <span class='ocrx_word' id='word_1_673' title='bbox 1345 1884 1370 1908; x_wconf 87' lang='lat' dir='ltr'><strong>et</strong></span> <span class='ocrx_word' id='word_1_674' title='bbox 1389 1882 1499 1907; x_wconf 73' lang='lat' dir='ltr'><strong>sanavit</strong></span> <span class='ocrx_word' id='word_1_675' title='bbox 1514 1888 1566 1907; x_wconf 88' lang='lat' dir='ltr'><strong>eos.</strong></span> <span class='ocrx_word' id='word_1_676' title='bbox 1586 1882 1618 1907; x_wconf 87' lang='lat' dir='ltr'><strong>Et</strong></span> <span class='ocrx_word' id='word_1_677' title='bbox 1643 1880 1674 1906; x_wconf 92' lang='lat' dir='ltr'><strong>in</strong></span> <span class='ocrx_word' id='word_1_678' title='bbox 1698 1881 1794 1906; x_wconf 88' lang='lat' dir='ltr'><strong>Evan-</strong></span> 
     </span>
     <span class='ocr_line' id='line_1_110' title="bbox 1008 1927 1793 1964; baseline -0.006 -8"><span class='ocrx_word' id='word_1_679' title='bbox 1008 1928 1086 1964; x_wconf 86' lang='lat' dir='ltr'><strong>gelio</strong></span> <span class='ocrx_word' id='word_1_680' title='bbox 1108 1928 1275 1955; x_wconf 87' lang='lat' dir='ltr'><strong>secundum</strong></span> <span class='ocrx_word' id='word_1_681' title='bbox 1288 1929 1433 1955; x_wconf 89' lang='lat' dir='ltr'><strong>Joannem</strong></span> <span class='ocrx_word' id='word_1_682' title='bbox 1454 1928 1475 1944; x_wconf 74' lang='lat'><strong>¹⁶</strong></span> <span class='ocrx_word' id='word_1_683' title='bbox 1492 1936 1498 1954; x_wconf 90' lang='grc'>;</span> <span class='ocrx_word' id='word_1_684' title='bbox 1519 1927 1552 1953; x_wconf 92' lang='lat' dir='ltr'><strong>In</strong></span> <span class='ocrx_word' id='word_1_685' title='bbox 1570 1927 1709 1961; x_wconf 81' lang='lat' dir='ltr'><strong>principio</strong></span> <span class='ocrx_word' id='word_1_686' title='bbox 1735 1928 1793 1952; x_wconf 75' lang='lat' dir='ltr'><strong>crat</strong></span> 
     </span>
     <span class='ocr_line' id='line_1_111' title="bbox 1010 1978 1216 2008; baseline 0 -4"><span class='ocrx_word' id='word_1_687' title='bbox 1010 1978 1127 2004; x_wconf 85' lang='lat' dir='ltr'><strong>Verbum</strong></span> <span class='ocrx_word' id='word_1_688' title='bbox 1137 1999 1144 2008; x_wconf 89' lang='lat'><strong>,</strong></span> <span class='ocrx_word' id='word_1_689' title='bbox 1162 1979 1216 2004; x_wconf 86' lang='lat' dir='ltr'><strong>etc.</strong></span> 
     </span>
    </p>

    <p class='ocr_par' dir='ltr' id='par_1_18' title="bbox 1007 2021 1791 2198">
     <span class='ocr_line' id='line_1_112' title="bbox 1042 2021 1790 2059; baseline -0.007 -7"><span class='ocrx_word' id='word_1_690' title='bbox 1042 2025 1155 2059; x_wconf 90' lang='lat' dir='ltr'><strong>Lingua</strong></span> <span class='ocrx_word' id='word_1_691' title='bbox 1174 2024 1223 2051; x_wconf 91' lang='lat' dir='ltr'><strong>Dei</strong></span> <span class='ocrx_word' id='word_1_692' title='bbox 1243 2023 1366 2059; x_wconf 88' lang='lat' dir='ltr'><strong>mystice</strong></span> <span class='ocrx_word' id='word_1_693' title='bbox 1386 2023 1533 2058; x_wconf 86' lang='lat' dir='ltr'><strong>significat</strong></span> <span class='ocrx_word' id='word_1_694' title='bbox 1550 2021 1690 2058; x_wconf 89' lang='lat' dir='ltr'><strong>Spiritum</strong></span> <span class='ocrx_word' id='word_1_695' title='bbox 1707 2029 1790 2048; x_wconf 83' lang='lat' dir='ltr'><strong>sanc-</strong></span> 
     </span>
     <span class='ocr_line' id='line_1_113' title="bbox 1008 2071 1791 2107; baseline -0.006 -8"><span class='ocrx_word' id='word_1_696' title='bbox 1008 2074 1070 2099; x_wconf 90' lang='lat' dir='ltr'><strong>tum</strong></span> <span class='ocrx_word' id='word_1_697' title='bbox 1081 2093 1090 2106; x_wconf 92' lang='lat'><strong>,</strong></span> <span class='ocrx_word' id='word_1_698' title='bbox 1112 2079 1166 2107; x_wconf 84' lang='lat' dir='ltr'><strong>per</strong></span> <span class='ocrx_word' id='word_1_699' title='bbox 1194 2079 1285 2107; x_wconf 86' lang='lat' dir='ltr'><strong>quem</strong></span> <span class='ocrx_word' id='word_1_700' title='bbox 1312 2073 1386 2098; x_wconf 89' lang='lat' dir='ltr'><strong>Deus</strong></span> <span class='ocrx_word' id='word_1_701' title='bbox 1421 2072 1503 2097; x_wconf 82' lang='lat' dir='ltr'><strong>Pater</strong></span> <span class='ocrx_word' id='word_1_702' title='bbox 1531 2071 1675 2096; x_wconf 88' lang='lat' dir='ltr'><strong>secretum</strong></span> <span class='ocrx_word' id='word_1_703' title='bbox 1703 2076 1791 2095; x_wconf 85' lang='lat' dir='ltr'><strong>suum</strong></span> 
     </span>
     <span class='ocr_line' id='line_1_114' title="bbox 1007 2114 1789 2145; baseline -0.005 0"><span class='ocrx_word' id='word_1_704' title='bbox 1007 2118 1206 2145; x_wconf 83' lang='lat' dir='ltr'><strong>manifestavit</strong></span> <span class='ocrx_word' id='word_1_705' title='bbox 1226 2117 1408 2145; x_wconf 90' lang='lat' dir='ltr'><strong>hominibus.</strong></span> <span class='ocrx_word' id='word_1_706' title='bbox 1432 2116 1511 2143; x_wconf 75' lang='lat' dir='ltr'><strong>Unde</strong></span> <span class='ocrx_word' id='word_1_707' title='bbox 1532 2116 1639 2142; x_wconf 85' lang='lat' dir='ltr'><strong>dicitur</strong></span> <span class='ocrx_word' id='word_1_708' title='bbox 1662 2115 1692 2141; x_wconf 93' lang='lat' dir='ltr'><strong>in</strong></span> <span class='ocrx_word' id='word_1_709' title='bbox 1712 2114 1789 2141; x_wconf 87' lang='lat' dir='ltr'><strong>Psal-</strong></span> 
     </span>
     <span class='ocr_line' id='line_1_115' title="bbox 1007 2163 1551 2198; baseline -0.004 -7"><span class='ocrx_word' id='word_1_710' title='bbox 1007 2172 1057 2191; x_wconf 88' lang='lat' dir='ltr'><strong>mo</strong></span> <span class='ocrx_word' id='word_1_711' title='bbox 1073 2165 1093 2180; x_wconf 86' lang='lat'><strong>¹⁷</strong></span> <span class='ocrx_word' id='word_1_712' title='bbox 1107 2165 1230 2198; x_wconf 73' lang='lat' dir='ltr'><strong>:Linqua</strong></span> <span class='ocrx_word' id='word_1_713' title='bbox 1245 2172 1302 2191; x_wconf 85' lang='lat' dir='ltr'><strong>mea</strong></span> <span class='ocrx_word' id='word_1_714' title='bbox 1316 2165 1435 2191; x_wconf 84' lang='lat' dir='ltr'><strong>calamus</strong></span> <span class='ocrx_word' id='word_1_715' title='bbox 1447 2163 1551 2190; x_wconf 82' lang='lat' dir='ltr'><strong>scriboe.</strong></span> 
     </span>
    </p>

    <p class='ocr_par' dir='ltr' id='par_1_19' title="bbox 1001 2208 1791 2384">
     <span class='ocr_line' id='line_1_116' title="bbox 1043 2208 1791 2246; baseline -0.003 -9"><span class='ocrx_word' id='word_1_716' title='bbox 1043 2210 1133 2238; x_wconf 89' lang='lat' dir='ltr'><strong>Labia</strong></span> <span class='ocrx_word' id='word_1_717' title='bbox 1156 2210 1205 2237; x_wconf 89' lang='lat' dir='ltr'><strong>Dei</strong></span> <span class='ocrx_word' id='word_1_718' title='bbox 1227 2210 1381 2246; x_wconf 85' lang='lat' dir='ltr'><strong>utriusque</strong></span> <span class='ocrx_word' id='word_1_719' title='bbox 1400 2209 1575 2237; x_wconf 87' lang='lat' dir='ltr'><strong>Testamenti</strong></span> <span class='ocrx_word' id='word_1_720' title='bbox 1596 2208 1791 2236; x_wconf 87' lang='lat' dir='ltr'><strong>consonantia</strong></span> 
     </span>
     <span class='ocr_line' id='line_1_117' title="bbox 1007 2254 1790 2292; baseline -0.004 -8"><span class='ocrx_word' id='word_1_721' title='bbox 1007 2257 1226 2292; x_wconf 86' lang='lat' dir='ltr'><strong>intelliguntur,</strong></span> <span class='ocrx_word' id='word_1_722' title='bbox 1242 2257 1279 2284; x_wconf 90' lang='lat' dir='ltr'><strong>de</strong></span> <span class='ocrx_word' id='word_1_723' title='bbox 1296 2257 1406 2292; x_wconf 80' lang='lat' dir='ltr'><strong>quihus</strong></span> <span class='ocrx_word' id='word_1_724' title='bbox 1421 2256 1541 2284; x_wconf 88' lang='lat' dir='ltr'><strong>duobus</strong></span> <span class='ocrx_word' id='word_1_725' title='bbox 1555 2255 1744 2283; x_wconf 85' lang='lat' dir='ltr'><strong>Testamentis</strong></span> <span class='ocrx_word' id='word_1_726' title='bbox 1760 2254 1790 2281; x_wconf 91' lang='lat' dir='ltr'><strong>in</strong></span> 
     </span>
     <span class='ocr_line' id='line_1_118' title="bbox 1008 2302 1790 2335; baseline -0.004 -5"><span class='ocrx_word' id='word_1_727' title='bbox 1008 2305 1157 2330; x_wconf 81' lang='lat' dir='ltr'><strong>Proverbiis</strong></span> <span class='ocrx_word' id='word_1_728' title='bbox 1172 2303 1278 2330; x_wconf 86' lang='lat' dir='ltr'><strong>dicitur</strong></span> <span class='ocrx_word' id='word_1_729' title='bbox 1294 2303 1314 2320; x_wconf 83' lang='lat'><strong>¹⁸</strong></span> <span class='ocrx_word' id='word_1_730' title='bbox 1333 2313 1338 2330; x_wconf 94' lang='lat'>:</span> <span class='ocrx_word' id='word_1_731' title='bbox 1358 2304 1498 2330; x_wconf 76' lang='lat' dir='ltr'><strong>Divinatio</strong></span> <span class='ocrx_word' id='word_1_732' title='bbox 1520 2304 1548 2328; x_wconf 83' lang='lat' dir='ltr'><strong>in</strong></span> <span class='ocrx_word' id='word_1_733' title='bbox 1565 2303 1645 2328; x_wconf 81' lang='lat' dir='ltr'><strong>labiis</strong></span> <span class='ocrx_word' id='word_1_734' title='bbox 1660 2302 1745 2335; x_wconf 67' lang='lat' dir='ltr'><strong>regis,</strong></span> <span class='ocrx_word' id='word_1_735' title='bbox 1761 2302 1790 2327; x_wconf 88' lang='lat' dir='ltr'><strong>in</strong></span> 
     </span>
     <span class='ocr_line' id='line_1_119' title="bbox 1001 2350 1415 2384; baseline 0 -8"><span class='ocrx_word' id='word_1_736' title='bbox 1001 2350 1110 2384; x_wconf 83' lang='lat' dir='ltr'><strong>judicio</strong></span> <span class='ocrx_word' id='word_1_737' title='bbox 1123 2358 1174 2376; x_wconf 85' lang='lat' dir='ltr'><strong>non</strong></span> <span class='ocrx_word' id='word_1_738' title='bbox 1190 2351 1292 2377; x_wconf 76' lang='lat' dir='ltr'><strong>erravit</strong></span> <span class='ocrx_word' id='word_1_739' title='bbox 1307 2358 1334 2377; x_wconf 86' lang='lat' dir='ltr'><strong>os</strong></span> <span class='ocrx_word' id='word_1_740' title='bbox 1350 2351 1415 2384; x_wconf 84' lang='lat' dir='ltr'><strong>ejus.</strong></span> 
     </span>
    </p>

    <p class='ocr_par' dir='ltr' id='par_1_20' title="bbox 1006 2396 1789 2525">
     <span class='ocr_line' id='line_1_120' title="bbox 1043 2396 1789 2431; baseline -0.004 -7"><span class='ocrx_word' id='word_1_741' title='bbox 1043 2397 1165 2424; x_wconf 86' lang='lat' dir='ltr'><strong>Brachia</strong></span> <span class='ocrx_word' id='word_1_742' title='bbox 1187 2398 1236 2424; x_wconf 87' lang='lat' dir='ltr'><strong>Dei</strong></span> <span class='ocrx_word' id='word_1_743' title='bbox 1256 2397 1346 2424; x_wconf 83' lang='lat' dir='ltr'><strong>Patris</strong></span> <span class='ocrx_word' id='word_1_744' title='bbox 1365 2397 1453 2424; x_wconf 83' lang='lat' dir='ltr'><strong>Filius</strong></span> <span class='ocrx_word' id='word_1_745' title='bbox 1475 2398 1502 2423; x_wconf 88' lang='lat' dir='ltr'><strong>et</strong></span> <span class='ocrx_word' id='word_1_746' title='bbox 1525 2396 1648 2431; x_wconf 86' lang='lat' dir='ltr'><strong>Spiritus</strong></span> <span class='ocrx_word' id='word_1_747' title='bbox 1672 2396 1789 2422; x_wconf 85' lang='lat' dir='ltr'><strong>sanctus</strong></span> 
     </span>
     <span class='ocr_line' id='line_1_121' title="bbox 1007 2442 1789 2478; baseline -0.004 -8"><span class='ocrx_word' id='word_1_748' title='bbox 1007 2443 1223 2478; x_wconf 89' lang='lat' dir='ltr'><strong>intelliguntur,</strong></span> <span class='ocrx_word' id='word_1_749' title='bbox 1245 2444 1319 2470; x_wconf 87' lang='lat' dir='ltr'><strong>sicut</strong></span> <span class='ocrx_word' id='word_1_750' title='bbox 1335 2446 1376 2470; x_wconf 88' lang='lat' dir='ltr'><strong>est</strong></span> <span class='ocrx_word' id='word_1_751' title='bbox 1398 2444 1428 2470; x_wconf 91' lang='lat' dir='ltr'><strong>in</strong></span> <span class='ocrx_word' id='word_1_752' title='bbox 1449 2443 1523 2470; x_wconf 77' lang='lat' dir='ltr'><strong>lsaia</strong></span> <span class='ocrx_word' id='word_1_753' title='bbox 1537 2442 1556 2458; x_wconf 73' lang='lat'><strong>¹⁹</strong></span> <span class='ocrx_word' id='word_1_754' title='bbox 1574 2451 1579 2468; x_wconf 74' lang='grc' dir='ltr'>ε</span> <span class='ocrx_word' id='word_1_755' title='bbox 1602 2442 1717 2468; x_wconf 73' lang='lat' dir='ltr'><strong>Brachia</strong></span> <span class='ocrx_word' id='word_1_756' title='bbox 1731 2449 1789 2468; x_wconf 85' lang='lat' dir='ltr'><strong>mea</strong></span> 
     </span>
     <span class='ocr_line' id='line_1_122' title="bbox 1006 2487 1789 2525; baseline -0.004 -9"><span class='ocrx_word' id='word_1_757' title='bbox 1006 2491 1120 2525; x_wconf 79' lang='lat' dir='ltr'><strong>populos</strong></span> <span class='ocrx_word' id='word_1_758' title='bbox 1140 2490 1308 2523; x_wconf 74' lang='lat' dir='ltr'><strong>judicabunt.</strong></span> <span class='ocrx_word' id='word_1_759' title='bbox 1331 2491 1368 2516; x_wconf 89' lang='lat' dir='ltr'><strong>De</strong></span> <span class='ocrx_word' id='word_1_760' title='bbox 1392 2497 1453 2524; x_wconf 90' lang='lat' dir='ltr'><strong>quo</strong></span> <span class='ocrx_word' id='word_1_761' title='bbox 1475 2488 1614 2516; x_wconf 87' lang='lat' dir='ltr'><strong>Jeremias</strong></span> <span class='ocrx_word' id='word_1_762' title='bbox 1635 2488 1673 2514; x_wconf 90' lang='lat' dir='ltr'><strong>ad</strong></span> <span class='ocrx_word' id='word_1_763' title='bbox 1692 2487 1789 2522; x_wconf 76' lang='lat' dir='ltr'><strong>ipsum</strong></span> 
     </span>
    </p>
   </div>
   <div class='ocr_carea' id='block_1_9' title="bbox 1008 2573 1790 2676">
    <p class='ocr_par' dir='ltr' id='par_1_21' title="bbox 1008 2573 1790 2676">
     <span class='ocr_line' id='line_1_123' title="bbox 1008 2573 1789 2605; baseline -0.005 -6"><span class='ocrx_word' id='word_1_764' title='bbox 1008 2577 1132 2604; x_wconf 67' lang='lat' dir='ltr'><strong>Lxx1x‚4.</strong></span> <span class='ocrx_word' id='word_1_765' title='bbox 1146 2588 1178 2593; x_wconf 92' lang='grc'><strong>-</strong></span> <span class='ocrx_word' id='word_1_766' title='bbox 1195 2577 1212 2591; x_wconf 82' lang='lat'><strong>&#39;⁰</strong></span> <span class='ocrx_word' id='word_1_767' title='bbox 1228 2575 1332 2605; x_wconf 63' lang='lat' dir='ltr'><strong>Mami„</strong></span> <span class='ocrx_word' id='word_1_768' title='bbox 1348 2582 1385 2605; x_wconf 73' lang='lat' dir='ltr'><strong>m,</strong></span> <span class='ocrx_word' id='word_1_769' title='bbox 1401 2576 1440 2599; x_wconf 74' lang='lat'><strong>27.</strong></span> <span class='ocrx_word' id='word_1_770' title='bbox 1453 2587 1482 2592; x_wconf 94' lang='lat'>-</span> <span class='ocrx_word' id='word_1_771' title='bbox 1500 2576 1516 2589; x_wconf 78' lang='lat'><strong>¹¹</strong></span> <span class='ocrx_word' id='word_1_772' title='bbox 1534 2573 1623 2603; x_wconf 65' lang='lat' dir='ltr'><strong>Eaeocl„</strong></span> <span class='ocrx_word' id='word_1_773' title='bbox 1639 2578 1732 2601; x_wconf 72' lang='lat' dir='ltr'><strong>xxxm,</strong></span> <span class='ocrx_word' id='word_1_774' title='bbox 1750 2574 1789 2595; x_wconf 72' lang='lat'><strong>22.</strong></span> 
     </span>
     <span class='ocr_line' id='line_1_124' title="bbox 1010 2608 1789 2641; baseline -0.005 -7"><span class='ocrx_word' id='word_1_775' title='bbox 1010 2624 1036 2628; x_wconf 85' lang='lat'><em>—</em></span> <span class='ocrx_word' id='word_1_776' title='bbox 1052 2612 1068 2624; x_wconf 78' lang='lat'><strong>¹²</strong></span> <span class='ocrx_word' id='word_1_777' title='bbox 1082 2611 1179 2641; x_wconf 54' lang='lat' dir='ltr'><strong>Taren„</strong></span> <span class='ocrx_word' id='word_1_778' title='bbox 1194 2617 1212 2641; x_wconf 88' lang='lat'><strong>1,</strong></span> <span class='ocrx_word' id='word_1_779' title='bbox 1226 2612 1263 2634; x_wconf 86' lang='lat'><strong>18.</strong></span> <span class='ocrx_word' id='word_1_780' title='bbox 1274 2624 1304 2628; x_wconf 97' lang='lat'>—</span> <span class='ocrx_word' id='word_1_781' title='bbox 1321 2611 1341 2627; x_wconf 71' lang='lat'><strong>¹3</strong></span> <span class='ocrx_word' id='word_1_782' title='bbox 1354 2612 1413 2639; x_wconf 60' lang='lat' dir='ltr'><strong>Iso„</strong></span> <span class='ocrx_word' id='word_1_783' title='bbox 1425 2616 1467 2640; x_wconf 68' lang='lat' dir='ltr'><strong>XL,</strong></span> <span class='ocrx_word' id='word_1_784' title='bbox 1480 2611 1503 2633; x_wconf 82' lang='lat'><strong>5.</strong></span> <span class='ocrx_word' id='word_1_785' title='bbox 1515 2608 1656 2632; x_wconf 71' lang='lat' dir='ltr'><strong>—¹⁶1&gt;sal.</strong></span> <span class='ocrx_word' id='word_1_786' title='bbox 1669 2613 1752 2637; x_wconf 76' lang='lat' dir='ltr'><strong>xxxu,</strong></span> <span class='ocrx_word' id='word_1_787' title='bbox 1767 2609 1789 2630; x_wconf 83' lang='lat'><strong>6.</strong></span> 
     </span>
     <span class='ocr_line' id='line_1_125' title="bbox 1010 2643 1790 2676; baseline -0.005 -7"><span class='ocrx_word' id='word_1_788' title='bbox 1010 2659 1040 2664; x_wconf 90' lang='lat'>—</span> <span class='ocrx_word' id='word_1_789' title='bbox 1056 2647 1075 2663; x_wconf 63' lang='grc' dir='ltr'><strong>’ὅ</strong></span> <span class='ocrx_word' id='word_1_790' title='bbox 1091 2646 1162 2669; x_wconf 74' lang='lat' dir='ltr'><strong>Psal.</strong></span> <span class='ocrx_word' id='word_1_791' title='bbox 1180 2652 1230 2676; x_wconf 63' lang='grc' dir='ltr'><strong>(Νι,</strong></span> <span class='ocrx_word' id='word_1_792' title='bbox 1247 2647 1286 2670; x_wconf 76' lang='grc'><strong>20.</strong></span> <span class='ocrx_word' id='word_1_793' title='bbox 1298 2659 1328 2663; x_wconf 92' lang='grc'>-</span> <span class='ocrx_word' id='word_1_794' title='bbox 1350 2647 1368 2660; x_wconf 69' lang='lat' dir='ltr'><strong>&#39;s&#39;</strong></span> <span class='ocrx_word' id='word_1_795' title='bbox 1384 2646 1466 2673; x_wconf 79' lang='lat' dir='ltr'><strong>Joan..</strong></span> <span class='ocrx_word' id='word_1_796' title='bbox 1485 2651 1501 2675; x_wconf 84' lang='grc' dir='ltr'><strong>ι,</strong></span> <span class='ocrx_word' id='word_1_797' title='bbox 1521 2647 1539 2668; x_wconf 86' lang='lat' dir='ltr'><strong>l.</strong></span> <span class='ocrx_word' id='word_1_798' title='bbox 1554 2657 1582 2661; x_wconf 92' lang='lat'><em>-</em></span> <span class='ocrx_word' id='word_1_799' title='bbox 1602 2644 1619 2659; x_wconf 78' lang='lat'><strong>¹⁷</strong></span> <span class='ocrx_word' id='word_1_800' title='bbox 1637 2643 1705 2667; x_wconf 75' lang='lat' dir='ltr'><strong>Psoi.</strong></span> <span class='ocrx_word' id='word_1_801' title='bbox 1719 2649 1790 2671; x_wconf 66' lang='grc' dir='ltr'><strong>κων,</strong></span> 
     </span>
    </p>
   </div>
   <div class='ocr_carea' id='block_1_10' title="bbox 1009 2680 1566 2711">
    <p class='ocr_par' dir='ltr' id='par_1_22' title="bbox 1009 2680 1566 2711">
     <span class='ocr_line' id='line_1_126' title="bbox 1009 2680 1566 2711; baseline -0.009 -5"><span class='ocrx_word' id='word_1_802' title='bbox 1009 2683 1073 2706; x_wconf 70' lang='grc'><strong>2.-</strong></span> <span class='ocrx_word' id='word_1_803' title='bbox 1085 2680 1105 2697; x_wconf 77' lang='lat'><strong>¹⁸</strong></span> <span class='ocrx_word' id='word_1_804' title='bbox 1115 2682 1198 2710; x_wconf 61' lang='lat' dir='ltr'><strong>Proin,</strong></span> <span class='ocrx_word' id='word_1_805' title='bbox 1215 2686 1269 2711; x_wconf 78' lang='lat' dir='ltr'><strong>xvi,</strong></span> <span class='ocrx_word' id='word_1_806' title='bbox 1287 2683 1324 2706; x_wconf 84' lang='lat'><strong>10.</strong></span> <span class='ocrx_word' id='word_1_807' title='bbox 1336 2695 1366 2699; x_wconf 93' lang='grc'><strong>-</strong></span> <span class='ocrx_word' id='word_1_808' title='bbox 1382 2682 1399 2694; x_wconf 72' lang='lat'><strong>¹⁹</strong></span> <span class='ocrx_word' id='word_1_809' title='bbox 1416 2682 1475 2708; x_wconf 64' lang='lat' dir='ltr'><strong>Iso.y</strong></span> <span class='ocrx_word' id='word_1_810' title='bbox 1492 2685 1526 2709; x_wconf 77' lang='lat' dir='ltr'><strong>Li,</strong></span> <span class='ocrx_word' id='word_1_811' title='bbox 1543 2680 1566 2702; x_wconf 74' lang='lat'><strong>5.</strong></span> 
     </span>
    </p>
   </div>
   <div class='ocr_carea' id='block_1_11' title="bbox 1827 529 1908 548">
    <p class='ocr_par' dir='ltr' id='par_1_23' title="bbox 1827 529 1908 548">
     <span class='ocr_line' id='line_1_127' title="bbox 1827 529 1908 548; baseline 0 0"><span class='ocrx_word' id='word_1_812' title='bbox 1827 529 1860 548; x_wconf 78' lang='lat' dir='ltr'><strong>Au</strong></span> <span class='ocrx_word' id='word_1_813' title='bbox 1864 533 1908 548; x_wconf 74' lang='lat' dir='ltr'><strong>res.</strong></span> 
     </span>
    </p>
   </div>
   <div class='ocr_carea' id='block_1_12' title="bbox 1830 718 1909 739">
    <p class='ocr_par' dir='ltr' id='par_1_24' title="bbox 1830 718 1909 739">
     <span class='ocr_line' id='line_1_128' title="bbox 1830 718 1909 739; baseline 0 -1"><span class='ocrx_word' id='word_1_814' title='bbox 1830 718 1909 739; x_wconf 73' lang='lat' dir='ltr'><strong>Nares.</strong></span> 
     </span>
    </p>
   </div>
   <div class='ocr_carea' id='block_1_13' title="bbox 1826 905 1911 926">
    <p class='ocr_par' dir='ltr' id='par_1_25' title="bbox 1826 905 1911 926">
     <span class='ocr_line' id='line_1_129' title="bbox 1826 905 1911 926; baseline 0.012 -2"><span class='ocrx_word' id='word_1_815' title='bbox 1826 905 1911 926; x_wconf 77' lang='lat' dir='ltr'><strong>Facies.</strong></span> 
     </span>
    </p>
   </div>
   <div class='ocr_carea' id='block_1_14' title="bbox 1841 1468 1879 1488">
    <p class='ocr_par' dir='ltr' id='par_1_26' title="bbox 1841 1468 1879 1488">
     <span class='ocr_line' id='line_1_130' title="bbox 1841 1468 1879 1488; baseline -0.053 0"><span class='ocrx_word' id='word_1_816' title='bbox 1841 1468 1879 1488; x_wconf 89' lang='lat' dir='ltr'><strong>Os.</strong></span> 
     </span>
    </p>
   </div>
   <div class='ocr_carea' id='block_1_15' title="bbox 1821 2033 1915 2058">
    <p class='ocr_par' dir='ltr' id='par_1_27' title="bbox 1821 2033 1915 2058">
     <span class='ocr_line' id='line_1_131' title="bbox 1821 2033 1915 2058; baseline 0.021 -7"><span class='ocrx_word' id='word_1_817' title='bbox 1821 2033 1915 2058; x_wconf 76' lang='lat' dir='ltr'><strong>Lingua.</strong></span> 
     </span>
    </p>
   </div>
   <div class='ocr_carea' id='block_1_16' title="bbox 1840 2217 1914 2239">
    <p class='ocr_par' dir='ltr' id='par_1_28' title="bbox 1840 2217 1914 2239">
     <span class='ocr_line' id='line_1_132' title="bbox 1840 2217 1914 2239; baseline 0.014 -1"><span class='ocrx_word' id='word_1_818' title='bbox 1840 2217 1914 2239; x_wconf 78' lang='lat' dir='ltr'><strong>Labia.</strong></span> 
     </span>
    </p>
   </div>
  </div>
 </body>
</html>
