2004 3037
533 178 583 211 DE
605 175 767 210 ULTIMIS
788 175 1051 210 TEMPORIBUS.
1075 176 1163 210 GAP.
1183 175 1317 209 xxvffl.

119 249 194 284 tem,
205 247 242 277 ’et
258 247 329 276 inde
349 246 552 283 nigredinem3
575 254 594 275 a
613 247 692 275 terra
709 243 893 281 grossitiem,

121 295 159 324 ab
183 302 250 324 aere
269 294 509 332 passibilitatem;
530 293 569 322 ab
591 300 671 330 aqua
693 291 895 327 frigiditatem,

122 344 151 370 et
167 342 238 370 inde
259 341 435 370 tarditatem.
451 340 508 370 Sed
528 340 671 370 tolluntur
691 347 746 376 per
769 340 898 376 quatuor

123 389 207 418 dotes
221 389 364 426 corporis.

159 436 287 465 Christus
301 435 458 473 assumpsit
471 435 598 472 quatuor
611 433 695 462 dotes
710 431 777 462 ante
791 433 900 470 passio-

124 491 193 512 nem
208 491 306 519 suam,
322 482 396 511 sicut
409 482 480 510 dicit
493 483 577 518 Ilugo
593 481 631 510 de
646 483 751 510 Sancto
766 480 899 509 Victore:

125 531 305 566 claritatem,
341 530 372 558 in
410 528 685 564 transfiguratione;
721 527 900 564 agilitatem,

126 578 248 615 quando
272 576 437 606 ambulavit
458 583 549 612 supra
569 583 668 611 marc3
695 575 904 609 subtilitatem,

126 625 158 652 in
179 624 345 659 nativitate,
371 623 442 660 quia
463 623 546 651 salva
571 622 711 658 virginali
739 621 904 658 integritate

127 671 229 700 matris
246 673 331 700 natus
352 670 419 706 fuit3
444 669 727 706 impassibilitatem,
751 669 783 697 in
802 676 904 704 coena,

129 719 250 756 quando
273 727 380 756 corpus
403 727 490 747 suum
517 718 669 755 discipulis
695 717 755 746 suis
779 716 908 746 mandu-

130 765 260 794 candum
275 765 366 794 dedit.

358 860 501 894 CAPUT
525 859 679 894 XXVIII.

273 933 311 959 De
331 932 442 959 Dotibus
461 932 580 968 corporis
599 932 629 958 in
646 931 769 967 speciali.

170 1000 266 1030 Prima
294 1001 349 1029 dos
377 1000 510 1036 corporis
539 1001 582 1028 est
607 999 733 1028 claritas,
758 999 816 1028 Sed
842 1001 914 1027 nota

135 1047 219 1084 quod
242 1047 357 1083 aliquid
383 1047 489 1074 dicitur
513 1046 627 1074 clarum
654 1046 834 1083 dupliciter:
864 1048 915 1074 aut

135 1094 206 1130 quia
226 1093 380 1130 pervium,
397 1093 471 1122 sicut
487 1093 593 1121 dicitur
607 1093 717 1121 vitrum
732 1095 849 1127 clarum3
865 1096 917 1122 aut

135 1141 206 1177 quia
219 1141 370 1174 lucidum,
392 1141 467 1169 sicut
481 1141 588 1169 dicitur
602 1141 684 1169 stella
702 1142 785 1169 clara.
802 1142 916 1178 Corpus

136 1190 235 1217 autem
251 1188 450 1224 glorificatum
465 1189 520 1216 erit
534 1190 562 1216 et
573 1189 710 1225 pervium
725 1190 753 1216 et
763 1188 914 1216 lucidum:

136 1235 217 1263 unde
236 1237 363 1271 utroque
382 1235 475 1263 modo
496 1237 581 1263 erunt
600 1244 727 1272 corpora
748 1235 837 1264 clara.
854 1237 916 1263 Duo

138 1282 218 1310 enim
236 1283 317 1317 sunt,
333 1290 399 1318 quae
417 1290 496 1310 nunc
515 1285 637 1311 causant
657 1283 868 1311 obscuritatem
887 1282 918 1310 in

138 1329 270 1357 humano
286 1337 427 1365 corpore:
445 1338 539 1357 unum
553 1332 596 1358 est
607 1330 736 1358 materiae
748 1330 917 1366 impuritas;

140 1375 280 1411 alterum,
301 1376 421 1404 luminis
441 1376 585 1412 paucitas.
607 1378 686 1404 Tunc
705 1384 778 1405 vero
800 1377 920 1405 tolletur

140 1425 311 1459 utrumque,
327 1423 436 1451 scilicet
454 1423 506 1451 illa
520 1423 639 1459 impura
653 1423 793 1458 densitas,
805 1425 833 1451 et
851 1424 921 1451 obs·

142 1469 250 1497 curitas
262 1477 328 1505 quae
347 1477 383 1497 ex
399 1469 570 1498 modicitate
590 1469 710 1497 luminis
725 1472 768 1498 est
784 1479 791 1498 ;
809 1472 837 1498 et
851 1470 920 1498 ideo

143 1518 229 1544 erunt
243 1524 370 1552 corpora
382 1515 556 1544 clarissima.

178 1565 251 1592 Nota
269 1563 353 1600 quod
374 1571 501 1599 corpora
521 1564 699 1599 glorificata,
725 1565 831 1601 septies
853 1567 923 1593 tunc

144 1612 230 1638 erunt
245 1610 384 1645 clariora,
401 1618 493 1646 quam
507 1610 553 1638 sol
567 1611 603 1639 sit
616 1611 720 1647 modo,
736 1612 809 1640 sicut
823 1612 922 1640 Domi-

144 1664 201 1685 nus
216 1656 256 1684 ait
267 1658 275 1674 ¹
290 1666 296 1684 :
312 1657 383 1690 Quia
392 1657 465 1692 justi
478 1658 620 1692 fulyebunt
634 1660 704 1686 sicut
718 1660 765 1687 sol.
783 1659 841 1687 Sed
855 1661 924 1688 teste

146 1703 219 1731 lsaia
233 1705 260 1731 ἐ
279 1705 341 1731 Erit
362 1705 409 1731 luae
424 1705 494 1732 lunoe
508 1706 579 1732 sicut
602 1706 650 1732 Iuae
665 1706 740 1741 solis,
757 1709 782 1733 ct
798 1715 847 1734 «υτ
860 1708 925 1734 solis

145 1752 355 1786 septempliciter
370 1752 441 1778 sicut
456 1753 505 1778 hcm
519 1754 619 1787 septem
634 1752 749 1780 dierum.

182 1797 340 1826 Sciendum
360 1806 481 1834 quoque
503 1798 587 1835 quod
608 1807 736 1836 corpora
756 1801 927 1828 sanctorum

146 1851 208 1872 non
227 1846 312 1872 erunt
331 1845 484 1881 aequaliter
499 1845 596 1881 clara,
616 1846 687 1882 quia
706 1847 813 1875 melior
827 1848 928 1876 anima

147 1891 271 1918 habebit
298 1899 406 1928 corpus
435 1892 574 1920 lucidius.
605 1893 687 1921 Unde
720 1893 788 1922 licet
820 1903 928 1931 corpus

149 1938 253 1966 Christi
275 1946 365 1974 supra
386 1939 515 1967 modum
535 1940 659 1969 excedat
673 1941 838 1970 claritatem
855 1943 928 1971 alio-

149 1993 217 2012 rum
224 1994 233 2020 3
249 1987 365 2019 tamen,
384 1986 415 2013 in
430 1987 650 2022 comparatione
673 1991 857 2025 sanctorum,
874 1998 930 2026 po-

151 2033 205 2060 test
217 2032 332 2060 claritas
346 2032 409 2068 ejus
424 2033 580 2060 assimilari
592 2034 715 2062 claritati
731 2036 812 2071 solis,
825 2045 930 2065 secun-

154 2079 225 2106 dum
244 2079 320 2106 illud
342 2079 490 2107 Malachiae
503 2081 532 2107 ³:
558 2080 640 2108 Vobis
662 2083 818 2110 timentibus
838 2091 931 2111 nomen

152 2134 237 2154 meum
256 2127 359 2154 orietur
373 2128 417 2155 Sol
428 2127 565 2161 justitiae,
581 2127 613 2155 id
632 2131 692 2164 est,
710 2130 849 2158 Christus.
867 2131 932 2160 Cla-

153 2173 222 2201 ritas
241 2175 410 2202 sanctorum
432 2175 528 2210 potest
543 2177 679 2211 respectu
693 2176 796 2205 Christi
811 2186 932 2214 compa-

154 2219 213 2247 rari
228 2219 350 2248 claritati
364 2220 515 2248 stellarum
524 2231 532 2256 3
548 2221 629 2249 unde
638 2223 796 2258 Apostolus
807 2225 833 2252 '⁴2
848 2226 934 2253 Stella

156 2267 250 2301 differt
265 2276 283 2294 a
297 2268 376 2295 stella
390 2269 420 2295 in
434 2269 577 2303 claritate,
593 2269 651 2297 hoc
668 2272 726 2305 est,
743 2272 827 2307 quod
842 2272 934 2300 sancti

156 2313 223 2350 plus
237 2314 285 2341 vel
305 2314 404 2342 minus
425 2314 539 2350 lucent,
556 2316 722 2344 secundum
737 2318 935 2347 differentiam

157 2361 339 2389 meritorum.
356 2361 477 2390 Claritas
498 2370 570 2390 vero
592 2371 772 2399 puerorum,
798 2366 849 2402 qui
870 2368 936 2402 post

158 2406 339 2443 baptismum
360 2408 544 2444 moriuntur,
570 2412 730 2446 antequam
753 2413 874 2441 veniant
897 2413 937 2442 ad.

160 2461 253 2482 annos
279 2455 480 2491 discretionis,
511 2458 678 2493 comparari
706 2461 802 2494 potest
832 2460 938 2489 lumini

161 2499 256 2536 lunae,
272 2502 357 2537 quia,
377 2502 452 2530 sicut
466 2503 538 2531 luna
551 2511 613 2532 non
627 2504 718 2534 habet
735 2506 838 2536 lumen
857 2516 875 2536 a
889 2516 937 2542 se,

163 2546 216 2576 sed
229 2555 247 2575 a
261 2548 334 2584 sole,
350 2549 390 2579 ita
406 2549 453 2578 isti
472 2558 534 2578 non
551 2550 664 2580 habent
678 2552 805 2588 gloriam
820 2563 857 2584 ex
878 2563 940 2584 me-

198 2609 322 2642 1ΜαιιΙι.,
339 2618 397 2642 xm,
412 2614 451 2637 43.
465 2626 497 2632 --
516 2614 524 2628 2
539 2614 599 2645 lsa„
620 2621 686 2646 xxx,
701 2618 740 2642 26.
756 2631 787 2637 —
805 2619 814 2636 ³
835 2619 940 2651 Malae„

165 2651 202 2678 w,
220 2647 243 2672 2.
260 2660 287 2666 -
304 2647 315 2664 δ
329 2648 339 2672 l
355 2647 424 2679 Cor.,
439 2654 484 2680 XV,
497 2650 538 2675 41.

1669 180 1728 210 243

951 245 1008 274 rito
1027 245 1165 282 proprio,
1181 244 1233 273 scd
1249 252 1285 273 ex
1299 244 1405 273 merito
1419 244 1523 273 Christi
1536 253 1543 273 ε
1564 244 1730 282 baptismus

953 293 1033 321 enim
1048 300 1085 321 ex
1098 292 1235 329 passione
1249 292 1352 320 Christi
1365 292 1456 321 habet
1470 292 1643 321 efficaciam.

991 340 1125 368 Secunda
1140 340 1194 368 dos
1210 339 1343 376 corporis
1357 341 1399 368 est
1412 339 1648 376 impassibilitas,
1664 349 1732 377 quae

955 386 1076 415 resultat
1090 395 1125 415 ex
1140 387 1245 416 virtute
1257 387 1364 415 animae
1377 394 1486 423 corpus
1499 395 1587 416 suum
1598 389 1734 424 potenter

957 433 1147 469 continentis,
1163 434 1203 463 ita
1217 436 1250 462 ut
1270 442 1288 462 a
1301 433 1385 462 nullo
1404 433 1546 462 exteriore
1565 436 1670 470 agente
1683 443 1735 464 va-

957 481 1017 509 leat
1030 481 1189 510 immutari.
1202 483 1354 516 Proeterea,
1367 481 1504 518 quamvis
1515 489 1642 518 corpora
1652 490 1736 511 sanc-

958 530 1057 556 torum
1072 528 1128 557 sint
1146 528 1311 565 composita
1334 536 1370 556 ex
1385 528 1553 564 contrariis,
1570 528 1622 557 illa
1637 530 1736 558 tamen

959 575 1149 604 contrarietas
1163 575 1216 604 erit
1230 575 1270 604 ad
1284 575 1492 604 omnimodam
1501 575 1699 612 aequalitatem
1712 578 1740 604 et

960 622 1153 651 concordiam
1166 622 1294 651 redacta.

998 669 1138 698 Dixerunt
1152 669 1293 706 quidam,
1310 669 1394 706 quod
1413 669 1634 706 impassibilitas
1654 678 1739 699 sanc-

963 718 1060 745 torum
1088 725 1249 754 corporum
1278 717 1432 745 resultabit
1459 725 1495 746 ex
1516 719 1623 746 natura
1646 718 1742 755 quinti

964 765 1111 801 corporis,
1127 765 1160 792 id
1175 766 1234 800 cst,
1255 765 1364 801 quintoe
1380 765 1521 794 essentiae.
1535 766 1592 794 Sed
1610 766 1668 795 hoc
1682 774 1744 796 non

965 815 1007 842 est
1020 821 1143 849 verum,
1165 813 1236 850 quia
1254 812 1329 841 nihil
1349 813 1386 841 de
1402 813 1506 850 quinto
1521 822 1647 851 corpore
1666 815 1749 844 venit

966 860 997 889 in
1017 860 1264 897 compositionem
1284 859 1470 889 materialem
1491 869 1653 898 corporum
1675 861 1749 891 infe-

967 907 1090 935 riorum.

1004 954 1172 982 Differentia
1194 956 1236 982 cst
1258 954 1334 982 inter
1348 954 1616 991 impassibilitatem
1634 957 1751 984 sancto-

968 1010 1052 1036 rum,
1067 1002 1095 1029 et
1109 1001 1178 1029 Adae
1193 1001 1224 1029 in
1242 1003 1318 1030 statu
1332 1001 1517 1038 innocentiae,
1534 1004 1562 1031 et
1575 1011 1750 1039 puerorum,

971 1048 1042 1085 quia
1064 1048 1285 1085 impassibilitas
1312 1050 1482 1077 sanctorum
1504 1049 1558 1078 erit
1578 1058 1640 1078 non
1664 1058 1753 1086 posse

971 1095 1049 1132 pati3
1071 1095 1291 1132 impassibilitas
1313 1096 1383 1124 Adae
1406 1095 1460 1124 suit
1481 1104 1568 1133 posse
1591 1105 1654 1125 non
1677 1097 1752 1134 pati;

972 1142 1193 1179 impassibilitas
1221 1151 1386 1179 puerorum
1418 1143 1449 1171 in
1475 1143 1570 1172 limbo
1599 1144 1653 1172 erit
1680 1144 1755 1173 nihil

972 1190 1033 1225 pati
1046 1199 1052 1217 :
1066 1191 1094 1217 et
1111 1189 1184 1224 hoc,
1199 1198 1261 1218 non
1276 1198 1313 1218 ex
1328 1190 1363 1227 (a)
1383 1190 1517 1226 potentia
1537 1190 1693 1219 resistendi
1707 1191 1756 1219 lae-

973 1236 1050 1265 sioni
1067 1237 1099 1273 (b)
1116 1237 1302 1272 extrinsecae,
1322 1245 1414 1273 quam
1433 1245 1495 1266 non
1513 1238 1682 1273 habebunt,
1703 1238 1757 1267 sed

975 1292 1009 1312 ex
1026 1283 1214 1312 ordinatione
1237 1283 1345 1312 divinae
1366 1284 1593 1320 misericordiae,
1615 1293 1681 1321 quae
1695 1293 1757 1313 non

974 1330 1116 1367 permittit
1134 1331 1251 1367 aliquid
1266 1331 1307 1359 eis
1321 1331 1457 1359 adhiberi
1471 1339 1525 1367 per
1546 1332 1630 1368 quod
1644 1331 1758 1368 possint

975 1378 1052 1407 laedi.
1070 1379 1111 1406 Ex
1128 1386 1188 1414 quo
1205 1380 1294 1414 patet,
1319 1378 1403 1414 quod
1425 1378 1449 1406 si
1470 1379 1543 1406 tales
1564 1379 1649 1415 pueri
1666 1387 1758 1415 pone-

976 1426 1077 1453 rentur
1093 1425 1132 1452 ad
1146 1425 1247 1460 ignem
1259 1427 1327 1461 post
1341 1426 1599 1462 resurrectionem,
1615 1426 1758 1455 laederen-

977 1475 1023 1500 tur
1046 1472 1084 1500 ab
1111 1480 1163 1507 eo,
1183 1472 1239 1500 nisi
1261 1472 1391 1500 obstaret
1416 1473 1518 1501 divina
1541 1473 1755 1502 misericordia.

978 1520 1066 1547 Secus
1078 1521 1120 1547 est
1130 1519 1167 1547 de
1178 1519 1353 1555 corporibus
1369 1519 1549 1555 glorificatis,
1564 1529 1630 1557 quaa
1644 1521 1757 1549 etiamsi

978 1568 1159 1603 ponerentur
1182 1567 1212 1595 in
1234 1566 1365 1602 inferno,
1386 1574 1448 1596 non
1467 1567 1607 1596 sentirent
1624 1568 1758 1605 aliquam

979 1613 1140 1641 laesionem.

1016 1660 1165 1688 Subtilitas
1186 1662 1228 1688 est
1252 1660 1337 1689 tertia
1359 1660 1429 1696 dos,
1453 1670 1520 1697 quae
1538 1661 1632 1690 aufert
1652 1661 1759 1697 grossi-

980 1708 1051 1736 tiem
1075 1707 1208 1744 corporis
1233 1709 1383 1736 causatam
1405 1716 1443 1736 ex
1470 1708 1675 1737 materialitate
1699 1709 1759 1737 ele-

981 1755 1087 1790 menti,
1104 1756 1132 1783 et
1153 1755 1369 1791 compositione
1393 1755 1615 1784 elementalium
1634 1755 1760 1792 qualita-

981 1805 1054 1831 tum.
1078 1804 1152 1830 Nota
1174 1810 1261 1838 ergo,
1283 1802 1367 1838 quod
1393 1802 1505 1838 duplex
1526 1805 1569 1831 est
1589 1803 1758 1831 subtilitas:

982 1858 1042 1878 una
1057 1858 1093 1878 ex
1108 1849 1225 1877 raritate
1240 1849 1371 1885 partium
1394 1850 1534 1877 stantium
1557 1858 1619 1878 non
1638 1850 1762 1886 propin·

984 1906 1065 1933 que,
1092 1896 1144 1924 sed
1172 1904 1208 1924 ex
1238 1895 1289 1924 tali
1317 1896 1475 1924 subtilitate
1503 1896 1627 1925 efficitur
1653 1905 1762 1932 corpus

983 1945 1068 1973 facile
1084 1943 1248 1978 divisibile,
1266 1945 1294 1971 et
1317 1951 1352 1971 ea
1371 1952 1433 1971 non
1460 1944 1513 1972 erit
1536 1944 1567 1972 in
1587 1944 1762 1980 corporibus

985 1991 1176 2028 glorificatis3
1194 1990 1252 2018 alia
1267 1992 1310 2018 est
1324 1998 1360 2017 ex
1374 1990 1506 2026 perfecta
1519 1991 1643 2019 victoria
1658 1991 1761 2019 formae

985 2047 1072 2075 super
1097 2038 1252 2066 materiam
1279 2046 1284 2064 :
1314 2039 1341 2064 et
1364 2037 1538 2072 hujusmodi
1560 2038 1706 2066 subtilitas
1721 2039 1764 2066 est

985 2085 1074 2113 unitae
1088 2084 1272 2118 substantiae,
1289 2083 1362 2111 sicut
1384 2084 1491 2112 dicitur
1506 2084 1615 2112 coelum
1630 2085 1738 2113 subtile
1755 2094 1762 2113 :

987 2134 1015 2160 et
1028 2132 1085 2160 hoc
1100 2131 1189 2159 modo
1205 2132 1290 2158 erunt
1305 2138 1432 2166 corpora
1447 2133 1617 2160 sanctorum
1632 2132 1764 2160 subtilia.

1023 2180 1056 2206 Et
1079 2179 1121 2206 est
1145 2177 1316 2212 sciendum,
1337 2177 1420 2213 quod
1447 2177 1521 2206 sicut
1549 2178 1610 2206 duo
1639 2187 1766 2215 corpora

988 2234 1049 2254 non
1071 2225 1235 2261 glorificata
1255 2233 1317 2253 non
1339 2228 1464 2261 possunt
1483 2234 1546 2254 esse
1566 2226 1655 2254 simul
1670 2226 1701 2254 in
1716 2235 1767 2255 eo-

990 2273 1059 2301 dem
1080 2273 1164 2307 loco,
1188 2272 1229 2299 sic
1256 2280 1311 2300 nec
1339 2272 1400 2300 duo
1427 2273 1602 2308 glorificata.
1627 2274 1768 2310 Alioquin

990 2323 1160 2356 sequeretur
1174 2320 1404 2356 inconveniens,
1421 2321 1530 2349 scilicet
1544 2322 1628 2358 quod
1649 2322 1681 2350 in
1695 2330 1769 2350 uno-

991 2375 1112 2403 quoque
1128 2375 1253 2403 corpore
1268 2367 1433 2402 glorificato
1447 2371 1521 2397 esset
1532 2369 1665 2404 potentia
1680 2377 1770 2405 agen-

993 2414 1023 2442 di
1038 2422 1072 2442 ac
1086 2414 1215 2442 intrandi
1231 2416 1329 2450 partes
1355 2414 1474 2443 alterius
1493 2417 1627 2452 corporis
1639 2426 1647 2452 ;
1664 2416 1695 2444 in
1710 2416 1769 2444 alio
1784 2437 1787 2440 <

992 2469 1063 2489 vero
1088 2463 1163 2490 esset
1183 2461 1357 2497 impotentia
1378 2463 1531 2491 resistendi
1548 2473 1555 2491 ι
1573 2471 1681 2499 corpus
1698 2470 1770 2491 vero

992 2507 1191 2543 glorificatum
1212 2510 1309 2544 potest
1332 2516 1394 2536 esse
1418 2509 1506 2538 simul
1530 2510 1561 2538 in
1582 2510 1690 2538 eodem
1703 2509 1771 2538 loco

994 2564 1062 2586 cum
1075 2563 1200 2593 corpore
1220 2562 1282 2585 non
1303 2555 1445 2592 glorioso.
1465 2558 1538 2588 Nam
1562 2557 1636 2586 sicut
1655 2556 1687 2587 in
1707 2564 1773 2586 cor-

1030 2656 1060 2688 (a)
1076 2657 1137 2682 caet.
1151 2655 1213 2681 edit.
1231 2656 1277 2680 est.
1291 2667 1321 2675 -
1333 2655 1370 2687 (b)
1387 2655 1510 2683 laesionis.
