2004 3037
625 166 676 198 DE
699 163 927 198 PRAECEPTIS
953 162 1110 197 Dllels.
1135 163 1221 195 CAP.
1246 163 1343 197 iv-v.
1734 163 1794 194 279

179 237 254 266 citur
269 235 305 273 (α)
327 235 410 264 bono
430 234 514 264 filio:
533 243 548 261 «
564 233 756 263 Benedicatur
775 233 860 269 pater
876 233 955 267 tuus,

180 285 208 313 et
220 285 315 312 mater
327 284 387 311 tua.
404 293 418 308 »
434 283 512 310 Sicut
525 281 577 310 illa
589 281 671 310 bona
682 279 790 308 mulier
804 279 878 307 dixit
892 279 954 307 Sal-

179 330 276 360 vatori
296 332 397 358 nostro
412 329 438 358 ¹:
454 331 554 358 Beatus
574 330 665 356 venter
679 329 728 363 qui
742 329 766 354 te
779 327 914 362 portavit,
932 329 958 354 et

180 378 265 406 ubera
287 385 346 413 quae
368 378 480 405 suxisti.
507 377 539 404 Et
562 383 578 404 e
603 381 746 403 converso
768 381 825 410 pro
848 372 957 401 salario

181 424 253 454 mali
267 423 318 452 filii
323 423 443 460 ‚·patris,
454 424 482 451 et
491 421 602 456 matris,
614 421 720 450 dicitur
731 421 767 457 (a)
782 420 861 449 malo
875 420 956 448 filio:

185 471 396 502 «maledicatur
409 471 492 507 pater
507 469 559 506 qui
572 470 600 497 te
616 468 726 504 genuit,
744 469 772 496 et
785 468 878 495 mater
893 475 959 504 quse

182 520 210 548 te
231 517 359 547 lactavit.
383 527 397 544 »
420 516 595 552 Exemplum
619 515 656 544 de
683 514 812 548 Linecio,
837 514 873 542 de
897 521 958 550 quo

183 567 282 594 narrat
294 564 408 593 Boetius
422 564 453 591 in
471 563 549 592 libro
565 564 598 591 de
614 563 767 598 Disciplina
780 561 957 589 Scholarium.

80 620 170 647 Triplex
220 613 290 641 Item
300 613 382 646 nota,
399 610 481 647 quod
496 610 600 646 triplex
617 611 659 638 est
671 617 760 646 poena
775 616 890 642 eorum,
908 608 960 644 qui

63 658 171 710 {3⁶33}
183 667 245 688 non
258 659 406 686 honorant
419 658 555 694 parentes
571 665 650 684 suos.
664 657 760 684 Prima
774 657 816 684 est
830 655 961 683 filiorum

63 699 166 741 pure'ntes
185 713 307 734 suorum
321 704 534 739 inobedientia,
549 712 618 731 nam
633 703 770 731 eamdem
784 703 892 730 salsam
908 703 962 731 da-

64 746 170 798 ἓὲξωιῗ·
184 752 258 781 bunt
273 752 313 780 eis
327 751 381 779 filii
400 751 460 786 sui,
482 759 574 787 quam
592 750 648 787 ipsi
667 750 814 778 dederunt
833 749 962 786 parenti-

184 799 258 834 bus,
275 799 360 834 juxta
380 797 495 826 illud&
520 798 621 825 Eadem
641 799 741 833 qnippe
762 805 887 824 mensura
909 805 963 831 qua

184 847 269 874 mensi
290 847 415 880 fueritis,
438 847 592 873 remetietur
612 845 694 872 vobis.
720 843 855 871 Secunda
874 851 963 879 ptrna

185 895 227 921 est
241 892 381 920 infamia:
398 900 468 920 nam
483 891 648 919 seeundum
667 891 825 919 canonicas
844 893 872 918 et
890 890 964 926 logi-

183 939 270 968 timas
293 939 476 974 sanctiones,
498 938 623 973 maligni
646 938 819 974 parentibus
839 937 964 965 insanies

184 987 268 1021 sunt,
284 987 312 1014 et
326 993 362 1014 ex
382 993 485 1014 eorum
505 985 686 1020 malignitate
700 986 796 1021 potest
809 986 965 1012 testamen-

183 1034 248 1061 tum
265 1034 293 1061 et
308 1031 430 1060 donatio
452 1032 605 1066 revocari,
628 1033 656 1060 et
674 1034 799 1068 possunt
819 1031 901 1060 omni
923 1030 965 1058 sa-

185 1079 291 1108 cultate
312 1081 340 1106 et
363 1079 523 1107 hereditate
547 1079 658 1114 privari
679 1080 817 1114 paterna,
841 1080 868 1105 ct
888 1078 966 1106 ultra

183 1127 242 1155 hoc
257 1126 330 1154 tales
347 1125 515 1162 frequenter
533 1126 614 1154 mala
635 1128 730 1153 morte
751 1125 917 1153 moriuntur
937 1125 968 1152 in

184 1174 240 1202 hac
253 1173 324 1207 vita,
340 1175 367 1201 et
381 1173 532 1201 interdum
546 1172 728 1200 horribiliter
742 1172 906 1208 puniuntur
920 1172 968 1199 vel

185 1220 381 1258 perimuntur.
399 1220 492 1248 Tertia
511 1228 601 1256 poena
618 1221 663 1247 est
680 1219 779 1247 brevis
796 1219 874 1253 vita,
895 1219 969 1246 sicut

187 1267 343 1304 praemium
357 1267 569 1295 honorantium
589 1268 631 1294 est
643 1266 705 1294 vita
723 1266 829 1301 longa,
846 1268 877 1293 ut
896 1265 968 1293 dici-

187 1316 234 1343 tur
247 1314 272 1341 ³:
289 1315 398 1342 Honora
410 1317 517 1349 patrem
531 1316 605 1340 tuum
620 1315 644 1341 et
659 1316 771 1340 matrem
790 1316 873 1345 tuam,
888 1314 968 1340 uisis

188 1362 320 1396 lonyoevus
342 1369 423 1396 super
450 1363 559 1388 terram.
574 1361 631 1387 Nec
655 1361 697 1388 est
720 1360 830 1388 mirum
853 1359 877 1387 si
896 1360 968 1387 tales

188 1410 361 1444 reputantur
376 1407 492 1443 indigni
504 1408 564 1435 vita
579 1409 696 1442 aeterna,
712 1408 763 1443 qui
780 1407 867 1435 etiam
881 1414 969 1442 repu-

189 1456 287 1482 tantur
308 1454 442 1489 indigni,
460 1454 509 1482 vel
523 1454 694 1489 judicantur
714 1455 744 1489 (b)
768 1454 823 1481 hac
838 1454 899 1481 vita
912 1453 968 1482 mi-

190 1509 255 1529 sera
269 1500 451 1536 transitoria3
476 1503 503 1528 et
522 1501 582 1528 istis
601 1500 660 1528 vita
679 1500 880 1535 subtrahatur,
901 1508 969 1528 cum

190 1547 255 1576 aliis
277 1547 484 1584 peccatoribus
505 1547 676 1576 conceditur
699 1547 738 1576 ad
766 1547 969 1584 poenitentiam

189 1593 367 1623 faciendam.

467 1667 610 1701 CAPUT
634 1667 692 1701 IV.

260 1753 297 1780 De
315 1759 368 1779 non
388 1751 505 1778 laedendo
521 1751 664 1786 proximo,
683 1750 725 1777 vel
745 1750 897 1778 occidendo.

81 1838 177 1863 Princep-

72 1869 163 1889 tumn.
227 1832 396 1861 secundum
414 1832 595 1867 PTaeCethm
616 1830 753 1858 secundae
776 1830 884 1858 tabulae
908 1831 969 1859 est:

192 1881 253 1909 Non
276 1879 390 1910 occides,
420 1877 530 1905 scilicet
553 1877 668 1912 injuste.
694 1879 766 1905 Nam
790 1877 851 1905 istis
876 1877 970 1905 tribus

193 1925 291 1953 modis
304 1934 310 1952 :
325 1925 374 1952 vel
395 1926 460 1952 actu
475 1925 602 1951 mortem
616 1923 770 1951 inferendo
780 1945 787 1958 ,
804 1923 853 1951 vel
868 1924 971 1959 lingua

192 1974 318 1999 mortem
349 1972 539 2006 procurando
551 1991 560 2004 ,
593 1970 641 1997 vel
675 1970 764 1998 corde
798 1972 970 2006 proximum

193 2018 324 2046 odiendo
334 2039 342 2052 ,
366 2016 562 2044 homicidium
586 2019 781 2052 perpetratur.
804 2019 840 2044 De
864 2017 969 2045 ultimo

193 2065 288 2099 enim,
311 2064 348 2092 de
363 2072 424 2099 quo
441 2063 539 2090 minus
559 2063 686 2096 videtur,
703 2063 807 2090 dicitur
823 2065 850 2091 ”;

192 2114 240 2148 qui
254 2113 313 2139 odit
326 2113 440 2145 fratrem
454 2119 545 2142 suum,
559 2110 695 2137 homicida
711 2112 758 2137 est.

228 2161 299 2188 Item
320 2160 390 2186 nota
405 2157 569 2193 specialiter
585 2156 668 2192 quod
689 2156 742 2184 tria
761 2158 828 2183 sunt
848 2157 972 2184 homici-

192 2206 300 2234 darum
317 2212 435 2240 genera.
453 2205 524 2232 Sunt
546 2203 624 2230 enim
646 2203 770 2238 quidam
789 2204 840 2239 qui
862 2203 972 2231 interfi-

192 2253 273 2281 ciunt
288 2252 400 2287 seipsos
414 2259 469 2287 pro
484 2249 624 2284 peccatis,
642 2251 670 2277 et
684 2250 848 2277 seeundum
861 2252 974 2285 Augus-

192 2300 288 2328 tinum
298 2300 307 2316 ⁵
323 2299 366 2326 illi
381 2299 456 2326 inter
471 2306 574 2325 omnes
587 2298 801 2325 sceleratissimi
816 2297 974 2325 homicidae

193 2349 270 2375 sunt.
291 2347 329 2373 De
344 2345 389 2373 his
405 2345 510 2373 dieitur
521 2345 550 2372 ⁶:
569 2345 622 2377 Qui
638 2346 708 2379 facit
729 2348 868 2380 peccatum
883 2347 907 2372 et
923 2346 975 2372 ini-

194 2395 340 2429 quitatem,
356 2393 440 2419 hostis
455 2395 494 2419 est
511 2394 608 2419 animoe
621 2400 685 2420 saoe.
702 2393 773 2419 Sunt
787 2391 836 2419 alii
852 2392 903 2427 qui
919 2392 975 2427 spi-

195 2439 338 2468 ritualiter
352 2438 531 2466 interfieiunt
544 2439 717 2474 proximum
732 2447 785 2475 per
799 2439 975 2467 scandalum

197 2487 225 2514 et
239 2486 352 2514 malum
371 2486 553 2522 exemplum,
569 2487 653 2522 quod
673 2487 818 2522 figuratur
836 2487 867 2514 in
881 2487 976 2515 morte

197 2532 464 2569 primogenitorum
478 2533 610 2569 AEgypti,
634 2535 666 2561 ut
683 2533 808 2562 habetur
826 2534 857 2562 in
873 2534 975 2563 Exodo.

233 2596 238 2609 ¹
254 2596 322 2624 Luc..
336 2601 374 2625 11,
389 2597 427 2620 27.
445 2609 475 2614 --
490 2598 500 2613 Ξ
513 2597 582 2625 Luc„
597 2602 634 2626 VI,
650 2598 688 2621 38.
702 2610 732 2614 —
747 2596 757 2613 ³
771 2597 863 2626 EoeocL,
879 2604 922 2626 xx,
940 2599 977 2620 12.

200 2644 231 2649 -
248 2631 259 2647 δ
276 2631 285 2654 l
303 2631 386 2661 Joan„
404 2637 447 2661 111,
469 2634 506 2656 15.
523 2645 553 2649 —
570 2633 580 2649 ὅ
595 2634 669 2664 Aug„
684 2631 713 2656 de
729 2631 803 2656 Civit.
821 2633 880 2661 Dei,
897 2633 940 2657 lib.
958 2633 977 2663 1,

880 2065 971 2091 Omnis

1013 232 1092 260 Tunc
1107 231 1187 259 enim
1207 232 1374 260 moriuntur
1395 229 1594 267 primogenita
1612 229 1643 257 in
1657 229 1796 265 AEgypto,

1015 278 1138 315 quando
1153 278 1280 313 majores
1300 278 1440 315 praestant
1452 276 1619 305 minoribus
1640 275 1796 304 materiam

1014 325 1126 361 peccati
1138 325 1183 353 vel
1193 325 1298 360 ruinae,
1311 333 1366 353 suo
1378 324 1456 352 malo
1469 323 1617 359 exemplo.
1626 323 1697 350 Sunt
1708 321 1797 351 etiam

1016 371 1066 399 alii
1082 372 1133 408 qui
1147 373 1308 408 procurant
1321 371 1471 405 abortum,
1486 370 1597 400 scilicet
1608 369 1730 408 quando
1742 369 1798 398 bo-

1016 427 1089 447 num
1103 419 1290 455 propositum
1302 419 1333 447 in
1348 426 1378 447 se
1391 417 1576 453 extinguunt,
1593 416 1676 452 quod
1690 416 1732 444 eis
1745 415 1800 444 mi·

1016 466 1202 494 sericorditer
1221 465 1391 503 inspiratur,
1409 473 1444 493 ex
1462 472 1522 500 quo
1538 471 1591 500 per
1606 463 1731 499 gratiam
1743 462 1800 490 im-

1016 514 1219 549 proegnantur,
1234 513 1309 541 sicut
1322 512 1352 540 in
1362 519 1492 548 persona
1507 511 1640 547 ipsorum
1655 509 1799 537 dicum-⁷:

1019 562 1043 588 Α
1063 561 1136 594 facie
1155 563 1217 594 tua,
1242 560 1368 593 Domine,
1393 560 1577 593 concepimus,
1600 559 1625 584 et
1647 557 1802 592 peperimus

1018 609 1148 644 spiritum
1164 608 1275 634 salutis.
1293 605 1359 634 Mali
1374 612 1446 633 vero
1463 603 1650 640 concipiunt,
1673 603 1727 630 sed
1741 610 1804 630 non

1019 654 1201 691 parturiunt,
1227 652 1298 689 quia
1321 652 1468 680 suffocant
1491 653 1679 686 conceptum.
1700 651 1738 677 De
1758 649 1804 677 his

1020 701 1126 729 dic-itur
1141 702 1150 718 ⁸
1164 710 1170 728 :
1192 702 1327 728 Venerunt
1342 701 1398 734 filii
1411 707 1494 734 usque
1514 699 1551 725 ad
1568 700 1694 733 partum,
1712 699 1737 724 et
1750 698 1805 724 vir-

1020 751 1063 776 ius
1078 756 1130 775 non
1145 751 1183 776 est
1197 747 1337 782 pariendi.

1058 797 1127 823 Item
1155 796 1240 827 nota,
1270 793 1353 829 quod
1380 792 1484 828 triplex
1514 793 1557 819 est
1584 790 1806 818 homicidarum
1841 797 1909 816 roena

1020 850 1124 878 poena,
1141 841 1251 868 scilicet
1265 839 1401 872 exilium,
1417 839 1598 875 patibulum,
1612 840 1642 865 et
1663 836 1806 872 irregula-
1827 827 1920 879 1:3¹1?-

1020 889 1112 917 ritatis
1129 888 1388 923 impedimentum.
1408 885 1568 914 ilomicidae
1588 884 1669 912 enim
1687 883 1806 911 exulan·
1829 891 1917 912 darum.

1022 939 1083 971 tur;
1105 935 1226 971 quando
1251 936 1351 961 autem
1371 934 1495 969 possunt
1517 932 1597 968 capi,
1616 930 1806 966 suspendun-

1023 984 1083 1009 tur:
1101 982 1141 1009 sic
1157 981 1208 1017 qui
1224 981 1362 1009 occidunt
1377 988 1407 1007 se
1418 980 1466 1007 vel
1482 979 1556 1007 aiios
1571 987 1624 1014 per
1638 979 1806 1014 peecatum,

1024 1029 1124 1057 exules
1142 1030 1211 1056 sunt
1224 1036 1241 1055 a
1257 1027 1360 1062 gratia,
1373 1028 1400 1054 et
1412 1026 1517 1062 patria.
1532 1024 1692 1053 Homicidoe
1708 1025 1807 1051 autem

1023 1076 1253 1112 suspenduntur,
1270 1074 1392 1110 quando
1414 1074 1538 1109 possunt
1559 1072 1656 1107 tangi,
1682 1071 1713 1098 in
1734 1070 1808 1107 pati-

1024 1123 1097 1150 bulo
1110 1122 1219 1158 judicis
1233 1131 1238 1149 :
1257 1122 1297 1148 sic
1311 1120 1502 1157 spiritualiter
1516 1118 1669 1146 homicida
1684 1126 1807 1154 suspen-

1025 1169 1104 1197 ditur
1118 1169 1148 1196 in
1162 1168 1298 1205 patibulo
1314 1167 1436 1201 inferni,
1458 1165 1580 1202 quando
1596 1165 1733 1193 moritur.
1749 1166 1807 1193 Ho-

1025 1217 1142 1244 micidffi
1163 1216 1252 1243 etiam
1276 1223 1337 1243 non
1362 1216 1485 1251 possunt
1506 1214 1542 1241 ad
1565 1221 1664 1241 saeros
1687 1212 1808 1240 ordines

1024 1263 1213 1299 promoveri:
1237 1262 1278 1290 sic
1301 1262 1406 1290 animae
1427 1260 1646 1289 homicidarum
1661 1267 1723 1286 non
1740 1266 1809 1294 pro—

1025 1310 1227 1338 movebuntur
1246 1309 1284 1337 ad
1307 1309 1427 1337 ordines
1447 1307 1638 1342 angelorum,
1655 1305 1708 1334 sed
1723 1307 1809 1334 erunt

1025 1357 1056 1385 in
1068 1356 1195 1390 inferno,
1207 1357 1253 1383 ubi
1267 1357 1357 1383 nullus
1370 1356 1444 1387 ordo,
1461 1355 1508 1382 sed
1520 1355 1699 1388 sempiternus
1714 1353 1808 1380 horror

1025 1404 1179 1438 inhabitat,
1196 1405 1228 1430 ut
1242 1403 1369 1431 habetur
1383 1402 1414 1429 in
1428 1401 1482 1429 Job
1498 1402 1517 1429 ⁹.

1309 1515 1452 1549 CAPUT
1475 1515 1518 1549 V.

1149 1605 1187 1630 De
1203 1602 1388 1638 prohibitione
1406 1600 1559 1628 concubitus
1578 1600 1684 1627 illiciti.

1063 1685 1190 1714 Tertium
1199 1686 1381 1721 'praeceptum
1396 1683 1533 1711 secundae
1548 1682 1656 1710 tabulae
1671 1682 1731 1709 est:
1746 1681 1808 1709 Non
1831 1693 1930 1718 Praecep-

1026 1734 1207 1767 moechaberis3
1234 1731 1287 1759 ubi
1310 1730 1485 1767 prohibetur
1508 1729 1604 1757 omnis
1633 1728 1808 1756 concubitus
1822 1725 1870 1746 tum
1887 1725 1929 1745 111·

1026 1780 1155 1814 illicitus,
1172 1781 1200 1806 et
1214 1780 1294 1806 aetus
1309 1777 1405 1805 earnis
1420 1776 1616 1809 inordinatus,
1632 1777 1692 1803 tam
1708 1776 1810 1803 contra

1027 1827 1164 1855 ordinem
1183 1828 1309 1859 naturae,
1325 1832 1417 1861 quam
1436 1825 1539 1851 contra.
1558 1822 1695 1850 ordinem
1717 1821 1810 1857 Scrip-

1026 1876 1098 1903 turae
1112 1875 1139 1901 et
1153 1873 1262 1908 gratioe.

1062 1923 1094 1949 Et
1108 1920 1275 1948 notandum
1301 1918 1384 1954 quod
1408 1917 1514 1954 triplex
1539 1918 1581 1944 est
1597 1916 1691 1948 ratio,
1714 1922 1806 1951 quare
1834 1925 1930 1946 Luxuria

1016 1967 1200 2004 'prohibetur
1223 1965 1351 1993 moechia
1374 1965 1421 1993 vel
1444 1964 1570 1992 luxuria.
1599 1963 1695 1990 Primo
1719 1961 1807 1996 igitur
1822 1959 1929 1985 obtripii-

1027 2014 1154 2041 moechia
1170 2015 1211 2040 est
1230 2012 1403 2047 hujusmodi
1418 2011 1523 2038 mundi
1546 2009 1631 2046 quasi
1646 2008 1712 2036 vilis
1727 2008 1806 2035 intir-
1821 1997 1869 2042 ἓξὲξ
1879 1997 1930 2047 {Tg

1029 2061 1124 2093 milas,
1142 2060 1213 2096 quia
1228 2060 1288 2087 sere
1300 2061 1378 2086 totus
1393 2059 1523 2086 mundus
1538 2058 1659 2085 tabescit
1674 2058 1701 2084 et
1714 2064 1807 2091 aegro-
1820 2053 1917 2074 hibetur.

1028 2109 1083 2140 tat,
1099 2107 1147 2134 vel
1168 2106 1292 2134 moritur
1308 2106 1338 2133 in
1361 2107 1497 2141 peccato,
1520 2107 1547 2132 et
1566 2106 1608 2132 est
1625 2104 1749 2131 morbus
1768 2103 1808 2131 ita

1029 2153 1229 2188 contagiosus,
1243 2152 1325 2188 quod
1336 2152 1400 2180 solo
1411 2153 1531 2187 aspectu
1542 2151 1633 2179 inficit
1642 2150 1806 2178 hominem.

1030 2200 1110 2227 Unde
1124 2200 1257 2227 Salvator
1272 2201 1371 2227 noster
1390 2198 1543 2234 prohibuit
1557 2199 1710 2234 aspectum
1726 2197 1809 2224 illici-

1030 2249 1093 2275 tum
1110 2247 1211 2274 diceus
1226 2246 1262 2273 10;
1286 2247 1339 2279 Qui
1354 2246 1453 2273 viderit
1470 2247 1608 2272 mulierem
1618 2245 1654 2272 ad
1669 2246 1809 2280 concupis-

1031 2295 1142 2321 cendum
1161 2302 1215 2321 eam
1226 2315 1233 2327 ,
1247 2294 1305 2328 jam
1320 2294 1465 2320 moechatus
1481 2294 1519 2320 est
1534 2294 1563 2319 in
1583 2292 1660 2319 corde
1675 2300 1732 2319 suo.
1750 2293 1810 2319 Mu-

1031 2341 1085 2369 lier
1098 2349 1228 2377 namque
1249 2340 1399 2374 adultera,
1415 2339 1489 2366 sicut
1508 2339 1662 2373 basilicus,
1682 2338 1748 2366 solo
1765 2346 1810 2365 as-

1031 2391 1119 2425 pectu
1143 2388 1278 2415 interficit
1305 2387 1477 2415 hominem:
1505 2388 1626 2422 propter
1649 2385 1733 2421 quod
1756 2393 1811 2412 nos

1032 2443 1094 2463 non
1109 2435 1253 2463 debemus
1265 2434 1352 2462 nimis
1365 2434 1578 2470 propinquare,
1590 2433 1637 2459 vel
1652 2432 1825 2459 familiares-

1034 2491 1096 2511 esse
1111 2483 1167 2517 eis,
1184 2483 1258 2510 sieut
1273 2490 1328 2510 nec
1343 2480 1468 2509 infirmis
1483 2480 1534 2516 qui
1553 2479 1691 2507 laborant
1704 2479 1811 2506 morbo

1036 2560 1057 2576 c.
1076 2558 1182 2576 xx‘11.-
1195 2553 1203 2565 ὓ
1218 2550 1283 2580 Tob„
1299 2557 1345 2579 XII,
1367 2553 1401 2574 10.
1414 2563 1443 2567 -—
1456 2551 1463 2563 ⁷
1477 2549 1717 2576 Is·11.‚xxi·1,18.—
1732 2548 1740 2561 ⁵
1753 2548 1813 2577 I›·a.‚

1035 2595 1136 2619 xxxvu,
1151 2590 1173 2612 3.
1184 2601 1214 2605 -
1228 2589 1236 2601 ⁹
1251 2587 1305 2615 iob,
1321 2594 1347 2617 x,
1363 2588 1402 2610 22.
1419 2599 1448 2603 -—
1465 2586 1481 2600 ¹⁰
1496 2584 1599 2614 Malim,
1613 2589 1636 2614 v,
1648 2584 1687 2607 28.

1068 2631 1102 2662 (α)
1120 2631 1182 2655 caet.
1197 2630 1258 2654 edii.
1278 2629 1337 2653 add.
1353 2629 1394 2654 de.
1405 2642 1435 2647 —
1451 2628 1483 2659 (b)
1501 2628 1563 2653 Coet.
1578 2626 1639 2651 edit.
1658 2625 1715 2651 aad.
1728 2625 1764 2650 in.
