1940 3037
532 217 585 280 S.
627 216 691 281 R.
733 217 792 279 E.
837 216 1255 278 CARDINALIS

154 356 585 458 SANCTI
655 353 1635 456 BONAVENTURAE

383 524 534 552 Episcopi
563 523 794 557 ALBANENSIS,
825 522 994 550 DOCTORIS
1024 521 1202 549 SERAPHIC!
1233 521 1405 548 ECCLESIAE

747 729 1052 765 ELUCUBRATIO

520 949 820 1014 MYSTICA
864 958 1272 1013 THEOLOGIA

231 1081 245 1097 A
261 1078 405 1101 omnusnffl
421 1078 539 1097 iscium
559 1077 671 1096 assumo
688 1078 721 1095 οε
736 1077 835 1103 mmm,-
853 1077 867 1095 Α
884 1076 1046 1100 Quissusmm,
1063 1076 1143 1101 AL11s5
1163 1077 1178 1094 A
1195 1076 1316 1095 muninus
1331 1076 1415 1094 TAMEN
1433 1076 1582 1095 Ascmmrun

737 1122 833 1142 smero
849 1122 1043 1142 BONAvEN‘ruuAE
1059 1116 1066 1130 ¹

725 1346 751 1380 A
763 1344 821 1380 RG
832 1344 856 1380 U
868 1344 899 1380 M
909 1343 932 1380 E
944 1343 968 1379 N
980 1343 1003 1379 T
1014 1343 1038 1379 U
1050 1343 1080 1379 M

784 1426 838 1461 (Em
847 1426 915 1452 edit.
928 1425 1030 1459 vatic.)

146 1513 337 1547 Praecedens
356 1512 472 1545 titulus
493 1516 541 1545 est
560 1512 596 1544 in
612 1511 759 1556 antiquis
779 1511 948 1555 impressis
966 1510 1158 1554 Argentinae
1180 1521 1267 1542 anno
1291 1509 1376 1542 1495
1403 1521 1409 1542 ε
1433 1521 1471 1542 ex
1496 1521 1563 1554 quo
1582 1514 1717 1554 apparet

98 1572 166 1617 jam
186 1576 258 1604 tum
274 1570 505 1604 addubitatum
530 1570 570 1602 de
590 1573 722 1602 auctore
744 1569 845 1613 hujus
865 1569 1027 1613 opusculi.
1051 1568 1116 1601 Sed
1140 1567 1229 1613 quod
1252 1579 1311 1601 nec
1335 1567 1370 1601 S.
1393 1567 1637 1602 Bonaventurae
1661 1567 1715 1608 sit,

101 1641 160 1663 nec
174 1629 315 1674 alicujus
330 1628 465 1662 Ordinis
480 1628 663 1670 Mfflorum,
684 1627 815 1660 videtur
830 1627 943 1671 colligi
967 1626 1142 1660 manifeste
1158 1638 1199 1659 ex
1213 1626 1352 1671 antiquo
1369 1627 1593 1670 manuscripto
1609 1637 1719 1658 exem-

101 1687 203 1733 plari,
221 1687 315 1732 cujus
332 1687 399 1720 haec
417 1691 464 1719 est
479 1687 648 1731 inscriptio
669 1699 675 1718 :
692 1688 784 1718 ‚lesus
803 1686 955 1719 Christus
973 1685 1094 1719 Μανία)
1112 1685 1216 1729 filius.
1241 1684 1367 1729 Incipit
1385 1684 1478 1726 liber,
1503 1685 1560 1729 qui
1581 1683 1715 1723 dicitur,

102 1747 248 1791 Mystica
274 1745 449 1790 tlzeoloqia.
472 1745 536 1778 Ubi
558 1745 646 1777 enim
671 1744 711 1777 de
736 1744 905 1777 beneficiis
929 1744 1126 1788 specialibus
1150 1744 1278 1787 agitur,
1305 1754 1376 1788 cap.
1406 1755 1427 1785 1,
1455 1743 1568 1788 partic.
1588 1755 1622 1784 11,
1648 1743 1719 1776 loco

103 1805 240 1837 illorum
266 1804 445 1838 verborum
474 1817 480 1836 :
509 1817 524 1835 «
550 1806 653 1843 Quem
681 1803 824 1836 maxime
854 1802 894 1835 ad
923 1802 1120 1845 religionem
1146 1802 1301 1835 Fratrum
1327 1801 1496 1834 Minorum
1521 1800 1636 1834 divina
1657 1800 1720 1833 cle-

105 1863 228 1896 mentia
243 1862 445 1907 provocavit,
463 1875 480 1894 ))
505 1862 565 1895 Ms.
593 1862 637 1894 sic
661 1861 760 1894 habet
777 1874 783 1894 :
806 1875 822 1894 α
839 1861 904 1900 Qui
920 1861 1063 1894 maxime
1078 1861 1188 1905 ipsum
1204 1860 1245 1893 ad
1260 1860 1456 1904 religionem
1477 1859 1721 1893 carthusiensis

106 1921 238 1954 Ordinis
259 1921 374 1954 divina
390 1921 565 1953 clementia
588 1920 792 1965 provocavit.
811 1933 827 1951 ))
847 1920 888 1952 Et
907 1930 984 1952 mox
1005 1919 1110 1961 infra,
1140 1919 1199 1951 Ms.
1226 1931 1233 1951 :
1253 1932 1269 1950 ‹<
1286 1919 1397 1951 Tertio
1417 1918 1538 1951 recolat
1553 1917 1655 1959 illud,
1679 1917 1720 1950 ad

107 1980 195 2024 quod
220 1984 368 2021 vocatur,
392 1979 472 2024 quia
491 1990 558 2012 non
579 1979 619 2012 ad
639 1979 790 2021 regulam
812 1978 899 2011 beati
919 1977 1102 2010 Benedicti.
1125 1989 1141 2008 ³)
1161 1977 1202 2010 Et
1224 1976 1376 2010 subditur
1399 1990 1406 2009 ι
1429 1987 1445 2007 «
1467 1976 1531 2009 Sed
1554 1976 1594 2008 ad
1616 1976 1721 2020 ipsam

107 2038 356 2071 sacratissimam
370 2064 377 2078 ‚
395 2049 496 2081 quam
511 2038 649 2082 ipsemet
665 2037 782 2079 elegit,
799 2036 933 2081 quando
955 2036 1075 2068 ductus
1094 2040 1140 2068 est
1158 2035 1194 2068 in
1214 2035 1380 2067 desertum
1394 2060 1402 2076 ‚
1420 2034 1478 2067 ubi
1500 2033 1722 2078 quadraginta

106 2096 222 2128 diebus
243 2100 273 2128 et
296 2095 516 2140 quadraginta
536 2095 685 2128 noctibus
703 2095 888 2138 jejunavit,
906 2098 937 2126 et
953 2104 1134 2138 praecursor
1148 2104 1228 2125 suus
1241 2118 1249 2133 ,
1268 2106 1284 2123 n
1307 2097 1367 2125 etc.
1386 2092 1549 2136 Impressa
1564 2092 1650 2124 inter
1664 2092 1723 2125 illa

105 2153 422 2197 verba,jejunavit‚
441 2158 557 2198 atque,
577 2155 624 2186 Et
636 2164 824 2198 praecursor
839 2164 935 2192 suus,
954 2152 1154 2185 interserunt
1169 2151 1239 2184 haec
1257 2163 1263 2184 :
1286 2164 1303 2182 ‹<
1318 2151 1358 2183 Et
1373 2151 1408 2183 in
1424 2150 1570 2183 maxima
1584 2161 1724 2195 pauper-

107 2217 171 2245 tate
187 2223 244 2257 pei·
260 2212 422 2245 mundum
438 2212 639 2256 praedicavit,
658 2216 689 2244 et
704 2211 805 2244 saluti
823 2210 976 2244 omnium
994 2210 1222 2243 ardentissime
1237 2209 1390 2242 intendit.
1409 2221 1426 2240 »
1444 2208 1539 2241 Unde
1554 2208 1595 2241 ab
1611 2208 1724 2253 ailquo

108 2271 333 2304 Carthusiensi
352 2271 571 2315 compositum
591 2270 797 2314 Opusculum
816 2269 960 2311 videtur,
978 2273 1009 2301 et
1030 2268 1231 2312 quibusdam
1248 2266 1433 2300 immutatis
1452 2270 1483 2299 et
1499 2266 1620 2308 auctis,
1639 2266 1723 2299 illud

109 2330 143 2362 S.
161 2329 405 2362 Bonaventurae
421 2329 623 2373 adscriptum
635 2355 642 2369 ‚
661 2328 724 2360 nisi
745 2327 820 2372 quis
836 2327 923 2360 idem
942 2331 1132 2371 retorqueat
1153 2330 1403 2369 argumentum.
1426 2324 1541 2369 Stylus
1560 2335 1638 2358 vero
1655 2335 1725 2357 non

111 2398 178 2420 esse
205 2387 446 2420 Bonaventurae
474 2386 648 2431 persuadet
677 2399 682 2418 :
715 2390 762 2419 est
791 2386 879 2418 enim
907 2389 1039 2418 sanctus
1067 2385 1094 2417 is
1127 2385 1246 2418 Doctor
1277 2384 1428 2417 concisus
1456 2383 1612 2428 quidem,
1647 2382 1722 2422 sed,

113 2450 275 2491 quantum
301 2445 374 2478 fieri
399 2449 520 2489 potest,
546 2445 579 2477 in
604 2444 762 2478 brevitate
787 2444 999 2488 perspicuus3
1026 2448 1059 2476 at
1083 2454 1161 2476 vero
1185 2446 1343 2476 tractatus
1367 2442 1427 2475 iste
1454 2441 1596 2474 diffusus
1621 2444 1667 2473 est
1695 2446 1732 2472 et·

114 2504 292 2543 obscurus:
311 2503 364 2536 sed
381 2503 420 2536 ad
438 2503 634 2546 anagogicos
649 2514 799 2535 excessus
817 2502 949 2535 affectui
964 2501 1144 2534 admodum
1163 2501 1265 2534 utilis.

148 2576 211 2605 ¹Cf.
234 2575 298 2599 Edit.
320 2575 449 2605 Argentini.
473 2582 514 2597 an.
538 2576 611 2605 1495,
629 2577 695 2605 part.
719 2575 752 2604 n;
774 2574 833 2598 edit.
858 2574 938 2597 Vatic.
964 2581 1004 2597 au.
1032 2575 1098 2600 1596,
1116 2576 1178 2596 tom.
1207 2573 1267 2601 vn,
1291 2580 1315 2603 p.
1341 2573 1398 2601 6993
1421 2572 1481 2595 edit.
1502 2572 1566 2595 Veu.
1591 2578 1631 2595 au.
1653 2573 1726 2601 1011,

116 2613 168 2634 torn
185 2612 220 2640 ¹¹3
238 2611 296 2635 edit.
312 2610 391 2642 Lugd.
407 2617 448 2634 an.
468 2611 535 2640 1647,
552 2612 615 2633 tom.
634 2611 663 2640 ll,
677 2617 734 2640 pag.
751 2611 811 2638 680;
828 2609 888 2633 edit.
905 2609 968 2633 Ven.
986 2616 1027 2632 an.
1047 2609 1116 2638 1754,
1130 2610 1193 2632 tom.
1212 2609 1253 2637 M,
1270 2615 1295 2638 p.
1312 2608 1366 2631 344.

239 2717 314 2740 Tou.
337 2717 405 2740 vul.
1591 2707 1603 2733 1
