2004 3037
580 271 630 304 DE
652 269 912 304 CORRUPTELA
931 271 1156 308 VERlTATIS.
1181 275 1269 308 CAP.
1295 275 1378 308 Xlli.

170 335 314 365 festucam
335 335 384 364 vel
403 335 552 364 calamum
580 333 698 363 dextera
725 333 862 363 videatur
890 342 953 364 esse

172 383 237 412 leve
261 384 290 411 et.
313 381 506 417 indifferens,
521 382 622 409 tamen
641 380 764 417 quando
789 380 823 409 fit
851 383 955 410 contra

173 429 406 465 conscientiam,
437 429 592 465 peccatum
624 429 667 456 est
693 427 818 456 mortale
847 437 853 456 :
884 428 955 464 quia

173 476 321 514 spernitur
333 476 449 504 bonum
459 474 716 509 incommutabile,
729 476 757 503 et
771 474 811 503 ita
825 474 858 503 fit
872 483 956 503 aver·-

173 524 217 553 sio
234 531 252 552 a
262 524 407 552 Creatore.
420 522 568 558 Secundo,
580 530 616 550 ex
628 521 858 558 complacentia3
874 522 954 551 unde

173 570 351 607 Augustinus
368 578 374 597 :
398 580 411 595 «
433 569 552 598 Nullum
575 570 731 605 peccatum
751 569 827 597 adeo
847 571 955 598 estve-

173 617 266 652 niale,
286 616 370 653 quod
396 624 458 644 non
477 615 529 644 fiat
543 615 686 650 mortale,
707 615 781 643 dum
803 616 909 652 placet.
937 628 951 643 »

173 663 286 698 Tertio,
314 671 350 692 ex
377 662 581 699 dispositione,
609 663 680 699 quia
704 663 876 699 frequenter
902 672 956 700 per

173 711 291 748 lapsum
309 711 341 738 in
362 710 506 745 venialia,
523 710 690 746 disponitur
709 711 802 738 homo
823 711 862 738 ad
876 719 956 739 mor-

173 759 262 794 talja3
278 759 306 787 et
319 758 377 786 hoc
396 758 562 786 secundum
582 757 659 786 illud
677 758 809 794 Gregorii
823 760 831 776 ¹
854 768 860 786 :
883 768 896 784 «
910 759 956 787 Vi-

172 805 237 834 tasti
248 813 324 835 ,saxa
337 805 479 841 grandia,
489 805 559 833 vide
574 813 611 833 ne
622 805 758 833 obruaris
771 813 871 833 arena.
893 816 906 832 »
924 808 957 834 Et

173 852 230 881 hoc
245 852 313 881 ideo
330 852 419 888 dicit,
437 852 508 888 quia
530 860 606 888 saepe
625 852 662 879 de
682 852 812 880 minimis
826 853 955 888 pcccatis

174 900 290 929 venitur
312 900 350 928 ad
374 907 502 935 magna,
525 899 598 926 sicut
623 899 660 926 de
682 899 802 927 modica
829 899 956 929 scintilla

176 947 360 984 quandoque
379 946 613 985 surgitlmagnus
632 945 709 981 ignis
723 946 733 962 ²
750 955 756 973 ε
774 947 827 979 Qui
841 948 956 974 minima

174 995 293 1030 spernit,
307 995 443 1029 paulatim
457 993 572 1020 decidet.
588 993 715 1028 Quarto,
732 1001 768 1020 ex
783 1001 955 1029 progressu,

174 1040 245 1077 quia
270 1039 392 1077 quando
416 1039 542 1074 insurgit
563 1039 697 1074 veniale,
724 1039 747 1067 si
768 1047 830 1067 non
855 1041 956 1076 prohi-

173 1087 310 1122 beretur,
332 1087 432 1123 posset
455 1085 596 1122 progredi
621 1094 716 1122 usque
742 1086 782 1114 ad
805 1087 955 1116 mortale:

175 1142 237 1163 non
262 1133 334 1170 quia
355 1133 454 1170 ipsum
477 1132 593 1161 veniale
617 1133 649 1160 in
670 1133 834 1162 substantia
857 1137 957 1170 posset

174 1183 239 1213 fieri
257 1182 398 1217 mortale,
419 1182 471 1210 sed
491 1182 563 1219 quia
584 1190 620 1210 ex
642 1183 706 1218 ipso
732 1183 957 1212 occasionaliter

174 1231 258 1260 fieret
271 1238 445 1266 progressus
464 1230 503 1258 ad
523 1230 658 1258 mortale.
684 1231 716 1258 Et
738 1230 816 1258 istud
831 1232 912 1267 patet
925 1231 956 1259 in

175 1277 279 1315 primis
298 1277 445 1312 motibus,
463 1277 514 1314 qui
537 1277 612 1305 inter
635 1277 764 1306 venialia
783 1280 956 1314 computan-

175 1328 222 1355 tur
232 1336 240 1362 ;
257 1326 309 1354 sed
332 1325 454 1362 quando
473 1325 628 1354 delectatio
649 1326 826 1354 convalescit
845 1327 876 1354 in
891 1329 955 1355 tan-

174 1375 238 1402 tum
251 1373 334 1409 quod
350 1380 511 1401 consensus
526 1373 651 1407 accedit,
663 1373 727 1408 J'am
741 1375 898 1409 peccatum
913 1376 957 1402 est

175 1420 311 1449 mortale.

211 1466 378 1494 Differentia
393 1467 435 1494 est
448 1466 522 1494 inter
543 1468 699 1502 peccatum
718 1467 844 1495 mortale
860 1469 888 1495 et
901 1475 953 1495 ve-

174 1514 267 1549 niale,
291 1513 362 1550 quia
387 1515 541 1550 peccatum
565 1513 681 1541 veniale
708 1515 751 1542 est
771 1514 866 1542 libido
893 1514 954 1542 sive

174 1561 311 1597 voluptas
331 1561 362 1588 in
380 1563 514 1589 creatura
533 1561 606 1588 citra
625 1562 732 1596 Deum;
756 1561 880 1589 mortale
904 1570 955 1590 au-

174 1609 234 1635 tem
248 1609 289 1635 est
307 1607 402 1635 libido
426 1608 488 1635 sive
508 1607 645 1644 voluptas
664 1607 694 1635 in
715 1609 847 1636 creatura
865 1616 954 1644 supra

175 1656 280 1690 Deum,
301 1655 349 1682 vel
367 1663 452 1691 aeque
471 1656 539 1682 Deo.
562 1656 667 1683 Rectus
686 1657 784 1683 autem
806 1656 881 1684 ordo
896 1659 953 1691 est,

175 1703 206 1729 ut
237 1702 353 1729 bonum
385 1701 627 1729 incommutabile
663 1702 835 1737 praeferatur
870 1703 952 1731 bono

175 1748 389 1783 commutabili,
419 1750 446 1776 et
471 1749 629 1776 honestum
658 1749 734 1783 utili,
761 1751 788 1776 ct
816 1750 954 1778 voluntas

175 1795 224 1823 Dei
244 1795 387 1824 voluntati
410 1798 534 1831 nostrae,
551 1797 579 1823 et
602 1796 676 1824 ratio
697 1797 878 1825 sensualitati
895 1807 901 1825 z
926 1800 953 1826 et

175 1843 296 1878 quando
318 1843 370 1870 iste
396 1843 470 1871 ordo
495 1843 680 1879 pervertitur,
707 1845 776 1871 tunc
798 1847 953 1880 peceatum

175 1890 373 1918 committitur.
389 1923 391 1925 Ι

211 1938 311 1964 Utrum
338 1937 446 1973 aliquis
469 1937 562 1973 possit
583 1945 661 1972 esse,
691 1937 739 1964 vel
768 1937 868 1966 vivere
890 1939 953 1967 sine

175 1985 296 2019 peccato
312 1984 434 2018 veniali,
450 1984 523 2011 dum
538 1986 579 2012 est
601 1984 630 2014 in
650 1985 706 2013 hac
720 1986 780 2013 vita
793 1987 928 2022 praesenti
939 1988 952 2014 Τ

176 2029 338 2057 Dicendum
356 2032 412 2064 est,
429 2031 511 2066 quod
534 2031 557 2058 si
579 2031 731 2066 loquimur
751 2033 787 2060 de
812 2034 872 2060 tota
893 2034 953 2062 vita

174 2076 320 2111 hominiS,
337 2076 387 2112 qui
401 2077 534 2112 pervenit
550 2077 608 2112 jam
623 2077 662 2104 ad
676 2079 790 2105 aetatem
805 2079 951 2114 adultam,

176 2123 212 2151 de
230 2123 384 2151 excellenti
402 2125 430 2151 et
453 2123 573 2159 speciali
593 2124 684 2159 gratia
710 2127 764 2159 cst,
786 2125 868 2160 quod
887 2126 953 2153 talis

175 2170 237 2197 sine
263 2170 371 2198 veniali
391 2172 513 2206 peccato
537 2171 589 2203 sit,
616 2171 689 2198 sicut
716 2172 745 2198 B.
775 2172 952 2206 Augustinus

177 2216 246 2244 dicit
261 2218 271 2234 ³
285 2217 321 2244 de
335 2218 422 2244 Beata
435 2217 563 2251 Virgine.
585 2217 612 2244 Si
628 2219 726 2244 autem
747 2217 900 2253 loquimur
915 2219 952 2246 de

175 2262 276 2299 aliqua
290 2263 436 2299 particula
454 2263 520 2290 vitae
543 2264 713 2299 praesentis,
730 2264 771 2291 sic
790 2267 884 2300 potest
899 2266 953 2293 ali-

176 2310 242 2345 quis
259 2318 321 2338 esse
343 2310 404 2338 sine
427 2311 544 2346 peccato
568 2310 687 2338 veniali.
710 2311 788 2338 Istud
808 2314 886 2347 patet
901 2321 953 2348 per

176 2357 345 2392 exemplum
359 2366 365 2384 2
377 2357 448 2393 quia
463 2360 553 2385 nauta
568 2359 663 2393 potest
677 2358 793 2393 singula
806 2358 953 2387 foramina

175 2403 259 2431 navis
273 2403 304 2430 in
318 2412 443 2432 numero
459 2404 627 2437 obstruere,
642 2412 679 2432 ne
695 2413 773 2441 aqua
788 2405 883 2440 intret,
900 2406 953 2433 sed

176 2457 237 2477 non
261 2452 357 2486 potest
380 2450 467 2478 simul
497 2450 598 2478 omnia
626 2451 787 2486 obstruere,
814 2454 845 2480 ut
874 2461 953 2488 aqua

176 2503 324 2532 nusquam
343 2497 439 2525 intret.
465 2497 543 2524 Unde
565 2498 689 2525 charitas
713 2498 802 2526 etiam
825 2499 953 2535 perfecta

176 2550 237 2570 non
251 2543 319 2571 facit
335 2544 418 2580 quod
435 2546 589 2580 peccatum
602 2544 717 2572 veniale
729 2553 791 2573 non
804 2546 952 2581 adveniat,

178 2589 229 2616 sed
244 2589 312 2617 facit
334 2591 417 2626 quod
436 2599 497 2618 non
513 2590 598 2618 duret
608 2601 616 2626 ;
633 2591 890 2627 quemadmodum
905 2601 953 2621 ca-

178 2635 276 2663 minus
298 2636 374 2671 ignis
392 2645 454 2665 non
471 2637 540 2665 facit
559 2639 591 2665 ut
614 2639 696 2673 gutta
717 2647 802 2675 aquae
817 2639 873 2668 sibi
892 2647 953 2667 non

212 2734 218 2750 ¹
243 2734 285 2758 Est
307 2735 373 2765 apud
395 2735 577 2767 angustinum,
601 2737 694 2762 Enarr.
719 2739 744 2762 ιἰι
767 2738 833 2762 Psal.
858 2746 953 2771 xxxix,

1729 279 1788 309 133

1009 339 1195 373 apponatur,
1211 338 1264 367 scd
1287 338 1356 367 facit
1375 341 1475 367 tamen
1494 340 1526 366 ut
1546 340 1684 376 apposita
1708 339 1792 368 citius

1011 383 1208 420 extinguatur.
1232 385 1363 414 Perfecta
1384 385 1464 413 enim
1487 385 1613 414 charitas
1631 386 1729 414 statim
1743 385 1791 414 in-

1010 430 1144 459 flammat
1153 432 1316 468 hominem,
1328 435 1360 460 ut
1373 432 1410 461 de
1424 434 1546 469 peccato
1559 433 1668 462 veniali
1679 433 1792 469 doleat,

1011 480 1038 506 et
1051 479 1202 514 poeniteat,
1214 480 1297 516 quod
1309 488 1371 508 non
1386 479 1454 507 facit
1463 480 1590 508 charitas
1605 479 1791 516 imperfecta:

1010 525 1090 553 unde
1106 525 1136 553 in
1156 526 1335 562 imperfectis
1355 528 1554 562 aggregantur
1577 526 1671 555 multa
1691 527 1792 555 venia-

1011 572 1067 608 lia,
1082 581 1136 609 per
1150 581 1217 610 quae
1231 573 1264 602 fit
1278 574 1317 601 ad
1336 574 1566 610 prostrationem
1579 574 1676 610 maj0r
1692 575 1792 611 dispo—

1011 618 1088 647 sitio.

1271 671 1414 706 CAPUT
1441 672 1532 706 XIII.

1195 741 1232 768 De
1250 742 1342 776 effectu
1360 744 1466 777 peccati
1482 743 1610 770 venialis.

1048 809 1172 837 Effectus
1195 809 1307 846 peccati
1330 810 1455 838 venialis
1477 810 1633 846 multiplex
1657 811 1710 838 est.
1735 810 1796 838 Pri-

1012 863 1098 891 mus,
1128 856 1199 892 quia
1223 857 1262 884 ad
1288 865 1409 893 poenam
1437 857 1573 893 obligat:
1603 865 1666 885 non
1695 858 1796 885 autem

1013 903 1225 938 determinate,
1241 912 1339 941 neque
1354 904 1475 940 praecise
1491 904 1606 940 obligat
1620 905 1660 933 ad
1673 913 1795 941 poenam

1012 951 1166 985 aeternam,
1187 950 1235 978 vel
1247 951 1465 987 purgatoriam,
1484 951 1532 979 vel
1546 952 1698 987 praesentis
1711 952 1795 979 satis-

1013 997 1166 1031 factionis;
1183 997 1236 1025 sed
1257 998 1296 1025 ad
1317 998 1451 1034 aliquam
1472 998 1591 1026 illarum
1610 1006 1768 1035 poenarum
1786 1009 1792 1028 :

1013 1044 1157 1080 quoniam
1181 1045 1347 1072 secundum
1366 1044 1466 1072 sorum
1491 1045 1625 1073 Ecclesiae
1645 1046 1795 1081 praesentis

1013 1091 1151 1119 satisfacit
1174 1092 1266 1120 1101110
1285 1092 1407 1127 leniter;
1433 1093 1485 1120 sed
1505 1093 1671 1120 secundum
1696 1093 1795 1121 forum

1011 1139 1176 1174 purgatorii
1199 1139 1338 1174 punietur
1364 1139 1484 1175 gravius
1493 1149 1501 1174 3
1527 1140 1694 1167 secundum
1721 1147 1794 1168 vero

1012 1184 1112 1212 sorum
1132 1185 1239 1213 inferni
1258 1186 1398 1222 punietur
1414 1186 1587 1221 gravissime
1601 1194 1657 1222 pro
1673 1186 1793 1221 veniali,

1013 1232 1084 1267 quia
1097 1233 1288 1267 (eternaliter,
1305 1233 1329 1260 si
1353 1241 1421 1260 cum
1435 1232 1553 1260 mortali
1569 1235 1596 1260 et
1610 1233 1720 1261 veniali
1741 1233 1793 1261 de-

1013 1279 1139 1306 cesserit.
1169 1279 1346 1315 Exemplum
1373 1279 1521 1308 habemus
1549 1280 1586 1308 de
1614 1281 1695 1308 hoc:
1723 1280 1795 1317 quia

1013 1333 1152 1353 mensura
1166 1326 1227 1353 vini
1243 1335 1309 1362 quae
1329 1327 1360 1354 in
1378 1335 1440 1355 uno
1454 1327 1522 1355 loco
1537 1327 1616 1355 valet
1630 1336 1682 1355 sex
1703 1327 1795 1356 dena-

1011 1373 1088 1407 rios,
1105 1373 1130 1400 si
1144 1373 1269 1401 ducatur
1289 1374 1427 1409 ulterius,
1446 1374 1523 1402 valet
1542 1374 1671 1402 solidum
1686 1383 1791 1409 unum,

1013 1422 1040 1447 et
1054 1420 1077 1447 si
1093 1420 1217 1448 ducatur
1232 1421 1330 1448 adhuc
1342 1421 1474 1456 ulterius,
1491 1421 1571 1449 valet
1581 1422 1658 1450 duos
1669 1422 1791 1451 solidos.

1012 1469 1100 1494 Poena
1116 1469 1214 1495 tamen
1233 1467 1316 1495 illata
1340 1476 1396 1503 pro
1417 1468 1527 1496 veniali
1542 1469 1574 1496 in
1592 1468 1728 1505 inferno,
1748 1469 1794 1498 in-

1013 1514 1253 1549 comparabiliter
1265 1514 1363 1542 minor
1375 1516 1426 1549 est,
1445 1523 1536 1550 quam
1548 1515 1631 1543 illata
1642 1524 1697 1552 pro
1713 1525 1793 1544 mor-

1013 1560 1070 1588 tali.
1089 1561 1170 1588 Unde
1181 1561 1256 1588 solet
1267 1561 1325 1588 dici
1341 1562 1424 1597 quod
1438 1562 1619 1597 poenaillata
1634 1562 1664 1589 111
1676 1562 1793 1592 inferno

1011 1615 1066 1643 pro
1081 1608 1199 1635 mortali
1219 1609 1261 1635 est
1283 1608 1357 1635 sicut
1379 1608 1513 1636 soliditas
1524 1630 1533 1642 ,
1548 1608 1631 1636 illata
1650 1617 1721 1637 vero
1737 1618 1792 1645 pro

1011 1654 1120 1682 veniali
1136 1656 1177 1682 est
1190 1654 1261 1682 sicut
1273 1655 1459 1691 superficies3
1475 1655 1558 1684 illata
1571 1663 1627 1691 pro
1637 1656 1747 1684 veniali
1761 1656 1794 1685 in

1011 1702 1183 1738 purgatorio
1199 1704 1241 1730 est
1262 1702 1335 1730 sicut
1349 1702 1443 1737 linea;
1460 1702 1542 1730 illata
1560 1711 1615 1739 pro
1636 1703 1745 1731 veniali
1761 1704 1793 1732 in

1009 1749 1145 1785 praesenti
1174 1751 1216 1776 cst
1244 1749 1317 1776 sicut
1341 1751 1495 1785 punctum.
1526 1749 1608 1777 Unde
1636 1749 1711 1777 sicut
1738 1750 1793 1779 ista

1012 1798 1139 1832 quatuor
1155 1797 1222 1824 sunt
1234 1796 1557 1832 improportionabilia,
1575 1796 1615 1824 ita
1629 1797 1705 1824 inter
1718 1805 1792 1833 prze-

1011 1843 1104 1871 dictas
1124 1852 1227 1879 poenas
1248 1851 1359 1879 magna
1382 1845 1424 1871 est
1447 1843 1622 1871 differentia.
1639 1844 1791 1873 Secundus

1011 1891 1130 1918 effectus
1154 1893 1211 1926 est,
1237 1892 1321 1927 quod
1344 1893 1499 1928 peccatum
1522 1892 1636 1920 veniale
1660 1893 1792 1921 animam

1010 1937 1151 1972 maculat,
1168 1940 1195 1965 et
1208 1939 1328 1974 ponitur
1342 1939 1400 1967 tale
1416 1939 1586 1975 exemplum
1603 1948 1609 1967 ε
1627 1939 1790 1975 aliquando

1010 1985 1089 2012 enim
1105 1985 1276 2020 denigratur
1295 1986 1395 2021 aliqua
1415 1986 1515 2022 imago
1536 1986 1654 2022 depicta
1672 1987 1703 2014 in
1724 1989 1790 2014 tan-

1010 2032 1072 2058 tum
1083 2052 1092 2065 ,
1108 2034 1140 2059 ut
1153 2032 1248 2059 videri
1268 2041 1329 2060 non
1348 2033 1458 2068 possit3
1475 2033 1638 2068 aliquando
1663 2041 1734 2060 vero
1749 2033 1790 2061 510

1011 2080 1200 2114 obscuratur,
1221 2082 1253 2106 ut
1270 2079 1366 2106 videri
1385 2079 1507 2115 quidem
1526 2080 1637 2115 possit,
1660 2080 1713 2107 sed
1728 2088 1790 2108 non

1009 2125 1096 2161 plene
1112 2126 1238 2153 discerni
1255 2135 1261 2152 :
1284 2128 1311 2153 et
1329 2126 1396 2153 ideo
1414 2128 1534 2162 propter
1549 2127 1639 2154 talem
1653 2127 1790 2155 differen-

1010 2172 1079 2198 tiam
1105 2172 1175 2199 dicit
1193 2172 1365 2207 Gregorius,
1393 2173 1476 2208 quod
1500 2173 1615 2201 veniale
1634 2174 1788 2209 obscurat,

1010 2218 1134 2246 mortale
1149 2227 1219 2247 vcro
1236 2219 1420 2246 obtenebrat.
1437 2221 1474 2247 De
1490 2220 1608 2247 macula
1623 2223 1722 2248 autem
1735 2221 1790 2249 ista

1011 2267 1133 2301 dicitur,
1151 2267 1234 2302 quod
1249 2267 1279 2294 in
1294 2267 1445 2294 salvandis
1461 2275 1548 2295 omne
1570 2270 1725 2304 peccatum
1739 2277 1789 2296 ve-

1009 2313 1087 2340 niale
1103 2313 1218 2341 deletur
1232 2314 1262 2341 in
1276 2314 1412 2350 praesenti
1430 2323 1448 2341 a
1465 2314 1558 2349 gratia
1572 2314 1653 2342 finali
1665 2337 1673 2350 ,
1691 2317 1718 2342 et
1732 2315 1789 2343 hoc

1010 2363 1155 2397 quantum
1175 2361 1213 2388 ad
1234 2361 1367 2397 culpam,
1383 2363 1410 2388 et
1424 2370 1485 2389 non
1504 2364 1649 2398 quantum
1671 2363 1710 2390 ad
1725 2372 1789 2399 po?-

1010 2415 1099 2443 nam;
1130 2408 1190 2435 imo
1215 2408 1266 2435 illa
1290 2408 1420 2436 solvetur
1445 2409 1475 2435 in
1500 2409 1684 2444 purgatorio.
1710 2410 1790 2437 Delct
1810 2446 1813 2449 .

1011 2457 1110 2482 autem
1125 2455 1217 2490 gratia
1238 2455 1335 2482 finalis
1359 2457 1514 2491 peccatum
1536 2456 1651 2483 veniale
1676 2456 1706 2483 in
1725 2457 1790 2492 ipsa

1012 2501 1205 2529 dissolutione
1226 2501 1358 2537 corporis
1380 2504 1407 2529 et
1428 2502 1534 2530 animae
1558 2511 1593 2530 ex
1608 2502 1713 2529 virtute
1730 2511 1789 2531 suae

1012 2548 1226 2584 complexionis
1251 2551 1278 2576 ct
1300 2549 1344 2576 sui
1373 2551 1473 2583 status,
1499 2549 1636 2584 quamvis
1663 2557 1725 2576 non
1754 2549 1790 2577 sit

1011 2597 1108 2623 motus
1124 2595 1307 2623 contritionis
1326 2595 1364 2622 ad
1379 2595 1455 2622 illud
1470 2595 1608 2628 directus,
1624 2596 1790 2624 secundum

1012 2642 1095 2677 quod
1119 2642 1291 2677 intelligitur
1311 2642 1437 2670 verbum
1455 2642 1624 2677 Augustini,
1640 2642 1692 2679 qui
1708 2642 1787 2678 dicit,

1006 2704 1037 2729 11.
1056 2706 1095 2728 22.
1110 2718 1135 2721 —
1153 2705 1163 2720 ²
1177 2704 1267 2733 Ecch..
1283 2711 1338 2736 xix,
1356 2708 1376 2728 l.
1390 2719 1420 2722 —
1436 2705 1445 2721 ³
1460 2706 1536 2736 Aug,
1549 2705 1579 2729 (Ie
1593 2705 1655 2731 Nat.
1666 2707 1690 2730 et
1705 2705 1789 2737 Grat„

1013 2747 1024 2763 c
1050 2747 1140 2771 xxxVI,
1156 2748 1180 2764 n.
1200 2741 1237 2764 42.
