2004 3037
219 184 278 216 576

217 251 343 282 sabbato
366 255 500 289 curaret,
526 252 645 282 dicebat
663 251 758 282 turhae
780 260 789 281 ε
816 261 831 279 α
854 253 911 281 Sex
934 251 998 281 dies

217 300 296 334 sunt,
319 299 351 328 in
376 299 488 337 quibus
511 300 630 337 oportet
655 298 785 336 operari.
803 298 838 328 ln
860 299 898 328 iis
924 307 998 336 ergo

216 345 313 376 venite
337 348 365 376 et
387 346 548 383 curamini,
572 349 601 376 et
624 354 688 376 non
706 346 738 375 in
759 346 808 376 die
831 346 959 376 sabbati.
980 357 996 376 n

216 393 358 424 Dominus
386 397 487 424 autem
508 396 605 432 arguit
628 395 733 430 illum,
754 396 923 432 hypocritam
945 403 999 426 vo-

217 448 303 478 cans,
316 442 392 478 Luc„
405 444 524 479 mnu,
542 445 583 472 15.

250 489 358 519 Malam
378 490 564 528 hypocrisim
587 491 802 520 commiserunt
821 491 950 520 Ananias
970 493 1000 520 et

215 544 293 565 uxor
307 537 371 573 ejus
386 537 520 575 Saphira,
532 538 705 567 simulantes
718 547 749 567 se
760 540 858 567 totum
870 539 999 576 pretium

215 584 280 620 agri
301 584 442 620 attulisse,
458 587 488 615 et
501 585 540 614 ad
554 585 648 622 pedes
661 585 868 623 apostolorum
882 586 999 623 posuis-

216 638 258 660 se.
275 632 349 667 Act„
359 639 388 661 v.

251 678 393 713 Quamvis
416 679 518 708 Simon
542 681 644 716 Magus
668 680 843 708 credidisset
866 680 898 709 in
920 688 998 717 prae·

216 725 364 754 dicatione
379 726 517 763 Philippi,
531 728 632 756 tamen
646 728 747 756 Petrus
762 727 838 756 dixit
852 727 892 756 ad
907 735 997 756 eum:

218 781 233 799 t(
246 774 311 801 Non
330 775 373 802 est
395 773 449 802 tibi
471 782 535 802 sors
555 774 588 802 in
604 782 742 802 sermone
761 774 831 808 illo;
851 781 904 802 cor
919 774 1000 802 enim

215 821 300 848 tuum
310 827 372 848 non
387 822 429 849 est
443 822 558 849 rectum
572 829 675 849 coram
691 821 817 850 Domino
832 829 839 848 :
854 820 1000 858 poeniten·

215 866 287 895 tiam
306 867 408 904 itaque
427 875 498 904 age,
515 878 530 895 ιο
553 870 609 896 etc.
625 868 820 904 Respondens
837 870 938 896 autem
957 867 999 896 Si-

215 921 288 943 mon
319 914 416 943 dixit:
440 925 454 942 α
475 915 639 944 precamini
661 923 717 944 vos
735 923 791 952 pro
815 923 880 951 me,
903 925 917 942 n
941 917 997 944 etc.

215 962 286 996 Act„
302 969 364 990 vni.

251 1008 389 1045 Elymam
403 1017 528 1046 magum
550 1009 680 1046 graviter
703 1010 818 1039 notavit
839 1010 947 1039 Paulus
961 1009 999 1038 de

214 1055 366 1092 hypocrisi
381 1058 410 1084 et
423 1056 559 1092 falsitate,
575 1057 700 1086 dicens:
727 1068 741 1084 α
763 1058 786 1086 Ο
806 1058 894 1094 plene
916 1057 999 1086 omni

215 1102 287 1131 dolo
312 1105 340 1131 et
366 1104 448 1132 omni
473 1104 602 1140 fallacia,
625 1104 668 1133 fili
691 1104 807 1134 diaboli
829 1106 856 1133 et
879 1105 999 1134 inimice

219 1150 317 1178 omnis
329 1150 465 1186 justitiae,
482 1160 544 1180 non
566 1152 676 1180 desinis
695 1152 760 1180 vias
775 1152 892 1182 Domini
905 1154 999 1181 rectas

218 1200 402 1234 pervertere,
418 1210 431 1225 »
450 1200 505 1228 etc.
523 1199 600 1234 Act„
617 1207 686 1235 xm,
701 1200 746 1228 ¹0.

447 1294 590 1328 CAPUT
614 1294 767 1329 LXXVI.

413 1367 448 1396 De
474 1376 613 1396 munerum
639 1369 803 1404 acceptione.

250 1437 400 1467 Abraham
415 1437 512 1466 noluit
531 1439 665 1475 accipere
683 1438 779 1466 multa
802 1446 868 1475 quoe
892 1437 1000 1466 obtulit

217 1485 243 1513 ei
254 1493 306 1512 rex
317 1485 530 1520 Sodomorum,
546 1485 612 1513 licet
627 1485 689 1522 ipse
706 1486 817 1522 optime
833 1485 999 1520 meruisset,

217 1532 336 1567 Genesis,
351 1540 409 1566 xiv,
425 1533 549 1569 quando
564 1541 700 1561 reversus
715 1535 758 1562 est
770 1533 833 1570 ipse
848 1532 1000 1562 Abraham

216 1587 234 1607 a
246 1579 325 1608 caede
341 1583 469 1615 quatuor
484 1588 602 1615 regum.

251 1627 370 1654 Munera
386 1627 464 1654 misit
485 1627 573 1655 Jacob
594 1629 668 1655 Esau
688 1627 769 1656 fratri
783 1636 854 1663 suo,
871 1629 903 1656 ut
918 1635 998 1655 com-

216 1677 349 1710 pesceret
363 1674 438 1702 iram
449 1675 523 1710 ejus.
537 1675 615 1709 Gen„
631 1683 724 1703 xxxii.

253 1724 374 1750 Munera
392 1722 565 1750 obtulerunt
580 1723 632 1750 filii
649 1723 735 1751 lsrael
751 1722 791 1751 ad
809 1731 884 1758 opus
900 1723 999 1751 taber-

217 1768 317 1796 naculi
338 1769 454 1797 Domini
472 1770 501 1796 in
517 1771 597 1797 tanta
621 1770 782 1806 quantitate
795 1791 803 1804 ,
820 1769 902 1806 quod
915 1770 1002 1805 jussit

218 1816 332 1850 Moyses
347 1816 480 1850 clamari,
497 1818 528 1844 nt
539 1816 638 1844 nullus
652 1816 767 1852 aliquid
783 1816 904 1844 ulterius
915 1817 1002 1844 oll'er-

219 1867 274 1891 ret.
291 1863 390 1896 Emod„
405 1870 506 1890 xxxvi.

254 1910 418 1938 Mercedem
437 1910 598 1947 iniquitatis
619 1910 730 1937 amavit
750 1909 888 1945 Balaam,
905 1912 932 1938 et
946 1909 1000 1938 ivit

220 1964 288 1984 cum
311 1957 422 1984 nuntiis
445 1957 570 1991 Balach,
586 1957 638 1993 qui
658 1956 850 1985 divinationis
873 1957 1002 1993 pretium

220 2003 373 2032 habebant
387 2004 417 2031 in
432 2005 581 2032 manibus,
596 2005 689 2038 Num„
702 2012 774 2032 xxii.

256 2051 341 2080 Ahod
365 2051 471 2079 obtulit
495 2059 618 2080 munera
648 2051 743 2086 Eglon
767 2051 828 2086 regi
851 2050 952 2086 Moab,
975 2053 1003 2079 et

221 2101 324 2134 postea
340 2101 452 2127 secreto
467 2099 595 2135 loquens
615 2098 759 2135 percussit
779 2106 848 2126 eum
862 2098 1001 2133 graviter,

222 2148 249 2173 et
266 2146 384 2174 oceidit.
399 2146 588 2179 Judccum,1u.

257 2193 369 2221 Inimici
397 2194 521 2221 Samson
547 2193 705 2228 pecuniam
730 2192 830 2220 Dalilae
858 2192 1003 2228 promise-

222 2242 306 2275 runt,
323 2242 351 2268 et
369 2248 450 2275 cam,
473 2243 505 2268 ut
523 2239 609 2268 illum
624 2240 790 2276 deciperet,
810 2239 999 2268 induxerunt.

221 2287 326 2322 sudio„
339 2294 397 2315 xvi.

260 2336 298 2362 De
308 2334 377 2362 tiliis
389 2333 533 2362 Samuelis
549 2333 666 2368 dicitur,
679 2336 686 2361 l
698 2334 776 2368 Rey„
791 2341 853 2368 vni,
870 2335 885 2362 3
899 2343 905 2361 :
925 2343 939 2359 ι(
950 2335 1002 2362 De-

224 2382 407 2410 clinaverunt
420 2382 488 2417 post
503 2381 668 2415 avaritiam,
682 2383 917 2416 acceperuntque
936 2389 1002 2409 mu-

224 2437 310 2465 nera;
330 2439 344 2456 »
364 2431 392 2457 et
411 2428 509 2457 statim
529 2427 662 2464 sequitur
679 2435 687 2455 :
713 2436 726 2453 «
747 2428 780 2456 Et
797 2430 1003 2464 perverterunt

223 2476 379 2511 iudicium.
395 2486 409 2502 a>

260 2524 325 2551 Non
353 2523 408 2551 fuit
434 2522 608 2559 impositum
641 2521 769 2550 Samueli
781 2541 790 2556 ,
818 2522 870 2558 qui
899 2522 1002 2557 viginti

225 2569 310 2598 annis
331 2569 478 2606 populum
502 2569 590 2598 lsrael
614 2569 812 2605 judicaverat,
837 2568 921 2604 quod
948 2577 1002 2597 un-

225 2624 316 2653 quam
330 2625 439 2645 munus
459 2617 497 2645 ab
513 2617 615 2654 aliquo
630 2615 806 2652 accepisset,
821 2617 831 2643 l
851 2616 933 2650 Rea„
950 2624 1001 2644 xn.

261 2664 351 2692 Xenia
373 2671 439 2699 quae
459 2664 566 2692 obtulit
587 2663 656 2692 Siba
677 2671 780 2692 servus
805 2662 1003 2698 Miphiboseth

832 183 966 216 BlBLlA
988 181 1219 218 PAUPERUM.

1055 252 1150 282 David
1163 261 1182 283 a
1194 253 1270 282 facie
1292 253 1426 284 Absalon
1442 253 1584 291 fugienti,
1598 252 1738 284 videntur
1748 255 1835 286 ineli-

1054 307 1141 330 nasse
1157 300 1292 330 animum
1305 301 1400 338 ipsius
1417 301 1512 330 David
1525 301 1566 330 ad
1577 301 1650 338 hoc,
1663 302 1748 340 quod
1762 310 1836 333 con-

1053 349 1100 377 tra
1119 347 1276 378 absentem
1297 348 1437 386 iniquum
1456 348 1522 378 tulit
1537 348 1696 385 judicium.
1718 351 1742 380 ll
1755 351 1835 388 aaa„

1054 403 1114 425 ιη.

1091 442 1204 479 Regina
1221 443 1300 472 Saba
1322 443 1405 472 dedit
1423 443 1576 473 Salomoni
1597 445 1717 474 centum
1731 445 1836 482 viginti

1055 489 1166 519 talenta
1179 490 1255 526 auri,
1271 492 1300 518 et
1310 493 1445 519 aromata
1459 490 1564 526 multa,
1579 492 1609 519 et
1622 499 1756 527 gemmas
1769 500 1837 529 pre-

1055 537 1155 566 tiosas.
1171 538 1232 566 Rex
1243 540 1342 566 autem
1356 537 1499 566 Salomon
1514 537 1597 566 dedit
1610 537 1637 566 ei
1652 538 1754 567 omnia
1768 547 1836 576 quae

1054 583 1160 620 voluit,
1176 587 1205 613 et
1218 593 1285 622 quae
1299 585 1403 622 petivit
1417 585 1457 614 ab
1471 593 1519 620 eo,
1534 585 1662 621 exeeptis
1676 593 1743 622 quae
1757 586 1837 616 ultro

1055 631 1206 660 obtulerat
1220 632 1246 660 ei
1262 640 1386 660 munere
1406 632 1500 668 regio.
1517 633 1550 661 ΙΙΙ
1565 633 1629 667 Rea.
1640 654 1649 668 ,
1669 641 1687 662 x
1697 653 1706 668 ‚
1723 634 1774 669 ¹0,
1791 635 1836 662 ¹3.

1091 680 1209 708 Areuna
1222 679 1319 708 voluit
1333 678 1440 723 offerre
1454 679 1547 708 David
1560 687 1673 715 aream,
1686 682 1715 708 et
1734 681 1837 710 omnia

1055 725 1095 755 ad
1115 726 1260 755 sacrificia
1279 725 1464 761 necessaria3
1485 726 1539 754 sed
1556 726 1607 755 ille
1628 727 1725 756 noluit
1745 728 1836 764 gratis

1055 773 1205 810 accipere,
1232 781 1288 802 nec
1314 773 1493 802 sacrificium
1521 773 1566 802 de·
1587 773 1688 803 alieno
1716 774 1834 804 offerre.

1054 820 1077 849 11
1093 821 1171 855 Rea„
1186 827 1266 849 xxiv.

1091 867 1154 896 Rex
1168 867 1258 904 Syriae
1272 867 1412 896 Benadad
1427 867 1525 896 soedus
1539 867 1671 897 habebat
1685 876 1754 897 cum
1767 869 1838 898 Baa—

1054 923 1088 943 sa
1110 922 1181 951 rege
1206 914 1311 950 lsrael;
1336 914 1390 944 sed
1413 917 1536 952 propter
1558 923 1694 950 munera,
1717 924 1784 953 quae
1809 916 1837 945 ei

1054 962 1135 991 misit
1148 964 1206 991 Asa
1219 970 1272 991 rex
1289 962 1375 997 Juda,
1398 965 1486 998 rupto
1505 961 1616 991 foedere
1638 970 1707 991 eum
1729 964 1836 999 Bassa,

1054 1010 1184 1046 graviter
1198 1010 1383 1047 impugnavit
1398 1017 1478 1038 eum.
1495 1010 1528 1037 lV
1543 1011 1620 1045 Regi„
1637 1017 1697 1038 xvi.

1090 1059 1222 1086 Naaman
1241 1058 1331 1094 Syrus
1349 1056 1404 1085 fuit
1424 1056 1548 1084 omnino
1570 1057 1660 1092 gratis
1682 1057 1721 1085 ab
1740 1057 1836 1086 Eliseo

1055 1107 1191 1140 euratus;
1206 1106 1234 1133 et
1248 1106 1349 1133 tamen
1361 1104 1438 1132 Giezi
1451 1103 1563 1140 aceepit
1577 1104 1616 1132 ab
1632 1104 1685 1133 illo
1700 1112 1836 1140 munera,

1055 1156 1083 1181 et
1093 1153 1148 1182 fuit
1163 1153 1247 1189 gravi
1257 1153 1347 1190 plaga
1359 1160 1527 1189 percussuS.
1543 1153 1577 1180 lv
1593 1153 1670 1187 neq„
1686 1159 1714 1180 v.

1094 1211 1107 1227 «ι
1118 1201 1190 1230 Misit
1200 1211 1214 1227 n
1228 1208 1278 1228 rex
1293 1199 1451 1236 Babylonis
1469 1199 1602 1227 «litteras
1617 1201 1645 1227 et
1659 1206 1786 1227 munera
1798 1198 1838 1227 ad

1056 1248 1208 1276 Ezechiam
1216 1257 1224 1283 ;
1233 1258 1246 1274 ν
1259 1247 1598 1284 etsequitur:«1.aetatus
1609 1248 1651 1274 est
1659 1249 1758 1274 autem
1769 1247 1837 1274 Eze-

1055 1295 1136 1323 chias
1151 1295 1181 1323 in
1197 1295 1329 1323 adventu
1344 1302 1460 1330 eorum,
1473 1305 1486 1320 ι)
1502 1296 1569 1328 ete,
1584 1295 1616 1322 lv
1629 1294 1708 1328 Rea..
1722 1300 1772 1328 xx,
1791 1295 1836 1328 12,

1055 1344 1100 1371 ¹3.
1117 1342 1174 1371 Sed
1195 1345 1266 1370 nota
1285 1342 1343 1377 ibi,
1360 1341 1516 1379 quomodo
1532 1340 1684 1377 displicuit
1698 1340 1834 1369 Domino.

1091 1390 1186 1418 Achaz
1211 1398 1263 1418 rex
1283 1390 1377 1424 suda,
1398 1388 1524 1426 spoliata
1548 1388 1640 1416 domo
1665 1388 1780 1416 Domini
1809 1390 1838 1417 et

1056 1436 1149 1465 domo
1164 1445 1268 1473 regum
1283 1440 1309 1465 et
1324 1436 1508 1473 principum,
1523 1435 1605 1464 dedit
1619 1435 1681 1470 regi
1701 1435 1836 1472 Assyrio-

1055 1492 1122 1513 rum
1133 1492 1257 1513 munera
1267 1493 1276 1520 ;
1289 1485 1317 1513 et
1327 1487 1426 1512 tamen
1437 1483 1510 1512 nihil
1523 1483 1549 1512 ei
1559 1482 1682 1519 profuit.
1697 1483 1719 1511 ll
1730 1482 1835 1515 Parni„

1055 1539 1159 1560 xxviii.

1092 1580 1261 1608 Statuerunt
1274 1579 1368 1607 Judaei
1382 1579 1412 1606 in
1428 1577 1605 1606 memoriam
1616 1576 1730 1612 laetitiae,
1745 1584 1836 1613 quam

1056 1626 1225 1655 habuerunt
1242 1626 1395 1654 interfecto
1414 1629 1508 1654 Aman
1521 1625 1650 1661 pessimo
1665 1624 1836 1653 Judaeorum

1056 1674 1193 1708 inimico,
1209 1676 1241 1702 ut
1255 1673 1439 1711 pauperibus
1455 1673 1633 1702 munuscula
1648 1672 1835 1708 largirentur.

1056 1722 1144 1755 Eslli„
1160 1730 1200 1749 ix.

1094 1768 1312 1804 conquerendo
1328 1767 1460 1803 loquitur
1475 1766 1617 1795 Dominus
1634 1774 1688 1802 per
1707 1765 1813 1794 Isaiam
1827 1775 1833 1794 :

1060 1826 1073 1842 «
1096 1816 1244 1852 Principes
1269 1816 1309 1844 tui
1334 1815 1486 1850 infideles,
1514 1815 1586 1842 socii
1622 1814 1738 1850 surum,
1769 1822 1834 1842 om·

1057 1871 1110 1891 nes
1139 1862 1267 1898 diligunt
1297 1870 1422 1890 munera
1433 1883 1443 1897 ,
1475 1863 1640 1898 sequuntur
1667 1860 1835 1890 retributio·

1057 1917 1128 1945 nes,
1144 1920 1157 1935 »ι
1175 1911 1312 1944 ete.ls‹1.,
1328 1917 1348 1945 ι,
1363 1910 1408 1937 23.

1092 1956 1175 1985 Dedit
1194 1957 1334 1992 magister
1352 1956 1462 1984 militiae
1481 1955 1559 1992 regis
1578 1955 1739 1991 Babylonis
1757 1956 1835 1984 lere-

1057 2004 1124 2032 miae
1151 2004 1274 2039 cibaria,
1294 2006 1322 2032 et
1349 2002 1538 2038 munuscula,
1568 2005 1595 2031 et
1620 2002 1731 2031 dimisit
1754 2009 1833 2030 eum.

1056 2052 1164 2086 λοι-ειη,
1176 2059 1222 2086 xz,
1238 2053 1264 2080 5.

1093 2100 1253 2134 Postquam
1275 2100 1453 2134 exposuerat
1471 2096 1749 2126 Nabuchodonosor
1772 2096 1834 2132 regi

1057 2145 1157 2173 Daniel
1177 2145 1339 2180 visionem,
1360 2153 1412 2173 rex
1435 2145 1466 2172 in
1485 2144 1613 2172 sublime
1637 2152 1705 2172 eum
1720 2143 1834 2178 extulit,

1057 2195 1220 2221 etmunera
1235 2200 1344 2228 magna
1357 2194 1384 2219 ct
1397 2192 1491 2219 multa
1506 2191 1587 2219 dedit
1601 2191 1638 2219 ei.
1649 2192 1734 2225 Dan„
1746 2198 1777 2225 n,
1789 2190 1832 2218 ⁴8.

1093 2240 1241 2268 Baithasar
1261 2248 1314 2267 rex
1335 2239 1494 2275 Babylonis
1510 2238 1687 2275 promiserat
1710 2237 1836 2266 donaria

1057 2295 1167 2322 magna
1182 2286 1310 2322 Danieli,
1330 2286 1381 2323 qui
1401 2285 1579 2322 respondit:
1603 2296 1616 2312 u
1637 2286 1697 2313 Tua
1711 2291 1835 2312 munera

1057 2334 1114 2362 sint
1129 2334 1198 2370 tibi,
1219 2336 1247 2363 et
1264 2334 1345 2362 dona
1360 2333 1468 2362 domus
1488 2336 1543 2361 tuae
1558 2332 1642 2361 alteri
1657 2332 1706 2361 da.
1718 2341 1732 2359 a
1751 2333 1834 2366 Dan„

1057 2389 1092 2417 v,
1109 2384 1152 2411 ιτ.

1092 2428 1232 2457 ¹lonathas
1250 2428 1322 2456 abiit
1336 2428 1562 2463 Ptolemaidatn,
1586 2429 1613 2456 et
1633 2425 1717 2454 dedit
1729 2426 1833 2452 Deme-

1058 2475 1112 2504 trio
1126 2475 1186 2510 regi
1203 2478 1360 2511 argentum
1374 2475 1502 2503 multum
1521 2477 1549 2502 et
1563 2481 1684 2507 aurum,
1701 2473 1730 2500 et
1742 2471 1834 2506 dona,

1058 2525 1086 2551 et
1100 2523 1211 2551 invenit
1235 2522 1360 2559 gratiam
1379 2522 1410 2551 in
1434 2524 1595 2559 conspectu
1613 2521 1686 2557 ejus.
1703 2519 1834 2554 inach„

1057 2578 1092 2606 x,
1105 2571 1151 2598 60.

1094 2618 1202 2646 Videns
1225 2617 1365 2654 Tryphon
1385 2617 1542 2645 Jonatham
1564 2615 1681 2644 venisse
1704 2614 1744 2643 ad
1766 2621 1835 2642 eum

1058 2673 1126 2693 cum
1154 2665 1281 2694 exercitu
1308 2664 1402 2693 multo
1416 2686 1424 2699 ‚
1458 2663 1554 2692 timuit
1589 2671 1657 2691 eum
1670 2684 1678 2697 ,
1706 2664 1734 2689 et
1766 2668 1834 2689 cum
