2004 3037
535 195 585 227 DE
607 192 801 227 OPERIBUS
821 190 1065 224 CONDITORIS.
1090 191 1176 224 CAP.
1199 191 1263 224 XV.
1666 197 1704 226 97

95 268 192 289 suum.
209 261 319 289 Horum
331 261 420 290 etiam
432 261 564 290 officium
576 264 618 290 est
629 267 809 298 promovere
820 259 872 287 ho-

95 307 200 343 mines,
218 309 249 335 ut
264 316 325 336 non
338 310 458 344 propter
471 307 626 336 utilitatem
639 307 803 344 propriam,
820 305 872 334 sed

95 356 216 389 propter
230 354 321 382 solius
336 354 385 382 Dei
398 362 531 382 amorem
544 356 572 382 et
585 354 730 382 honorem
741 374 751 388 ‚
765 352 873 381 faciant

92 399 244 436 justitiam.
271 400 480 434 potestatibus,
503 400 669 428 secundum
687 399 833 428 Isidorum
851 400 871 433 ¹,

95 446 215 474 virtutes
230 446 360 475 adversm
374 446 512 482 sth'ectae
525 448 611 480 sunt,
627 454 664 474 ne
679 445 793 474 mundo
809 447 872 473 tan-

95 493 158 520 tum
175 494 321 528 noceant,
347 494 491 529 quantum
513 493 646 529 cupiunt.
672 495 782 520 Horum
806 491 871 520 offi-

95 538 174 566 cium
184 559 193 573 ,
208 539 372 567 secundum
386 539 561 575 Gregorium
581 540 602 573 ²,
618 541 660 567 est
673 539 741 566 11105
751 559 759 571 ,
774 538 826 574 qui
841 538 871 566 in

94 585 238 621 spirituali
261 585 420 614 certamine
445 585 611 620 desudant,
636 585 823 618 confortare,
845 587 872 613 et

93 638 131 659 ne
150 631 300 668 spirituale
322 640 448 667 regnum
473 633 622 666 amittant,
646 631 814 659 defendere.
841 632 872 659 Et

93 678 257 706 secundum
271 678 461 715 Dionysium,
476 678 516 706 ad
530 678 611 714 ipsos
625 680 736 714 spectat
750 677 872 713 angelos

93 722 262 759 inferiores,
285 726 430 760 quantum
443 724 585 760 possibile
606 725 665 758 est,
687 724 796 751 divinae
815 732 870 759 po-

92 770 189 798 tentiae
211 770 407 798 conformare.
434 771 555 798 Virtutes
581 772 648 798 sunt
673 770 872 805 infatigabiles

93 816 132 844 ad
147 816 352 845 executionem
365 817 582 852 faciendorum,
597 820 625 845 et
638 817 766 845 robustce
781 817 813 852 (a)
831 812 872 856 atl

92 863 321 899 praeceptionem
340 871 508 892 munerum.
531 865 642 891 Horum
663 863 796 890 officium
811 864 871 896 est,

93 910 258 937 secundum
280 910 471 946 Dionysium,
495 910 601 938 docere
616 910 755 945 praelatos
775 911 806 937 ut
827 908 870 936 fa-

93 955 148 983 cile
169 958 196 983 et
216 959 447 992 perseveranter,
471 965 537 992 quce
553 956 591 984 ad
607 956 741 984 officium
762 955 870 991 praela-

93 1001 179 1029 tionis
199 1002 364 1038 pertinent,
391 1004 586 1038 exequantur,
612 1004 640 1029 et
661 1002 755 1038 ipsius
779 1002 871 1030 onera

91 1047 254 1076 sustineant
276 1048 428 1084 patienter.
460 1050 530 1076 Item
556 1056 608 1084 per
632 1048 703 1075 istos
727 1048 872 1075 miracula

91 1093 167 1122 fiunt
181 1115 189 1129 ,
215 1096 243 1122 et
264 1095 385 1122 virtutes
407 1094 536 1122 faciendi
559 1094 709 1122 mirabilia
735 1094 871 1130 perfectis

92 1141 303 1168 conceduntur.
327 1140 503 1176 Archangeli
518 1140 627 1167 summi
647 1140 742 1168 nuntii
759 1148 872 1168 nuncu-

91 1189 208 1224 pantur,
222 1189 249 1215 et
260 1195 376 1215 summa
387 1187 531 1214 nuntiant.
550 1189 660 1215 Horum
672 1187 805 1215 officium
817 1188 869 1221 est,

92 1234 258 1262 secundum
271 1233 444 1269 Gregorium
454 1235 476 1267 ³,
489 1233 526 1261 de
539 1234 583 1260 his
596 1242 661 1269 quae
672 1233 819 1269 pertinent
832 1233 871 1261 ad

91 1280 312 1316 promotionem
328 1279 418 1314 fidei,
439 1282 471 1307 ut
490 1280 527 1307 de
546 1280 696 1307 nativitate
719 1280 822 1307 Christi
843 1281 872 1307 et

91 1325 174 1354 factis
198 1327 278 1362 ejus,
303 1326 439 1354 homines
464 1326 595 1361 erudire,
613 1329 640 1354 et
663 1327 813 1354 daemones
832 1326 870 1353 ab

91 1373 264 1401 hominibus
282 1381 455 1408 removere;
479 1373 645 1400 secundum
667 1372 839 1408 Dionysium
849 1373 870 1408 4,

93 1420 265 1456 prophetias
279 1419 421 1447 revelare.
438 1419 483 1447 Isti
498 1419 729 1446 illuminationes
739 1441 747 1454 ,
764 1427 838 1454 quas
854 1427 871 1446 a

97 1466 300 1501 superioribus
327 1466 508 1502 suscipiunt,
539 1466 727 1492 inferioribus
755 1473 870 1493 annun-

96 1513 188 1547 tiant,
209 1515 236 1540 et
254 1520 306 1548 per
321 1512 443 1540 eosdem
457 1512 544 1540 nobis
559 1512 659 1547 angeli
679 1515 746 1540 sunt
766 1513 796 1540 in
816 1521 871 1540 coe-

92 1559 158 1587 lesti
180 1558 371 1594 dispositione
392 1558 507 1592 ultimi,
532 1560 559 1586 et
581 1559 753 1586 hominibus
776 1559 871 1594 magis

92 1605 265 1641 propinqui.
288 1605 418 1640 Angelus
432 1612 543 1632 nomen
558 1607 599 1632 est
614 1604 703 1632 officii
715 1625 722 1638 ‚
744 1613 804 1633 non
820 1613 871 1633 na-

93 1653 172 1679 turae.
195 1651 242 1679 Isti
260 1651 384 1678 minima
404 1651 558 1685 nuntiant,
576 1652 604 1678 et
617 1651 754 1678 homines
770 1651 809 1678 ad
826 1650 870 1678 di-

93 1698 194 1725 vinam
209 1697 411 1732 cognitionem
427 1697 556 1728 ducunt,
574 1699 601 1724 et
615 1698 648 1724 ut
660 1697 735 1732 juste
752 1698 870 1732 vivant,

93 1743 249 1771 instruunt.
273 1744 307 1771 111
321 1752 438 1771 sursum
459 1743 656 1771 extenduntur
673 1751 726 1779 per
741 1744 871 1772 dilectio-

93 1797 162 1817 nem
175 1790 234 1824 Dei,
247 1790 278 1817 in
295 1790 397 1825 seipsis
408 1789 562 1817 firmantur
575 1798 627 1825 per
639 1790 803 1817 custodiam
814 1790 869 1824 sui,

95 1844 129 1863 ac
144 1836 199 1863 sub
214 1844 244 1863 se
258 1836 491 1871 progrediuntur
512 1836 552 1863 ad
570 1836 715 1863 auxilium
730 1836 869 1872 proximi.

96 1883 153 1909 Nos
177 1884 274 1909 autem
298 1882 455 1910 assimilari
478 1882 623 1909 debemus
646 1882 797 1918 Seraphim
818 1891 871 1918 per

96 1928 265 1956 charitatem
275 1950 284 1963 ,
303 1929 462 1956 Cherubim
477 1937 529 1964 per
544 1929 745 1963 cognitionem
756 1951 765 1963 ,
783 1929 871 1957 Thro-

95 1974 140 2001 nis
150 1982 203 2009 per
218 1974 396 2009 aequitatem,
412 1974 668 2002 Dominationibus
683 1983 802 2002 carnem
815 1975 871 2010 spi-

96 2020 163 2047 ritui
189 2020 377 2055 subjugando
398 2041 407 2053 ‚
436 2021 649 2056 principatibus
676 2021 870 2049 reverentiam

95 2066 260 2101 majoribus
275 2066 383 2093 nostris
397 2066 566 2093 exhibendo
576 2088 585 2100 ‚
606 2067 796 2094 potestatibus
810 2069 872 2094 ten-

95 2112 254 2140 tationibus
270 2112 426 2140 diabolicis
447 2112 622 2140 resistendo.
643 2114 713 2140 Item
729 2113 871 2140 debemus

95 2159 250 2186 assimilari
258 2159 418 2186 Virtutibus
427 2167 479 2194 per
492 2159 739 2194 compassionem,
746 2159 873 2186 Archan-

94 2204 166 2239 gelis
187 2212 240 2240 per
261 2205 504 2239 instructionem,
526 2205 645 2240 Angelis
663 2213 715 2240 per
736 2205 872 2240 obsequii

96 2250 319 2278 exhibitionem.

361 2344 502 2378 CAPUT
526 2345 601 2378 XV.

222 2419 259 2445 De
273 2419 425 2452 cognitione
440 2421 465 2445 et
481 2421 554 2445 motu
572 2419 747 2453 Angelorum.

134 2485 237 2520 Angeli
257 2486 457 2521 cognitionem
476 2486 587 2514 hahent
604 2487 798 2523 matutinam,
817 2488 874 2516 hoc

100 2532 152 2566 est,
168 2532 369 2566 cognitionem
384 2540 483 2560 rerum
498 2533 529 2560 in
543 2533 658 2568 Verbo3
674 2533 744 2562 item
758 2542 876 2570 vesper-

133 2594 141 2610 ¹
160 2594 231 2625 lsid.,
246 2595 275 2618 de
290 2595 360 2619 Sum.
378 2597 450 2624 Bon„
464 2596 509 2619 lib.
526 2597 544 2626 I,
560 2603 583 2620 0.
601 2601 648 2620 ΧΠ.
665 2609 691 2614 -
710 2598 718 2611 ²
731 2598 817 2628 Greg.,
834 2598 876 2621 ubi

107 2636 162 2659 sup.
176 2643 206 2647 —
221 2630 231 2645 ³
241 2630 327 2661 Greg.,
343 2631 368 2654 z'n
381 2631 487 2661 Ευανιφ,
502 2631 573 2655 hom.
588 2637 678 2655 xxnv.
689 2645 718 2649 —
734 2633 741 2646 ⁴
753 2632 837 2661 Dion..
847 2632 877 2656 de

240 2683 314 2705 TOM.
334 2683 403 2706 vui.

927 257 1037 292 tinam,
1060 258 1090 286 id
1110 261 1169 292 est,
1190 259 1392 294 cognitionem
1411 267 1511 288 rerum
1526 259 1556 288 in
1571 268 1613 289 se.
1634 262 1705 289 Item

926 305 1123 333 meridianam
1134 326 1143 339 ‚
1158 305 1190 333 id
1205 307 1257 339 est,
1273 308 1407 341 apertam
1422 306 1471 334 Dei
1485 306 1642 335 visionem.
1659 309 1705 336 Est

927 352 955 379 et
969 351 1027 379 alia
1042 352 1172 387 cognitio
1188 351 1342 387 angelica,
1363 352 1520 387 videlicet,
1542 356 1630 389 prout
1644 362 1704 383 ma-

923 396 1003 432 jores
1018 397 1150 426 indicant
1161 398 1337 432 minoribus
1354 406 1420 434 quae
1431 407 1485 434 per
1497 399 1613 428 divinas
1622 400 1704 428 theo-

925 443 1051 479 phanias
1072 446 1278 480 pereeperunt.
1293 444 1484 480 'theophania
1505 453 1576 474 vcro
1596 448 1639 474 est
1659 454 1705 475 os-

926 490 1019 517 tensio
1035 490 1160 526 alicujus
1175 490 1385 525 cognoscibilis
1403 491 1439 519 de
1456 493 1513 519 Deo
1528 500 1582 528 per
1596 492 1704 521 illumi·

926 537 1078 564 nationem
1093 537 1130 564 de
1145 539 1203 564 Deo
1217 537 1386 564 venientem
1400 546 1406 565 :
1423 539 1451 565 et
1464 538 1521 566 1100
1536 541 1631 574 potest
1642 547 1703 568 esse

926 583 973 610 vel
987 583 1018 610 in
1033 583 1189 619 symbolis,
1206 583 1254 611 vel
1268 582 1341 611 facie
1354 583 1520 612 adfaciem.
1537 586 1609 613 Nota
1621 586 1704 621 quod

926 629 1049 664 angelus
1063 629 1093 657 in
1109 629 1276 664 cognitione
1292 637 1391 657 rerum
1407 629 1437 657 in
1451 631 1573 666 propria
1587 633 1703 666 natura,

926 676 1079 710 cognoscit
1093 676 1181 712 plura
1200 676 1321 711 habitu,
1342 678 1370 704 et
1389 684 1451 704 non
1464 679 1541 705 actu.
1564 677 1704 706 01100111-

927 721 1128 749 carnationem
1144 723 1172 749 et
1185 723 1354 758 passionem
1373 723 1476 750 Christi
1491 723 1637 751 sciverunt
1652 732 1704 752 an-

928 768 985 803 geli
1001 768 1195 797 substantiam
1207 769 1275 797 10011
1287 790 1295 803 ‚
1316 769 1368 797 sed
1383 777 1445 797 non
1460 777 1563 798 omnes
1579 770 1704 798 circum-

927 816 1057 851 stantias,
1073 818 1104 844 ut
1117 824 1219 852 quare,
1233 816 1282 844 vel
1295 817 1460 852 quomodo.
1475 819 1616 846 Praeterea
1629 826 1705 854 quae-

927 870 1055 898 cumque
1071 863 1168 898 angeli
1184 865 1378 898 cognoscunt,
1395 866 1578 899 cognoscunt
1591 866 1705 893 remota

927 908 1000 936 sicut
1013 909 1185 945 propinqua
1199 919 1205 937 :
1229 910 1300 945 quia
1315 910 1444 945 cognitio
1459 919 1562 939 eorum
1577 919 1638 939 non
1652 919 1706 947 per

927 962 1046 982 sensum
1057 976 1067 989 ,
1083 956 1134 983 sed
1149 964 1201 991 per
1216 956 1396 984 intellectum
1411 959 1462 985 est.

963 1001 1057 1029 Status
1072 1004 1172 1029 autem
1187 1002 1285 1037 angeli
1300 1003 1407 1038 triplex
1422 1005 1481 1038 est,
1497 1004 1606 1032 scilicet
1619 1005 1705 1032 inno-

927 1047 1048 1081 centiae,
1071 1048 1191 1082 gratiae,
1215 1051 1243 1076 et
1262 1049 1372 1083 glorioe.
1398 1049 1587 1085 Distinguitur
1606 1053 1705 1079 motus

927 1094 1110 1128 Angelorum
1140 1094 1291 1130 tripliciter
1318 1096 1482 1124 secundum
1510 1097 1681 1132 Dionysium
1695 1118 1702 1131 ‚

926 1139 1036 1167 scilieet
1052 1140 1212 1175 ctrcularis,
1227 1143 1323 1169 rectus
1339 1143 1367 1169 et
1381 1142 1532 1178 obliquus.
1549 1143 1704 1171 circularis

925 1188 968 1213 est
982 1186 1020 1213 ab
1035 1186 1143 1214 eodem
1163 1187 1194 1214 in
1215 1187 1294 1214 idem
1304 1208 1314 1221 ,
1336 1190 1364 1215 et
1384 1188 1461 1216 circa
1475 1189 1556 1216 idem
1571 1192 1704 1217 centrum

926 1232 1082 1260 immobile
1097 1242 1104 1260 ε
1120 1233 1200 1260 1111110
1215 1235 1330 1261 motum
1341 1234 1452 1262 habent
1463 1235 1572 1270 angeli,
1589 1236 1640 1271 qui
1652 1236 1704 1263 im-

927 1278 1055 1306 mediate
1071 1279 1217 1314 recipiunt
1236 1279 1468 1308 illuminationes
1484 1290 1500 1309 0
1515 1283 1573 1309 Deo
1585 1303 1593 1316 ,
1610 1284 1637 1310 et
1651 1291 1704 1318 per

927 1324 994 1352 illas
1007 1328 1193 1353 revertuntur
1207 1326 1246 1353 ad
1262 1328 1362 1354 Deum.
1385 1328 1463 1355 Istud
1481 1331 1579 1356 autem
1595 1337 1703 1357 conve-

927 1371 970 1399 nit
980 1371 1125 1407 superiori
1136 1372 1307 1400 hierarchiae
1317 1375 1439 1402 tantum.
1452 1376 1522 1403 Item
1532 1377 1614 1403 motu
1623 1378 1702 1404 recto

927 1420 1096 1452 moventur,
1116 1419 1238 1454 quando
1253 1420 1419 1454 procedunt
1433 1421 1471 1448 ad
1485 1422 1703 1457 providentiam

927 1463 1130 1498 subjectorum
1149 1466 1226 1493 recte
1246 1466 1347 1493 omnia
1364 1468 1566 1502 transeuntes,
1593 1471 1620 1496 et
1640 1476 1702 1497 non

924 1511 1110 1537 revertuntur
1130 1511 1167 1538 ab
1188 1511 1294 1539 eodem
1309 1512 1339 1539 in
1358 1512 1456 1547 idem,
1477 1513 1528 1540 sed
1544 1514 1580 1541 de
1595 1522 1656 1542 uno
1671 1515 1701 1542 in

925 1555 1018 1583 aliud.
1027 1557 1095 1583 Item
1106 1559 1149 1584 est
1156 1557 1187 1584 in
1195 1557 1308 1592 angelis
1314 1560 1411 1585 motus
1418 1559 1569 1595 obliquus,
1578 1560 1700 1595 quando

925 1601 1035 1630 scilicet
1049 1603 1250 1638 cognitionem
1264 1603 1439 1632 inferiorum
1449 1626 1459 1639 ,
1476 1606 1584 1641 quibus
1599 1607 1700 1642 provi-

925 1649 1014 1684 dent,
1030 1650 1230 1678 reflectunt-in
1247 1653 1353 1686 Deum,
1373 1652 1553 1688 principium
1569 1655 1596 1681 et
1609 1653 1700 1682 finem

924 1696 997 1724 boni
1012 1699 1039 1724 et
1052 1697 1177 1732 pulchri.

961 1744 1033 1771 Nota
1044 1743 1240 1771 differentiam
1251 1744 1325 1772 inter
1338 1746 1470 1774 assistere
1483 1749 1510 1774 et
1518 1748 1698 1777 ministrare:

926 1790 996 1826 quia
1015 1791 1147 1819 assistere
1168 1794 1210 1820 est
1228 1792 1334 1820 faciem
1351 1794 1399 1820 Dei
1419 1796 1614 1831 contemplari
1632 1806 1638 1824 :
1660 1797 1700 1825 sic

925 1837 1062 1864 assistunt
1078 1846 1181 1865 omnes
1202 1839 1274 1866 boni
1295 1840 1402 1874 angeli.
1424 1842 1495 1869 Item
1510 1842 1643 1871 assistere
1659 1846 1701 1871 est

925 1884 1096 1913 immediate
1116 1886 1246 1921 recipere
1268 1887 1499 1916 illuminationes
1519 1897 1536 1916 a
1556 1891 1613 1917 Deo
1631 1899 1637 1917 ε
1660 1891 1701 1918 510

925 1932 1038 1959 tantum
1054 1932 1190 1959 assistunt
1206 1935 1263 1960 tres
1277 1933 1363 1968 primi
1381 1934 1510 1962 ordines.
1534 1938 1603 1963 Item
1618 1936 1702 1964 assis-

926 1979 985 2005 tere
1001 1980 1043 2005 est
1058 1979 1300 2014 appropinquare
1318 1981 1377 2007 Deo
1387 2002 1394 2014 ,
1412 1982 1439 2008 et
1454 1983 1625 2009 extraneum
1640 1991 1701 2011 esse

926 2023 965 2050 ad
977 2024 1104 2051 exterius
1115 2025 1263 2052 missioni:
1279 2026 1319 2053 sic
1330 2027 1465 2054 assistunt
1477 2031 1604 2062 quatuor
1613 2030 1701 2064 primi

926 2069 1055 2097 ordines.
1080 2070 1240 2098 Ministrare
1254 2079 1324 2098 vero
1345 2075 1386 2099 est
1404 2074 1539 2100 nuntiare
1558 2082 1613 2109 pro
1629 2078 1702 2103 tem-

925 2115 1005 2150 poris
1021 2116 1238 2151 opportunitate
1250 2138 1258 2151 ,
1277 2117 1325 2144 vel
1345 2120 1461 2153 operari
1480 2121 1643 2149 secundum
1657 2123 1701 2149 ot'-

926 2160 1027 2188 ficium
1044 2169 1050 2188 ι
1075 2164 1116 2189 051
1141 2161 1220 2189 0111111
1243 2163 1439 2193 ministerium
1463 2167 1577 2201 nuntii,
1603 2170 1631 2195 et
1655 2168 1699 2196 of-

925 2206 993 2234 ficii.

963 2255 1096 2281 Erratum
1119 2256 1161 2281 est
1182 2255 1259 2283 eirca
1277 2259 1392 2285 motum
1409 2259 1587 2294 angelorum
1606 2262 1699 2290 tribus

928 2300 1034 2328 modis.
1051 2300 1191 2328 Dicebant
1201 2303 1279 2330 enim
1291 2304 1415 2338 quidam
1426 2305 1606 2343 philosophi,
1618 2310 1701 2344 quod

927 2347 1024 2381 angeli
1045 2355 1200 2384 nunquam
1221 2353 1390 2385 moventur,
1408 2352 1460 2379 sed
1475 2357 1595 2382 movent
1608 2356 1702 2390 sphae-

928 2402 986 2428 ras,
1002 2396 1030 2421 et
1044 2402 1097 2430 per
1112 2403 1161 2422 eas
1176 2395 1341 2424 voluntates
1355 2397 1520 2427 hominum.
1538 2403 1609 2429 Item
1623 2402 1702 2430 dixe-

927 2442 995 2468 runt
1010 2441 1079 2475 alii,
1102 2442 1185 2476 quod
1208 2443 1331 2477 angelus
1350 2444 1385 2471 sit
1404 2445 1433 2471 in
1452 2446 1589 2481 pluribus
1609 2448 1700 2483 10015,
1739 2460 1742 2462 ·

929 2487 957 2513 01
972 2487 1060 2514 0110111
1079 2488 1272 2523 ubicumque,
1289 2489 1312 2516 si
1328 2489 1363 2525 (b)
1380 2491 1516 2520 voluerit.
1532 2495 1601 2521 Item
1620 2494 1702 2522 dixe-

929 2534 997 2560 runt
1011 2532 1081 2567 alii,
1099 2533 1182 2569 quod
1198 2534 1319 2569 angelus
1333 2536 1374 2563 sic
1388 2538 1467 2565 venit
1482 2538 1518 2565 de
1534 2539 1591 2566 fine
1603 2540 1704 2575 spatii,

932 2598 992 2622 Coel.
1009 2600 1092 2628 Hier„
1107 2608 1129 2624 e.
1146 2607 1216 2625 111.--
1232 2602 1265 2632 (ιι)
1284 2602 1344 2627 Coet.
1357 2604 1416 2628 edit.
1432 2605 1573 2631 10110511.-
1590 2607 1623 2637 (b)
1639 2608 1705 2632 Edit.

936 2633 994 2658 Ven.
1010 2635 1051 2658 sit.
1068 2636 1163 2659 Forsan
1178 2636 1306 2666 leyemlum
1324 2638 1368 2662 sic.

1553 2691 1568 2717 7
