2004 3037
230 187 289 219 132

229 253 298 282 sunt
325 251 427 281 activoe
454 251 495 280 ad
520 249 708 287 diligendum
733 250 930 287 temporalia,-
955 249 1009 278 sed

228 299 355 337 passivae
369 300 398 328 et
411 297 578 327 materiales
595 297 635 326 ad
649 305 684 326 ea
702 305 770 334 quae
783 299 851 326 sunt
864 296 965 333 gratim
980 298 1008 325 et

229 346 349 382 gloriae,
365 345 437 382 quia
454 352 518 373 non
539 346 665 381 possunt
684 344 790 373 haberi
810 344 932 373 virtutes
953 351 1008 381 per

228 393 356 421 modum
370 391 590 428 acquisitionis,
607 391 660 420 sed
681 399 736 428 per
756 391 883 420 modum
906 399 1008 427 recep-

227 439 326 467 tionis.
342 438 424 467 Unde
439 438 555 467 malum
568 447 728 476 possumus
746 438 843 467 iacere
861 446 916 475 per
934 445 990 466 nos
998 458 1008 473 ,

227 486 282 515 sed
300 485 415 514 bonum
436 493 499 515 non
521 493 681 522 possumus
704 485 802 514 faeere
825 485 888 514 sine
913 483 1009 520 gratia

229 532 384 569 adjutrice.

499 613 642 648 CAPUT
670 613 730 646 XI.

235 696 274 723 De
291 702 395 723 morosa
414 693 597 726 delectatione,
619 695 643 720 ct
661 699 788 720 consensu
806 693 836 719 in
853 694 1000 728 peccalum.

263 770 420 799 Delectatio
434 769 562 798 carnalis
571 776 692 797 morosa
706 769 860 805 peecatum
873 769 917 796 est
928 775 1007 796 mor-

226 817 294 846 tale.
310 817 367 845 Sed
381 817 465 845 nulla
483 816 590 844 dicitur
605 823 726 844 morosa
736 836 746 850 ,
758 815 815 843 nisi
833 814 955 851 quando
971 822 1008 842 ex

226 872 373 893 consensu
386 863 509 892 rationis
524 865 567 892 est
582 872 589 890 :
605 862 687 891 unde
701 869 764 891 non
777 861 950 897 intelligitur
964 860 1007 888 ibi

224 919 311 940 mora
330 911 487 948 temporis,
507 910 561 938 sed
583 917 755 938 consensus.
781 908 941 937 Sciendum
963 910 1008 936 est

225 966 298 995 ergo
313 958 397 995 quod
411 957 566 986 delectatio
589 957 612 984 si
633 956 706 985 sistit
721 956 798 984 eirca
813 962 1006 989 consensum,

225 1005 342 1034 veniale
355 1007 512 1042 peecatum
526 1006 585 1039 est3
602 1003 626 1031 si
638 1011 710 1031 vero
723 1002 860 1040 procedit
872 1001 1006 1036 ulterius,

225 1052 265 1081 ita
279 1052 364 1089 quod
384 1052 449 1080 vult
465 1051 589 1080 interius
610 1050 804 1079 delectatione
819 1048 1005 1085 voluptuari,

225 1107 279 1128 nec
292 1102 393 1128 tamen
414 1099 478 1126 vult
496 1098 527 1126 in
549 1106 624 1134 opus
645 1096 824 1133 procedere,
845 1095 910 1123 talis
934 1102 1006 1122 con-

226 1154 329 1174 sensus
351 1148 393 1174 est
414 1145 489 1173 inter
512 1144 649 1173 mortalia
669 1142 907 1179 computandus,
923 1140 1007 1177 quod

225 1193 356 1221 maxime
379 1192 467 1220 debet
481 1191 606 1227 intelligi
625 1191 656 1218 in
677 1191 803 1227 peccatis
827 1188 1004 1217 carnalibus.

226 1240 436 1268 Verumtamen
456 1239 506 1266 ille
528 1246 689 1266 consensus
708 1237 738 1265 in
757 1236 930 1265 illecebram
952 1235 1006 1262 du-

225 1286 295 1323 plex
316 1288 359 1314 est
373 1295 379 1314 :
396 1286 468 1322 quia
486 1293 648 1314 consensus
663 1285 693 1312 in
713 1284 885 1312 illecebram
899 1282 1007 1318 aliquis

227 1335 270 1362 est
289 1333 420 1367 subitus,
443 1341 505 1361 non
526 1340 579 1368 per
599 1331 795 1368 praeliabitum
818 1329 1007 1358 deliberatio·

227 1390 312 1417 nem,
327 1382 380 1410 sed
395 1390 430 1409 ex
446 1381 510 1409 sola
524 1380 714 1416 corruptione
735 1379 846 1413 carnis,
863 1386 954 1414 quem
970 1377 1005 1413 (u)

226 1428 366 1465 praeeedit
380 1428 527 1464 appetitus
541 1427 736 1455 sensualitatis
748 1426 778 1454 iu
788 1426 885 1462 primo
901 1427 984 1452 motu
999 1434 1004 1451 :

226 1475 293 1503 talis
307 1477 406 1503 autem
425 1482 586 1503 consensus
606 1474 712 1502 dieitur
731 1472 903 1508 subreptio,
921 1474 950 1499 et
966 1473 1008 1499 est

226 1525 381 1559 peceatum
397 1522 530 1557 veniale3
547 1521 623 1550 alius
637 1528 797 1549 consensus
812 1522 854 1547 est
866 1519 896 1546 in
911 1518 1008 1546 delec-

227 1569 367 1598 tationem
379 1569 413 1605 (b)
430 1571 566 1597 motuum
576 1567 743 1604 earnis,qui
759 1569 800 1595 est
815 1574 883 1594 cum
895 1565 1006 1593 delibe-

226 1617 339 1645 ratione
355 1616 492 1650 rationis,
515 1617 543 1643 et
562 1615 613 1643 iste
637 1617 679 1643 est
697 1617 851 1650 peecatum
870 1612 1006 1646 mortale,

227 1666 260 1692 ut
273 1664 385 1691 dictum
396 1666 447 1691 est.
459 1663 487 1691 Si
502 1665 601 1690 autem
615 1662 688 1690 ratio
701 1660 843 1689 consentit
855 1668 922 1687 cum
935 1658 1008 1686 deli-

226 1711 380 1739 beratione
395 1718 462 1746 quaa
476 1710 511 1737 sit
530 1710 561 1745 (ι’)
580 1718 632 1745 per
655 1709 782 1736 rationes
803 1707 935 1741 divinam,
952 1707 1009 1733 hoc

228 1757 338 1792 modo,
353 1757 423 1793 quia
437 1765 525 1784 omne
546 1756 610 1791 lege
631 1756 679 1783 Dei
704 1755 887 1791 prohibitum
902 1756 945 1781 est
965 1753 1009 1780 vi-

228 1804 368 1837 tandum,
391 1805 460 1831 tunc
484 1803 590 1830 dicitur
615 1805 769 1838 peecatum
791 1810 851 1829 esse
872 1801 903 1828 in
922 1808 1008 1836 supc-

228 1851 300 1879 riori
323 1852 405 1887 parte
428 1849 560 1878 rationis
583 1849 639 1877 Sed
656 1849 679 1876 si
703 1848 877 1876 deliberatio
897 1848 932 1875 sit
957 1855 1009 1882 per

229 1898 357 1925 rationes
380 1897 527 1924 humanas
551 1896 599 1924 vel
622 1895 782 1929 naturales,
809 1895 866 1922 hoc
894 1893 1007 1921 niodo:

233 1956 246 1969 α
262 1945 354 1972 Omne
371 1943 401 1971 in
421 1952 482 1980 quo
503 1943 717 1979 transgreditur
738 1941 871 1970 medium
885 1941 1010 1974 vii-tutis,

230 1993 273 2019 est
288 1991 458 2025 vitandum,
474 2001 487 2016 η
512 1992 582 2017 tunc
602 1990 708 2017 dicitur
727 1991 881 2025 peecatum
900 1995 961 2015 esse
982 1987 1011 2014 in

230 2037 361 2066 inferiori
387 2039 470 2074 parte
489 2037 621 2065 rationis.
649 2038 680 2064 nt
705 2036 728 2063 si
753 2036 850 2063 adhuc
878 2033 1011 2071 procedit

231 2093 392 2114 consensus
415 2084 557 2119 ulterius,
586 2083 708 2120 quando
735 2083 844 2110 scilicet
871 2080 1012 2117 proponit

231 2140 307 2168 opus
335 2139 562 2166 consummare,
592 2134 660 2158 tunc
686 2130 825 2158 voluntas
852 2137 907 2164 pro
936 2128 1010 2155 sacto

231 2180 401 2214 reputatur,
431 2178 543 2206 etiamsi
576 2177 698 2206 facultas
731 2177 805 2204 desit
838 2174 1011 2212 perficiendi

232 2225 330 2261 ipsum
350 2234 434 2261 opus.
451 2226 478 2253 Si
497 2233 569 2252 vero
589 2224 780 2260 consequitur
804 2229 963 2250 consensus
985 2223 1012 2248 et

233 2279 309 2307 opus
333 2272 362 2299 in
386 2272 430 2299 his
454 2280 519 2307 quae
541 2271 643 2298 divina
668 2271 732 2305 lege
757 2272 824 2297 >unt
844 2268 1011 2304 prohibita,

233 2320 388 2354 peceatum
402 2320 444 2346 cst
459 2318 581 2346 mortale
599 2318 848 2345 consummatum.

269 2367 310 2392 Ex
325 2365 472 2401 proedictis
494 2364 600 2399 collige
620 2363 853 2396 distinctionem,
875 2362 945 2397 quia
961 2361 1011 2388 de-

233 2411 350 2439 lectatio
366 2411 476 2447 duplex
495 2413 553 2445 est,
569 2411 679 2438 scilicet
692 2409 851 2442 naturalis,
867 2411 894 2435 et
910 2408 1012 2435 volun-

235 2457 317 2486 taria.
342 2459 373 2486 ln
403 2458 597 2486 delectatione
625 2465 698 2493 pure
724 2455 862 2489 naturali,
889 2462 943 2481 nec
971 2456 1013 2481 est

234 2505 389 2541 meritum,
413 2513 468 2533 nec
492 2504 679 2532 demeritum.
706 2501 876 2531 Voluntaria
901 2500 1013 2536 duplex

235 2553 296 2586 est,
311 2553 382 2589 qula
397 2552 456 2589 alia
475 2554 517 2580 cst
535 2552 566 2580 in
584 2553 734 2586 creatore,
749 2550 809 2579 alia
822 2549 853 2577 in
868 2550 1010 2577 creatura.

268 2651 299 2680 (a)
315 2651 375 2675 Caef.
391 2651 450 2675 cim.
466 2659 552 2683 quam.
565 2664 596 2670 —-
611 2651 644 2682 (b)
661 2649 841 2675 Delectatione.
853 2661 883 2666 —
896 2648 922 2678 (ν)
940 2648 975 2671 tlt.

553 181 814 216 COMPENDIUM
841 181 1101 215 THEOLOGIGAE
1122 179 1345 214 VERITATIS.
1367 179 1443 213 LlB.
1467 179 1520 212 111.

1065 249 1238 284 Delectatio,
1256 256 1324 286 qum
1341 248 1374 277 in
1391 248 1529 277 creatore
1549 248 1609 282 est,
1628 247 1712 277 bona
1731 248 1791 284 est,
1805 247 1844 277 de

1065 304 1127 334 qua
1148 295 1280 325 Psalmus
1298 296 1308 314 ¹
1330 305 1338 324 z
1365 297 1467 324 Memor
1486 295 1532 330 fui
1550 295 1602 322 Dei
1610 314 1621 329 ,
1645 296 1672 323 et
1695 294 1844 324 delectatus

1065 352 1142 380 sum,
1164 346 1220 372 etc.
1244 345 1315 378 Quae
1336 342 1481 372 autemin
1504 343 1638 370 creatura
1658 342 1717 377 est,
1732 341 1846 378 duplex

1065 392 1128 419 est:
1153 390 1294 427 quaedam
1313 390 1394 419 enim
1411 390 1454 418 est
1472 391 1594 426 propter
1615 390 1725 423 Deum,
1740 390 1769 416 et
1781 387 1844 417 haec

1064 437 1148 466 bona
1161 440 1203 466 est
1217 447 1226 473 ς
1241 437 1294 466 sed
1307 437 1356 466 hic
1370 436 1496 464 sumitur
1511 435 1666 464 delectatio
1683 442 1740 471 pro
1755 442 1846 472 opere

1064 484 1197 520 rationis,
1211 492 1275 513 non
1288 492 1344 521 pro
1356 483 1495 520 passione
1509 491 1516 510 ε
1532 482 1570 510 de
1583 490 1644 518 qua
1655 480 1843 510 psalmisto:

1065 532 1212 560 Delectasti
1228 539 1285 563 me,
1302 531 1430 563 Domine,
1446 531 1478 557 in
1499 530 1610 564 tactura
1623 531 1688 563 ωας
1705 527 1844 565 quaedam

1065 579 1108 606 est
1129 579 1233 606 contra
1249 578 1356 612 Deum,
1371 578 1400 605 et
1416 576 1479 605 haec
1498 575 1632 604 similiter
1650 575 1764 612 duplex
1777 575 1822 603 est
1835 583 1843 603 ε

1065 624 1137 661 quia
1152 624 1290 661 quoedam
1304 626 1347 652 est
1361 631 1423 652 non
1438 624 1542 652 contra
1556 624 1657 658 Deum,
1673 621 1727 650 sed
1740 623 1846 659 praeter

1064 672 1172 707 Deum,
1191 673 1220 700 et
1232 671 1294 700 haec
1313 673 1356 700 est
1375 672 1530 707 peccatum
1552 669 1686 705 veniale3
1707 669 1845 706 quaedam

1064 725 1136 746 vero
1157 719 1200 746 est
1213 719 1316 746 contra
1330 719 1408 746 Duum
1423 717 1611 754 simpliciter,
1627 724 1687 753 qua
1700 715 1846 752 frangitur

1064 765 1113 793 Dm
1127 767 1318 801 praeceptum,
1334 767 1361 793 et
1373 765 1436 793 haec
1450 766 1492 793 est
1502 765 1657 801 peccatum
1671 762 1806 792 mortale.

1330 858 1476 892 CAPUT
1499 846 1589 892 xus

1310 931 1348 958 De
1364 933 1475 966 peccato
1493 931 1604 958 veniali.

1101 1003 1256 1029 Peccatum
1270 1001 1387 1029 veniale
1405 1001 1530 1029 minoris
1550 1002 1593 1029 est
1606 999 1710 1037 eulpoe.
1728 1002 1799 1029 Nam
1813 1000 1844 1028 in

1064 1049 1199 1085 parvulis
1212 1050 1280 1085 post
1294 1048 1475 1084 baptismum
1491 1048 1588 1085 primo
1606 1050 1730 1083 surgunt
1743 1047 1844 1076 venia-

1063 1095 1119 1131 lia,
1139 1097 1242 1132 postea
1257 1095 1406 1124 mortalia.
1429 1095 1547 1123 Veniale
1569 1097 1668 1123 autem
1688 1097 1844 1131 peecatum

1065 1145 1116 1176 est,
1132 1145 1164 1171 ut
1178 1143 1218 1171 ait
1231 1143 1421 1178 Augustinus,
1437 1142 1520 1179 quod
1534 1141 1687 1170 hominem
1699 1149 1792 1178 usque
1804 1141 1844 1170 ad

1063 1193 1179 1219 reatum
1194 1193 1342 1226 perpetum
1365 1190 1467 1218 mortis
1487 1197 1549 1217 non
1569 1191 1686 1225 gravat,
1709 1188 1763 1216 sed
1777 1196 1843 1225 poe-

1064 1246 1134 1266 nam
1161 1239 1299 1272 meretur,
1323 1239 1351 1265 et
1374 1236 1459 1265 facile
1485 1236 1665 1272 indulgetur.
1693 1237 1844 1265 Peccatum

1063 1284 1179 1312 veniale
1195 1292 1312 1320 semper
1322 1287 1365 1312 est
1380 1292 1397 1312 a
1410 1283 1559 1311 voluntate
1571 1283 1610 1311 ad
1624 1283 1681 1311 hoe
1694 1284 1843 1318 movente,

1064 1332 1111 1359 vel
1127 1331 1311 1368 permittente
1323 1353 1331 1366 ,
1349 1330 1396 1358 vel
1412 1339 1472 1359 uon
1487 1330 1673 1367 prohibente.
1690 1331 1844 1358 Peccatum

1064 1378 1190 1414 aliquod
1205 1381 1247 1406 est
1261 1378 1377 1405 veniale
1395 1378 1487 1406 tribus
1502 1377 1600 1405 modis
1617 1387 1622 1404 :
1639 1377 1736 1413 primo
1750 1376 1843 1405 modo

1065 1434 1101 1453 ex
1120 1433 1244 1460 genere,
1271 1425 1312 1453 sic
1336 1425 1463 1452 verbum
1487 1425 1615 1452 otiosum
1644 1426 1686 1452 est
1710 1423 1841 1459 veniale;

1064 1472 1197 1500 secundo
1213 1481 1247 1500 ex
1267 1474 1391 1507 eventu,
1407 1471 1570 1499 seeundum
1586 1471 1670 1507 quod
1683 1479 1737 1507 per
1751 1469 1844 1506 poeni-

1064 1519 1186 1547 tentiam
1201 1519 1238 1546 de
1253 1518 1371 1547 mortali
1391 1518 1423 1546 fit
1440 1518 1556 1546 veniale
1563 1528 1571 1554 3
1587 1518 1672 1546 tertio
1692 1526 1727 1546 cx
1743 1526 1842 1553 causa,

1064 1569 1095 1594 ut
1122 1566 1245 1602 quando
1273 1566 1349 1593 liunt
1373 1565 1513 1601 qua-dam
1539 1574 1573 1593 ex
1601 1564 1768 1593 infirmitate
1796 1565 1844 1593 vel

1064 1613 1242 1648 ignorantia,
1260 1621 1325 1649 qum
1340 1612 1406 1640 licet
1422 1612 1604 1648 quandoque
1619 1611 1676 1639 sint
1689 1611 1842 1647 mortalia,

1065 1662 1163 1687 tamen
1183 1660 1320 1687 dicuntur
1341 1659 1487 1693 venialia,
1508 1659 1569 1686 sive
1590 1658 1792 1693 remissibilia,
1807 1667 1844 1687 ex

1065 1706 1287 1742 comparatione
1308 1706 1346 1733 ad
1366 1708 1520 1741 peceatum
1543 1705 1626 1741 quod
1649 1706 1681 1733 tit
1707 1713 1743 1733 ex
1766 1707 1844 1734 certa

1065 1752 1189 1786 malitia,
1204 1752 1285 1788 quod
1303 1755 1344 1780 est
1358 1752 1570 1780 irremissibile.
1587 1751 1745 1779 Sciendum
1761 1752 1844 1788 quod

1065 1801 1220 1835 peccatum
1249 1799 1364 1827 veniale
1388 1807 1542 1835 nunquam
1564 1801 1659 1835 potest
1676 1799 1740 1827 fieri
1764 1807 1844 1827 mor-

1067 1847 1125 1874 tale
1138 1867 1146 1880 ‚
1167 1847 1314 1881 videlieet,
1332 1847 1355 1874 si
1379 1846 1560 1882 intelligatur
1578 1846 1658 1874 idem
1679 1847 1845 1875 seeundum

1066 1893 1261 1921 substantiam
1272 1915 1281 1928 ,
1298 1893 1381 1929 quod
1395 1893 1477 1929 prius
1493 1893 1547 1921 suit
1567 1892 1700 1928 veniale,
1719 1893 1844 1922 mortale

1067 1940 1130 1968 fieri
1147 1948 1302 1976 nunquam
1319 1942 1415 1975 potest
1429 1949 1435 1967 :
1459 1942 1487 1968 et
1501 1940 1558 1968 hoc
1572 1948 1626 1968 nce
1640 1943 1785 1976 quantum
1806 1940 1846 1969 ad

1067 1990 1181 2021 aetum,
1197 1994 1252 2014 nec
1267 1989 1414 2022 quantum
1429 1987 1468 2014 ad
1483 1987 1642 2015 maculam.
1661 1987 1743 2016 Ratio
1758 1988 1846 2023 hujus

1067 2036 1120 2066 est,
1133 2033 1203 2069 quia
1218 2033 1302 2061 nulla
1312 2041 1358 2061 res
1372 2035 1468 2069 potest
1477 2037 1591 2062 mutare
1606 2042 1690 2062 suam
1701 2034 1843 2070 speciem:

1068 2083 1222 2117 peceatum
1233 2084 1332 2109 autem
1343 2081 1458 2109 veniale
1468 2083 1496 2108 et
1508 2081 1632 2109 mortale
1642 2083 1709 2109 sunt
1723 2081 1846 2110 diversoe

1068 2129 1179 2164 species
1206 2129 1328 2164 peccati.
1353 2130 1560 2156 Verumtamen
1585 2131 1665 2156 actus
1684 2128 1735 2164 qui
1758 2136 1794 2156 ex
1816 2137 1846 2156 se

1069 2178 1111 2203 est
1139 2175 1175 2203 de
1204 2184 1310 2210 genere
1340 2175 1478 2209 venialis,
1506 2176 1601 2210 potest
1626 2174 1689 2202 fieri
1715 2175 1846 2204 mortalis

1069 2224 1198 2257 quatuor
1221 2221 1330 2249 modis.
1358 2221 1474 2255 Primo,
1494 2228 1529 2248 ex
1555 2221 1748 2255 conscientia,
1776 2222 1847 2258 quia

1068 2267 1217 2304 quidquid
1241 2268 1272 2295 fit
1295 2270 1397 2295 eontra
1416 2267 1644 2302 conscientiam,
1664 2268 1791 2296 aedifieat
1808 2269 1847 2297 ad

1070 2315 1248 2350 geliennam,
1266 2314 1378 2342 etiamsi
1395 2314 1444 2341 ilat
1459 2316 1562 2342 contra
1578 2315 1787 2343 conscientiam
1802 2323 1847 2343 er-

1069 2369 1191 2389 roneam
1208 2370 1214 2388 :
1230 2362 1258 2387 rt
1272 2361 1333 2388 lucc
1347 2363 1389 2388 cst
1403 2361 1494 2395 ratio,
1510 2360 1581 2396 quia
1596 2369 1664 2389 eum
1680 2361 1711 2389 in
1727 2363 1847 2398 peceato

1070 2408 1130 2436 duo
1147 2407 1218 2442 sint,
1239 2407 1348 2435 seilicet
1371 2408 1487 2436 aversio
1512 2409 1540 2435 et
1563 2408 1732 2442 conversio,
1757 2416 1848 2444 penes

1069 2455 1200 2491 primum
1214 2454 1363 2489 judicatur
1383 2456 1539 2490 peccatum
1550 2475 1558 2489 ,
1573 2454 1717 2490 quoniam
1735 2454 1849 2483 aversio

1070 2510 1088 2530 a
1103 2503 1161 2530 Deo
1177 2504 1219 2529 est
1237 2501 1323 2536 quasi
1344 2501 1481 2536 formale,
1504 2504 1531 2528 et
1549 2501 1703 2529 conversio
1717 2501 1757 2529 ad
1771 2509 1851 2530 crea-

1070 2551 1167 2577 turam
1187 2548 1272 2584 quasi
1299 2548 1459 2577 materiale.
1489 2548 1629 2582 Quamvis
1661 2556 1733 2583 ergo
1754 2548 1851 2577 levare

1106 2650 1109 2661 ¹
1127 2648 1295 2678 1'sat.rxxvn‚
1311 2649 1332 2671 ι’».
1348 2660 1373 2664 ——
1392 2648 1402 2663 ¹
1418 2647 1485 2671 Pscd.
1502 2652 1554 2677 xer,
1567 2648 1590 2671 5.
