2004 3037
818 181 947 216 CAPUT
973 182 1049 214 XCI.

123 260 192 282 eam
215 252 380 287 offendere,
408 254 436 281 et
457 252 489 280 in
516 259 666 281 carcerem
694 250 785 286 trudi,
812 258 906 288 quam

122 300 249 337 perdere
264 299 436 328 castitatem.
455 299 536 335 Gen„
552 307 651 328 mxu.

158 347 260 383 sudas,
284 346 338 384 qui
366 348 462 375 castus
487 355 550 375 non
575 348 647 380 erat,
676 344 837 374 detestatus
863 346 906 374 est

123 394 351 425 fornicationem
365 395 501 429 Thamar,
519 394 596 430 Gen„
612 401 734 428 xxxvui,
748 395 795 422 24.

159 443 226 470 Post
239 441 473 470 debellationem
487 441 713 470 Madianitarum
729 441 838 469 factam
850 447 905 476 per

124 489 246 518 Phinees
265 491 293 517 et
306 489 382 517 alios
396 491 590 526 pugnatores,
604 488 688 524 jussit
703 489 817 525 Moyses
837 495 904 515 mu-

123 535 210 565 lieres
225 537 379 573 corruptas
391 536 523 572 jugulari
533 557 542 572 ,
556 537 585 564 et
598 535 727 571 virgines
741 534 904 569 reservari,

122 585 218 618 Num„
234 591 312 612 xxxi.

158 630 259 660 Mundi
276 638 338 659 esse
359 629 512 658 debebant
526 629 657 658 maxime
669 633 697 657 a
716 629 905 665 mulieribus,

124 678 176 715 qui
200 686 293 715 panes
317 676 516 706 sacerdotales
541 676 757 712 comedebant,
782 678 791 705 1
815 678 903 713 Req„

124 733 185 760 xxr,
200 726 227 753 4.

161 771 287 806 Quando
302 771 410 799 mulier
420 770 579 800 Sunamitis
592 771 711 807 hospita
723 770 809 799 Elisei
824 770 905 800 vole-

123 819 176 847 bat
190 819 216 847 ei
231 818 331 855 loqui,
351 819 486 847 mittebat
506 819 546 847 ad
563 827 630 847 eam
652 819 763 847 Elisens
777 827 905 855 puerum

123 875 229 902 suum,
253 866 339 903 quasi
362 867 459 895 vitans
482 867 636 903 colloquia
664 866 843 900 mulierum,
871 866 905 895 lv

123 914 202 948 Req„
219 922 258 942 lv.

159 962 230 990 Sara
244 961 276 989 in
290 961 424 989 oratione
445 960 582 996 dicebat,
601 960 682 995 Tob.,
695 968 745 995 111,
765 961 816 989 16:
835 969 849 987 ι(
863 961 905 989 Tu

123 1008 189 1044 scis,
205 1008 345 1043 Domine,
362 1008 432 1044 quia
446 1016 603 1044 nunquam
618 1008 777 1045 concupivi
788 1009 903 1043 virum,

123 1057 151 1084 et
173 1055 318 1083 mundam
346 1055 458 1083 servari
481 1055 614 1083 animam
634 1064 735 1085 meam
758 1055 797 1084 ab
821 1055 904 1084 omni

123 1102 374 1139 concupiscentia,
389 1113 403 1129 η
422 1104 475 1130 ete.

157 1151 271 1178 Mortuo
295 1150 360 1177 viro
383 1158 458 1184 suo,
482 1149 582 1178 ¹Iudith
606 1149 699 1178 alium
718 1149 861 1184 nescivit,
877 1151 905 1178 et

122 1205 239 1234 semper
253 1197 414 1225 castitatem
430 1197 549 1225 amavit.
563 1197 618 1225 Sed
634 1199 704 1225 nota
720 1197 803 1233 quod
816 1197 905 1225 facie—

121 1244 190 1273 bat:
208 1244 279 1281 quia
294 1253 362 1272 cum
380 1244 489 1281 puellis
510 1244 570 1272 suls
589 1244 690 1272 clausa
703 1245 861 1278 manebat,
877 1246 904 1273 et

121 1292 236 1320 habens
251 1291 381 1320 cilicium
403 1299 493 1328 super
510 1291 631 1319 lumbos
650 1300 734 1327 suos,
748 1292 904 1327 jejunabat

123 1339 263 1367 omnibus
285 1339 391 1366 diebus
411 1338 478 1366 vitae
497 1347 574 1373 suae,
590 1341 695 1374 praeter
714 1339 860 1374 sabbata,
876 1341 904 1368 et

122 1386 305 1421 neomenias,
322 1388 350 1414 et
361 1386 435 1414 festa
450 1385 558 1413 domus
573 1385 671 1413 lsrael.
687 1387 795 1420 Judith,
812 1395 873 1414 νιιι.

158 1435 288 1464 Graviter
302 1434 356 1462 fuit
369 1434 484 1470 pulsata
497 1433 535 1461 ab
548 1433 606 1461 illis
617 1433 736 1461 senibus
750 1435 884 1463 Susanna
892 1445 901 1469 3

120 1481 173 1510 sed
188 1490 248 1509 suae
264 1481 407 1515 castitati,
423 1489 478 1508 nec
495 1481 606 1508 famam
617 1502 626 1515 ,
641 1489 696 1508 nec
717 1481 809 1509 vitam
824 1490 901 1518 prae-

120 1529 294 1565 ponendam
310 1537 372 1556 esse
387 1528 510 1565 putavit.
527 1530 609 1562 Dan„
624 1536 684 1556 x111.

156 1575 200 1604 Ad
222 1575 280 1603 hoc
304 1575 388 1611 quod
409 1575 511 1603 nullus
533 1575 570 1602 de
593 1575 658 1602 sola
681 1574 810 1602 castitate
826 1583 902 1603 con-

120 1622 207 1657 fidat,
230 1623 306 1650 illud
326 1622 425 1651 valere
443 1623 555 1658 potest,
574 1622 658 1658 quod
675 1622 712 1650 de
732 1622 901 1657 virginibus

120 1670 297 1706 evangelicis
318 1671 357 1697 tot
379 1669 498 1697 fuerunt
512 1669 615 1704 fatuae,
634 1671 707 1705 quot
720 1669 899 1705 prudentes,

120 1717 234 1751 Matth„
246 1725 318 1751 xxv,
334 1717 362 1744 2.

155 1765 242 1792 Beata
253 1764 342 1799 Virgo
357 1762 396 1791 ab
411 1762 524 1798 Angelo
539 1762 749 1790 venerabiliter
764 1763 900 1799 salutata,

120 1819 183 1839 non
198 1812 241 1838 est
264 1810 357 1838 oblita
375 1810 436 1837 voti
454 1812 481 1837 et
497 1809 642 1845 propositi
658 1810 813 1844 castitatis,
832 1811 901 1839 licet

119 1857 248 1893 Angelus
263 1857 444 1893 promitteret
458 1857 501 1891 ei,
519 1857 603 1893 quod
615 1866 650 1885 ex
666 1866 701 1886 ea
714 1858 802 1886 Filius
814 1859 900 1886 Altis-

119 1905 185 1933 simi
195 1906 374 1938 nasceretur,
392 1905 468 1938 Luc„
485 1912 504 1931 1.

156 1952 208 1979 Per
217 1951 286 1985 hoc,
302 1950 385 1986 quod
398 1950 532 1978 Salvator
543 1950 627 1985 dixit,
639 1951 710 1987 quia
727 1961 740 1977 «
755 1952 786 1979 in
800 1951 899 1980 futuro

119 1999 226 2027 saeculo
242 2006 340 2034 neque
354 1997 476 2032 nubent,
492 2006 590 2034 neque
605 1998 773 2033 nubentur3
791 2009 803 2025 »
821 2000 900 2034 patet

119 2045 203 2082 quod
224 2045 268 2072 illi
282 2045 376 2072 beatae
397 2044 527 2080 virgines
548 2045 713 2081 specialiter
735 2045 898 2082 appropin-

119 2094 221 2129 quant.
239 2093 352 2127 Malta„
365 2100 436 2127 xxu,
453 2093 503 2128 303
516 2094 590 2127 Luc„
604 2101 652 2127 xx,
667 2095 710 2120 35.

155 2139 297 2168 castitatis
313 2140 522 2175 argumentum
533 2139 587 2167 fuit
598 2139 628 2167 in
638 2140 726 2168 beato
739 2139 898 2176 Stephano,

119 2188 190 2223 quia
212 2186 275 2223 ipse
297 2186 335 2214 ab
364 2186 512 2222 Apostolis
539 2186 578 2214 acl
600 2186 766 2216 custodiam
793 2187 900 2215 mulie-

118 2244 200 2270 rum,
217 2237 271 2263 etc.
287 2235 364 2269 Act„
377 2241 414 2262 Vt.

383 2328 526 2363 CAPUT
550 2328 634 2362 XCI.

287 2404 325 2429 De
344 2402 457 2429 Iuaeuria
476 2403 502 2428 et
520 2402 729 2429 incontinentia.

156 2474 310 2501 Peccatum
320 2471 416 2500 carnis
426 2471 576 2507 praecipua
587 2472 703 2499 videtur
714 2472 802 2499 fuisse
811 2480 900 2500 causa

121 2522 242 2556 propter
266 2528 357 2556 quam
377 2521 452 2546 Deus
472 2519 587 2546 diluvio
604 2519 714 2547 delevit
733 2520 899 2554 mundum,

121 2568 203 2599 Gen„
228 2574 274 2600 vt,
297 2568 346 2595 12:
369 2576 383 2593 «
407 2565 507 2595 Omnis
530 2574 600 2594 caro
623 2570 796 2603 corruperat
820 2567 900 2595 viam

121 2621 215 2641 suam.
238 2624 252 2638 »

157 2662 229 2689 Nota
251 2662 324 2696 quot
343 2662 371 2688 et
394 2662 506 2697 quanta
525 2662 687 2689 evenerunt
707 2668 762 2697 pro
786 2661 901 2690 ardenti

1685 181 1745 212 597

968 257 1071 278 amore
1087 249 1202 278 Sichem
1212 248 1266 277 filii
1281 249 1397 285 Hemor,
1415 249 1468 286 qui
1483 249 1588 278 Dinam
1600 247 1747 277 violenter

967 297 1122 334 oppressit,
1139 297 1215 332 Gen„
1230 304 1328 325 xxxiv.

997 344 1150 373 Luxur10si
1174 344 1360 380 quandoque
1388 343 1571 372 detestantur
1595 342 1747 372 luxuriam

961 391 992 419 in
1003 391 1078 426 aliis,
1093 393 1126 419 ut
1139 393 1218 428 patet
1235 391 1273 419 de
1288 391 1374 426 Juda‚
1393 390 1444 427 qui
1460 391 1533 419 dixit
1549 391 1586 419 de
1600 390 1744 419 Thamar:

965 449 978 465 «
1005 439 1160 467 Producite
1189 447 1255 467 eam
1268 459 1278 474 ,
1306 440 1339 466 ut
1371 438 1576 467 comburatur.
1612 448 1627 465 »ι
1658 437 1723 466 Gen.
1735 459 1744 472 ,

963 494 1082 522 xxxviii,
1102 488 1146 514 24.

997 534 1158 562 Occasione
1187 533 1289 561 uxoris
1317 533 1431 568 Levitae,
1457 541 1474 561 a
1500 532 1572 561 viris
1595 531 1686 561 Belial
1714 531 1746 560 in

961 582 1062 610 Gabaa
1095 581 1250 617 BenJ'amin
1280 580 1450 608 incredibili
1484 579 1617 608 libidinis
1646 580 1746 607 furore

960 631 1074 657 vexatae
1085 649 1095 663 ,
1112 628 1201 656 occisi
1216 629 1283 656 sunt
1303 627 1636 665 plusquamsexaginta
1650 626 1746 655 millia

961 676 1129 710 hominum,
1145 676 1249 708 Judz'c„
1265 683 1313 703 xx.

996 722 1130 751 Isboseth
1150 722 1230 750 filius
1255 721 1325 750 Saul
1352 720 1506 757 redarguit
1530 720 1649 755 Abner‚
1674 720 1746 756 quia

961 770 1111 805 ingressus
1140 768 1236 797 fuerat
1268 768 1307 796 ad
1337 768 1538 796 concubinam
1565 767 1657 804 patris
1688 767 1744 795 sui.

960 818 1060 846 Abner
1082 819 1181 845 autem
1198 817 1289 844 iratus
1313 817 1402 853 super
1424 816 1500 850 hoc,
1523 815 1697 852 procuravit
1718 814 1746 842 ei

961 864 1070 894 auferri
1084 866 1209 899 terram,
1227 866 1255 891 et
1269 863 1326 891 cito
1342 865 1409 900 post
1424 862 1522 891 amisit
1536 864 1662 900 uterque
1677 869 1746 898 per-

961 921 1077 941 sonam.
1093 914 1115 941 11
1129 914 1209 947 Req„
1223 920 1255 940 111
1270 914 1298 940 et
1312 920 1353 939 ιν.

997 960 1091 988 David
1106 962 1207 996 captus
1226 967 1328 987 amore
1350 958 1518 987 Bethsabeae
1538 956 1640 985 uxoris
1655 956 1743 991 Uriae,

962 1016 1031 1036 cum
1045 1008 1097 1035 illa
1113 1007 1293 1035 adulterium
1303 1028 1312 1041 ,
1332 1008 1360 1034 et
1375 1014 1442 1033 cum
1458 1005 1628 1042 proditione
1647 1003 1745 1032 homi-

961 1055 1074 1084 cidium
1085 1054 1277 1091 perpetravit,
1291 1055 1311 1082 11
1328 1055 1406 1088 Rea„
1421 1060 1462 1081 xr.

996 1104 1115 1130 Amnon
1128 1101 1207 1129 filius
1222 1100 1313 1129 David
1326 1108 1381 1136 pro
1396 1107 1499 1128 amore
1517 1099 1644 1127 Thamar
1661 1105 1744 1127 soro-

959 1149 1000 1178 ris
1017 1158 1076 1177 suae
1090 1148 1253 1184 aegrotavit,
1277 1150 1304 1175 et
1320 1150 1424 1183 postea
1439 1147 1523 1175 illam
1538 1146 1700 1182 oppressit,
1716 1147 1744 1173 et

960 1197 1002 1225 sic
1026 1205 1091 1225 eam
1115 1195 1252 1232 nequiter
1273 1194 1429 1230 effugavit3
1452 1195 1481 1222 et
1501 1195 1600 1221 tamen
1618 1193 1745 1229 ipsemet

959 1243 1016 1272 hac
1031 1244 1068 1271 de
1083 1251 1173 1271 causa
1184 1242 1299 1270 occisus
1315 1241 1379 1269 fuit.
1396 1243 1417 1269 ll
1434 1243 1512 1275 Req„
1527 1248 1589 1268 xm.

995 1290 1203 1319 Detestabilem
1236 1288 1386 1316 luxuriam
1421 1288 1570 1315 commisit
1601 1286 1743 1316 Absalom

960 1347 1028 1368 cum
1044 1337 1218 1366 concubinis
1232 1336 1323 1373 patris
1339 1335 1395 1370 sui,
1411 1337 1431 1364 11
1446 1336 1523 1369 Req„
1539 1342 1596 1363 xvi.

998 1398 1011 1412 «
1038 1385 1196 1414 Adamavit
1221 1384 1363 1412 Salomon
1388 1383 1528 1410 mulieres
1557 1380 1742 1417 alienigenas

958 1434 1077 1467 multas,
1091 1444 1104 1459 »
1121 1435 1175 1460 etc.
1191 1432 1339 1468 Sequitur,
1356 1430 1439 1466 quod
1453 1430 1493 1457 ita
1509 1429 1685 1457 damnatum
1700 1430 1743 1457 est

959 1489 1009 1509 cor
1021 1481 1084 1516 ejus
1095 1488 1147 1516 per
1158 1487 1218 1511 eas,
1235 1482 1266 1506 ut
1277 1478 1387 1505 coleret
1402 1477 1475 1504 deos
1491 1485 1604 1504 earum.
1619 1477 1741 1511 111Re9„

957 1535 997 1562 111,
1013 1530 1025 1557 1
1044 1530 1072 1555 et
1086 1535 1148 1563 seq.
1165 1526 1223 1554 Sed
1237 1528 1309 1553 nota
1325 1525 1450 1559 damna,
1470 1532 1536 1560 quae
1550 1523 1620 1551 inde
1637 1531 1742 1559 passus

958 1577 1000 1603 est
1014 1584 1020 1602 :
1038 1583 1106 1602 cum
1118 1573 1198 1601 enim
1212 1573 1294 1609 prius
1305 1572 1538 1608 sapientissimus
1549 1571 1646 1605 fuerit,
1664 1570 1740 1599 adeo

956 1622 1116 1650 infatuatus
1131 1623 1192 1655 est,
1209 1622 1242 1647 ut
1258 1621 1431 1655 sequeretur
1447 1619 1519 1646 deos
1534 1626 1654 1652 earum;
1673 1625 1742 1645 cum

956 1669 1038 1705 prius
1054 1667 1192 1696 amabilis
1217 1667 1362 1700 Domino,
1384 1674 1435 1693 eor
1455 1666 1520 1700 ejus
1544 1665 1741 1701 depravatum

957 1718 1016 1750 est,
1037 1717 1066 1743 et
1085 1715 1176 1742 iratus
1202 1716 1244 1741 est
1265 1713 1407 1741 Dominus
1428 1714 1532 1740 contra
1559 1720 1645 1746 eu1n3
1672 1719 1741 1739 cum

956 1763 1038 1800 prius
1054 1764 1128 1790 esset
1148 1761 1308 1788 ditissimus
1319 1782 1328 1794 ,
1343 1760 1438 1788 multa
1452 1760 1535 1787 bona
1558 1758 1741 1794 consumpsit

955 1810 986 1838 in
1012 1808 1189 1837 aedificando
1219 1807 1330 1843 templa
1357 1807 1448 1834 idolis
1476 1807 1648 1840 nationum3
1671 1814 1740 1833 cum

955 1857 1037 1894 prius
1053 1857 1128 1884 esset
1142 1854 1397 1882 nominatissimus
1412 1854 1442 1881 in
1458 1853 1552 1888 bono,
1568 1855 1672 1889 postea
1686 1852 1740 1880 suit

955 1912 1050 1940 usque
1064 1903 1155 1931 hodie
1172 1903 1296 1929 foedatus
1318 1901 1470 1938 opinione.
1486 1902 1581 1934 Ecrli„
1598 1908 1683 1928 vau.

993 1951 1067 1978 Dixit
1089 1949 1217 1985 Angelus
1232 1949 1330 1976 Tobiae
1352 1948 1465 1975 iuniori
1487 1957 1493 1975 :
1513 1958 1525 1972 (ι
1541 1950 1572 1975 ln
1597 1955 1667 1980 eos,
1686 1947 1740 1983 qui

956 1997 1129 2033 conjugium
1144 1996 1183 2024 ita
1198 1995 1371 2031 suscipiunt,
1384 1996 1415 2022 ut
1431 1996 1520 2022 Deum
1534 2003 1551 2022 a
1564 2003 1594 2022 se
1610 1996 1638 2022 et
1653 2002 1670 2022 a
1684 2002 1740 2022 sua

956 2047 1052 2073 mente
1069 2043 1236 2074 excludant,
1250 2045 1277 2070 et
1288 2051 1347 2070 suae
1359 2042 1477 2069 libidini
1492 2042 1531 2070 ita
1545 2043 1650 2069 vacent
1664 2042 1739 2070 sicut

956 2100 1050 2128 equus
1061 2093 1088 2118 et
1098 2090 1197 2117 mulus
1206 2111 1214 2124 ,
1227 2089 1318 2117 habet
1328 2091 1503 2125 potestatem
1515 2089 1706 2117 daemonium.
1721 2099 1735 2115 »

956 2139 1032 2172 Quid
1054 2146 1125 2173 ergo
1149 2137 1186 2164 de
1206 2137 1437 2164 fornicatoribus
1458 2139 1486 2165 et
1508 2136 1669 2171 adulteris,
1687 2136 1739 2172 qui

955 2186 1029 2213 nihil
1043 2185 1125 2213 aliud
1141 2184 1308 2219 intendunt,
1325 2185 1380 2212 nisi
1395 2184 1507 2212 foedam
1518 2192 1603 2212 suam
1618 2184 1737 2219 explere

955 2233 1136 2261 libidinem?
1151 2233 1226 2267 Tot„
1241 2240 1281 2266 v1,
1299 2233 1341 2259 Π.

991 2281 1070 2308 Stetit
1095 2280 1196 2307 Judith
1224 2281 1291 2307 ante
1312 2279 1418 2307 faciem
1439 2278 1657 2315 Holophernis;
1687 2286 1738 2307 cor

955 2329 1055 2356 autem
1075 2328 1271 2364 Holophernis
1293 2335 1471 2355 concussum
1494 2329 1552 2362 est;
1574 2329 1635 2355 erat
1656 2327 1737 2355 enim

956 2375 1063 2403 ardens
1078 2375 1109 2402 in
1125 2374 1366 2411 concupiscentia
1381 2375 1458 2410 ejus,
1476 2376 1529 2402 etc.
1553 2374 1664 2407 Iudith,
1686 2382 1735 2401 x11.

992 2424 1054 2450 Duo
1073 2430 1157 2450 senes
1177 2422 1343 2458 presbyteri
1364 2422 1404 2450 ita
1424 2422 1545 2450 fuerunt
1567 2429 1668 2448 amore
1684 2421 1736 2448 Su-

956 2478 1055 2497 sannte
1078 2469 1209 2505 decepti,
1227 2470 1311 2505 quod
1332 2469 1454 2505 quando
1477 2469 1529 2496 illa
1551 2468 1736 2495 voluntatem

956 2525 1060 2545 eorum
1072 2517 1168 2545 facere
1179 2518 1337 2551 recusavit,
1348 2519 1475 2545 mortem
1487 2517 1566 2544 illius
1576 2523 1736 2552 procurare

957 2565 1053 2592 conati
1068 2565 1144 2591 sunt.
1160 2567 1242 2598 Dan„
1257 2573 1318 2592 xiii.

991 2614 1135 2647 Tempore
1147 2611 1279 2640 Antiochi
1296 2612 1439 2648 templum
1452 2611 1571 2639 luxuria
1583 2612 1610 2638 et
1625 2618 1737 2638 comes-

957 2659 1121 2687 sationibus
1147 2660 1209 2687 erat
1231 2659 1369 2695 plenum,
1395 2661 1422 2686 et
1448 2658 1641 2687 scortantium
1670 2666 1739 2686 cum
