2004 3037
76 370 175 395 Prneep-

11 423 19 429 ,
67 401 115 422 tum
132 400 174 421 111.

184 202 244 232 278

187 267 299 297 sanctis
315 265 456 296 omnibus
473 265 506 294 in
523 263 638 302 judicio
651 262 704 292 illo
721 261 876 292 tremendo
893 267 967 298 pro-

187 314 236 343 cul
248 313 438 350 repellentur.

223 360 351 390 Tertium
361 360 544 397 praeceptum
557 359 618 387 est:
633 358 765 386 Memento
778 358 810 384 ut
823 356 896 384 diem
906 355 968 383 sab-

189 409 245 437 bati
266 409 426 443 sanctifices.
455 408 488 435 Et
511 407 599 440 nota,
624 404 708 442 quod
737 405 968 439 transgressores

188 456 278 491 hujus
294 454 434 492 praecepti
451 454 591 482 videntur
609 451 774 489 specialiter
789 450 968 479 memoriam

190 502 331 531 amisisse.
342 502 425 530 Unde
438 501 499 529 istis
511 500 608 529 solum
623 499 746 528 dicitur:
758 499 900 531 Memento,
911 498 966 525 etc.

189 549 288 578 Primo
297 549 397 585 igitur,
405 548 478 577 tales
486 547 625 576 videntur
634 545 813 575 memoriam
824 545 968 580 amisisse,

190 597 263 634 quia
279 604 342 625 non
358 595 588 624 reminiscuntur
606 601 712 623 eorum
732 601 799 630 quae
818 592 922 620 vident
938 591 970 620 in

190 645 307 679 natura,
326 650 382 672 nec
400 650 506 671 eorum
523 649 590 678 quae
607 641 711 677 legunt
728 639 776 668 vel
795 639 922 668 audiunt
938 638 970 666 in

191 691 349 727 Scriptura.
362 689 502 718 Videmus
514 688 594 717 enim
608 688 639 716 in
653 689 758 716 natura
770 686 854 723 quod
868 685 971 714 omnia

192 738 322 775 quietem
343 739 486 773 appetunt
506 738 574 773 post
594 735 741 764 laborem.
763 734 865 762 Herbae
884 741 970 761 nam-

192 793 251 822 que
267 787 295 813 et
308 785 427 821 plantae,
440 786 552 820 segetes
567 785 596 812 et
608 783 730 811 arbores
743 781 926 816 fructificant,
943 781 971 808 et

192 840 246 860 suo
265 832 358 860 modo
377 832 526 864 laborant,
544 830 655 858 seilicet
672 829 703 857 in
716 836 797 863 vere,
816 829 970 861 autumno,

193 881 221 908 et
239 880 352 914 aestate,
372 880 400 906 et
419 878 575 915 quiescunt
592 877 623 904 in
640 876 753 910 hieme,
774 876 803 902 et
823 873 971 910 quodam-

193 926 286 954 modo
306 925 465 954 somniant.
487 924 623 960 Legimus
642 924 740 951 autem
761 921 792 949 in
812 920 970 956 Scriptura,

194 973 277 1009 quod
293 974 367 1001 Deus
382 972 448 1000 fecit
462 971 582 1005 coelum,
598 972 717 1004 terram,
735 970 762 996 et
777 967 889 1002 omnia,
904 975 971 1003 quoe

192 1020 222 1048 in
233 1020 275 1048 eis
285 1021 362 1054 sunt,
375 1019 406 1047 in
420 1026 469 1046 sex
486 1017 610 1051 diebus3
625 1018 726 1044 tamen
740 1015 770 1043 in
786 1015 833 1042 die
848 1013 972 1050 septima

191 1066 346 1103 requievit.
369 1064 501 1102 Apostoli
523 1067 551 1092 ct
572 1065 728 1099 martyres,
749 1064 777 1090 ct
796 1061 845 1090 alii
867 1060 970 1096 sancti,

191 1113 404 1142 laboraverunt
417 1112 448 1140 in
462 1112 519 1140 hoc
536 1110 662 1145 mundo,
679 1112 705 1138 et
719 1111 819 1137 tamen
831 1116 911 1136 nunc
926 1115 972 1136 re-

192 1161 347 1197 quiescunt
369 1160 400 1187 in
422 1159 508 1187 coelo.
533 1158 618 1187 Solus
642 1165 710 1185 vero
735 1155 875 1184 diabolus
895 1163 972 1183 nun—

193 1216 286 1244 quam
309 1207 448 1243 quiescit,
472 1214 528 1234 nec
553 1205 596 1233 illi
620 1205 672 1241 qui
695 1207 763 1231 sunt
787 1203 818 1231 in
843 1202 971 1230 inferno.

192 1256 432 1290 Transgressores
459 1260 530 1288 ergo
551 1252 638 1288 liujus
661 1250 798 1288 praecepti
824 1251 891 1277 sunt
913 1249 970 1283 illi,

195 1302 246 1338 qui
260 1301 398 1329 laborant
411 1308 465 1336 per
481 1301 573 1327 totam
588 1299 672 1326 illam
690 1297 896 1334 septimanam,
918 1303 973 1323 nec

194 1349 361 1384 quiescunt,
374 1355 428 1375 nec
443 1348 557 1374 cessant
571 1346 601 1373 in
616 1345 722 1373 diebus
738 1343 905 1378 dominicis,
919 1351 973 1370 nec

194 1396 226 1424 in
245 1395 309 1423 aliis
327 1394 414 1423 festis.
435 1395 498 1422 Non
515 1393 594 1420 enim
610 1394 687 1426 sunt,
707 1394 737 1419 ut
755 1393 843 1427 patet,
864 1390 974 1418 similes

196 1444 265 1478 Deo,
286 1442 337 1478 qui
356 1441 501 1477 requievit
521 1440 645 1476 septima
660 1439 725 1474 die3
746 1446 800 1466 nec
821 1437 973 1472 creaturis,

196 1498 263 1526 quoe
280 1489 469 1525 requiescunt
483 1487 513 1514 in
527 1487 641 1521 hicme;
658 1494 712 1513 nec
727 1486 848 1519 Sanctis,
865 1484 916 1520 qui
930 1492 975 1511 re-

197 1537 351 1573 quiescunt
369 1536 399 1563 in
415 1535 490 1563 ccrlo
508 1543 514 1562 z
530 1535 583 1562 sed
598 1536 664 1562 sunt
681 1533 790 1560 similes
805 1531 928 1560 diaholo
948 1534 976 1560 et

197 1584 354 1618 damnatis,
369 1583 441 1619 quia
452 1589 608 1618 nunquam
621 1581 820 1617 requiescunt,
834 1579 884 1607 sed
899 1587 975 1607 sem-

197 1640 250 1668 per
265 1631 413 1664 laborant,
430 1632 457 1657 et
471 1628 653 1656 laborabunt
666 1628 696 1655 in
712 1627 836 1655 inferno.
851 1629 923 1655 Nam
938 1626 975 1654 de

198 1679 340 1706 damnato
356 1676 462 1704 dicitur
480 1676 486 1691 ¹
505 1685 510 1703 :
530 1675 674 1702 Labornbit
694 1676 720 1700 in
738 1677 877 1708 externum,
893 1676 918 1701 et
932 1675 975 1700 vi-

198 1728 241 1753 vet
259 1725 343 1751 adhuc
357 1725 386 1750 in
402 1724 490 1757 finem.
511 1721 647 1749 Secundo
667 1721 739 1748 tales
757 1720 896 1747 videntur
914 1727 977 1747 ine-

200 1772 329 1800 moriam
347 1769 494 1803 amisisse,
512 1768 582 1804 quia
602 1767 723 1795 intentio
743 1767 796 1794 fuit
815 1767 875 1800 Dei,
897 1768 928 1793 ut
947 1766 977 1794 in

202 1819 249 1846 die
266 1818 339 1845 festo
354 1823 528 1844 vacaremus
544 1814 645 1842 divino
661 1813 752 1841 cultui
767 1822 773 1840 ε
791 1813 864 1840 tales
879 1815 977 1841 autem

200 1865 311 1893 faciunt
329 1865 423 1892 totum
444 1862 633 1890 contrarium.
654 1862 726 1888 Nam
746 1860 852 1888 diebus
868 1859 979 1887 festivis

200 1912 315 1940 vadunt
330 1910 369 1938 ad
387 1911 526 1943 mercata,
547 1911 574 1937 et
590 1907 750 1941 nundinas,
772 1909 799 1934 et
814 1907 931 1941 similia,
952 1908 979 1934 et

203 1959 352 1987 dimittunt
366 1964 516 1984 sermones
532 1958 559 1983 et
573 1955 688 1988 missas,
702 1956 729 1981 et
745 1954 861 1989 fugiunt
877 1961 894 1981 a
909 1955 978 1987 Deo,

203 2008 231 2033 et
248 2006 355 2033 vacant
373 2003 499 2036 mundo,
521 2004 548 2030 et
568 2001 651 2038 quod
669 2001 753 2037 pejus
774 2003 825 2035 est,
845 2002 977 2036 peceato.

202 2052 285 2081 Tales
300 2051 379 2080 enim
394 2051 461 2077 sunt
474 2049 583 2076 similes
598 2056 716 2081 cancro,
732 2048 783 2083 qui
799 2055 915 2083 semper
928 2055 980 2074 va-

204 2099 246 2127 dit
257 2101 284 2126 et
295 2098 385 2134 serpit
395 2106 431 2125 ex
442 2099 607 2124 transverso
619 2094 875 2130 retrogradiendo.
887 2094 980 2122 Tertio

203 2146 276 2174 tales
294 2145 433 2172 videntur
452 2142 616 2179 perdidisse
637 2141 823 2175 memoriam,
840 2141 910 2177 quia
927 2142 981 2168 Do-

204 2194 302 2220 minus
330 2191 452 2219 mandat
478 2189 651 2218 sanctificari
678 2189 852 2223 sabbatum3
883 2190 911 2215 et
939 2188 981 2215 illi

203 2240 343 2275 polluunt
364 2238 520 2266 sabbatum
535 2246 540 2264 :
558 2239 585 2264 et
608 2236 690 2271 quod
712 2236 796 2271 pejus
819 2241 873 2269 est,
898 2235 982 2271 quasi

206 2286 387 2314 sanctificant
404 2285 609 2320 septimanam,
624 2284 730 2309 vacant
749 2283 827 2309 enim
846 2283 875 2309 in
895 2283 981 2318 septi-

207 2341 297 2360 mana
312 2331 451 2367 operibus
465 2330 563 2363 licitis3
579 2330 608 2356 in
621 2329 758 2361 sabbam,
774 2329 819 2355 vel
836 2329 883 2355 die
899 2329 983 2363 sesto,

208 2379 398 2408 ebrietatibus
417 2380 444 2405 et
459 2376 663 2410 immunditiiS,
683 2375 821 2402 sordibus
839 2378 866 2402 et
881 2384 983 2411 pecca·

208 2427 242 2454 tis
259 2436 265 2454 ε
283 2434 336 2462 per
352 2428 443 2453 totam
462 2424 657 2460 septimanam
677 2423 748 2449 dant
766 2430 873 2457 corpus
893 2423 982 2450 victui

207 2474 327 2507 misero,
347 2474 375 2500 et
393 2472 423 2499 in
443 2471 490 2498 die
510 2470 581 2497 sesto
605 2469 676 2497 daut
697 2469 827 2496 animam
847 2468 979 2497 diabolo.

208 2522 246 2548 De
261 2520 306 2548 his
321 2518 511 2555 conqueritur
526 2516 676 2549 Dominus,
693 2515 794 2543 dicens
804 2517 813 2532 ‘³
829 2525 835 2542 :
851 2516 981 2543 Sanctuu-

207 2569 251 2594 ria
265 2575 323 2594 mea
337 2567 487 2602 sprevistis,
504 2567 528 2591 et
545 2564 655 2591 sabbata
670 2571 727 2590 mea
738 2563 888 2598 polluistis.

242 2629 329 2652 ¹Psal.
345 2634 440 2658 XLth,
455 2629 478 2651 9.
497 2641 527 2646 -
546 2627 554 2642 ²
569 2626 667 2655 Earn„
687 2632 755 2656 xxm,
775 2627 797 2649 S.
817 2639 847 2643 —
864 2626 871 2639 ³
891 2625 980 2657 Εσεῖιᾉ,

209 2671 255 2696 vu,
270 2667 308 2689 29.
322 2666 369 2683 —⁴
385 2665 469 2694 Pron„
485 2669 503 2692 1,
520 2665 584 2687 8.-
599 2663 608 2679 ⁸
620 2662 762 2691 Eccl1.,1u,
781 2664 817 2686 ll.

726 193 873 228 mAE'rAE
894 191 1061 225 SALUTIS
1080 191 1159 225 TIT.
1180 191 1236 225 111.

1295 321 1439 357 CAPUT
1461 322 1520 356 ΠΙ.

1042 413 1080 442 De
1089 414 1235 450 proeceptis
1247 413 1368 442 secundoe
1382 413 1492 449 tabulae,
1504 415 1531 442 et
1543 415 1632 450 primo
1643 413 1675 442 de
1686 413 1782 443 honore

1333 461 1488 494 parentum.

1058 547 1098 575 De
1115 546 1270 583 praeceptis
1285 546 1422 575 secundae
1436 546 1546 575 tabulae
1562 547 1606 575 est
1623 547 1800 583 notandum,
1815 555 1921 576 senuna·

1024 593 1108 630 quod
1127 595 1241 630 septem
1262 594 1330 621 sunt
1350 593 1383 621 in
1405 593 1555 621 universo.
1579 593 1711 622 Primum
1733 596 1798 623 est:
1828 585 1908 607 ‘mn'

1023 640 1133 669 Honora
1143 643 1250 676 patrem
1264 644 1340 668 tuum
1352 643 1377 668 et
1389 643 1501 668 matrem
1516 643 1598 668 tuam.
1614 639 1799 670 Secundum:
1821 622 1917 676 ¹3:223-

1024 688 1086 716 Non
1098 687 1210 715 occides.
1224 687 1369 716 Tertium:
1380 688 1441 716 Non
1452 688 1632 715 moechaberis.
1643 689 1799 722 Quartum:
1829 681 1884 701 ²⁰¹²·

1024 735 1086 763 Non
1105 735 1209 768 furtum
1228 735 1321 768 facies.
1340 733 1480 768 Quintum
1496 743 1503 762 :
1524 735 1585 762 Non
1608 735 1709 768 falsum
1730 736 1803 762 testi-

1024 782 1144 809 monium
1155 781 1238 809 dices.
1256 781 1376 809 Sextum
1392 789 1399 808 ε
1415 781 1476 809 Non
1488 782 1655 816 concupisces
1669 789 1724 809 rem
1736 789 1802 817 pro-

1024 829 1096 855 aeimi
1120 829 1172 855 tui.
1203 827 1365 863 Septimum
1381 835 1387 854 :
1416 828 1476 855 Non
1501 827 1666 855 desiderabis
1692 836 1804 856 umorem

1025 875 1146 909 proximi
1161 875 1212 901 tui.
1225 875 1257 902 Et
1271 873 1308 902 de
1322 873 1384 901 istis
1398 875 1511 910 septem
1524 873 1656 910 primum
1671 876 1714 902 est
1727 873 1804 902 affir-

1026 921 1181 956 mativum,
1195 923 1223 949 et
1236 920 1294 949 alia
1307 923 1375 948 sunt
1386 920 1532 956 negativa.
1546 922 1691 957 Praecepta
1705 922 1804 950 autem

1027 967 1204 996 affirmativa
1218 967 1311 1003 ligant
1328 975 1456 1004 semper,
1475 967 1529 995 sed
1543 975 1604 995 non
1619 968 1659 996 ad
1675 976 1802 1005 semper,

1026 1014 1080 1043 sed
1093 1022 1149 1051 pro
1165 1014 1245 1050 loco,
1263 1017 1291 1042 et
1307 1016 1439 1051 tempore
1447 1024 1456 1050 3
1476 1015 1614 1050 negativa
1626 1022 1698 1044 vero
1712 1015 1805 1051 ligant

1027 1069 1143 1098 semper
1157 1063 1186 1089 et
1199 1069 1254 1098 pro
1269 1069 1395 1098 semper.

1063 1109 1193 1137 Primum
1202 1117 1274 1145 ergo
1286 1110 1466 1146 praeceptum
1476 1108 1613 1137 secundae
1626 1109 1734 1137 tabulae
1744 1111 1803 1138 est:
1828 1122 1926 1148 rescep-

1028 1157 1139 1184 Honora
1149 1158 1258 1192 patrem
1272 1159 1348 1183 tuum
1363 1159 1388 1183 et
1403 1159 1517 1183 matrem
1532 1158 1615 1189 tuam,
1629 1157 1657 1183 et
1671 1157 1714 1184 est
1728 1155 1805 1184 affir-
1818 1154 1866 1173 *ω
1881 1153 1899 1173 ¹·

1028 1203 1182 1231 mativum.
1199 1204 1231 1230 Et
1243 1204 1324 1237 nota,
1339 1202 1422 1238 quod
1435 1201 1542 1238 triplex
1557 1204 1600 1230 est
1613 1202 1699 1237 ratio,
1712 1210 1804 1239 quare

1028 1249 1197 1278 honorandi
1216 1251 1284 1277 sunt
1303 1251 1453 1285 parentes,
1473 1249 1583 1277 scilicet
1601 1249 1672 1285 quia
1685 1257 1741 1277 nos
1755 1257 1806 1284 ge-

1028 1298 1170 1332 nuerunt,
1190 1296 1369 1330 nutrierunt,
1388 1298 1416 1323 et
1435 1296 1643 1323 instruxerunt.
1660 1296 1734 1330 Quia
1753 1303 1807 1332 per
1837 1304 1928 1332 Tripiex

1028 1343 1109 1379 ipsos
1123 1351 1226 1371 sumus
1246 1343 1351 1378 geniti,
1368 1342 1512 1370 debemus
1527 1342 1568 1370 eis
1583 1342 1738 1378 corporale
1753 1342 1805 1370 ob·
1821 1336 1927 1363 ratium>

1029 1390 1182 1426 sequium3
1204 1390 1275 1426 quia
1295 1397 1348 1426 per
1367 1390 1446 1425 ipsos
1459 1397 1565 1417 sumus
1584 1389 1699 1424 nutriti,
1715 1388 1806 1417 debe·
1821 1373 1927 1420 εὲιῖἶῗο.

1030 1444 1096 1464 mus
1121 1436 1162 1465 cis
1188 1435 1351 1472 temporale
1379 1436 1607 1469 nutrimentum,
1633 1435 1683 1463 vel
1711 1435 1806 1464 subsi-
1827 1431 1921 1452 ”⁰¹⁸⁸”di

1031 1484 1131 1520 dium3
1148 1486 1176 1513 et
1192 1485 1263 1520 quia
1276 1492 1330 1521 per
1344 1484 1424 1520 ipsos
1437 1492 1539 1511 sumus
1553 1482 1700 1517 instructi,
1716 1482 1808 1511 debe·
1821 1465 1924 1490 parentes

1031 1540 1097 1560 mus
1112 1531 1153 1560 eis
1167 1531 1337 1560 imitationis
1352 1531 1532 1567 exemplum.
1546 1531 1641 1558 Prima
1652 1538 1723 1566 ergo
1733 1530 1807 1558 ratio

1031 1578 1200 1607 honorandi
1220 1581 1372 1615 parentes,
1388 1580 1446 1612 est,
1469 1578 1539 1614 quia
1554 1577 1609 1614 ipsi
1625 1585 1680 1605 nos
1698 1585 1808 1613 genue-

1031 1628 1109 1654 runt.
1134 1625 1215 1653 [nde
1240 1625 1347 1654 dicitur
1361 1627 1390 1653 ³:
1414 1626 1522 1652 Honora
1543 1628 1648 1660 patrem
1671 1628 1762 1657 tuum,
1783 1627 1810 1652 et

1032 1675 1147 1709 qemitus
1161 1674 1256 1700 manis
1269 1676 1323 1700 tuoe
1337 1681 1369 1700 ne
1383 1673 1560 1709 obliviscaris
1574 1671 1729 1699 meditando
1744 1673 1809 1706 quia

1032 1722 1088 1747 nisi
1099 1728 1149 1754 per
1161 1721 1221 1746 illos
1235 1727 1286 1746 non
1308 1720 1417 1752 fuisses.
1433 1720 1464 1745 Et
1478 1719 1598 1753 propter
1612 1717 1684 1751 hoc,
1701 1720 1734 1745 ut
1747 1717 1809 1745 dic-

1032 1769 1094 1794 tum
1109 1768 1161 1799 est,
1173 1765 1317 1793 debemus
1332 1765 1372 1792 eis
1387 1764 1542 1800 corporale
1558 1764 1746 1799 obsequium,
1757 1764 1809 1792 sci-

1032 1813 1119 1841 licet:
1136 1811 1225 1839 corde
1241 1811 1385 1839 debemus
1401 1819 1452 1839 eos
1467 1810 1608 1845 diligere,
1624 1812 1726 1837 eontra
1742 1809 1810 1838 illos

1034 1860 1086 1896 qui
1102 1867 1152 1886 eos
1167 1860 1373 1892 contemnunt,
1391 1859 1419 1885 et
1433 1857 1603 1885 desiderant
1621 1859 1745 1884 mortem
1760 1864 1810 1884 eo-

1034 1914 1117 1940 rum,
1133 1905 1260 1933 maxime
1280 1904 1402 1941 quando
1417 1905 1587 1938 senescunt3
1602 1903 1705 1938 lingua
1720 1902 1811 1930 debe-

1035 1961 1100 1980 mus
1115 1952 1156 1980 eis
1173 1954 1335 1980 reverenter
1354 1951 1437 1987 loqui
1458 1953 1486 1978 et
1503 1950 1693 1984 benedicere,
1710 1951 1812 1977 contra

1036 1999 1112 2034 illos,
1129 1999 1180 2035 qui
1194 2007 1255 2026 non
1269 1998 1460 2031 benedicunt,
1475 1997 1527 2025 sed
1543 1996 1739 2030 1naledicunt;
1756 2003 1810 2023 au-

1036 2046 1118 2074 ribus
1131 2045 1274 2073 debemus
1288 2045 1329 2073 eis
1343 2045 1476 2079 obedire,
1494 2046 1595 2072 contra
1609 2043 1687 2077 illos,
1699 2043 1750 2078 qui
1763 2050 1812 2070 eo-

1036 2101 1103 2122 rum
1127 2095 1273 2128 praecepta
1299 2090 1532 2127 parvipendunt3
1557 2090 1695 2118 manibus
1719 2089 1810 2117 debe·

1038 2149 1104 2168 mus
1132 2140 1173 2167 eis
1202 2139 1311 2167 servire
1322 2160 1330 2173 ‚
1360 2140 1461 2166 contra
1490 2137 1558 2165 illos
1585 2136 1637 2172 qui
1665 2144 1715 2163 eos
1742 2143 1811 2172 per-

1038 2187 1158 2215 eutiunt.

1075 2233 1210 2262 Secunda
1231 2232 1305 2260 ratio
1325 2230 1492 2259 honorandi
1513 2231 1648 2266 parentes
1669 2231 1726 2263 est,
1743 2229 1813 2265 quia

1040 2281 1094 2317 ipsi
1109 2289 1164 2308 nos
1178 2279 1352 2312 nutrierunt,
1368 2280 1395 2305 et
1406 2279 1526 2313 propter
1541 2277 1597 2304 hoc
1613 2276 1757 2304 debemus
1772 2275 1812 2304 eis

1039 2327 1202 2364 temporale
1217 2326 1427 2353 nutrimentum
1437 2345 1445 2358 ,
1461 2324 1507 2351 vel
1522 2323 1698 2351 subsidium.

1074 2374 1166 2402 Tertia
1184 2372 1258 2400 ratio
1272 2371 1439 2399 honorandi
1454 2373 1590 2407 parentes
1605 2372 1656 2403 est,
1671 2368 1742 2405 quia
1755 2368 1811 2404 ipsi

1039 2430 1093 2449 nos
1106 2421 1313 2448 instruxerunt.
1331 2418 1410 2445 Unde
1426 2417 1569 2445 debemus
1584 2416 1624 2444 eis
1642 2415 1812 2443 imitationis

1038 2469 1223 2505 exemplum,
1245 2467 1354 2495 scilicet
1373 2466 1402 2493 in
1418 2466 1547 2499 honum,
1571 2464 1642 2500 quia
1662 2463 1768 2490 dicitur
1781 2463 1809 2490 ⁶:

1038 2517 1131 2550 Audi,
1144 2517 1185 2549 fili
1198 2516 1249 2547 nii,
1266 2514 1441 2548 disciplinam
1457 2513 1545 2547 patris
1559 2512 1610 2543 tui,
1626 2513 1649 2538 et
1670 2518 1701 2537 ne
1715 2510 1812 2537 dimit·

1039 2568 1081 2592 tas
1096 2565 1175 2598 leqcm
1187 2563 1283 2589 matris
1300 2563 1360 2588 tuae.
1375 2559 1454 2588 Unde
1466 2558 1535 2586 vide
1550 2557 1706 2585 salarium:
1723 2555 1811 2584 Filius

1037 2611 1134 2639 bonus
1153 2611 1195 2636 est
1209 2609 1218 2625 ⁵
1238 2608 1383 2635 benedictio
1405 2605 1495 2642 patris
1511 2607 1539 2633 et
1554 2604 1669 2635 matris,
1691 2603 1761 2639 quia
1780 2603 1811 2631 in

1036 2666 1070 2685 eo
1085 2655 1301 2685 benedicuntur
1315 2656 1398 2690 pater
1411 2655 1438 2680 et
1452 2654 1544 2680 mater
1553 2661 1560 2686 ς
1576 2651 1650 2679 sicut
1661 2650 1753 2686 vulgo
1768 2649 1811 2678 di·

2000 1282 2004 1289 >
1994 1044 2004 1258 .-.μ-ψ·
1997 889 2004 1044 ..A—ha-..
1996 856 1997 859 „
