2004 3037
806 183 936 217 CAPUT
957 183 1103 218 LXXVII.

146 247 263 278 honore
276 250 396 287 recepit,
407 252 436 279 et
449 258 576 281 munera
585 251 669 280 dedit
683 251 721 288 ei,
731 253 760 280 et
773 251 829 291 hac
845 259 930 282 occa-

148 296 232 325 sione
246 297 364 334 decepit
377 305 458 327 eum.
472 299 556 335 Nam,
571 299 700 328 remissis
714 299 869 338 militibus,
886 301 931 337 ip-

149 352 217 372 sum
232 353 300 373 cum
309 345 414 383 paucis
428 346 558 383 retinuit,
568 349 597 376 et
607 346 724 376 occidit.
738 348 862 382 maoch„
877 357 930 379 x11.

186 393 309 429 Propter
321 401 449 422 munera
463 402 530 430 quae
545 394 639 430 dedit,
655 396 683 423 et
693 395 831 432 promisit
842 398 932 426 Jason

151 438 328 467 ambitiosus
355 440 419 476 regi
445 441 600 476 Antiocho,
629 441 758 471 obtinuit
780 451 933 473 summum

152 488 368 526 sacerdotium
399 498 468 518 cum
495 492 595 519 autem
619 491 748 520 misisset
774 493 934 529 pecuniam

152 535 217 571 regi
231 544 285 572 per
307 537 490 574 Menelaum,
506 537 556 566 ille
579 538 783 575 supplantavit
803 548 888 575 eum,
907 543 936 569 et

154 583 282 612 obtinuit
300 584 516 621 principatum,
539 585 610 621 quia
633 588 822 623 superposuit
835 588 935 617 Jasoni

155 630 269 666 argenti
283 631 393 660 talenta
406 633 545 660 trecenta.
562 634 583 662 ll
597 634 699 669 Mach„
715 642 754 664 iv.

191 678 339 707 Menelaus
366 678 456 707 frater
483 679 649 716 Lysimachi
675 690 729 718 per
756 683 915 719 pecuniam
926 703 935 718 ,

156 733 249 761 quam
272 725 409 762 promisit
435 727 596 763 Antiocho,
627 728 757 758 obtinuit
786 738 938 758 summum

156 772 356 801 sacerdotium
372 785 379 802 z
397 774 507 803 deinde
529 775 654 804 donavit
671 777 842 806 Andronico
858 786 938 814 quae-

157 819 228 848 dam
248 828 319 849 vasa
336 830 425 850 aurea
446 822 483 850 de
502 823 615 859 templo
635 823 735 852 furtim
756 826 892 861 accepta,
913 827 941 854 et

158 866 227 895 fecit
241 868 346 896 Oniam
368 869 464 897 occidi
479 879 486 897 ε
507 870 717 906 postmodum,
734 880 803 900 cum
817 880 939 900 accusa-

158 916 240 943 retur
254 915 335 951 apud
351 915 553 952 Ptolemaeum,
569 925 623 954 per
639 919 783 954 pecunias
794 940 803 955 ,
825 927 899 956 quas
914 919 942 948 ei

161 961 232 990 dare
242 962 393 998 promisit,
408 965 592 992 accusatores
607 973 677 994 suos
690 968 785 995 morte
803 966 941 995 damnari

161 1009 342 1045 procuravit.
357 1012 379 1039 11
394 1011 497 1046 Mam„
515 1019 553 1040 iv.

198 1058 373 1087 Obtulerunt
400 1059 475 1094 Magi
503 1059 628 1088 Domino
659 1061 786 1097 pauperi
815 1068 923 1090 aurum
934 1081 945 1095 ,

163 1107 240 1141 thus,
255 1108 283 1134 et
296 1107 461 1143 myrrham.
477 1108 592 1144 Match„
608 1117 639 1144 ιι,
658 1111 699 1137 11.

199 1155 301 1184 Milites
314 1154 358 1182 illi
368 1155 420 1191 qui
431 1155 596 1184 debuerant
608 1156 757 1185 custodire
772 1157 946 1193 sepulcrum

164 1198 299 1238 Domini,
328 1204 450 1239 accepta
477 1212 495 1232 a
519 1203 626 1232 Judaeis
654 1204 781 1240 pecunia
808 1205 945 1242 copiosa,

165 1249 318 1285 dixerunt,
336 1250 420 1286 quod
434 1250 573 1287 discipuli
589 1252 651 1286 eJus
665 1251 753 1280 furati
768 1251 886 1280 fuerant
900 1253 945 1289 ip-

166 1305 251 1332 sum,
266 1296 322 1324 illis
337 1297 564 1326 dormientibus.
581 1299 697 1335 March„
711 1307 813 1334 xxviii,
829 1300 873 1327 15.

203 1345 392 1381 Pauperculae
421 1345 537 1374 donum
562 1346 660 1375 viduae
671 1367 680 1381 ‚
709 1355 775 1383 quae
803 1347 864 1375 duo
892 1355 950 1375 aera

168 1392 283 1420 minuta
292 1392 372 1420 misit
383 1393 413 1420 in
424 1393 682 1430 gazophylacium,
693 1394 847 1430 praefertur
861 1403 879 1422 a
893 1396 947 1422 Do-

168 1440 251 1468 mino
263 1440 438 1468 muneribus
454 1440 589 1469 divitum.
607 1442 684 1477 Luc„
700 1450 762 1477 xx1,
776 1444 803 1477 2,
819 1443 845 1470 3.

205 1488 278 1515 Cum
293 1487 414 1516 vidisset
429 1488 531 1516 Simon
542 1509 550 1522 ,
567 1489 638 1524 quia
653 1496 707 1525 per
728 1488 952 1525 impositionem

169 1543 275 1563 manus
295 1535 506 1572 Apostolorum
525 1535 646 1564 daretur
667 1536 791 1572 Spiritus
813 1538 952 1571 sanctus,

171 1583 279 1611 obtulit
293 1584 334 1611 eis
353 1584 512 1620 pecuniam
528 1584 629 1612 dicens
647 1593 653 1612 :
673 1594 689 1611 «
703 1585 772 1613 Date
787 1585 861 1613 mihi
876 1585 953 1613 hanc

170 1632 363 1667 potestatem,
379 1641 393 1658 »
410 1633 464 1660 etc.
482 1632 557 1665 Act„
572 1639 633 1667 vni,
648 1633 692 1660 19.

207 1680 290 1708 Felix
303 1688 426 1716 praeses,
447 1680 500 1716 qui
514 1680 633 1708 tenebat
651 1680 777 1708 Paulum
789 1680 922 1708 vinctum
936 1687 955 1708 a

172 1727 280 1755 Judaeis
294 1727 431 1763 nequiter
445 1729 632 1762 accusatum,
647 1727 786 1763 sperabat
800 1726 885 1763 quod
899 1735 954 1763 pe—

173 1775 262 1803 cunia
286 1774 313 1802 ei
336 1774 457 1802 daretur
482 1774 620 1810 aPaulo3
646 1777 769 1810 propter
792 1774 876 1810 quod
899 1774 957 1802 fre-

174 1823 299 1858 quenter
323 1829 476 1849 accersens
502 1829 571 1849 eum
599 1821 779 1857 loquebatur
804 1829 873 1849 cum
898 1829 934 1849 eo
946 1831 954 1857 ς

175 1870 203 1896 et
221 1868 293 1905 quia
307 1868 464 1896 verisimile
482 1870 524 1896 est
541 1876 610 1896 eum
624 1876 687 1896 non
700 1868 840 1896 habuisse
861 1868 956 1897 inten-

175 1916 249 1951 tum,
265 1914 390 1943 Paulum
405 1914 516 1943 dimisit
527 1915 672 1943 vinctum.
690 1915 752 1943 Act.
761 1935 770 1950 ,
785 1923 866 1944 xxiv.

397 2009 540 2044 CAPUT
565 2010 733 2045 LXXVII.

342 2083 380 2111 De
397 2083 563 2117 fortitudine
582 2087 605 2111 et
626 2084 796 2111 strenuitate.

215 2153 346 2183 Audiens
366 2152 517 2182 Abraham
536 2154 678 2188 nepotem
701 2161 789 2180 suum
809 2152 882 2180 Loth
897 2159 960 2180 esse

181 2203 321 2238 captum,
351 2200 510 2237 assumptis
536 2200 706 2229 vernaculis
737 2200 815 2234 suis,
842 2201 870 2227 et
896 2199 961 2227 aliis

182 2248 279 2283 sociis,
304 2247 389 2276 irruit
411 2249 497 2276 nocte
522 2255 611 2283 super
632 2248 762 2283 quatuor
783 2255 886 2282 regeS,
910 2247 963 2283 qui

183 2297 324 2332 ceperant
344 2294 446 2329 illum,
469 2296 497 2322 et
517 2294 664 2330 percussis
688 2294 824 2322 hostibus
845 2293 965 2322 reduxit

183 2344 256 2373 Loth
274 2351 344 2371 cum
364 2344 426 2370 tota
441 2341 621 2377 substantia,
640 2344 668 2370 et
686 2341 800 2378 populo
816 2341 963 2370 sodomo-

184 2400 262 2420 rum.
274 2391 352 2426 Gen„
366 2397 425 2418 xiv.

221 2441 364 2468 Securum
380 2439 408 2465 et
428 2436 573 2464 audacem
591 2436 660 2464 facit
677 2436 833 2465 hominem
854 2436 966 2472 puritas

188 2485 372 2514 conscientiae
388 2493 395 2512 ι
412 2483 480 2511 hinc
494 2485 546 2518 est,
561 2483 644 2519 quod
659 2483 750 2512 Jacob
767 2486 883 2512 tumens
897 2492 967 2512 cum

186 2533 286 2568 jurgio
301 2534 342 2560 ait
352 2532 391 2560 ad
401 2531 501 2560 Laban
514 2540 522 2558 ι
538 2531 658 2564 «Quam
669 2530 709 2559 ob
722 2531 844 2567 culpam
856 2539 967 2566 meam,

189 2582 217 2608 et
231 2579 271 2607 ob
287 2579 370 2614 quod
389 2580 545 2615 peccatum
566 2586 667 2606 meum
687 2578 728 2606 sic
753 2577 886 2607 exarsisti
901 2579 969 2614 post

190 2627 284 2655 me‘?»
303 2626 381 2659 Gen„
397 2634 477 2661 xxxi,
494 2628 537 2654 36.

224 2678 256 2710 (α)
274 2677 335 2702 Caet.
349 2677 410 2702 edit.
425 2677 482 2702 add.
496 2678 559 2708 ejue.

305 2730 381 2754 Tou.
404 2731 473 2753 vul.

1705 196 1763 226 577

1021 252 1096 281 Dixit
1115 253 1246 290 Angelus
1266 254 1307 283 ad
1326 255 1438 285 Jacob:
1464 267 1479 285 (ι
1497 258 1525 287 Si
1545 261 1649 289 contra
1671 262 1766 291 Deum

983 299 1068 329 fortis
1081 300 1171 337 fuisti,
1183 304 1296 338 quanto
1309 303 1406 340 magis
1421 306 1524 334 contra
1537 305 1675 337 homines
1689 317 1766 346 prae-

985 347 1121 376 valebis?
1136 359 1150 376 »
1174 349 1252 386 Gen„
1266 358 1363 385 xxxu,
1379 353 1423 380 28.

1022 395 1180 424 Audaciter
1199 398 1226 425 et
1246 399 1413 427 constanter
1433 399 1509 429 stetit
1531 402 1646 438 Moyses
1665 411 1768 432 coram

987 443 1157 480 Pharaone,
1173 453 1301 481 arguens
1323 454 1411 483 eum,
1433 448 1506 484 quia
1526 457 1589 478 non
1603 450 1770 482 dimittebat

988 492 1137 529 populum
1152 493 1279 521 Domini.
1294 495 1398 530 Emori„
1415 503 1443 531 v,
1458 498 1485 524 et
1499 496 1650 535 deinceps.

1026 540 1136 569 Armati
1165 540 1384 570 descenderunt
1414 542 1468 571 filii
1500 545 1589 574 Israel
1624 547 1662 576 de
1695 550 1772 578 terra

991 588 1107 624 AEgypti
1117 609 1127 624 ,
1141 589 1243 624 Exod„
1258 597 1321 617 xm.

1027 635 1116 663 Caleh
1132 636 1160 663 et
1172 637 1260 664 Josue
1279 637 1403 666 viriliter
1421 639 1662 670 confortaverunt
1676 651 1774 680 popu-

991 681 1074 717 lum,
1092 681 1222 710 dicentes
1237 692 1244 711 :
1269 695 1281 709 «
1296 685 1500 714 Ascendamus
1521 689 1548 715 et
1566 689 1774 724 possideamus

993 730 1113 764 terram,
1134 730 1280 766 quoniam
1305 732 1470 767 poterimus
1490 733 1624 764 obtinere
1654 744 1739 773 eam,
1759 748 1773 766 »

994 776 1093 811 Num,
1109 784 1174 812 xui,
1195 778 1240 805 31.
1260 788 1273 803 «
1293 779 1333 806 Ne
1357 779 1484 808 timeatis
1503 782 1652 818 populum
1673 785 1777 821 terrae,

995 823 1068 859 quia
1081 824 1226 860 tanquam
1240 833 1368 861 panem,
1385 826 1427 856 ita
1441 835 1600 864 possumus
1620 838 1671 859 eos
1686 831 1778 860 devo-

995 879 1070 900 rare.
1086 882 1099 899 »
1116 873 1210 908 Num„
1226 881 1287 908 x1v,
1304 875 1332 902 9.

1032 919 1156 947 Phinees
1172 928 1242 948 cum
1256 920 1418 950 duodecim
1427 923 1561 953 millibus
1575 928 1780 962 pugnatorum

999 965 1162 995 debellavit
1175 966 1358 1004 Madianitas,
1374 977 1520 1007 quorum,
1536 974 1645 1008 praeter
1659 974 1739 1004 viros
1754 978 1782 1004 et

998 1013 1139 1042 mulieres
1154 1014 1206 1051 qui
1221 1015 1310 1043 occisi
1324 1015 1457 1052 fuerunt,
1473 1019 1592 1054 triginta
1611 1021 1673 1050 duo
1688 1023 1783 1053 millia

1000 1060 1152 1096 virginum
1174 1062 1205 1089 in
1224 1063 1344 1100 praeda,
1360 1064 1537 1094 animalium
1559 1075 1631 1097 vero
1650 1071 1783 1100 maxima

1001 1109 1164 1138 multitudo
1184 1110 1254 1146 fuit,
1269 1119 1324 1139 nec
1339 1111 1448 1148 aliquis
1463 1113 1500 1142 de
1515 1114 1583 1143 filiis
1597 1117 1686 1146 lsrael
1700 1127 1783 1148 mor-

1002 1157 1070 1185 tuus
1083 1160 1135 1186 est.
1150 1159 1233 1188 Num.
1237 1179 1247 1194 ,
1261 1167 1346 1187 xxxr.

1038 1206 1153 1241 Moyses
1168 1205 1242 1233 dixit
1257 1206 1296 1234 ad
1310 1208 1409 1243 Josue,
1424 1208 1476 1244 qui
1493 1208 1623 1239 debebat
1638 1212 1665 1240 ei
1681 1221 1784 1242 succe-

1004 1251 1075 1280 dere
1093 1261 1100 1280 :
1120 1262 1134 1278 «
1154 1253 1343 1289 eonfortare,
1358 1257 1386 1283 et
1400 1257 1461 1284 esto
1476 1257 1636 1287 robustus:
1652 1262 1684 1289 tu
1707 1262 1787 1290 enim

1004 1299 1177 1328 introduces
1191 1301 1339 1336 populum
1349 1301 1450 1338 istum,
1461 1313 1475 1330 »
1489 1308 1543 1332 etc.
1562 1307 1652 1342 Dent„
1663 1316 1745 1344 xxxr,
1758 1312 1786 1338 7.

1042 1348 1167 1382 Pergens
1182 1348 1222 1375 ad
1243 1348 1357 1377 bellum
1375 1351 1463 1378 Josue
1484 1354 1586 1381 contra
1606 1354 1789 1385 habitatores

1006 1394 1069 1429 Hai,
1080 1396 1142 1422 erat
1160 1403 1174 1421 α
1187 1395 1219 1423 in
1232 1395 1328 1424 fronte
1341 1398 1484 1426 exercitus
1501 1400 1551 1435 (a),
1567 1401 1694 1432 vallatus
1705 1405 1787 1433 auxi-

1006 1440 1048 1469 lio
1059 1444 1298 1478 pugnatorum.»
1315 1445 1405 1480 Josue,
1420 1453 1483 1480 vm,
1501 1447 1543 1474 10.

1041 1488 1139 1525 Captis
1155 1490 1288 1526 quinque
1302 1492 1440 1527 regibus,
1457 1493 1531 1522 dixit
1545 1496 1633 1524 Josue
1652 1497 1692 1525 ad
1707 1499 1789 1534 prin-

1008 1535 1105 1572 cipes,
1122 1538 1174 1573 qui
1193 1545 1296 1566 secum
1317 1542 1401 1568 erant
1417 1549 1423 1567 :
1448 1549 1461 1566 «
1477 1542 1515 1569 lte
1533 1544 1560 1570 et
1574 1544 1675 1579 ponite
1699 1546 1792 1582 pedes

1008 1585 1123 1612 vestros
1150 1592 1240 1621 super
1266 1586 1363 1622 capita
1391 1595 1496 1623 regum
1525 1590 1669 1627 istorum3
1699 1594 1793 1624 nolite

1009 1630 1124 1667 timere,
1140 1640 1194 1660 nec
1209 1633 1352 1669 paveatis.
1368 1645 1382 1660 »
1399 1636 1466 1671 Jos.,
1482 1644 1512 1672 x,
1528 1638 1573 1665 ⁶25.

1047 1678 1123 1707 Dixit
1146 1679 1234 1707 Caleb
1254 1680 1294 1708 ad
1314 1682 1402 1710 Josue
1422 1691 1428 1710 :
1449 1684 1631 1720 «Octoginta
1645 1695 1793 1718 annorum

1011 1733 1079 1753 sum
1093 1725 1195 1761 hodie,
1211 1726 1253 1754 sic
1266 1727 1380 1763 valens,
1394 1731 1427 1758 ut
1441 1738 1497 1765 ego
1512 1731 1651 1762 valebam
1667 1743 1703 1763 eo
1718 1738 1794 1764 tem-

1011 1780 1101 1808 pore,
1122 1773 1247 1809 quando
1270 1775 1311 1802 ad
1333 1776 1555 1812 explorandum
1578 1780 1685 1809 missus
1707 1791 1792 1818 sum3

1012 1819 1093 1848 illius
1104 1820 1136 1848 in
1145 1828 1194 1849 me
1204 1822 1348 1858 temporis
1361 1822 1503 1854 tortitudo
1518 1831 1698 1865 perseverat,
1712 1840 1726 1857 »
1740 1832 1794 1859 etc.

1013 1867 1102 1903 Josue,
1117 1876 1178 1903 x1v,
1195 1871 1238 1897 11.

1052 1914 1138 1943 Ahod
1158 1915 1253 1950 judex
1273 1918 1302 1944 et
1322 1917 1462 1955 princeps
1489 1922 1633 1950 exercitus
1655 1925 1744 1953 lsrael
1766 1927 1797 1956 in

1013 1961 1109 1990 fronte
1122 1962 1262 1997 gradiens
1275 1963 1350 1992 dixit
1364 1965 1404 1992 ad
1419 1967 1587 2002 populum:
1605 1979 1619 1996 «
1634 1971 1797 2007 Sequimini

1015 2017 1079 2044 me,
1095 2009 1217 2038 tradidit
1238 2011 1380 2039 Dominus
1400 2012 1538 2043 inimicos
1560 2019 1675 2046 nostros
1689 2019 1720 2048 in
1735 2028 1798 2050 ma-

1016 2064 1072 2085 nus
1084 2059 1210 2085 nostras.
1225 2067 1238 2084 n
1254 2058 1359 2093 audie„
1373 2067 1416 2095 111,
1433 2062 1479 2089 28.

1053 2103 1185 2132 Gedeoni
1210 2104 1284 2132 dixit
1306 2106 1458 2142 Angelus:
1484 2117 1499 2135 «
1519 2111 1661 2140 Dominus
1684 2115 1798 2152 tecum,

1018 2151 1153 2179 virorum
1175 2151 1344 2181 fortissime.
1368 2163 1383 2180 ν
1407 2155 1439 2182 Et
1460 2158 1545 2192 post:
1569 2168 1583 2185 «
1606 2160 1703 2196 Vade,
1720 2165 1748 2191 et
1769 2163 1799 2192 in

1017 2198 1074 2226 hac
1094 2198 1267 2227 fortitudine
1291 2201 1341 2228 tua
1365 2200 1509 2231 liberabis
1526 2206 1615 2234 Israel
1639 2207 1676 2236 de
1701 2217 1797 2239 manu

1019 2245 1146 2274 Madian.
1161 2256 1175 2274 »
1198 2247 1331 2283 Cumque
1348 2247 1398 2277 ille
1419 2257 1450 2277 se
1464 2250 1617 2282 humiliter
1635 2260 1800 2294 excusaret,

1020 2293 1135 2321 audivit
1150 2302 1157 2321 z
1174 2303 1188 2320 (ι
1202 2295 1264 2329 Ego
1279 2302 1330 2323 ero
1344 2296 1454 2331 tecum,
1469 2299 1497 2326 et
1511 2301 1657 2335 percuties
1671 2304 1801 2342 Madian,

1021 2340 1107 2377 quasi
1121 2348 1216 2368 uuum
1239 2341 1350 2370 virum.
1367 2352 1381 2369 »
1396 2343 1500 2380 Judz‘c„
1516 2355 1558 2375 Vl.

1058 2388 1183 2416 Samson
1196 2388 1336 2417 manibus
1357 2389 1477 2420 leonem
1496 2393 1617 2423 inermis
1637 2397 1810 2435 laceravit,

1021 2435 1124 2469 Judic„
1138 2443 1204 2469 xlv‚·
1216 2436 1243 2463 et
1258 2438 1326 2472 post
1339 2437 1396 2466 hoc
1407 2446 1500 2475 opera
1513 2440 1695 2473 fortitudinis
1709 2447 1803 2476 multa

1022 2482 1090 2510 fecit
1101 2503 1109 2517 ,
1123 2484 1154 2510 ut
1169 2484 1250 2518 patet
1264 2483 1385 2519 capitul.
1398 2494 1438 2513 xv
1454 2489 1481 2515 et
1495 2496 1555 2516 xV1.

1061 2529 1191 2558 Audiens
1206 2530 1276 2559 Saul
1295 2531 1486 2562 obsidionem
1500 2536 1631 2566 virorum
1645 2539 1732 2569 Jabes
1746 2542 1805 2571 Ga·

1025 2576 1107 2611 laad,
1131 2577 1298 2614 audaciter,
1323 2579 1483 2610 efficaciter
1500 2584 1528 2610 et
1545 2583 1717 2615 festinanter
1740 2596 1807 2617 suc-

1027 2623 1118 2652 currit
1132 2624 1184 2652 eis.
1201 2625 1211 2652 1
1226 2626 1303 2661 Re9.,
1319 2633 1360 2655 xr.

1063 2670 1157 2700 David
1177 2670 1207 2699 in
1232 2673 1359 2707 pueritia
1383 2683 1437 2704 sua
1460 2676 1573 2706 fortiter
1600 2682 1753 2716 superavit
1780 2685 1808 2711 et

1649 2731 1687 2762 37
