2004 3037
559 219 610 251 DE
632 217 987 252 SACRAMENTORUM
1009 216 1192 250 VIRTUTE.
1217 219 1304 251 CAP.
1326 219 1452 252 VI-VH.

198 287 253 316 tria
273 289 457 316 sacramenta
475 288 543 315 sunt
563 286 647 323 quasi
665 285 816 314 medicina
829 284 971 313 curativa.

198 333 388 363 Confirmatio
412 335 511 362 autem
534 334 577 361 est
596 331 745 361 medicina
769 331 973 360 conservativa

199 380 329 409 sanitatis
342 379 518 417 spiritualis,
533 379 563 407 in
577 387 636 416 qua
651 379 738 407 datur
755 379 877 415 Spiritus
892 386 974 407 sanc-

198 429 244 455 tus
266 427 303 455 ad
324 427 417 456 robur
444 428 471 454 et
497 425 751 454 conservationem
775 425 874 461 gratiae
898 425 974 454 datae

199 475 229 502 in
249 473 395 510 Baptismo
406 482 414 508 ;
433 472 649 501 Matrimonium
670 474 713 500 est
730 472 879 500 medicina
901 481 974 508 prae-

199 521 362 556 servativa;
384 520 462 549 Ordo
484 522 526 548 est
547 519 696 547 medicina
715 519 921 554 meliorativa,
943 520 974 547 in

199 577 260 605 quo
277 569 483 603 augmentatur
502 567 596 602 gratia
606 576 614 601 ;
638 567 818 595 Eucharistia
832 567 894 594 haec
909 575 973 594 om-

198 615 248 643 nia
262 614 349 642 simul
363 613 451 642 facit:
475 615 557 641 curat
571 613 650 641 enim
666 613 811 649 venialia,
828 622 894 650 quae
907 615 975 642 sunt

199 661 315 690 occasio
330 661 423 688 ruinoe
436 660 572 695 majoris;
589 662 745 688 conservat
759 660 848 688 etiam
859 660 895 696 (a)
910 668 975 696 gra-

199 708 269 736 tiam
284 707 434 735 inventam
449 707 480 735 in
493 707 614 734 homine
625 728 634 741 ‚
651 709 678 735 et
691 709 900 743 augmentum,
917 707 974 735 sic-

198 762 258 791 que
278 754 433 790 meliorat,
457 755 484 781 et
502 753 695 782 nihilominus
715 762 734 782 a
753 756 875 790 peccato
897 762 974 790 prae-

198 803 303 829 servat.

471 874 613 909 CAPUT
641 875 699 909 VI.

249 956 287 982 De
302 957 434 990 potestate
452 955 663 991 dispensationis
682 955 923 983 Sacramentorum.

235 1035 362 1062 Potestas
377 1034 604 1070 dispensationis
621 1036 873 1062 sacramentorum
889 1043 976 1070 regu-

199 1080 297 1109 lariter
317 1082 427 1117 spectat
450 1081 547 1108 solum
566 1080 605 1108 ad
629 1089 724 1116 genus
745 1081 920 1109 humanum.
946 1083 975 1109 ln

191 1127 340 1162 ,omnibus
355 1127 544 1155 sacramentis
563 1127 771 1164 dispensandis
782 1149 789 1162 ,
811 1128 977 1156 necessaria

199 1175 241 1201 est
262 1174 489 1210 dispensationis
512 1174 652 1208 intentio,
679 1182 740 1210 qua
762 1174 828 1210 quis
851 1174 978 1202 intendit

197 1219 294 1248 facere
308 1221 391 1256 quod
412 1221 540 1248 Christus
561 1221 683 1248 instituit
696 1221 735 1248 ad
750 1221 914 1248 humanam
927 1229 976 1249 sa—

197 1266 288 1295 lutem
299 1288 307 1302 ,
323 1267 372 1295 vel
386 1267 491 1295 saltem
503 1268 599 1296 facere
612 1267 694 1304 quod
710 1267 780 1295 facit
794 1268 931 1303 Ecclesia,
946 1268 976 1295 in

198 1321 258 1349 quo
283 1314 430 1342 clauditur
452 1314 484 1342 in
508 1315 638 1350 generali
663 1314 786 1342 intentio
810 1315 952 1351 praedicta
969 1325 975 1342 :

197 1360 269 1396 quia
285 1361 349 1396 ipsa
364 1361 509 1394 Ecclesia,
532 1361 606 1389 sicut
622 1363 807 1389 sacramenta
825 1369 842 1389 a
863 1362 976 1389 Christo

198 1407 311 1443 accepit
324 1427 330 1439 ‚
363 1408 404 1435 sic
429 1408 468 1435 ad
491 1408 626 1435 fidelium
658 1408 783 1435 salutem
816 1408 976 1444 dispensat.

197 1454 339 1488 Rursum,
356 1454 427 1490 quia
441 1454 516 1482 ordo
533 1454 682 1489 dignitatis
698 1454 801 1489 exigit,
817 1457 848 1482 ut
862 1455 977 1489 majora

198 1500 364 1536 majoribus
376 1522 384 1535 ,
409 1503 436 1528 ct
460 1501 577 1528 minora
600 1500 767 1528 minoribus
791 1501 977 1529 committan-

199 1548 266 1575 tur:
288 1547 427 1583 quaedam
446 1547 607 1583 respiciunt
629 1546 832 1574 excellentiam
854 1547 978 1582 dignita-

198 1594 233 1622 tis
247 1615 254 1627 ,
269 1596 301 1622 ut
313 1596 530 1621 sacramentum
545 1593 783 1621 Confirmationis
798 1596 826 1621 et
841 1594 957 1622 Ordinis
968 1616 976 1629 ,

198 1641 278 1669 unde
293 1641 483 1669 Confirmatio
500 1642 527 1668 et
541 1640 620 1668 Ordo
640 1640 832 1668 conseruntur
847 1641 884 1669 ab
901 1642 977 1677 epis-

199 1689 300 1724 copis;
322 1688 459 1724 quaedam
481 1687 646 1724 respiciunt
665 1688 864 1723 indigentiam
877 1697 977 1717 neces-

199 1735 289 1763 sitatis
300 1757 308 1769 ,
325 1737 355 1762 ut
370 1735 586 1763 Matrimonium
602 1737 629 1762 et
646 1735 828 1771 Baptismus,
849 1744 978 1772 quorum

199 1790 292 1810 unum
308 1783 448 1817 generat,
468 1782 591 1809 alterum
605 1790 677 1809 vero
693 1784 864 1817 regenerat,
880 1785 908 1810 et
923 1783 976 1811 ho-

199 1837 265 1856 rum
278 1828 458 1864 dispensatio
469 1828 557 1856 etiam
567 1828 701 1864 personis
712 1828 900 1857 inferioribus
911 1838 978 1857 con-

201 1874 323 1909 ceditur,
340 1875 468 1902 maxime
486 1875 517 1902 in
532 1875 656 1902 articulo
671 1875 852 1903 necessitatis
865 1896 874 1910 ,
894 1877 977 1911 quod

202 1920 268 1948 dico
289 1921 402 1949 ratione
423 1921 580 1957 Baptismi;
603 1921 741 1957 quaedam
767 1923 864 1949 autem
883 1930 980 1950 sacra-

202 1969 301 1994 menta
319 1969 386 1994 sunt
407 1968 490 2002 quasi
509 1967 628 2001 media,
648 1970 679 1995 ut
697 1968 878 1996 Eucharistia
890 1990 897 2003 ,
918 1971 978 1996 Pee-

203 2013 324 2040 nitentia
335 2034 343 2047 ‚
358 2015 386 2040 et
399 2015 534 2041 Extrema
547 2014 658 2041 Unctio.
675 2016 707 2041 Et
720 2014 842 2041 istorum
859 2015 978 2050 dispen-

203 2059 276 2087 satio
288 2059 326 2087 ad
338 2059 417 2087 solos
427 2060 552 2095 pertinet
562 2060 740 2093 sacerdotes,
752 2061 801 2095 qui
815 2063 882 2088 sunt
894 2063 977 2097 quasi

203 2106 294 2133 medii
308 2106 382 2133 inter
396 2106 551 2141 episcopos
565 2108 593 2133 et
607 2106 736 2133 minores
750 2115 892 2142 personas
908 2116 978 2135 con-

203 2152 303 2180 stituti.

239 2200 424 2227 Sacramenta
437 2199 601 2235 dispensari
614 2202 737 2235 possunt
750 2208 767 2227 a
778 2199 866 2227 bonis
879 2202 906 2227 et
917 2209 980 2228 ma-

203 2246 238 2273 lis
250 2267 258 2279 ,
275 2253 293 2273 a
306 2245 446 2273 fidelibus
460 2248 488 2274 et
502 2246 672 2273 infidelibus
683 2266 692 2280 ,
708 2246 783 2273 inter
799 2246 956 2274 Ecclesiam
968 2269 977 2282 ,

204 2294 232 2320 et
246 2294 346 2320 extra:
370 2293 441 2328 quia
460 2293 483 2320 si
502 2293 666 2329 dispensari
686 2295 807 2329 possent
827 2295 940 2320 tantum
961 2302 979 2321 a

204 2339 306 2374 bonis,
322 2340 421 2368 nullus
436 2342 509 2367 esset
521 2342 616 2367 certus
631 2339 667 2367 de
683 2339 867 2375 susceptione
884 2348 979 2368 sacra-

204 2387 309 2420 menti,
325 2395 393 2414 cum
407 2386 507 2414 nullus
521 2386 556 2413 sit
571 2388 666 2413 certus
681 2386 717 2413 de
732 2386 863 2414 bonitate
879 2387 978 2414 minis-

204 2433 239 2460 tri
251 2454 260 2466 ,
273 2433 346 2461 sicut
362 2441 416 2460 nec
432 2433 469 2460 de
482 2432 603 2469 propria
614 2453 623 2466 ‚
638 2434 666 2460 et
680 2441 796 2468 semper
810 2433 849 2460 ita
864 2435 979 2468 oporte-

204 2481 248 2507 ret
261 2479 356 2507 iterari
370 2500 378 2513 ,
393 2482 420 2506 et
434 2479 545 2506 malitia
557 2479 644 2506 unius
658 2479 862 2515 praejudicaret
877 2479 979 2508 alienae

205 2525 300 2553 saluti.
317 2525 424 2553 Idcirco
439 2527 690 2553 sacramentorum
706 2525 885 2561 dispensatio
901 2534 979 2554 com-

206 2571 326 2600 mittitur
339 2572 452 2600 homini
463 2579 524 2600 non
536 2571 649 2600 ratione
664 2573 834 2607 sanctitatis,
849 2581 916 2609 quae
929 2581 979 2601 va-

240 2670 274 2702 (a)
288 2671 347 2695 Coet.
362 2671 423 2696 edit.
438 2673 516 2697 enim.

1749 226 1808 256 ⁶205

1031 284 1131 320 riatur,
1143 285 1195 314 sed
1207 287 1320 316 ratione
1333 288 1513 316 auctoritatis
1523 288 1643 324 divinoe,
1657 297 1723 326 quae
1733 298 1809 319 sem-

1030 339 1084 368 per
1099 334 1215 368 manet,
1232 336 1375 370 quantum
1392 336 1435 362 est
1449 335 1486 363 de
1501 344 1541 363 se.

1067 378 1225 407 Sciendum
1245 382 1361 415 autem,
1383 381 1466 417 quod
1480 382 1511 409 in
1525 383 1714 411 sacramentis
1729 392 1808 420 quae-

1031 424 1102 453 dam
1122 428 1190 453 sunt
1213 427 1433 462 substantialia,
1459 429 1597 464 quaedam
1618 438 1690 459 vero
1711 439 1808 459 sacra-

1029 472 1178 500 mentalia.
1204 474 1351 507 Quantum
1374 474 1413 502 ad
1427 474 1640 511 substantialia,
1658 485 1719 505 non
1741 477 1809 513 plus

1030 518 1110 546 valet
1123 520 1256 555 operatio
1272 520 1344 548 honi
1360 521 1482 549 ministri
1496 542 1503 556 ,
1525 530 1616 558 quam
1631 523 1701 551 mali
1712 544 1722 558 ,
1738 525 1808 560 quia

1032 566 1106 592 Deus
1121 565 1162 593 ihi
1179 568 1317 602 operatur
1331 569 1363 594 ut
1381 570 1493 602 auctor,
1515 568 1606 597 homo
1622 578 1692 598 vero
1707 572 1739 598 ut
1753 571 1808 598 mi-

1031 611 1129 639 nister.
1156 612 1213 640 Sed
1237 613 1267 640 in
1290 614 1553 643 sacramentalibus
1565 637 1572 649 ‚
1596 617 1628 643 ut
1648 619 1715 644 sunt
1739 625 1807 645 ora-

1031 657 1145 694 tiones,
1163 659 1231 695 plus
1245 662 1342 696 potest
1354 661 1453 689 valere
1470 662 1603 698 operatio
1621 663 1692 691 boni
1708 664 1810 692 minis-

1031 705 1084 739 tri,
1108 713 1200 741 quam
1215 706 1285 734 mali
1301 716 1307 734 :
1332 707 1389 735 hoc
1409 710 1451 736 est
1471 711 1570 736 autem
1584 717 1638 746 per
1652 710 1808 747 accidens,

1031 759 1093 779 non
1109 760 1163 788 per
1178 760 1209 781 sc
1221 774 1229 788 ‚
1252 753 1284 781 id
1302 756 1362 789 est,
1386 757 1529 790 quantum
1544 756 1584 784 ad
1598 756 1673 785 alios
1691 757 1810 786 effectus

1031 798 1246 834 accidentales,
1262 808 1323 828 non
1339 803 1484 837 quantum
1499 802 1537 830 ad
1552 803 1729 832 essentiales.

1068 846 1208 878 Quamvis
1218 847 1300 882 apud
1309 847 1462 876 haereticos
1473 849 1530 877 sint
1537 853 1720 878 sacramenta
1727 859 1808 886 vera,

1032 899 1094 919 non
1117 893 1215 920 tamen
1239 894 1449 930 recipientibus
1473 899 1542 924 sunt
1563 897 1646 924 utilia
1656 918 1665 932 ,
1689 897 1745 925 nisi
1770 898 1809 925 ad

1033 940 1167 968 Ecclesiae
1181 941 1322 969 unitatem
1337 942 1468 970 redeant.
1490 943 1570 971 Unde
1588 944 1783 979 Augustinus¹
1801 955 1807 972 :

1037 995 1050 1011 «
1065 987 1201 1023 Ecclesia,
1218 990 1391 1024 comparata
1413 988 1564 1025 paradiso,
1580 990 1692 1018 indicat
1721 999 1809 1027 posse

1032 1034 1212 1070 Baptismum
1224 1035 1359 1063 homines
1373 1036 1446 1063 foris
1460 1037 1601 1073 recipere,
1618 1038 1671 1065 sed
1685 1038 1810 1066 salutem

1032 1089 1094 1108 non
1113 1083 1221 1110 tenere.
1245 1083 1317 1110 Nam
1336 1084 1364 1110 et
1385 1083 1510 1111 flumina
1525 1084 1562 1111 de
1578 1085 1709 1120 paradisi
1730 1085 1809 1113 fonte

1032 1127 1150 1163 largiter
1170 1131 1367 1157 manaverunt
1378 1139 1386 1165 3
1409 1138 1470 1158 non
1490 1131 1634 1158 tamenin
1648 1133 1810 1168 Mesopota-

1033 1174 1102 1209 mia,
1119 1182 1174 1202 nec
1189 1175 1219 1203 in
1234 1177 1370 1212 AEgypto,
1387 1185 1448 1212 quo
1462 1177 1513 1205 illa
1527 1178 1653 1206 flumina
1668 1186 1810 1214 pervene-

1032 1223 1120 1256 runt,
1141 1225 1183 1250 est
1200 1222 1322 1251 felicitas
1336 1223 1419 1258 vitea,
1437 1232 1503 1260 quae
1518 1225 1554 1252 de
1572 1226 1712 1261 paradiso
1727 1235 1809 1255 com-

1032 1271 1224 1297 memoratur.
1240 1279 1254 1295 »

1301 1355 1443 1389 CAPUT
1467 1355 1543 1390 VII.

1212 1433 1249 1458 De
1268 1433 1376 1467 triplici
1395 1435 1466 1460 statu
1484 1434 1628 1462 Fidelium.

1067 1503 1183 1539 Triplex
1202 1506 1244 1531 est
1263 1507 1352 1533 status
1370 1506 1504 1534 fidelium
1525 1508 1555 1534 in
1576 1509 1637 1536 acie
1659 1509 1811 1538 ecclesias-

1033 1548 1095 1576 ticae
1110 1550 1281 1578 hierarchiae
1292 1573 1299 1583 ,
1319 1552 1429 1580 scilicet
1446 1553 1516 1581 fidei
1534 1555 1638 1589 genitae
1649 1576 1658 1589 ,
1678 1556 1748 1584 fidei
1766 1565 1811 1584 ro-

1033 1595 1164 1630 horatae,
1186 1599 1213 1624 et
1231 1597 1302 1625 fidei
1326 1599 1534 1635 multiplicatae.
1561 1603 1613 1628 Per
1633 1602 1764 1638 primum
1779 1603 1811 1631 fit

1034 1641 1180 1670 distinctio
1201 1643 1336 1672 fidelium
1357 1646 1394 1673 ab
1414 1645 1574 1674 incredulis
1593 1648 1623 1675 in
1642 1649 1809 1685 Baptismo;

1032 1696 1086 1723 per
1100 1690 1265 1717 secundum
1278 1691 1310 1718 fit
1325 1691 1471 1720 distinctio
1486 1693 1607 1721 fortium
1621 1695 1659 1722 ab
1676 1695 1809 1731 infirmis,

1034 1737 1062 1762 et
1075 1735 1132 1763 hoe
1145 1736 1175 1763 in
1188 1736 1435 1774 Confirinatione3
1452 1747 1504 1775 per
1519 1741 1635 1768 tertium
1649 1741 1681 1769 fit
1696 1742 1812 1770 distinc-

1033 1782 1073 1809 tio
1089 1782 1264 1811 clericorum
1280 1792 1296 1811 a
1311 1784 1394 1812 laicis
1404 1807 1412 1820 ,
1428 1794 1481 1821 per
1496 1791 1713 1815 sacramentum
1727 1789 1811 1817 Ordi-

1032 1828 1088 1855 nis.
1105 1829 1175 1856 Hinc
1191 1832 1233 1857 est
1251 1830 1334 1866 quod
1348 1832 1409 1859 haec
1424 1833 1478 1860 tria
1495 1837 1679 1862 sacramenta
1693 1835 1810 1863 charac-

1034 1876 1109 1902 teres
1133 1876 1326 1912 imprimunt,
1358 1887 1410 1913 per
1434 1887 1510 1914 quos
1533 1880 1733 1909 indelebiliter
1756 1882 1810 1909 im-

1033 1929 1149 1956 pressos
1163 1931 1280 1959 semper
1293 1924 1529 1959 distinguuntur:
1546 1927 1626 1954 unde
1641 1928 1810 1955 nullatenus

1033 1968 1129 1996 iterari
1149 1973 1282 2005 possunt.
1304 1971 1458 2000 Character
1476 1981 1546 2008 ergo
1564 1974 1748 2010 baptismalis
1768 1976 1810 2002 in-

1034 2015 1204 2050 cipientium
1221 2020 1281 2052 est3
1299 2019 1535 2046 Confirmationis
1550 2028 1620 2048 vero
1632 2042 1640 2055 ,
1655 2022 1810 2056 proficien-

1033 2061 1126 2095 tium,·
1144 2063 1196 2090 sed
1212 2064 1344 2098 Ord1nis,
1359 2065 1566 2100 perfectorum.

1070 2109 1207 2136 Praedicta
1229 2110 1334 2145 triplex
1356 2111 1502 2139 distinctio
1525 2112 1557 2139 fit
1579 2113 1618 2140 ad
1642 2113 1810 2142 similitudi-

1033 2160 1102 2180 nem
1124 2154 1317 2183 distinctionis
1336 2157 1459 2192 alicujus
1480 2159 1634 2188 exercitus.
1657 2160 1753 2188 Prima
1767 2164 1810 2189 est

1034 2201 1210 2235 communis,
1226 2202 1334 2230 scilicet
1347 2204 1434 2230 totius
1450 2205 1593 2232 exercitus
1605 2206 1643 2233 ab
1656 2207 1715 2234 alio
1728 2216 1809 2236 exer-

1034 2246 1108 2281 citu,
1131 2249 1159 2274 et
1179 2248 1240 2276 haec
1262 2248 1294 2276 fit
1317 2249 1518 2286 principaliter
1540 2260 1594 2287 per
1617 2253 1807 2289 Baptismum.

1033 2293 1168 2321 Secunda
1182 2296 1224 2322 est
1238 2296 1373 2331 specialis
1383 2317 1392 2330 ,
1410 2297 1520 2324 scilicet
1533 2299 1660 2327 militum
1676 2309 1693 2328 a
1708 2309 1808 2337 popu-

1032 2339 1163 2375 laribus,
1194 2341 1254 2369 haec
1279 2344 1376 2370 autem
1404 2344 1437 2370 fit
1460 2352 1513 2379 per
1537 2346 1807 2376 Confirmationem.

1033 2388 1125 2415 Tertia
1148 2390 1190 2415 est
1213 2389 1441 2425 specialissima,
1467 2391 1575 2419 scilicet
1597 2393 1707 2420 ducum
1731 2395 1808 2422 mili—

1033 2435 1132 2461 tumve
1156 2434 1194 2461 ab
1217 2435 1366 2471 utrisque,
1390 2439 1418 2464 et
1435 2437 1496 2465 haec
1519 2438 1551 2465 fit
1569 2447 1622 2474 per
1643 2448 1808 2468 sacramen-

1033 2482 1096 2508 tum
1115 2481 1240 2509 Ordinis,
1262 2484 1418 2518 Praeterea,
1441 2485 1512 2519 quia
1531 2485 1680 2513 character
1695 2490 1736 2514 est
1751 2487 1807 2522 sig-

1033 2534 1106 2554 num
1122 2528 1320 2556 distinctivum
1339 2530 1487 2565 spirituale
1502 2533 1530 2558 et
1544 2531 1722 2567 indelebile,
1738 2533 1807 2562 ideo

1033 2581 1095 2601 non
1106 2574 1255 2602 confertur
1267 2575 1298 2603 in
1311 2577 1500 2604 sacramentis
1515 2586 1580 2614 quae
1591 2578 1686 2606 solent
1697 2579 1807 2615 iterari,

1067 2638 1196 2669 ¹Aug.,cle
1207 2639 1280 2670 Bapt.
1294 2642 1374 2665 contr.
1384 2641 1519 2672 Donatist„
1536 2641 1579 2666 lib.
1593 2642 1635 2673 lv,
1651 2650 1674 2668 c.
1690 2649 1709 2674 1,
1720 2645 1806 2675 paucis

1034 2675 1145 2698 mutatis.
