2004 3037
247 175 307 205 130

245 240 275 269 et
295 241 365 276 post
385 235 426 268 *de
445 239 563 269 actuali.
587 240 667 268 Licet
689 239 778 275 igitur
797 238 898 267 anima
910 245 973 266 non
986 236 1023 266 sit

222 320 225 322 ,
244 282 282 315 e'x
301 286 439 321 traduce,
460 288 560 314 tamen
581 285 735 323 originalis
755 285 845 322 culpa
858 285 897 313 ab
920 283 1022 313 anima

242 333 313 362 Adae
334 332 436 361 transit
458 333 498 361 ad
522 333 634 362 animas
653 335 858 370 posterorum,
871 331 1021 360 mediante

242 387 330 408 carne
347 387 402 415 per
416 380 687 416 concupiscentiam
703 382 842 416 generata
858 388 864 407 :
881 379 922 407 ita
936 377 1021 414 quod

239 426 315 455 sicut
329 426 367 454 ab
380 426 480 455 anima
500 429 641 463 peccante
655 426 764 455 infecta
776 426 832 454 fuit
845 433 915 454 caro
930 425 999 453 Adae
1009 446 1018 460 ,

240 474 269 501 et
291 480 388 509 prona
410 473 513 502 effecta
537 474 577 502 ad
605 473 762 502 libidinem
779 483 788 508 3
810 473 851 501 ita
874 472 1019 500 seminata

238 526 324 554 caro,
345 528 447 548 secum
471 521 590 549 trahens
611 521 821 555 infectionem,
845 519 928 548 vitiat
951 518 1017 546 ani·-

236 573 328 595 mam.
343 567 385 595 Ex
403 575 464 603 quo
484 569 564 604 patet
587 567 672 603 quod
693 568 850 604 peccatum
871 565 1016 601 originale

236 612 324 640 estin
338 621 444 648 carne,
465 615 494 642 et
515 614 547 642 in
565 614 667 642 anima
683 623 690 642 :
707 614 738 642 in
753 622 841 642 carne
864 615 907 641 est
928 614 1018 640 mate-

235 658 347 688 rialiter
362 662 390 688 et
404 660 588 696 originaliter
597 671 606 696 3
627 662 655 689 et
675 660 707 689 in
724 661 825 688 anima
839 659 1015 695 formaliter,

234 706 380 742 tanquam
393 707 424 734 in
441 707 586 743 subiecto.
603 707 672 736 Sola
687 707 767 736 enim
782 707 882 736 anima
897 708 940 735 est
952 715 1016 735 sus-

235 752 381 789 ceptibilis
399 753 513 782 virtutis
537 756 565 782 et
585 754 664 790 vitii,
680 756 708 782 et
729 756 828 782 tamen
843 755 850 790 (
865 754 939 782 sicut
953 753 1015 782 dic-

234 799 298 826 tum
313 800 363 834 est)
384 807 420 827 ex
445 800 654 836 conjunctione
677 801 716 829 ad
741 809 848 838 corpus
869 801 1016 830 contrahit

234 845 311 874 illud
322 846 437 882 vitium,
452 847 537 883 sieut,
555 848 677 884 quando
693 848 772 876 cadit
784 848 850 884 quis
861 848 891 875 in
904 848 1013 882 lutum,

231 893 360 922 foedatur
372 895 401 922 et
413 895 590 923 maculatur.
606 895 681 923 Talis
701 897 800 923 autem
816 895 933 923 infectio
949 895 1013 922 ani-

231 948 289 968 moe
309 948 372 969 non
391 941 507 969 tantum
528 943 571 970 est
590 950 697 978 poena,
723 941 777 970 sed
802 942 890 970 etiam
913 941 1010 977 culpa.

231 988 297 1024 Ipsa
318 995 390 1016 vero
415 988 517 1024 eulpa,
534 997 601 1025 quae
623 989 743 1017 macula
765 991 822 1024 est,
846 988 961 1016 deletur
982 988 1012 1015 in

231 1033 381 1071 baptismo
392 1044 400 1069 ;
414 1042 505 1070 poena
516 1037 629 1070 autem,
643 1043 709 1071 quae
724 1035 819 1063 fomes
835 1035 1012 1071 appellatur,

231 1080 294 1108 sive
316 1081 461 1118 peccandi
484 1077 632 1117 pronitas,
655 1083 790 1110 remanet
811 1085 878 1118 post
901 1082 1012 1118 baptis-

231 1135 326 1156 mum.
352 1127 428 1156 Licet
451 1128 531 1156 enim
554 1130 671 1156 curetur
697 1129 729 1156 in
752 1128 901 1165 baptismo
924 1128 1012 1165 culpa

231 1177 376 1211 quantum
399 1175 438 1204 ad
456 1178 570 1204 reatum
593 1175 794 1204 damnationis
816 1177 947 1210 acternfe,
967 1177 1010 1203 ta-

230 1230 300 1250 men
312 1225 447 1250 remanet
468 1222 533 1259 ipsa
551 1231 641 1259 poena
665 1225 810 1259 quantum
833 1223 871 1250 ad
892 1226 1009 1256 actum,

230 1270 258 1296 et
271 1271 387 1296 motum
402 1269 663 1305 concupiscentiae,
686 1278 754 1297 cum
771 1278 829 1306 qua
847 1278 901 1297 nos
917 1278 1008 1305 opor-

229 1316 283 1350 tet,
298 1315 434 1351 quandiu
449 1316 592 1351 vivimus,
608 1325 743 1353 pugnare
765 1327 772 1344 :
795 1317 868 1353 quia
883 1325 943 1344 non
959 1325 1009 1343 cx-

229 1361 371 1397 tinguitur
388 1363 628 1399 eoncupiscentia
651 1372 706 1400 per
728 1364 854 1399 gratiam
877 1371 1010 1391 commu-

228 1417 299 1438 nem
326 1410 357 1438 in
381 1410 483 1447 aliquo
505 1409 627 1439 liemine
653 1421 660 1440 ε
686 1412 769 1448 quod
794 1412 862 1439 dico
889 1414 1010 1448 propter

228 1455 348 1485 beatam
362 1457 483 1485 Mariam
499 1458 664 1493 Virginem,
681 1459 711 1486 in
728 1467 788 1494 qua
810 1459 864 1486 fuit
884 1459 1010 1486 extincta

227 1502 259 1531 in
284 1504 476 1540 conceptione
491 1505 553 1532 Filii
571 1506 578 1522 ¹
594 1513 646 1541 per
667 1506 791 1541 gratiam
815 1505 1008 1541 singularem.

228 1551 269 1578 Ex
291 1551 441 1586 praedictis
468 1553 548 1587 patet
576 1552 660 1588 quod
688 1560 816 1588 persona
845 1552 1011 1587 corrumpit

227 1599 380 1632 naturam,
398 1600 425 1626 et
440 1606 455 1626 e
472 1601 574 1626 contra
592 1601 698 1627 natura
719 1601 857 1635 corrupta
873 1607 1008 1626 corrum-

227 1643 270 1680 pit
284 1652 454 1681 personam.
471 1646 544 1673 Nam
566 1654 619 1682 pcr
634 1648 788 1682 peccatum
807 1646 895 1682 primi
916 1645 1011 1673 homi-

228 1690 273 1718 nis
296 1693 436 1727 corrupta
463 1694 505 1719 cst
527 1692 659 1720 humana
680 1695 803 1727 natura;
830 1693 882 1719 sed
904 1694 1010 1719 natura

228 1738 270 1765 sic
292 1740 432 1774 corrupta
453 1739 617 1775 corrumpit
638 1739 712 1767 alias
732 1747 884 1774 personas.
902 1740 1010 1766 Notau-

230 1784 302 1812 dum
318 1786 418 1812 autem
433 1785 516 1821 quod
532 1786 682 1822 corruptio
699 1794 833 1821 personae
849 1788 892 1813 cst
913 1788 1010 1813 reatus

229 1831 353 1866 mentis;
370 1832 520 1867 corruptio
537 1840 607 1859 vcro
628 1835 739 1860 uaturae
755 1835 797 1860 cst
812 1832 930 1860 infectio
949 1840 1011 1859 cur-

229 1878 275 1905 nis
286 1899 294 1912 ,
310 1880 399 1914 prout
414 1880 456 1906 est
470 1879 650 1915 principium
675 1879 714 1907 ad
733 1888 853 1907 carnem
875 1879 1008 1906 alteram.

231 1924 362 1961 Denique
377 1925 460 1953 nullo
476 1926 568 1953 modo
584 1926 673 1954 debet
689 1927 827 1962 imputari
850 1928 907 1954 Deo
924 1926 1012 1953 infec-

230 1971 271 1999 tio
286 1971 406 2007 animae,
418 1972 486 2000 licet
498 1981 564 2000 eam
580 1974 710 2001 creando
724 1973 878 2007 infundat,
892 1977 918 2000 ct
930 1973 1012 2000 uniat

231 2026 299 2046 cum
325 2027 413 2047 carne
435 2019 566 2047 infecta:
589 2021 734 2056 quoniam
756 2020 1011 2048 ordinatissimum

231 2065 300 2099 fuit,
315 2067 347 2093 ut
369 2066 501 2094 humana
524 2069 630 2095 natura
651 2067 691 2095 ita
712 2067 908 2102 conderetur,
928 2066 1011 2102 quod

232 2113 353 2142 condita
363 2116 588 2150 propagaretur,
602 2117 628 2142 ct
643 2123 697 2150 pro
708 2117 829 2150 peceato
846 2114 1009 2150 puniretur.

232 2160 313 2188 Unde
329 2161 402 2188 sicut
424 2161 454 2188 in
469 2161 641 2189 conditione
667 2164 799 2189 servatus
819 2163 860 2188 cst
876 2161 951 2188 ordo
968 2169 1012 2189 sa-

231 2207 369 2242 pientire,
384 2207 456 2234 etin
475 2208 691 2243 propagatione
713 2210 845 2235 servatus
869 2211 911 2235 cst
935 2208 1010 2235 ordo

232 2254 420 2288 naturae3sic
443 2254 473 2281 in
496 2254 650 2289 punitione
674 2255 783 2282 servari
809 2255 913 2281 debuit
936 2255 1010 2283 ordo

229 2300 357 2335 justitiae.
374 2302 406 2328 Et
420 2301 460 2328 ita.
475 2303 555 2337 patet
570 2301 654 2336 quod
669 2309 730 2328 non
753 2304 795 2328 cst
817 2304 918 2329 contra
934 2302 1011 2329 divi-

232 2355 304 2375 nam
316 2347 484 2383 aequitalem
495 2369 503 2381 ,
517 2347 539 2374 si
557 2347 595 2374 ad
615 2350 747 2383 posteros
763 2348 851 2383 culpa
868 2349 1011 2375 transulit-

233 2394 312 2422 titur.
335 2394 497 2422 Dicendum
522 2394 611 2429 igitur
633 2394 716 2429 quud
741 2394 894 2429 originalis
919 2395 1012 2430 culpte

233 2440 390 2469 transfusio
408 2461 417 2475 ,
438 2440 487 2468 vel
516 2440 715 2475 transmissio,
742 2448 803 2467 nou
828 2443 869 2468 cst
893 2450 911 2468 a
936 2443 1010 2477 ltro,

233 2495 289 2515 nec
303 2495 320 2516 a
334 2489 439 2516 natura
461 2487 595 2522 condita,
613 2487 665 2514 scd
681 2495 698 2514 a
712 2487 783 2514 vitio
804 2487 891 2523 primi
915 2487 1011 2515 homi-

232 2534 279 2562 nis
299 2535 478 2571 perpetrato.
503 2535 536 2562 Et
555 2533 612 2562 hoc
634 2535 692 2569 est,
709 2533 793 2570 quod
816 2534 856 2562 ait
878 2534 1013 2569 Augusti-

265 2598 273 2613 ¹
302 2597 360 2622 Vid.
389 2597 456 2623 dicta
480 2597 507 2622 in
529 2599 690 2622 antecessum
714 2597 767 2628 huj.
792 2597 853 2622 edit.
881 2598 943 2622 tom.
968 2598 1010 2628 lv,

234 2638 294 2663 pag.
309 2639 369 2658 xm.

575 169 835 206 GOMPENDIUM
854 168 1114 202 THEOLOGICAE'
1133 167 1355 202 VERITATIS.
1378 169 1454 202 LlB.
1477 171 1532 203 111.

1075 244 1132 266 nus
1138 257 1149 273 ,
1161 237 1245 274 quod
1260 247 1274 265 α
1287 239 1446 275 peccatum
1457 236 1602 274 originale
1613 231 1677 268 non
1686 239 1855 269 transmittit

1076 284 1116 312 ad
1129 285 1265 320 posteros
1277 284 1456 322 propagatio
1467 305 1477 320 ,
1493 283 1547 313 sed
1560 283 1668 314 libido.
1683 295 1698 312 ι
1713 285 1760 315 Sic
1774 286 1855 316 enim

1076 331 1214 360 conditus
1235 334 1278 360 est
1299 332 1413 367 homo,
1435 333 1468 360 ut
1489 331 1609 369 spiritus
1631 334 1770 369 praeesset
1791 341 1855 363 cor-

1075 378 1159 414 pori,
1176 379 1204 407 et
1217 387 1327 415 eorpus
1341 379 1475 407 subesset
1494 378 1626 416 spiritui,
1643 379 1778 416 quandiu
1795 380 1852 410 sci—

1075 423 1144 453 licet
1163 425 1215 453 ille
1231 425 1368 454 obediret
1391 434 1445 454 suo
1465 425 1638 462 Conditori;
1653 429 1682 455 et
1696 428 1817 462 contra,
1828 427 1854 455 si

1074 471 1194 507 spiritus
1218 479 1281 500 non
1307 472 1444 501 obediret
1464 474 1544 509 Deo,
1566 473 1645 508 justo
1669 473 1719 501 Dei
1738 472 1854 509 judicio

1075 525 1183 554 corpus
1197 518 1340 555 inciperet
1361 519 1508 548 rebellare
1531 519 1658 556 spiritui.
1679 519 1759 548 Sicut
1780 527 1853 556 ergo

1073 565 1098 593 si
1126 564 1221 594 Adam
1249 566 1390 601 stetisset,
1413 574 1521 603 corpus
1547 574 1635 595 suum
1662 566 1807 595 obediens
1826 566 1853 595 ei

1074 613 1164 647 esset,
1179 614 1207 640 et
1221 611 1279 641 tale
1302 612 1342 641 ad
1364 615 1500 649 posteros
1517 613 1742 649 transmitteret3
1758 613 1800 641 sic
1815 621 1853 642 ex

1073 665 1134 694 quo
1157 658 1253 686 Adam
1273 659 1422 696 peccavit,
1442 661 1471 688 et
1491 667 1561 688 caro
1580 659 1644 696 ejus
1660 660 1738 689 facta
1757 661 1801 688 est
1824 660 1852 688 ei

1071 704 1202 739 rebellis,
1218 707 1335 742 oportet
1353 706 1437 743 quod
1451 706 1541 734 talem
1555 706 1595 735 ad
1609 709 1745 743 posteros
1759 708 1851 735 traus-

1071 752 1184 787 mittat,
1199 754 1227 780 et
1247 753 1330 790 quod
1353 755 1428 782 Deus
1451 754 1616 782 secundum
1636 754 1851 783 institutionem

1071 798 1246 834 primariam
1271 799 1404 828 animam
1427 800 1546 836 corpori
1566 800 1712 829 infundat.
1733 803 1775 829 Ex
1789 809 1850 838 quo

1071 849 1150 882 patet
1165 847 1249 883 quod
1263 849 1348 884 pater
1363 850 1405 876 cst
1420 856 1510 876 eausa
1525 848 1678 884 originalis
1691 849 1805 885 peceati
1819 849 1852 877 in

1070 893 1133 921 filio
1145 902 1151 920 :
1163 894 1215 921 sed
1232 902 1353 922 causam
1365 894 1413 922 hic
1429 894 1577 931 intelligas
1587 894 1619 922 in
1632 902 1740 931 genere
1755 903 1851 924 causoe

1071 939 1234 968 efficientis.
1248 942 1355 969 Omnes
1370 949 1422 978 per
1435 941 1706 978 concupiscentiam
1719 942 1850 978 generati

1070 987 1220 1015 nascimur
1243 987 1296 1015 filii
1321 988 1370 1016 irae
1391 998 1397 1015 :
1419 990 1542 1024 propter
1565 988 1649 1025 quod
1671 988 1850 1016 incurrimus

1070 1033 1264 1070 multiplicem
1278 1034 1425 1062 defectum
1443 1037 1503 1063 tam
1520 1035 1668 1071 corporis,
1683 1044 1774 1072 quam
1789 1035 1850 1064 ani-

1069 1088 1140 1114 mae,
1161 1080 1200 1108 ad
1228 1089 1305 1117 quos
1330 1081 1520 1118 subsequitur
1547 1090 1638 1118 poena
1664 1082 1792 1118 mortis,
1821 1084 1850 1110 et

1068 1135 1158 1163 poena
1181 1128 1316 1156 earentize
1342 1128 1464 1156 visionis
1489 1129 1612 1164 divinae,
1629 1131 1657 1157 et
1681 1129 1848 1158 amissionis

1069 1174 1171 1209 gloriae
1187 1175 1325 1210 coelestis,
1347 1183 1408 1203 non
1431 1175 1530 1203 solum
1551 1175 1582 1204 in
1603 1175 1727 1211 adultis,
1742 1184 1848 1204 verum

1069 1221 1158 1249 ctiam
1174 1222 1204 1249 in
1220 1222 1352 1258 parvulis
1366 1230 1427 1250 non
1443 1222 1608 1258 baptizatis,
1623 1222 1675 1259 qui
1690 1230 1780 1259 poena
1793 1223 1848 1251 mi·

1068 1269 1179 1296 tissima
1195 1269 1270 1297 inter
1285 1271 1404 1297 caeteros
1420 1269 1601 1305 puniuntur,
1617 1269 1686 1306 quia
1703 1269 1739 1305 (a)
1755 1269 1848 1298 solam

1068 1323 1188 1351 poenam
1203 1316 1304 1343 damni
1319 1316 1430 1344 habent
1444 1317 1505 1344 sine
1518 1324 1607 1352 poena
1621 1324 1733 1344 sensuS.

1105 1363 1252 1398 originale
1281 1367 1436 1399 peccatum
1461 1363 1502 1391 sic
1528 1363 1644 1392 lavatur
1671 1366 1699 1391 et
1727 1365 1847 1392 curatur

1068 1417 1122 1445 per
1143 1409 1324 1446 baptismum
1346 1410 1376 1437 in
1397 1413 1534 1446 parente,
1550 1410 1634 1447 quod
1653 1410 1847 1440 nihilominus

1068 1456 1106 1483 ab
1124 1464 1176 1488 co,
1192 1456 1243 1492 qui
1266 1459 1384 1484 curatus
1400 1459 1442 1485 cst
1457 1460 1484 1485 οἱ
1498 1448 1628 1491 lava-tus,
1643 1457 1847 1485 transmittitur

1068 1502 1098 1530 in
1120 1502 1254 1538 prolem,
1276 1503 1351 1531 sicut
1374 1503 1528 1538 videmus,
1550 1503 1634 1540 quod
1658 1504 1846 1532 circumcisus

1068 1551 1189 1584 generat
1208 1550 1305 1577 tilium
1329 1558 1396 1578 cum
1419 1550 1581 1586 praeputio,
1597 1553 1625 1578 et
1644 1559 1771 1586 granum
1791 1559 1847 1578 nu-

1069 1595 1141 1623 dum
1157 1596 1335 1624 seminatum
1357 1599 1479 1631 generat
1498 1605 1624 1632 granum
1647 1605 1715 1624 cum
1733 1597 1822 1633 palea
1838 1606 1844 1625 :

1069 1645 1097 1670 ct
1119 1643 1181 1670 haec
1205 1646 1246 1670 est
1269 1643 1360 1677 ratio,
1377 1643 1447 1679 quia
1470 1644 1562 1671 horno
1586 1646 1707 1679 generat
1730 1642 1846 1679 filium,

1068 1697 1129 1717 non
1144 1690 1308 1717 secundum
1324 1690 1407 1725 quod
1423 1692 1541 1718 curatus
1555 1693 1597 1718 est
1611 1691 1641 1718 in
1659 1692 1778 1725 mente,
1793 1689 1846 1718 sed

1068 1736 1233 1763 secundum
1258 1737 1341 1772 quod
1365 1739 1521 1773 corruptus
1541 1740 1583 1766 cst
1603 1737 1634 1765 in
1657 1744 1761 1772 earnc;
1784 1744 1846 1765 non

1068 1783 1230 1810 secundum
1245 1783 1328 1819 quod
1338 1784 1509 1819 spiritualis,
1520 1784 1573 1812 sed
1585 1784 1750 1812 secundum
1762 1783 1845 1820 quod

1068 1830 1203 1857 carnalis

1314 1912 1338 1944 C
1349 1912 1377 1944 A
1389 1912 1414 1944 P
1426 1912 1454 1945 U
1466 1912 1492 1945 T
1527 1912 1540 1945 Ι
1550 1912 1592 1945 Χ.

1154 1991 1192 2017 De
1208 1993 1317 2026 peccato
1338 1992 1470 2025 originali
1488 1991 1631 2019 secundum
1650 1999 1753 2019 nomen.

1104 2065 1252 2100 originale
1272 2069 1426 2103 peccatum
1440 2067 1530 2095 habet
1549 2067 1642 2095 multa
1656 2066 1798 2102 nomina,
1818 2069 1846 2096 et

1068 2111 1125 2139 hoc
1141 2112 1297 2149 multiplici
1313 2113 1349 2141 de
1363 2122 1461 2142 causa.
1476 2114 1643 2142 Secundum
1663 2114 1742 2142 enim
1761 2113 1845 2149 quod

1070 2159 1214 2194 originale
1238 2163 1391 2195 peecatum
1415 2163 1604 2197 comparatur
1628 2161 1665 2188 ad
1690 2160 1843 2195 animam,

1068 2210 1191 2234 vocatur
1212 2209 1372 2241 iufirmitas,
1388 2208 1458 2243 quia
1480 2207 1577 2235 reddit
1599 2207 1730 2235 animam
1750 2207 1846 2243 impe·

1068 2255 1218 2288 potentem
1233 2252 1272 2279 ad
1287 2252 1481 2279 resistendum
1505 2252 1644 2280 motibus.
1668 2254 1739 2280 ltcm
1762 2253 1844 2287 foedt'-

1070 2303 1128 2331 tus,
1145 2299 1216 2334 quia
1231 2307 1284 2334 per
1301 2299 1399 2334 ipsum
1414 2299 1514 2326 anima
1532 2299 1661 2327 soedatur
1676 2302 1703 2327 ct
1717 2299 1846 2327 macula-

1070 2348 1124 2372 tur.
1142 2347 1213 2373 ltcm
1226 2347 1369 2380 pronitus,
1384 2347 1506 2382 propter
1527 2346 1698 2374 continuam
1721 2346 1845 2374 inclina-

1068 2393 1180 2420 tloncm
1206 2392 1351 2428 appc'itus
1382 2392 1421 2419 ad
1449 2393 1573 2421 malum.
1600 2395 1670 2421 ltem
1693 2395 1843 2428 corruptio,

1069 2441 1139 2476 quia
1159 2440 1239 2467 ducit
1260 2440 1299 2468 ad
1324 2440 1470 2475 nihilum,
1486 2441 1518 2468 id
1541 2442 1599 2475 est,
1616 2440 1655 2468 ad
1679 2442 1842 2475 peccatum.

1069 2488 1138 2515 ltcm
1153 2489 1266 2521 vilium,
1282 2487 1353 2522 quia
1376 2489 1418 2515 cst
1433 2487 1590 2515 diminutio
1616 2486 1767 2514 bonorum
1791 2494 1844 2515 na-

1069 2533 1216 2562 turalium.
1232 2536 1302 2562 ltem
1327 2535 1440 2569 lanquor
1462 2537 1585 2569 naturoe,
1608 2533 1679 2569 quia
1702 2533 1790 2562 durat
1814 2533 1845 2562 in

1104 2635 1134 2664 (a)
1149 2634 1209 2658 Caet.
1225 2634 1276 2658 edit
1301 2635 1353 2665 qui.
