2004 3037
130 200 186 230 118

163 266 265 294 Pectus
278 264 363 301 quod
378 262 480 291 multis
495 261 636 290 carnibus
650 262 694 290 est
715 261 902 297 congestum,

126 310 271 340 indociles
293 312 322 338 et
341 310 462 345 ignaros
475 308 596 336 indicat.
617 309 718 336 Pectus
733 307 818 344 quod
836 307 904 336 lon-

126 357 191 393 gius
205 358 248 385 est
261 365 353 393 quam
363 356 477 390 venter,
497 354 676 391 prudentem
693 353 815 382 indicat.
835 355 904 382 Pee-

125 404 209 433 tussi
229 412 297 432 cum
318 405 421 432 ventre
445 402 596 430 nimietate
619 401 752 438 pilorum
776 402 902 437 tegatur,

126 450 272 486 significat
283 450 438 478 hominem
450 448 621 477 instabilem
632 469 641 483 ,
653 450 681 476 et
695 448 830 476 animum
841 447 904 476 sine

126 497 269 532 religione
284 504 318 524 ac
331 496 450 533 pietate.
473 496 548 523 Cum
570 497 670 523 autem
689 495 788 522 solum
802 495 904 530 pectus

127 543 251 580 capillos
265 542 400 580 praefert,
416 541 586 570 animosum
601 541 746 577 designat.

160 591 280 620 Humeri
293 593 408 626 tenues,
419 592 447 619 et
457 590 510 627 qui
523 590 555 618 in
569 589 707 618 acumine
721 589 808 618 erecti
823 592 902 624 sunt,

124 638 300 666 insidiosum
316 638 448 666 indicant
461 637 627 666 hominem.

159 684 281 713 Brachia
304 684 426 721 quando
449 684 481 712 in
502 686 584 713 tanta
609 683 777 720 prolixitate
803 685 903 712 exten-

123 731 245 766 duntur,
259 733 292 759 ut
306 733 403 760 erecto
422 738 548 767 corpore
563 731 734 759 extremitas
747 730 839 758 medii
860 730 904 758 di-

122 778 173 814 giti
188 778 410 815 appropinquet
423 777 462 805 ad
487 786 565 813 genu
579 799 587 812 ,
613 777 681 805 licet
698 777 773 805 forte
788 785 807 804 a
820 785 903 804 men-

122 832 193 852 sura
217 828 346 860 quatuor
372 824 535 860 digitorum
564 823 702 857 deficiat,
730 823 904 859 hujusmodi

121 870 237 898 habiles
256 871 393 899 homines
413 873 441 899 et
462 871 552 899 fortes
575 871 691 906 dicunt3
713 878 782 898 cum
805 872 903 897 autem

121 916 275 952 prolixitas
290 918 352 945 haee
367 917 407 945 ad
421 917 517 945 femur
532 917 657 952 desinit,
672 917 718 945 vel
733 924 841 952 parum
857 915 902 944 ul-

122 965 181 998 tra,
197 963 329 991 declarat
341 964 477 992 homines
491 963 656 992 malevolos
667 985 676 998 ,
693 965 720 991 et
734 962 820 990 malis
834 962 902 990 alie-

122 1009 168 1037 nis
184 1010 357 1046 gaudentes.

156 1057 256 1084 Manus
271 1056 397 1085 nimium
416 1056 522 1085 breves
540 1056 567 1084 'ct
588 1056 717 1091 exiguae,
738 1055 828 1083 fortes
851 1055 903 1083 de-

120 1103 237 1139 signant
259 1105 287 1131 et
306 1111 437 1139 sagaces.
457 1106 568 1132 Crassae
596 1111 722 1137 manus,
745 1103 769 1130 si
794 1102 904 1137 digitos

121 1150 227 1178 breves
250 1149 327 1178 ultra
355 1150 480 1178 modum
504 1150 652 1183 habeant,
673 1150 901 1185 tergiversorem

121 1196 287 1231 declarant,
304 1197 479 1225 insidiosum
494 1199 521 1225 et
538 1196 645 1224 furem.
666 1198 766 1224 Manus
788 1196 903 1223 intortae

121 1245 149 1271 et
164 1245 266 1271 tenues
280 1243 606 1280 loquaces-significant
621 1246 648 1271 et
663 1251 794 1270 voraces,

157 1291 273 1326 Ungues
288 1290 348 1318 albi
361 1311 369 1325 ,
384 1290 484 1327 plani,
499 1293 527 1318 et
541 1290 665 1324 molles,
683 1298 716 1317 ac
733 1292 851 1323 tenues,
869 1297 903 1317 ae

122 1337 261 1366 rubentes
272 1358 281 1371 ‚
306 1339 334 1365 et
359 1337 435 1365 bene
462 1336 622 1373 perlucidi,
652 1336 799 1372 optimum
824 1336 904 1371 inge-

124 1384 207 1411 nium
221 1383 360 1411 indieant.
377 1385 491 1419 Ungues
508 1382 607 1411 inilexi
619 1403 627 1416 ,
650 1385 677 1411 et
692 1383 789 1417 curvi,
807 1383 903 1418 impu—

125 1429 227 1458 dentes
241 1430 387 1465 indicant,
411 1432 438 1458 et
452 1438 582 1466 rapaces,
606 1431 721 1465 Ungues
740 1429 846 1457 breves
860 1429 904 1456 ni-

126 1477 234 1511 mium,
251 1477 404 1505 declarant
419 1477 596 1512 malignum.

162 1523 245 1559 Digiti
261 1523 375 1551 collecti
400 1526 427 1552 ct
445 1524 557 1559 globati
583 1532 707 1552 avarum
736 1523 852 1557 dicunt,
877 1525 904 1551 et

127 1570 302 1606 malignum.
320 1571 404 1605 Digiti
424 1571 507 1606 parvi
529 1573 556 1598 et
581 1573 681 1598 tenues
706 1571 828 1598 stultum
851 1569 903 1597 de-

126 1619 298 1644 monstrant.
318 1617 399 1651 Digiti
417 1625 487 1645 vero
509 1617 592 1652 parvi
609 1620 637 1644 et
651 1617 744 1652 grossi
767 1617 902 1644 invidum

127 1663 257 1690 indicant
272 1666 299 1690 et
313 1664 468 1691 audacem.

162 1711 263 1737 Latera
273 1710 371 1737 tenuia
383 1712 410 1737 et
421 1713 545 1745 angusta
560 1710 746 1738 timiditatem
759 1710 901 1737 indicant.

126 1758 227 1784 Latera
241 1756 347 1784 referta
367 1757 505 1784 carnibus
525 1759 551 1784 et
573 1757 648 1784 dura
670 1757 827 1784 ostendunt
849 1757 902 1784 ho-

126 1803 236 1831 minem
259 1803 421 1831 indocilem
438 1812 443 1830 :
461 1803 521 1830 haec
548 1803 627 1830 enim
643 1803 681 1830 ad
697 1811 784 1830 ranas
801 1811 903 1831 secun-

127 1849 199 1877 dum
213 1850 366 1877 Platonem
380 1850 555 1878 referuntur.

163 1897 231 1924 Pars
247 1896 340 1923 cruris
354 1904 421 1932 quin
435 1896 491 1924 sub
516 1904 594 1931 genu
614 1898 675 1928 est,
696 1903 762 1931 quie
782 1898 904 1923 vocatur

127 1950 212 1977 sura,
229 1942 351 1978 quando
372 1942 461 1978 plena
481 1944 538 1976 est,
555 1943 582 1969 et
597 1942 680 1978 quasi
703 1942 842 1977 gravida,
861 1943 904 1969 in-

128 1991 321 2024 temperatum
341 1989 494 2017 homiuem
517 1989 663 2024 signifieat
687 1991 714 2016 et
732 1988 903 2023 impruden-

129 2038 185 2063 tem
199 2045 207 2070 3
224 2036 329 2063 molles
344 2044 418 2063 surae
433 2035 606 2063 effeminatis
622 2035 819 2070 assignantur.

161 2082 252 2109 Pedes
267 2082 356 2110 crassi
372 2084 400 2109 et
414 2082 519 2109 breves
536 2082 623 2109 valde
639 2082 791 2109 infirmum
805 2082 902 2109 homi-

126 2136 193 2156 nem
203 2128 342 2156 indicant.
355 2129 444 2156 Pedes
453 2129 577 2157 nimium
586 2128 694 2164 prolixi
703 2129 742 2156 ad
750 2129 903 2156 hominem

126 2174 266 2202 dolosum
280 2175 456 2202 reseruntur.
477 2175 567 2203 Pedes
586 2178 740 2211 pertenues
757 2178 784 2202 et
798 2176 903 2202 breves

125 2221 256 2256 produnt
271 2221 423 2249 hominem
438 2222 614 2257 malignum.
631 2222 683 2254 Qui
700 2222 796 2256 longis
810 2222 902 2257 passi-

125 2267 181 2294 bus
196 2267 355 2301 incedunt,
370 2268 554 2303 magnanimi
570 2276 632 2295 esse
648 2267 743 2295 solent
767 2270 794 2295 et
808 2268 903 2295 effica-

125 2322 182 2342 ces,
200 2314 253 2348 Qui
269 2314 401 2342 celeriter
417 2314 584 2342 incedendo
607 2322 636 2341 se
661 2314 849 2350 comprimit,
875 2317 903 2342 et

125 2363 239 2390 vultum
253 2363 388 2398 deducit,
411 2365 498 2399 atque
519 2365 612 2391 totum
633 2371 740 2398 corpus
754 2363 902 2398 implicat,

126 2409 270 2444 significat
293 2410 444 2445 timidum,
466 2418 590 2445 parcum
611 2412 637 2437 et
663 2412 822 2437 versutum.
848 2410 901 2442 Qui

127 2456 231 2484 breves
246 2464 349 2492 passus
364 2457 452 2485 habet
465 2478 473 2491 ,
489 2456 650 2492 eundoque
663 2456 822 2490 accelerat,
839 2464 902 2483 ma—

126 2502 223 2537 lignus
238 2511 299 2531 esse
315 2503 422 2531 dieitur
437 2505 524 2539 atque
539 2503 706 2530 imbecillis,

163 2548 249 2577 Color
267 2550 339 2577 cutis
354 2550 437 2585 niger
452 2551 603 2578 versutum
618 2549 738 2577 indicat.
756 2549 844 2577 Color
862 2549 902 2576 al-

128 2594 182 2622 bus
210 2595 378 2632 rubeusque
406 2597 494 2625 sortes
523 2596 733 2631 auimososque
762 2595 900 2624 ostendit.

127 2641 213 2668 Color
229 2642 416 2670 vehementer
432 2643 517 2671 albus
533 2651 600 2671 cum
615 2642 739 2678 pallore,
754 2642 901 2670 defectum

456 193 715 228 COMPENDIUM
736 193 997 226 THEOLOGIGAE
1017 193 1240 227 VERITATIS.
1265 193 1340 225 ΗΒ.
1364 192 1404 224 ΙΙ.

960 260 1076 290 virtutis
1089 260 1236 297 signifieat
1249 268 1290 289 exv
1298 260 1392 290 nimia
1405 260 1530 289 victoria
1549 260 1738 297 phlegmatis.

960 307 1049 336 Color
1060 307 1170 343 ignitus
1180 307 1349 336 lucentibus
1361 307 1456 335 oeulis
1465 306 1505 335 ad
1516 307 1665 336 insaniam
1673 315 1741 336 ver-

960 354 1012 390 git.
1031 354 1120 382 Color
1140 354 1258 383 medius
1277 354 1354 382 inter
1367 353 1487 389 nigrum
1501 355 1530 381 et
1549 353 1654 382 album
1662 354 1740 391 ‚iqui

961 400 1090 430 declinat
1102 401 1133 428 in
1147 401 1296 436 brunum,
1310 400 1335 428 si
1349 400 1446 428 clarus
1469 401 1531 435 est,
1556 399 1684 428 ostendit
1697 401 1740 429 vi—

959 455 1027 476 rum
1039 447 1114 476 honi
1127 447 1240 483 ingenii
1251 467 1261 482 ,
1277 448 1306 475 et
1318 446 1469 474 bonorum
1483 454 1613 475 morum.

1223 540 1366 574 CAPUT
1389 540 1472 574 LIX.

1066 613 1104 640 De
1118 612 1226 647 Requlis
1238 611 1405 647 generalibus
1425 611 1629 647 Physionomioe.

993 680 1172 709 Generaliter
1181 688 1254 716 ergo
1267 679 1428 709 tenendum
1442 682 1495 716 est,
1508 681 1592 717 quod
1601 681 1739 710 membra

959 735 1026 763 quae
1044 726 1076 755 in
1094 726 1288 763 proportione
1306 728 1374 754 sunt
1394 727 1522 755 naturali
1541 727 1644 763 quoad
1663 727 1739 763 figu-

958 781 1034 808 ram,
1050 773 1198 807 colorem,
1219 773 1430 809 quantitatem,
1445 774 1550 808 situm,
1565 776 1594 802 et
1606 776 1738 809 motum,

959 821 1089 849 indicant
1097 821 1204 849 mentis
1215 821 1330 849 honam
1342 821 1551 849 habitudinem
1561 822 1738 850 naturalem.

957 867 1089 896 Membra
1110 874 1183 895 vero
1206 874 1273 903 quae
1297 874 1360 895 non
1379 866 1491 895 habent
1514 868 1740 904 proportionem

959 913 1091 943 debitam
1112 914 1142 941 in
1164 913 1276 949 figura,
1301 913 1477 950 quantitate,
1504 913 1562 942 situ
1586 916 1614 942 et
1638 915 1739 949 motu,

958 967 1129 997 perversam
1149 961 1279 988 mentem
1299 959 1440 988 indicant.
1462 962 1602 989 Praeterea
1622 960 1740 990 dicebat

958 1007 1058 1042 Plato,
1074 1006 1158 1043 quod
1171 1014 1370 1043 quoecumque
1384 1006 1548 1035 similitudo
1564 1007 1738 1036 animalium

959 1053 1130 1090 aliquorum
1160 1053 1191 1081 in
1215 1052 1391 1081 hominibus
1417 1055 1474 1088 est,
1503 1053 1577 1082 tales
1603 1053 1740 1082 homines

960 1101 1048 1129 ctiam
1074 1100 1225 1129 imitantur
1247 1100 1352 1129 talium
1370 1108 1482 1129 mores.
1499 1101 1668 1129 Notandum
1691 1102 1737 1129 in-

959 1155 1057 1183 super,
1074 1147 1157 1183 quod
1174 1146 1242 1175 licet
1255 1155 1309 1184 per
1326 1147 1413 1183 signa
1426 1147 1630 1176 membrorum
1651 1149 1736 1176 natu-

958 1193 1066 1222 ralium
1081 1201 1180 1222 mores
1195 1194 1353 1222 hominum
1367 1197 1596 1230 cognoscantur,
1612 1201 1674 1222 non
1692 1196 1736 1222 ta-

959 1248 1027 1268 men
1042 1241 1199 1276 imponunt
1217 1241 1434 1275 necessitatem,
1448 1241 1501 1268 sed
1520 1240 1680 1269 ostendunt
1693 1241 1738 1269 in-

960 1287 1149 1315 clinationem
1183 1290 1307 1322 naturae3
1337 1295 1392 1315 nec
1422 1295 1539 1323 semper
1565 1287 1739 1316 denuntiant

959 1333 1081 1362 affectus
1097 1333 1270 1367 hominum,
1292 1333 1345 1362 sed
1364 1333 1534 1370 frequenter
1552 1336 1578 1361 et
1597 1334 1739 1370 probabi-

959 1379 1033 1408 liter.
1055 1381 1126 1408 ltem
1147 1382 1268 1416 propter
1294 1380 1379 1415 signa
1401 1381 1547 1417 exteriora
1570 1380 1608 1408 de
1629 1381 1739 1417 quibus

960 1426 1071 1454 dietum
1093 1428 1145 1461 est,
1170 1434 1231 1454 non
1257 1427 1354 1454 statim
1372 1427 1586 1463 proferendum
1606 1429 1648 1455 est
1660 1427 1739 1462 judi-

960 1474 1059 1502 cium:
1083 1474 1154 1510 quia
1176 1474 1250 1502 sorte
1270 1474 1389 1509 signum
1404 1476 1446 1502 est
1466 1482 1520 1510 per
1538 1474 1689 1510 accidens,
1712 1477 1740 1503 et

960 1528 1021 1549 non
1035 1528 1088 1556 per
1107 1522 1262 1548 naturam:
1281 1524 1309 1548 et
1327 1521 1400 1549 forte
1418 1521 1526 1549 vietum
1542 1524 1584 1550 est
1598 1530 1650 1557 per
1665 1529 1736 1550 con—

960 1568 1080 1596 trariam
1099 1568 1359 1603 consuetudinem,
1375 1571 1403 1597 et
1421 1569 1504 1596 freno
1526 1569 1647 1596 rationis
1661 1570 1737 1596 tene-

960 1617 1016 1642 tur.
1039 1615 1118 1642 Linde
1143 1617 1243 1643 narrat
1268 1615 1432 1643 Aristoteles
1449 1616 1469 1649 ¹,
1493 1615 1576 1651 quod
1600 1615 1737 1651 discipuli

961 1661 1143 1698 Hippocratis
1181 1662 1350 1690 detulerunt
1382 1662 1545 1690 Philemoni
1583 1662 1737 1690 excellenti

960 1708 1158 1744 physionomo
1172 1709 1281 1744 pictam
1298 1709 1459 1745 imaginem
1475 1709 1656 1745 Hippocratis
1662 1719 1670 1744 3
1686 1708 1737 1745 qui

960 1755 1163 1790 pronuntiavit
1177 1755 1213 1783 de
1226 1756 1301 1792 ipso,
1314 1756 1394 1792 quod
1409 1758 1484 1784 esset
1498 1756 1543 1784 vir
1557 1755 1734 1783 luxuriosus.

961 1801 1019 1828 lllis
1034 1804 1131 1829 autem
1147 1802 1385 1837 indignantibus,
1401 1804 1429 1830 et
1444 1802 1631 1838 culpantibus
1645 1801 1738 1829 Phile-

961 1856 1092 1882 monem,
1105 1849 1188 1884 quod
1203 1849 1239 1877 de
1255 1849 1368 1885 optimo
1382 1849 1447 1876 viro
1461 1848 1556 1876 taliter
1566 1848 1736 1883 judicasset,

960 1895 1123 1924 retulerunt
1135 1894 1192 1923 hoc
1206 1895 1390 1932 Hippocrati:
1403 1895 1454 1931 qui
1463 1895 1613 1923 confessus
1623 1897 1665 1922 cst
1677 1894 1739 1922 Phi-

961 1941 1110 1969 lemonem
1125 1941 1181 1969 hoc
1192 1944 1268 1970 recte
1281 1942 1441 1977 judicasse,
1452 1941 1505 1969 sed
1517 1950 1553 1969 ex
1564 1949 1665 1969 amore
1676 1941 1739 1977 phi-

960 1988 1104 2023 losophioe
1120 1990 1148 2016 et
1166 1988 1325 2017 honestatis
1339 1988 1419 2024 ,dixit
1437 1996 1467 2016 se
1487 1987 1739 2024 concupiscentias

961 2034 1059 2062 cordis
1078 2035 1122 2062 sui
1143 2035 1264 2070 vicisse,
1292 2037 1320 2063 et
1342 2035 1489 2071 accepisse
1512 2043 1566 2071 per
1591 2034 1738 2068 studium,

961 2081 1044 2117 quod
1059 2084 1169 2110 naturae
1187 2082 1283 2110 fuerat
1296 2082 1485 2116 denegatum.
1502 2082 1630 2117 Denique
1645 2081 1739 2108 scien—

961 2127 1035 2156 dum
1058 2128 1199 2165 estquod
1222 2129 1308 2163 signa
1331 2129 1477 2156 exteriora
1496 2136 1556 2155 non
1575 2127 1739 2155 reseruntur

961 2175 1016 2203 nisi
1040 2175 1079 2203 ad
1100 2183 1150 2203 eas
1172 2176 1341 2210 passiones,
1365 2182 1431 2210 quae
1452 2174 1622 2202 naturaliter
1641 2174 1739 2201 insunt

960 2222 1089 2256 homini,
1106 2222 1180 2249 sicut
1194 2224 1235 2249 est
1250 2221 1309 2254 ira,
1327 2220 1578 2256 concupiscentia,
1597 2222 1625 2248 et
1639 2220 1739 2255 llujtis-

960 2268 1059 2302 modi;
1075 2275 1135 2295 non
1150 2270 1250 2295 autem
1267 2267 1307 2295 ad
1322 2275 1387 2301 eas,
1406 2275 1472 2303 quie
1489 2270 1558 2295 sunt
1572 2267 1678 2295 animae
1694 2274 1738 2294 so-

960 2315 1032 2349 lius,
1056 2314 1130 2342 sicut
1150 2316 1191 2341 est
1216 2314 1342 2347 musica,
1364 2313 1542 2348 geometria,
1566 2316 1591 2341 et
1618 2313 1735 2342 similia.

961 2362 1118 2390 Sciendum
1134 2368 1269 2396 quoque,
1286 2360 1369 2396 quod
1383 2360 1413 2388 in
1428 2360 1522 2388 oculis
1537 2361 1738 2396 principaliter

961 2408 1091 2437 consistit
1113 2406 1209 2436 omnis
1232 2406 1373 2442 perfectio
1391 2407 1626 2443 physionomiae:
1651 2409 1678 2434 et
1696 2407 1737 2435 sic

960 2455 1118 2483 oculorum
1131 2453 1274 2480 indicium
1288 2453 1444 2481 confirmat
1458 2455 1629 2481 caeterorum
1644 2461 1736 2481 mem-

960 2503 1084 2530 brorum
1098 2500 1252 2528 indicium.
1269 2500 1297 2528 Si
1312 2502 1411 2528 autem
1425 2500 1649 2534 contrariantur,
1666 2503 1735 2528 tunc

959 2548 1120 2585 praevalent
1128 2546 1238 2575 indicia
1251 2546 1407 2575 oculorum
1422 2558 1426 2573 z
1444 2548 1565 2583 propter
1575 2547 1658 2583 quod
1674 2555 1736 2575 om—

992 2612 996 2624 ·
1014 2611 1117 2635 Factum
1132 2609 1181 2633 hoc
1195 2609 1226 2633 de
1241 2610 1341 2641 Zopyro
1358 2610 1587 2641 physiognomone,
1603 2612 1625 2633 et
1642 2610 1672 2633 de
1689 2610 1732 2634 So*

960 2648 1028 2670 crate
1042 2648 1129 2671 narrat
1143 2645 1242 2675 Cicero,
1254 2645 1299 2670 lib.
1315 2646 1345 2669 ‹le
1360 2646 1431 2669 Fato.
