2004 3037
78 1247 157 1268 Anima

58 1284 150 1306 quomo-

51 1312 79 1332 do
90 1318 113 1333 se
123 1312 159 1333 de-

50 1342 101 1365 beat
116 1344 157 1364 hu-

50 1375 143 1396 miliare.

759 185 844 218 (IAP.
872 185 894 217 1.
920 184 1143 218 l'ARTlCULA
1167 185 1204 216 11.
1773 190 1791 218 5

175 255 294 290 rificavit
308 261 355 288 se,
376 254 405 282 'et
426 255 457 281 in
479 253 584 281 deliciis
601 254 677 287 fuit,
702 255 808 281 tantum
829 253 892 281 date
909 254 954 281 illi

176 301 334 328 tormentum
349 303 374 328 et
389 301 491 328 luctum
502 309 511 326 :
527 301 560 327 ut
572 299 737 328 secundum
752 301 846 328 artem
861 299 953 328 medi-

175 346 248 375 cinoe
258 367 267 380 ‚
281 354 335 382 per
350 346 410 374 duo
425 345 574 374 contraria
585 367 593 381 ‚
611 345 721 374 scilicet
733 354 786 382 per
799 346 951 374 humilita-

174 394 234 421 tem
253 394 356 421 contra
369 391 525 428 pristinum
546 393 767 429 contemptum,
789 401 843 429 per
865 392 952 420 dolo-

173 447 237 468 rem
247 439 284 467 de
293 439 421 475 peccatis
435 441 538 467 contra
547 439 702 475 pristinam
712 439 950 475 delectationem,

174 485 259 522 quasi
273 493 398 514 nascens
412 485 511 514 denuo
522 506 530 520 ,
548 485 609 521 illi,
631 486 684 523 qui
699 488 742 514 est
755 494 873 514 summa
888 494 950 514 ma-

170 533 260 568 jestas
275 534 303 560 et
316 531 489 560 indeficiens
502 532 639 568 bonitas,
655 541 708 569 per
722 533 871 561 unitivum
886 533 953 569 glu-

173 580 268 609 tinum
289 580 485 608 ardentissimi
507 581 616 608 amoris
634 581 764 609 uniatur.
788 581 952 609 Dicendum

173 629 216 655 est
228 635 318 663 ergo,
336 619 491 664 quomodb
505 627 673 655 humiliatio
688 630 716 656 et
729 628 818 656 dolor
832 628 870 656 de
885 636 952 664 pec-

174 674 244 702 catis
254 695 263 709 ,
286 673 418 710 quadam
433 674 603 702 necessitate
618 677 799 710 congruente
814 676 951 711 acquira-

173 723 228 749 tur.
245 721 277 748 Et
290 720 357 749 licet
370 721 433 749 haec
445 721 494 749 via
507 721 692 757 purgationis
707 722 828 758 puerilis
843 723 952 758 aliqui-

171 767 229 795 bus
249 767 395 803 videatur,
426 768 555 796 maxime
579 770 714 804 respectu
743 769 930 805 sequentium
940 791 950 805 ,

172 815 271 842 tamen
292 814 348 842 nisi
366 822 420 850 per
435 813 521 842 istam
537 823 621 842 mens
642 815 720 843 circa
741 815 844 844 divina
861 825 952 852 nego-

172 860 238 888 tiari
252 861 404 889 attendens
415 882 424 896 ,
446 861 572 889 sollicita
584 864 612 890 et
626 863 735 889 attenta
749 865 950 899 pertranseat,

172 915 328 944 nunquam
348 908 380 936 in
397 909 532 944 praesenti
550 909 611 937 vita
629 909 668 937 ad
689 910 889 945 cognitionem
913 911 951 940 de

173 954 300 988 divinis,
322 963 378 982 nec
397 955 438 982 ad
458 955 597 983 ardorem
616 956 722 984 unitivi
741 958 851 985 amoris
865 966 951 994 prac-

172 1000 222 1028 tici
239 1001 347 1038 poterit
367 1001 527 1036 accedere,
548 1010 603 1030 nec
623 1002 661 1030 ab
681 1003 742 1031 istis
760 1004 951 1033 inferioribus

172 1055 242 1076 suos
255 1056 440 1085 possessores
454 1049 667 1078 devorantibus
681 1051 869 1086 sequestrari.

453 1128 634 1153 PARTICULA
656 1129 685 1153 11.

413 1182 449 1205 De
466 1182 544 1206 modo
561 1182 706 1214 purgativo.

208 1237 252 1265 Sic
269 1245 340 1272 ergo
356 1237 445 1265 debet
460 1237 560 1266 anima
574 1246 604 1265 se
619 1238 776 1266 humiliare
787 1260 795 1274 ,
809 1241 841 1266 ut
852 1240 950 1276 primo

172 1284 284 1312 recolat
297 1286 418 1320 peccata
433 1285 527 1312 suain
539 1285 642 1321 aliquo
656 1285 724 1313 loco
739 1286 950 1322 occultissimo,

173 1333 203 1358 et
216 1331 346 1359 maxime
360 1331 392 1359 in
406 1334 518 1359 sec-reto
533 1332 627 1360 noctis
640 1332 757 1360 silentio
768 1354 776 1368 ,
794 1336 821 1360 et
836 1334 952 1369 majora

172 1378 317 1406 succincte
328 1399 337 1412 ,
359 1386 396 1406 ne
417 1379 555 1407 diabolus
574 1379 630 1407 sibi
648 1379 755 1407 inferat
769 1380 808 1408 ad
824 1381 951 1409 delecta-

172 1424 293 1459 tionem,
309 1425 390 1452 unde
403 1424 506 1453 debuit
517 1425 628 1453 habere
640 1426 831 1462 medicinam,
845 1427 952 1455 faciem

172 1480 256 1499 suam
271 1471 428 1507 dirigendo
444 1472 475 1499 in
490 1472 614 1507 coelum,
636 1475 664 1499 et
682 1476 770 1508 prout
784 1476 894 1509 potest,
909 1475 950 1502 sic

170 1519 286 1554 majora
305 1520 427 1554 peccata
442 1527 496 1546 sua
509 1527 604 1554 usque
623 1519 662 1546 ad
681 1520 784 1547 decem
805 1521 851 1548 vel
872 1521 948 1548 duo-

171 1565 268 1593 decim
284 1573 386 1593 eoram
409 1567 467 1593 Deo
479 1587 487 1600 ,
513 1565 598 1602 quasi
614 1566 669 1602 ipsi
684 1566 838 1602 loquendo
849 1588 857 1602 ,
879 1576 951 1595 enu-

170 1614 279 1646 meret,
298 1613 326 1639 et
344 1612 549 1640 enumerando
568 1613 714 1648 suspiret,
737 1613 836 1649 ipsum
859 1616 951 1641 Deum

169 1658 201 1686 in
216 1658 356 1686 omnibus
371 1658 530 1686 exaltando
541 1680 550 1693 ,
566 1661 593 1687 et
608 1667 638 1686 se
653 1659 683 1687 in
697 1660 838 1688 omnibus
855 1660 951 1696 depri-

169 1706 300 1740 mendo,
319 1708 408 1742 prout
422 1707 547 1742 poterit,
567 1707 695 1736 dicendo
711 1717 716 1736 :
741 1709 865 1736 Domine
883 1710 950 1737 Jesu

169 1752 279 1780 Christe
294 1753 360 1789 (vel
375 1762 568 1790 quocumque
582 1754 675 1782 modo
691 1755 745 1783 sibi
762 1755 868 1783 melius
884 1756 949 1792 pla-

169 1800 298 1835 cuerit),
325 1808 381 1835 ego
406 1808 473 1828 sum
496 1800 546 1828 ille
570 1804 707 1837 peccator
727 1803 949 1838 nequissimus,

168 1846 349 1874 miserrimus
360 1867 369 1881 ,
384 1846 540 1882 infelicior,
556 1848 746 1884 nequissimis
761 1849 949 1877 abominabi-

167 1892 235 1927 lior,
251 1893 303 1929 qui
322 1895 404 1920 tuam
425 1894 610 1929 majestatem
629 1895 659 1922 in
678 1897 721 1922 tot
743 1898 770 1923 et
790 1896 877 1923 tantis
893 1896 948 1924 cri-

167 1939 298 1967 minibus
313 1940 444 1975 offendi,
470 1942 502 1968 ut
523 1941 575 1969 illa
597 1949 770 1970 enumerare
790 1951 853 1970 non
867 1943 948 1970 suffi-

168 1986 261 2020 ciam,
287 1986 361 2014 sicut
381 1995 435 2014 nec
456 1995 546 2015 arena
564 1988 655 2015 maris
675 1997 735 2024 prce
757 1989 947 2018 multitudine

168 2032 318 2059 numerari
328 2034 433 2068 potest.
448 2035 480 2060 Et
491 2034 532 2061 ibi
544 2035 670 2069 suspiret
680 2035 727 2062 vel
738 2038 846 2070 gemat,
859 2038 948 2072 prout

167 2079 316 2107 efficacius
330 2080 453 2115 poterit:
472 2081 541 2115 quia
553 2101 561 2114 ,
582 2081 656 2108 sicut
678 2082 749 2109 lima
764 2086 903 2118 operatur
917 2084 948 2111 in

165 2125 243 2154 ferro
255 2147 263 2161 ,
283 2128 315 2153 ut
333 2126 364 2153 in
381 2126 514 2161 qualibet
528 2127 619 2162 ipsius
640 2127 780 2163 singulari
794 2129 946 2157 fricatione

166 2172 281 2208 aliquid
296 2172 333 2200 de
354 2172 445 2208 ipsius
464 2172 533 2200 ferri
547 2174 685 2209 rubigine
707 2174 888 2210 expellatur;
906 2175 947 2202 sic

167 2219 323 2255 quodlibet
336 2219 497 2254 suspirium
511 2220 556 2247 vel
573 2221 699 2255 gemitus
714 2221 829 2257 aliquid
845 2221 882 2249 dc
897 2230 946 2249 ru-

166 2265 267 2301 bigine
288 2265 418 2301 peccati,
445 2266 534 2293 etiam
557 2270 624 2302 post
645 2267 825 2296 infusionem
847 2269 946 2303 gratiae

166 2312 312 2345 relictum,
328 2312 468 2339 eliminat.
485 2314 517 2340 Et
531 2313 572 2340 sic
587 2314 682 2349 magis
693 2323 727 2342 ac
737 2315 833 2350 magis
847 2315 946 2343 anima

167 2367 198 2386 se
212 2367 363 2394 purgans,
383 2359 423 2386 ad
441 2359 633 2395 percipienda
648 2369 714 2396 quae
731 2362 806 2389 ratio
824 2370 885 2389 non
904 2362 947 2388 in-

168 2406 310 2440 vestigat,
325 2405 373 2432 vel
387 2406 550 2433 intellectus
565 2408 745 2442 speculatur,
762 2408 863 2436 divino
877 2409 946 2436 sub-

168 2451 245 2479 sidio
255 2473 264 2486 ,
288 2452 336 2479 vel
360 2452 507 2479 desiderio
534 2453 672 2481 elevetur.
697 2456 729 2481 Et
754 2457 785 2482 ut
807 2455 946 2482 intentius

169 2498 274 2526 dolore
296 2499 513 2533 constringatur
535 2499 651 2527 animus
674 2500 713 2528 ad
732 2501 776 2528 sui
796 2502 947 2529 contusio-

169 2552 238 2572 nem
253 2546 282 2572 et
294 2544 530 2573 humiliationem
541 2567 549 2581 ,
573 2546 675 2574 divina
688 2547 834 2575 beneficia
848 2548 945 2584 primo

170 2590 201 2617 in
225 2591 374 2625 generali,
404 2592 534 2619 secundo
558 2593 589 2620 in
610 2594 729 2629 speciali
755 2595 945 2622 attentissime

171 2644 271 2664 coram
287 2638 344 2664 Deo
356 2657 365 2671 ,
386 2640 474 2674 prout
489 2639 595 2666 melius
608 2640 734 2675 poterit,
755 2641 811 2669 sibi
827 2642 943 2676 ingrato

1010 252 1153 281 divinitus
1173 252 1281 281 collata
1294 253 1487 282 recordetur:
1509 254 1627 290 primo,
1647 256 1731 292 quod
1746 256 1790 292 ip-

1009 307 1076 327 sum
1087 299 1190 336 quoad
1204 300 1333 336 spec-iem
1355 308 1440 328 suam
1454 303 1515 329 tam
1529 301 1662 330 nobilem
1677 305 1790 331 creatu-

1008 353 1073 374 ram
1093 345 1130 374 de
1147 346 1242 374 nihilo
1262 346 1303 374 sic
1323 347 1442 382 creavit,
1463 347 1604 377 dicens¹z
1625 350 1727 378 Nonne
1745 352 1789 385 tu,

1009 392 1146 428 Domine,
1163 401 1212 421 me
1226 393 1266 421 ad
1279 393 1438 429 imaginem
1453 396 1536 423 tuam
1547 416 1555 430 ,
1569 404 1637 424 cum
1652 396 1727 424 nihil
1738 404 1788 424 an-

1007 441 1056 467 tea
1069 448 1164 467 essem
1175 461 1183 474 ,
1198 440 1229 468 in
1244 441 1304 468 tam
1318 440 1420 469 nobile
1435 449 1497 470 esse
1511 442 1696 478 produxisti,
1712 445 1745 471 ut
1759 445 1787 472 te

1008 488 1138 514 tenerem
1153 494 1207 522 per
1222 487 1347 522 gratiam
1361 487 1390 515 in
1405 489 1561 524 praesenti,
1577 491 1605 516 et
1619 491 1646 517 te
1661 489 1735 518 facie
1748 490 1787 518 ad

1007 533 1114 562 faciem
1128 534 1347 570 contemplarer
1361 534 1391 562 in
1406 535 1526 570 gloria?
1551 537 1584 563 Et
1607 544 1663 571 ego
1677 537 1708 564 in
1723 539 1787 565 tan-

1008 582 1071 608 tum
1091 581 1253 616 provocavi
1267 581 1432 609 districtum
1446 581 1591 617 judicium
1609 584 1692 610 tuum
1703 604 1711 618 ,
1736 585 1768 611 ut
1778 605 1787 618 ‚

1007 627 1064 655 nisi
1077 627 1151 655 mihi
1165 628 1335 663 subvenias,
1351 628 1447 663 magis
1459 637 1521 656 non
1535 629 1628 663 nasci,
1644 638 1735 665 quam
1748 630 1787 658 ad

1007 673 1105 702 lucem
1119 674 1272 710 praesentis
1284 675 1349 703 vitae
1364 675 1500 711 perduci,
1514 675 1586 703 mihi
1599 676 1707 704 misero
1718 685 1788 712 pro-

1008 720 1116 749 fuisset.
1141 721 1297 756 secundo,
1320 721 1500 749 beneficium
1515 722 1726 750 incarnationis
1741 731 1786 751 re-

1008 769 1156 803 cordetur,
1173 769 1215 797 sic
1227 769 1329 797 dicens
1345 778 1351 796 :
1367 771 1469 798 Nonne
1484 772 1527 803 tu,
1542 770 1676 804 Domine,
1693 779 1723 798 es
1734 771 1787 799 ille

1007 817 1067 844 Rex
1082 815 1239 844 altissimus
1263 816 1441 851 angelorum
1453 837 1461 850 ,
1481 816 1512 844 in
1530 818 1646 851 tantum
1664 825 1719 853 pro
1739 826 1787 845 me

1007 863 1134 899 teipsum
1148 863 1316 890 annihilans
1326 884 1334 898 ,
1350 864 1382 891 ut
1396 865 1512 891 nostras
1527 864 1661 892 miserias
1672 885 1680 897 ‚
1696 866 1724 892 et
1739 872 1789 900 pe-

1007 910 1222 945 regrinationes
1246 910 1358 938 itineris
1381 910 1421 938 ad
1447 910 1672 939 similitudinem
1691 911 1789 946 cujus-

1008 956 1079 984 dam
1102 957 1242 993 pauperis
1263 957 1415 985 humiliter
1438 958 1619 985 sustineres?
1650 959 1682 986 Et
1709 966 1788 993 ego,

1008 1003 1130 1031 Domine
1141 1024 1151 1037 ,
1188 1011 1250 1031 non
1279 1012 1327 1031 me
1354 1004 1543 1032 humiliando
1553 1025 1563 1038 ‚
1593 1004 1646 1032 sed
1667 1005 1697 1032 in
1723 1007 1789 1032 tan-

1007 1051 1070 1077 tum
1096 1050 1283 1086 impudenter
1312 1051 1483 1078 extollendo
1495 1073 1503 1086 ‚
1545 1053 1627 1079 tuam
1650 1051 1788 1086 majesta-

1008 1098 1066 1123 tem
1081 1096 1261 1132 contempsi,
1278 1097 1308 1124 in
1323 1097 1457 1125 miserias
1471 1097 1560 1132 hujus
1575 1097 1641 1125 vitae
1655 1105 1789 1125 momen-

1007 1145 1109 1170 taneas
1132 1144 1160 1170 te
1184 1143 1297 1170 fontem
1321 1143 1410 1172 totius
1432 1144 1626 1171 beatitudinis
1652 1153 1787 1172 commu-

1007 1190 1109 1217 tando.
1133 1191 1196 1223 Quo
1219 1198 1291 1225 ergo
1315 1190 1450 1225 fugiam?
1464 1190 1472 1206 ¹
1495 1191 1526 1218 st
1540 1191 1680 1219 ascendero
1695 1193 1725 1219 in
1739 1201 1789 1220 cce-

1008 1238 1080 1270 lum,
1097 1239 1127 1264 tu
1146 1237 1205 1264 illic
1221 1245 1264 1269 es3
1287 1238 1312 1264 si
1327 1237 1481 1265 descendero
1496 1239 1525 1264 in
1540 1239 1676 1271 infernum
1686 1260 1694 1273 ,
1714 1239 1787 1266 ades.

1007 1285 1046 1311 De
1061 1283 1192 1311 secundo
1205 1283 1425 1319 aliquantulum
1441 1283 1621 1319 insistendo,
1636 1288 1789 1321 percurrat

1006 1330 1046 1357 ad
1058 1330 1186 1365 tertium,
1203 1330 1313 1357 scilicet
1327 1330 1366 1358 ad
1379 1331 1617 1359 recordationem
1630 1333 1788 1361 Dominicae

1006 1378 1153 1413 passionis
1164 1399 1173 1412 ,
1189 1378 1231 1405 sic
1247 1378 1348 1405 dicens
1362 1387 1369 1405 z
1389 1381 1451 1407 Non
1467 1378 1602 1414 suffecit,
1618 1379 1788 1408 dulcissime

1008 1424 1129 1452 Domine
1144 1426 1211 1452 Jesu
1227 1425 1335 1452 Christe
1346 1445 1355 1459 ,
1375 1425 1458 1461 quod
1473 1425 1504 1452 in
1519 1427 1633 1453 tantum
1647 1427 1675 1454 te
1690 1426 1788 1462 ipsum

1006 1471 1180 1505 inclinares,
1202 1473 1250 1506 111,
1274 1480 1398 1499 manens
1422 1473 1515 1507 Deus,
1539 1473 1635 1500 carnis
1654 1474 1788 1501 mortalis

1005 1518 1219 1546 humanitatem
1241 1527 1423 1554 assumeres3
1448 1519 1500 1546 sed
1523 1520 1644 1555 insuper
1667 1522 1788 1556 propter

1006 1564 1215 1592 universorum
1229 1565 1402 1593 mortalium
1419 1565 1553 1593 miserias
1568 1566 1786 1601 sublevandas,

1006 1613 1066 1638 tam
1082 1611 1148 1639 dira
1162 1612 1287 1640 verbera
1298 1634 1305 1646 ,
1330 1614 1390 1640 tam
1416 1613 1649 1640 innumerabilia
1664 1614 1788 1642 vulnera

1006 1658 1155 1692 tolerasti,
1177 1661 1209 1686 ut
1225 1667 1242 1686 a
1257 1659 1358 1694 planta
1378 1659 1463 1694 pedis
1484 1668 1578 1695 usque
1594 1660 1633 1687 ad
1648 1660 1787 1688 verticem

1005 1714 1067 1734 non
1082 1709 1155 1734 esset
1169 1707 1341 1734 membrum
1363 1708 1393 1734 in
1419 1715 1543 1743 corpore
1560 1710 1608 1735 tuo
1625 1708 1708 1743 quod
1725 1716 1787 1736 non

1005 1754 1150 1788 sanguine
1175 1756 1226 1781 tuo
1248 1754 1446 1781 sacratissimo
1471 1756 1659 1790 spargeretur
1670 1756 1683 1781 ?
1709 1755 1786 1787 Quid

1005 1808 1075 1835 ergo
1095 1801 1202 1828 faciam
1222 1801 1423 1835 miserrimus,
1444 1809 1513 1828 cum
1534 1801 1637 1828 mortis
1657 1804 1713 1829 tuae
1731 1801 1787 1829 sim

1004 1855 1093 1874 causa
1104 1868 1113 1881 ,
1133 1855 1194 1875 non
1212 1850 1324 1874 tantum
1340 1848 1436 1874 vicem
1450 1856 1506 1883 pro
1521 1848 1584 1875 vice
1603 1856 1665 1875 11011
1680 1856 1786 1884 repen-

1005 1893 1078 1921 dens
1090 1915 1098 1928 ,
1119 1894 1172 1921 sed
1186 1894 1217 1921 in
1232 1896 1347 1922 tantum
1362 1896 1389 1922 te
1403 1894 1434 1922 in
1448 1895 1570 1922 faecibus
1584 1895 1658 1922 meis
1674 1903 1784 1931 provo-

1004 1948 1074 1968 cans
1085 1961 1093 1974 ‚
1110 1943 1141 1968 ut
1155 1941 1246 1976 digno
1259 1941 1373 1976 judicio
1390 1941 1512 1969 deberet
1526 1944 1629 1969 contra
1646 1950 1692 1969 me
1707 1950 1784 1977 pug-

1003 1995 1074 2014 nare
1089 1989 1166 2014 totus
1179 1988 1260 2015 orbis
1280 1991 1446 2022 terrarum,
1467 1996 1484 2016 a
1506 1997 1623 2016 summo
1641 1988 1707 2016 coeli
1723 1996 1785 2016 car-

1004 2034 1072 2061 dine
1080 2042 1174 2070 usque
1183 2034 1220 2062 ad
1230 2035 1370 2062 ultimum
1381 2037 1514 2062 centrum
1523 2035 1648 2062 inferni?
1659 2036 1784 2070 Surgam

1004 2089 1076 2115 ergo
1092 2083 1231 2108 creaturae
1246 2089 1360 2115 omnes,
1377 2083 1404 2108 et
1416 2082 1506 2108 veluti
1521 2081 1645 2109 Domino
1660 2082 1783 2118 proprio

1002 2126 1199 2161 famulantes,
1223 2127 1260 2153 de
1279 2135 1327 2154 me
1349 2127 1500 2155 vindicent
1521 2136 1608 2155 suum
1626 2129 1783 2164 proprium

1003 2173 1160 2200 Dominum
1176 2175 1204 2200 et
1217 2175 1396 2201 Creatorem.
1424 2176 1457 2202 Et
1480 2174 1522 2202 ibi
1541 2175 1647 2210 cogitet
1662 2175 1699 2202 de
1714 2183 1782 2211 pas-

1002 2219 1084 2247 sione
1101 2220 1215 2247 Domini
1237 2220 1454 2256 aliquantulum
1467 2242 1476 2255 ,
1497 2224 1529 2248 ut
1548 2230 1602 2257 per
1617 2223 1725 2249 vulnus
1739 2223 1783 2250 la-

1002 2266 1069 2293 teris
1089 2275 1184 2302 usque
1207 2267 1246 2295 ad
1276 2270 1445 2295 contactum
1479 2268 1639 2296 divinitatis
1661 2269 1783 2297 occultae

1001 2311 1115 2340 latentis
1130 2313 1267 2349 interius,
1282 2323 1335 2350 per
1351 2315 1588 2350 experimentum
1604 2316 1724 2350 amoris,
1741 2318 1782 2343 at-

1001 2359 1112 2394 tingere
1129 2363 1287 2388 mereatur.
1313 2362 1376 2388 11ωο
1399 2362 1478 2389 enim
1497 2362 1552 2389 tria
1566 2364 1634 2389 sunt
1647 2362 1677 2389 in
1692 2371 1780 2397 gene-

1001 2408 1066 2441 rali,
1081 2416 1147 2443 quae
1161 2417 1221 2435 non
1236 2409 1292 2436 sibi
1307 2411 1421 2437 tantum
1431 2429 1439 2442 ,
1455 2409 1507 2437 sed
1523 2412 1550 2437 et
1565 2410 1704 2437 omnibus
1716 2409 1780 2436 aliis

1824 357 1910 377 Benefi-

1803 387 1837 408 015
1847 393 1912 414 genc-

1831 419 1885 438 ralia

1813 451 1904 471 creatio-

1803 481 1853 507 nis,
1874 481 1909 502 in-

1802 515 1909 535 carnatio-

1817 546 1860 572 nis,
1876 547 1898 566 01

1802 577 1911 604 passioni·

1001 2454 1162 2482 Altissimus
1186 2455 1387 2483 condonavit:
1413 2465 1479 2492 quae
1500 2456 1530 2483 in
1550 2460 1693 2492 qnantum
1713 2458 1780 2483 sunt
1807 2470 1810 2472 -

1001 2501 1185 2536 generaliora
1195 2524 1203 2536 ,
1219 2503 1250 2529 in
1265 2504 1380 2530 tantum
1395 2503 1527 2531 indicant
1542 2504 1686 2538 majorem
1703 2502 1778 2530 divi-

1000 2555 1071 2575 nam
1086 2548 1282 2577 clementiam.

1035 2648 1039 2659 ¹
1057 2646 1124 2670 psal.
1141 2653 1267 2678 cxxxvlii,
1284 2650 1307 2671 8.
