2020 3037
225 277 281 309 sed
295 285 362 307 non
377 275 598 306 subdubitasse
612 272 803 310 Marianum,
815 271 870 312 qui
885 270 1034 302 eumdem
1050 269 1234 301 Tractatum
1251 269 1286 301 in
1300 279 1360 301 suo
1376 269 1519 302 Indiculo
1534 270 1641 311 refert,
1652 281 1712 303 nec
1720 271 1830 305 Hiero·

224 344 363 376 nymum
382 333 570 365 Gratianum
584 331 802 370 Carmelitam,
818 330 875 370 qui
892 329 985 361 illum
999 329 1060 360 sub
1081 329 1315 360 Bonaventurae
1338 329 1470 360 nomine
1491 329 1655 369 hispanice
1675 330 1832 371 reddidit,

224 403 261 426 ae
274 394 358 435 typis
372 392 474 432 regiis
488 389 723 422 Matritensibus
739 387 913 429 publicavit
928 397 936 418 :
952 387 1069 427 quibus
1083 385 1256 426 adiecerim
1270 395 1334 426 ego
1349 386 1562 427 Anonymum
1578 387 1806 421 Pistoriensem
1823 414 1832 429 ,

224 455 256 485 et
271 453 415 484 Marcum
429 450 725 491 Ulyssiponensem,
742 447 797 488 qui
820 445 970 477 eumdem
993 445 1076 476 inter
1091 444 1194 485 Opera
1207 444 1490 476 Bonaventuriana
1504 449 1680 478 recensent.
1697 447 1834 479 Demum

224 510 311 542 addit
327 519 362 540 :a
379 509 506 550 Stylum
529 507 638 548 Operis
656 506 736 537 nihil
758 505 932 535 abhorrere
950 513 970 534 a
984 503 1156 543 scriptione
1179 502 1416 534 Bonaventurae
1427 528 1438 542 ,
1455 507 1487 535 et
1506 508 1739 544 argumentum
1755 506 1834 537 illud

224 568 264 599 de
278 567 382 598 tribus
397 566 473 605 viis,
492 565 679 606 purgativa,
707 562 939 599 illuminativa,
962 561 1106 599 unitiva,
1133 569 1201 592 esse
1225 559 1460 593 Bonaventurae
1486 562 1642 594 familiare
1660 588 1669 602 ,
1694 564 1835 604 aliisque

225 625 260 656 in
274 625 365 655 libris
381 624 544 655 abundare
560 623 706 654 sensibus
719 620 908 660 anagogicis
918 644 927 658 ,
945 618 1002 659 qui
1016 618 1069 649 hic
1083 619 1159 648 sunt
1171 617 1264 649 valde
1278 618 1476 658 frequentes.
1491 630 1508 648 n

267 682 329 715 Sed
349 683 419 714 haec
432 681 542 713 omnia
555 681 631 712 satis
650 689 719 711 esse
741 689 807 711 non
819 679 969 717 arbitror,
986 679 1024 709 ut
1038 678 1162 708 certum
1180 678 1342 708 statuatur
1362 676 1598 710 Bonaventurae
1620 680 1835 720 opusculum,

224 743 296 773 tum
316 741 357 773 ob
380 740 530 782 praefatos
553 739 634 771 duos
654 737 742 769 MSS.
770 737 898 768 Codices
920 735 1057 767 ferentes
1081 742 1199 765 nomen
1223 733 1356 767 Henrz‘ci
1376 735 1416 768 de
1439 735 1553 769 Balma
1576 736 1734 771 Minoritae
1757 737 1838 769 Galli

224 799 368 832 dioecesis
391 798 551 840 Aquensis
569 821 576 835 ‚
601 799 669 828 tum
698 796 740 827 ob
765 794 986 827 testimonium
1010 792 1180 831 Gersonis‚
1203 792 1324 824 librum
1352 793 1542 834 hujusmodi
1564 794 1604 827 de
1629 796 1757 836 triplici
1781 797 1839 829 via

225 859 396 891 tribuentis
421 858 516 890 modo
540 857 666 889 cuidam
685 855 822 893 novello,
843 853 939 885 modo
970 851 1099 891 liugom·
1122 849 1162 882 de
1185 850 1327 889 Balma,·
1349 852 1421 882 tum
1443 851 1484 882 ob
1505 852 1591 884 aliud
1616 854 1836 885 testimonium

226 917 379 949 Ludovici
413 916 545 948 Pruteni
580 915 720 955 idipsum
746 911 922 948 censentis;
951 912 1022 940 tum
1047 908 1088 939 ob
1115 906 1180 938 MS.
1212 907 1357 939 Codicem
1385 909 1469 940 inter
1497 909 1713 942 Marianenses
1739 921 1838 952 prope

225 975 391 1013 Venetiam,
408 973 559 1005 eumdem
573 972 693 1003 librum
708 970 919 1001 ascribentem
934 967 971 998 B.
987 966 1119 1006 Huqom·
1138 966 1436 1006 Οανιὴηεῖεηεὶιιηι,
1454 968 1503 1000 vel
1526 968 1588 1000 aliz·
1603 969 1731 1001 Doctorl'
1754 969 1839 1002 dicti

229 1033 377 1072 ordini-23
389 1035 458 1063 tum
473 1034 633 1073 postremo
648 1029 826 1070 ob'stylum
841 1027 935 1059 valde
948 1026 1112 1057 diversum
1130 1025 1170 1057 ab
1185 1026 1246 1057 alia
1262 1027 1394 1058 certiore
1407 1027 1538 1068 Mystica
1553 1027 1837 1060 Bonaventuriana

225 1094 373 1123 contenta
386 1091 420 1122 in
445 1089 624 1131 Opusculo,
641 1088 725 1130 quod
748 1087 866 1120 nedum
886 1085 1074 1117 Incendium
1095 1078 1462 1124 amoris‚'1tinercirium
1481 1087 1599 1119 mentis
1619 1087 1657 1118 in
1680 1087 1836 1127 seipsam,

230 1149 382 1182 Theorica
404 1147 703 1188 contemplationis,
719 1149 792 1185 etc„
808 1149 1028 1185 nuncupatur,
1044 1144 1098 1175 sed
1118 1145 1212 1175 etiam
1234 1144 1373 1176 Libellus
1393 1145 1431 1177 de
1451 1145 1577 1185 triplici
1594 1146 1650 1177 via
1671 1145 1716 1177 ad
1729 1153 1838 1177 veram

227 1208 435 1248 sapientiam.
451 1206 706 1238 Bartholomaeus
721 1204 854 1236 Pisanus
872 1204 1006 1244 loquens
1025 1204 1064 1235 de
1084 1204 1142 1236 Fr.
1166 1205 1300 1244 Huyone
1321 1204 1488 1243 Minorita,
1505 1205 1598 1244 cujus
1618 1213 1734 1244 eorpus
1752 1205 1838 1244 jacet

228 1267 387 1306 Massiliae,
414 1267 458 1298 ait
480 1277 524 1297 :-«
538 1265 595 1296 Hic
617 1264 796 1305 composuit
819 1262 963 1293 libellum
988 1261 1027 1293 de
1049 1261 1174 1301 triplici
1188 1263 1244 1293 via
1267 1262 1304 1293 in
1327 1263 1522 1302 sapientiam
1535 1262 1745 1302 perveniendi
1758 1263 1788 1300 ¹3
1806 1264 1837 1293 et

229 1327 332 1365 intra,
353 1326 538 1358 Tractatum
553 1324 701 1356 devotum
722 1322 761 1354 de
777 1321 902 1361 triplici
918 1321 976 1352 υῐα
989 1320 1160 1360 sapientia
1175 1320 1321 1351 attribuit
1341 1322 1397 1351 Fr.
1421 1321 1552 1361 Huyom'
1572 1321 1612 1353 de
1625 1320 1799 1353 Provincia
1810 1321 1834 1352 ².

228 1384 287 1416 Hic
301 1393 366 1416 non
381 1384 496 1415 dicitur
511 1383 549 1415 cle
565 1382 696 1421 Balma,
713 1381 767 1412 sed
783 1380 822 1412 de
840 1381 937 1418 Dina,
955 1378 1060 1410 clarus
1081 1386 1154 1408 saec.
1172 1386 1229 1408 xm
1251 1380 1399 1409 exeunte.
1419 1378 1505 1410 Num
1525 1379 1583 1410 iste
1598 1379 1722 1420 primus
1738 1378 1837 1419 hujus

228 1444 376 1484 Mysticoe
395 1442 571 1483 Tlteoloqice
587 1444 709 1479 auctor,
726 1439 893 1480 ampliator
916 1440 1024 1468 autem
1047 1435 1203 1467 Henricus
1224 1435 1263 1467 de
1279 1436 1406 1475 Balma‚
1421 1437 1581 1478 amboque
1599 1438 1784 1478 scripserint
1797 1437 1837 1468 ad

229 1510 377 1533 normam
391 1501 624 1533 Bonaventurae
637 1499 676 1532 de
687 1498 811 1539 triplici
825 1499 881 1530 vz‘a
892 1494 1082 1536 sapientiai?
1095 1493 1256 1526 Laudatur
1271 1495 1426 1526 Henricus
1437 1505 1455 1527 a
1466 1496 1572 1527 Marco
1586 1495 1836 1536 Ulyssiponensi,
1857 1509 1863 1513 ·

229 1558 428 1600 Waddingo,
445 1561 581 1598 Arturo‚
608 1559 783 1590 Fortunato
806 1558 974 1595 Huebero,
995 1560 1027 1588 et
1045 1556 1127 1588 aliis.
1149 1555 1223 1587 Fuit
1244 1565 1301 1596 per
1323 1558 1362 1587 34
1385 1566 1485 1588 anuos
1508 1557 1610 1588 heatae
1629 1556 1744 1588 Colelae
1762 1556 1836 1587 Cor-

229 1618 367 1650 beiensis
383 1618 608 1656 confessarIus,
623 1617 765 1658 obiitque
777 1616 973 1648 Vesuntione
990 1615 1024 1646 in
1039 1614 1138 1646 Gallia
1155 1623 1240 1646 anno
1258 1617 1348 1646 1439.
1772 1612 1791 1620 ‘

378 1750 394 1786 ἓ
408 1750 439 1778 11.
455 1764 489 1771 —
505 1750 594 1778 Somni
608 1758 642 1778 ns
655 1757 783 1783 essesut,
800 1757 831 1777 rr
845 1755 1049 1782 musinuli-ns,
1065 1755 1097 1775 m·
1110 1754 1280 1775 munusturi:
1293 1755 1335 1775 nm
1350 1747 1518 1782 (Prodrom.‚
1534 1746 1585 1774 col.
1601 1746 1692 1781 679.).

273 1853 361 1885 Hanc
385 1853 552 1885 Summam
576 1862 641 1884 non
664 1863 732 1884 esse
756 1853 825 1884 Divi
851 1851 1054 1892 Hieronymi,
1081 1859 1184 1891 neque
1209 1850 1278 1881 Divi
1302 1850 1495 1889 Augustini,
1519 1859 1614 1881 nemo
1627 1859 1714 1880 unus
1728 1852 1790 1888 est,
1807 1851 1839 1881 in

233 1912 421 1944 eorumdem
443 1912 624 1943 novissimis
644 1912 836 1943 editionibus
851 1911 901 1942 vel
925 1911 1038 1942 leviter
1052 1913 1215 1947 versatuS,
1232 1909 1287 1949 qui
1301 1909 1330 1939 id
1346 1909 1484 1948 ignoret.
1501 1908 1667 1940 Recenlior
1691 1910 1738 1939 est
1761 1917 1842 1948 ergo

234 1971 290 2011 qui
306 1971 392 2001 illam
408 1980 448 2001 ex
472 1970 630 2001 Eucherio
653 1970 882 2010 archim-mule
899 1968 1110 2008 Lugdunensi
1131 1967 1324 2007 desumpsit,
1341 1976 1455 2007 nempe
1470 1976 1511 1997 ex
1525 1968 1595 2007 ejus
1610 1966 1703 1999 Libro
1718 1967 1842 2006 sormu-

236 2029 340 2060 larum
355 2027 541 2068 spiritualis
556 2028 794 2068 iittelle'qenliae,
812 2027 868 2057 ubi
884 2026 1021 2058 Veranio
1036 2025 1102 2056 filio
1120 2034 1196 2063 suo,
1212 2028 1320 2064 postea
1335 2025 1499 2065 episcopo,
1515 2024 1670 2055 formulas
1693 2025 1843 2065 proponit

236 2087 412 2127 spiritualis
435 2087 658 2126 intelligentiae
680 2087 849 2117 nominum
871 2085 1045 2116 latinorum
1068 2092 1166 2113 sacrae
1190 2083 1380 2123 Srripturae,
1397 2083 1582 2123 explicando
1605 2083 1721 2114 scilicet
1735 2083 1841 2123 signi-

237 2145 398 2175 ficationes
413 2154 542 2183 eorum,
559 2147 654 2185 atque
671 2145 810 2183 figuras,
827 2153 862 2174 ac
876 2143 950 2173 inde
965 2141 1163 2182 spiritualem
1181 2151 1310 2173 sensum
1334 2142 1476 2173 eruendo
1494 2141 1517 2171 ⁸.
1534 2141 1595 2172 Sed
1619 2142 1768 2181 quisnam
1790 2141 1842 2172 ille

238 2202 410 2239 recentior,
426 2203 481 2242 qui
498 2212 569 2233 eam
594 2203 637 2232 ita
661 2203 814 2240 collegit?
833 2214 847 2230 «
861 2201 1046 2240 Theologus
1071 2200 1294 2238 scholasticus,
1316 2200 1434 2231 scholae
1457 2199 1603 2230 terminis
1624 2199 1807 2238 abundans,
1824 2209 1838 2227 u

238 2259 342 2299 inquit
365 2259 564 2299 Waddingus
588 2263 611 2291 ⁴.
641 2261 803 2301 Numquid
831 2261 1056 2291 Bonaventura
1082 2263 1190 2291 noster
1209 2260 1224 2289 ¹?
1255 2259 1396 2289 Rursum
1420 2257 1622 2298 Waddingus
1647 2258 1840 2298 respondet:

243 2328 258 2345 (ι
284 2316 517 2349 Bonaventurae
547 2318 751 2349 tribuendum
785 2327 852 2349 esse
883 2318 959 2357 (hoc
984 2318 1203 2357 opusculum)
1237 2316 1347 2347 suadet
1372 2315 1535 2346 lndiculus
1559 2315 1690 2346 Mariani
1712 2316 1733 2346 ¹⁵.
1758 2326 1773 2344 n
1793 2316 1842 2346 An

238 2374 435 2415 Waddingus
451 2377 542 2407 unice
557 2376 590 2407 in
608 2377 689 2407 lianc
703 2377 892 2407 senteutiam
910 2376 1072 2406 descendit
1082 2399 1091 2413 ,
1108 2376 1194 2416 quod
1209 2384 1229 2406 a
1243 2375 1385 2406 Mariano
1400 2374 1582 2405 Florentino
1596 2374 1770 2405 indicatum
1784 2375 1842 2413 sit,

239 2434 287 2463 uti
310 2434 475 2465 novissimi
499 2433 642 2465 Editores
667 2434 876 2474 scripserunt,
901 2433 978 2464 illud
1003 2435 1172 2473 propterea
1194 2433 1277 2464 inter
1300 2433 1370 2472 ejus
1392 2431 1592 2472 suppositilia
1612 2431 1790 2471 reJicientes
1804 2431 1843 2462 ⁸⁴?

270 2569 278 2585 ¹
291 2568 345 2592 Lib.
362 2568 380 2598 l,
397 2567 509 2598 Confer„
525 2568 607 2593 fructu
623 2571 646 2599 8,
658 2572 723 2600 part.
739 2570 762 2599 ἱ),
777 2569 821 2593 fol.
837 2576 871 2593 m.
887 2569 926 2599 77,
942 2568 990 2593 col.
1004 2569 1027 2593 2.
1041 2581 1067 2585 -
1085 2568 1179 2598 ¹1hid.‚
1194 2567 1239 2592 fol.
1251 2567 1293 2597 8¹,
1308 2566 1355 2592 col.
1371 2569 1394 2592 4.
1408 2579 1439 2585 —
1452 2567 1460 2582 ³
1475 2567 1531 2592 vid.
1546 2566 1683 2598 Theophil.
1697 2566 1843 2598 Raynaud..

239 2604 310 2634 Oper.
332 2602 413 2634 ejusd.
432 2606 494 2627 tom.
520 2604 568 2634 ΙΙΙ,
583 2611 642 2635 pag.
663 2606 702 2632 48,
724 2607 748 2628 et
769 2604 876 2635 Philipp.
898 2604 988 2634 Lahb„
1006 2604 1113 2628 Dissert.
1132 2604 1232 2632 histor„
1251 2603 1319 2634 apud
1341 2602 1496 2634 Bellarmin„
1515 2602 1546 2627 de
1564 2602 1714 2634 Scriptorx'b.
1735 2602 1842 2630 Eccles..

236 2646 296 2671 pag.
312 2640 366 2669 160,
381 2639 441 2662 edit.
455 2640 520 2663 Ven.
540 2641 608 2664 1728.
627 2653 653 2657 ——
671 2643 679 2653 ⁴
694 2640 729 2663 De
739 2640 861 2670 Scriptor.
879 2640 939 2663 Ord.
954 2640 1033 2669 Min„
1049 2646 1106 2669 pag.
1126 2640 1166 2669 79,
1181 2638 1230 2663 col.
1248 2640 1272 2662 2.
1285 2651 1315 2656 —
1330 2639 1338 2652 ⁵
1354 2638 1458 2662 lbid.—
1472 2640 1481 2653 θ
1496 2637 1617 2667 Dianio..
1635 2645 1695 2669 pag.
1714 2639 1767 2667 ¹00,
1786 2637 1841 2668 huj.

237 2676 332 2699 nostrae
347 2674 407 2699 edit.
422 2678 485 2699 tom.
504 2678 522 2703 l,
538 2682 596 2705 pag.
614 2681 666 2700 ιιι.
