2004 3037
260 225 321 256 316

294 292 360 320 Non
383 289 503 327 expedit
525 289 675 328 simplices
697 289 835 320 homines
857 291 937 321 circa
957 290 1039 321 blas-

257 337 412 375 phemiam
439 337 609 367 infidelium
632 337 784 376 disputare
807 341 956 376 :propter
977 339 1037 368 hoc

256 384 412 422 prohibuit
426 384 581 422 Ezechias,
602 393 641 414 ne
654 385 787 423 populus
807 385 934 423 Rapsaci
954 385 1036 416 blas-

255 432 368 469 phemo
399 432 515 470 aliquid
542 433 747 470 responderet.
779 433 813 462 lv
845 434 923 470 neq„
941 442 1016 464 xvm
1025 455 1035 471 ‚

256 480 325 515 1sa.,
339 488 442 509 xxxvi.

290 527 495 564 Rolophernes
509 527 699 564 indignatus,
714 535 750 556 eo
761 528 846 565 quod
859 528 968 558 Achior
981 536 1035 566 po-

253 574 376 605 tentiam
403 575 453 603 Dei
479 574 546 603 coeli
575 574 864 611 commendaverat,
893 576 968 605 dixit
994 575 1034 605 ad

254 630 323 652 eum
340 632 347 652 :
367 632 380 650 κ
396 622 544 657 Quoniam
563 623 768 660 prophetasti,
791 623 874 660 quod
899 631 972 660 gens
995 624 1035 653 Is-

251 670 314 699 rael
335 669 512 698 defendatur
527 679 545 700 a
565 672 625 699 Deo
641 678 715 706 suo;
735 672 767 699 ut
787 670 942 700 ostendam
960 671 1032 708 tibi,

252 717 323 754 quia
337 725 399 745 non
414 719 457 746 est
471 719 545 746 Deus
557 738 566 754 ‚
580 717 637 746 nisi
652 717 946 754 Nabuchodonosor,
963 726 1032 746 cum

249 764 482 800 percusserimus
517 772 568 793 eos
599 772 704 794 omnes
721 785 732 801 ‚
760 765 846 802 quasi
877 765 1032 794 hominem

249 818 362 845 unum,
377 821 391 838 ι)
409 813 477 845 etc.,
492 811 616 846 Iudith„
631 818 670 840 vr.

285 860 359 887 Cum
384 860 520 894 argueret
542 857 703 886 Hieremias
725 857 874 894 populum
894 865 950 894 pro
974 865 1030 894 eo,

248 907 333 943 quod
347 906 556 934 sacrificabant
570 913 675 934 omnes
690 905 747 934 diis
766 905 888 942 alienis,
910 914 1031 943 respon-

248 953 379 982 derunt:
410 963 424 980 ιι
445 953 603 982 Sermones
627 953 743 982 Domini
766 961 828 982 non
852 953 1028 991 audiemus;

247 1000 300 1028 sed
319 1000 555 1028 sacrificabimus
576 1000 686 1036 reginae
709 1000 797 1035 coeli,
813 1001 888 1029 sicut
906 1001 1029 1030 fecimus

245 1054 301 1076 nos
325 1050 352 1076 et
375 1050 474 1084 patres
496 1047 607 1083 nostri,
623 1049 652 1076 et
672 1047 749 1076 bene
764 1047 853 1076 nobis
873 1050 950 1084 erat,
963 1057 1028 1078 ma·

244 1093 368 1131 lumque
384 1103 444 1123 non
458 1095 598 1123 vidimus.
614 1105 628 1122 ι)
647 1097 776 1130 merem„
793 1103 841 1124 ιιι.

281 1142 561 1170 Nabuchodonosor
584 1150 637 1171 rex
659 1142 819 1179 Babylonis
843 1142 918 1170 dixit
940 1143 1028 1171 sociis

244 1189 371 1216 Danielis
387 1211 396 1224 ,
422 1190 474 1226 qui
490 1191 617 1218 statuam
637 1189 700 1225 ejus
724 1197 845 1218 auream
867 1189 1028 1218 noluerunt

245 1236 372 1266 adorare
389 1246 396 1266 :
416 1247 430 1264 «
451 1238 522 1272 Quis
544 1239 587 1266 est
608 1238 696 1274 Deus,
716 1236 768 1274 qui
789 1237 895 1273 eripiat
912 1245 967 1267 vos
989 1237 1026 1267 de

244 1292 336 1312 manu
352 1285 440 1312 mea?
454 1295 467 1310 »
485 1286 569 1319 Dan„
586 1292 629 1313 ιιι.

280 1333 421 1361 Dixcrunt
442 1332 567 1369 quidam
591 1332 686 1369 iniqui
711 1339 748 1361 ex
772 1332 859 1361 lsrael
874 1332 905 1360 in
920 1331 1026 1361 diebus

244 1380 379 1407 Antiochi
398 1388 406 1409 ι
425 1389 439 1406 κ
455 1381 493 1407 Ex
511 1388 572 1416 quo
587 1380 761 1408 recessimus
778 1388 795 1408 a
810 1380 967 1416 Gentibus,
982 1380 1026 1408 in-

244 1429 387 1455 venerunt
402 1435 457 1455 nos
471 1427 565 1455 multa
583 1426 673 1455 mala.
689 1437 704 1454 n
722 1428 731 1456 l
746 1428 850 1462 Maeli„
866 1435 885 1455 1.

279 1474 437 1503 Obsidente
460 1474 537 1503 ‚luda
556 1474 723 1503 Machabaeo
747 1475 903 1511 quoddam
923 1475 1024 1511 praesi-

244 1520 342 1555 dium,
359 1522 483 1558 quidam
507 1522 629 1557 gentiles
652 1522 730 1550 intus
755 1522 912 1550 existentes
933 1522 1026 1551 verba

241 1567 419 1605 blasphema
443 1571 470 1597 et
494 1568 623 1597 nefanda
647 1569 799 1604 jactabant
819 1579 825 1596 z
851 1577 912 1605 quo
939 1570 1023 1605 scito,

241 1619 345 1652 postca
359 1617 539 1645 concremati
554 1616 682 1650 fuerunt,
701 1618 721 1646 ll
734 1618 835 1651 Maeli„
850 1625 879 1644 x.

277 1664 445 1693 Dicentibus
456 1664 563 1692 ludaeis
574 1664 711 1692 ⁴Nicanori
725 1673 731 1691 ε
744 1675 756 1689 «
772 1666 816 1691 Est
834 1665 907 1691 Deus
919 1666 1023 1700 potens

241 1711 271 1739 in
287 1712 373 1746 coelo,
390 1712 438 1748 qui
453 1711 539 1747 jussit
551 1711 598 1746 agi
614 1711 770 1747 septimam
782 1710 873 1745 diem,
885 1722 897 1737 »
916 1711 965 1739 ille
982 1711 1024 1739 in-

240 1758 312 1786 felix
325 1759 365 1786 ait
377 1769 384 1786 :
398 1770 409 1783 ιι
423 1761 454 1786 Et
469 1767 524 1793 ego
537 1761 642 1794 potens
651 1766 716 1785 suni
732 1766 819 1794 super
835 1760 953 1793 terrani,
971 1759 1023 1794 qui

240 1805 356 1841 impero
369 1806 445 1833 sumi
459 1813 543 1834 arma
558 1807 585 1834 et
600 1805 803 1840 negotiare-gis
815 1805 850 1841 (a)
866 1805 992 1841 impleri.
1005 1815 1018 1832 »

241 1853 263 1881 ll
277 1854 381 1888 Maeli„
399 1860 448 1881 XV.

275 1901 349 1928 Cum
365 1900 495 1936 ejecisset
510 1898 693 1928 daemonium
713 1899 854 1928 Dominus
868 1907 978 1928 caecum
993 1902 1021 1928 et

239 1950 371 1982 mutum,
392 1948 578 1984 stupentibus
598 1947 702 1982 turbis,
720 1947 855 1975 l‘harisaei
876 1947 1018 1983 blasphe-

238 1995 363 2024 mabant
386 1995 539 2023 dicentes:
560 1995 638 2023 «llic
662 2002 724 2023 non
749 1994 827 2030 ejicit
850 1994 1017 2031 daemones,

237 2041 295 2069 nisi
338 2042 369 2070 in
401 2041 548 2070 Belzebub
583 2041 717 2078 principe
751 2041 979 2071 daemoniorum.
1002 2050 1018 2069 ›>

236 2090 352 2124 Matth„
367 2097 425 2124 xri,
441 2091 469 2118 et
483 2090 559 2123 Luc„
575 2096 614 2117 xi.

272 2137 419 2165 Pendente
449 2137 574 2165 Domino
606 2136 637 2164 in
672 2144 757 2164 cruce
772 2157 782 2171 ,
809 2137 1017 2172 praetereuntes

235 2183 486 2219 blasphemabant
501 2192 570 2212 eum
585 2185 738 2212 moventes
755 2183 850 2219 capita
862 2191 931 2219 sua,
947 2185 1014 2218 etc.,

235 2231 348 2266 Mami„
364 2240 457 2260 xxvu.

270 2278 519 2307 contradicebant
538 2278 630 2306 Judaei
646 2278 695 2312 iis,
711 2286 778 2314 quae
794 2286 812 2305 a
827 2277 918 2306 Paulo
934 2277 1014 2306 dice—

233 2326 359 2361 bantur,
373 2326 628 2362 blasphemantes,
646 2327 720 2362 Act„
734 2333 787 2354 ιιιιι
801 2326 828 2353 ct
842 2332 928 2354 xvnr.

475 2420 617 2454 CAPUT
642 2419 767 2454 XXIV.

286 2495 324 2522 De
341 2494 486 2530 proeceptis
503 2494 563 2527 Dei,
584 2495 607 2520 et
628 2493 810 2520 observatione
826 2492 955 2527 ipsoram.

267 2565 446 2599 Praeceptum
460 2562 526 2590 leve
546 2561 586 2590 ad
606 2561 808 2598 implendum,
824 2563 852 2589 et
866 2561 955 2589 breve
971 2561 1010 2590 ad

230 2610 429 2645 retinendum,
442 2609 524 2639 dedit
538 2611 612 2638 Deus
627 2609 726 2646 primo
741 2608 868 2646 parenti,
884 2608 985 2638 dicens
1000 2618 1006 2637 :

261 2711 294 2741 (α)
309 2711 369 2735 Caet.
383 2711 445 2735 edit.
458 2717 557 2742 regum.
568 2724 598 2729 -
614 2710 648 2740 (b)
665 2710 737 2740 l'itlgs.
756 2708 948 2733 Pravalueruut.

872 221 1010 256 BmLIA
1029 214 1262 258 PAUPERUM.

1093 300 1110 320 α
1123 293 1166 322 Ex
1179 292 1263 321 omni
1277 291 1361 329 ligno
1374 292 1507 330 paradisi
1522 293 1666 331 comede,
1678 303 1694 322 ι
1710 294 1779 332 etc.·‚
1793 296 1872 333 Gen„

1091 346 1123 369 ιι.
1138 340 1226 375 Quod
1239 343 1340 370 tamen
1353 339 1432 370 male
1445 340 1620 378 custodivit,
1635 342 1664 372 et
1677 349 1799 379 gravem
1810 351 1872 382 Ρω-

1090 393 1163 416 nam
1177 388 1317 423 incurrit,
1335 388 1413 424 Gen„
1428 396 1472 418 ιιι.

1125 435 1264 464 Mandata
1287 435 1354 470 Dei,
1369 435 1439 464 licet
1458 434 1609 464 interdum
1631 435 1791 466 videantur
1807 444 1871 467 esse

1091 480 1128 510 de
1141 490 1174 510 re
1186 490 1296 519 parva,
1311 490 1374 511 non
1388 490 1483 520 parva
1503 482 1659 521 diligentia
1669 485 1739 512 sunt
1750 491 1870 514 servan-

1090 527 1129 557 da
1143 551 1153 562 ,
1177 529 1250 566 quia
1272 529 1438 566 puniuntur
1471 529 1602 566 graviter
1628 531 1869 567 transgressores,

1091 575 1168 612 Gen„
1183 584 1228 605 11:
1248 586 1262 604 «
1286 578 1325 606 De
1342 577 1425 613 ligno
1441 577 1570 606 scientiae
1592 576 1667 606 boni
1689 579 1718 606 et
1739 577 1812 606 mali
1831 585 1870 607 ne

1088 623 1229 652 eomedas
1246 633 1254 653 ;
1269 623 1300 653 in
1315 632 1507 661 quacumque
1529 624 1610 653 enim
1630 624 1679 654 die
1703 624 1869 654 comederis

1088 678 1125 699 ex
1147 679 1198 706 eo,
1213 673 1310 700 morte
1333 671 1506 700 morieris.»

1125 729 1138 742 κ
1150 718 1228 746 Fecit
1241 719 1302 747 Noe
1315 718 1418 748 omnia
1433 726 1500 756 quae
1515 719 1713 749 mandaverat
1727 719 1755 748 ei
1769 719 1868 748 Domi-

1085 772 1159 800 nus,
1175 774 1190 792 »
1207 765 1286 800 Gen„
1298 773 1349 795 vn.

1121 812 1278 849 Recepturi
1300 812 1354 841 filii
1380 813 1471 842 lsrael
1493 813 1637 842 mandata
1658 821 1676 842 a
1694 814 1774 850 Deo,
1792 813 1867 850 jussi

1085 861 1153 888 sunt
1166 859 1364 895 sanctificari,
1384 859 1487 896 Exod„
1503 868 1556 888 xix
1571 868 1578 889 z
1596 859 1701 888 «Vade
1715 859 1756 888 ad
1768 868 1866 898 popu—

1083 905 1148 935 lum
1159 927 1168 942 ‚
1186 909 1214 935 et
1227 907 1380 936 sanctifica
1394 915 1464 943 eos,
1480 907 1572 936 hodie
1587 909 1616 936 et
1628 914 1713 943 cras,
1727 916 1742 934 n
1757 909 1811 936 etc.

1119 954 1258 991 Praecepit
1281 954 1440 988 Dominus,
1462 957 1495 983 ut
1521 954 1577 983 filii
1605 954 1695 984 lsrael
1721 957 1867 991 ponerent

1083 1001 1169 1030 vittas
1183 1002 1390 1039 hiacynthinas
1404 1010 1459 1040 per
1473 1001 1600 1038 angulos
1618 1001 1780 1039 palliorum
1795 1009 1866 1039 qua-

1083 1050 1166 1086 tuor,
1181 1052 1213 1078 ut
1227 1050 1400 1078 continuam
1415 1049 1561 1078 haberent
1574 1049 1752 1079 memoriam
1765 1048 1865 1078 coeles-

1082 1095 1156 1124 tium
1168 1097 1397 1130 mandatorum,
1411 1097 1507 1132 Num„
1521 1104 1570 1126 xv.

1117 1143 1238 1172 Balaam
1267 1144 1379 1172 ariolus
1413 1143 1488 1172 dixit
1519 1143 1606 1172 Balac
1647 1144 1712 1179 regi
1743 1143 1829 1172 Moab
1855 1152 1862 1172 τ

1085 1191 1216 1219 «Nonne
1237 1191 1299 1219 dixi
1328 1191 1401 1227 tibi,
1418 1190 1503 1228 quod
1525 1190 1675 1227 quidquid
1702 1190 1863 1227 imperaret

1081 1238 1154 1266 mihi
1180 1239 1322 1266 Dominus
1336 1260 1346 1274 ,
1370 1237 1428 1267 hoc
1452 1238 1606 1266 facerem?
1627 1248 1640 1265 n
1658 1237 1754 1273 Num„
1776 1245 1861 1267 xxm.

1081 1285 1152 1313 Ecce
1167 1288 1310 1321 quantam
1329 1285 1527 1315 reverentiam
1544 1284 1677 1314 habebat
1698 1284 1796 1314 malus
1806 1284 1863 1314 ho-

1080 1339 1131 1360 mo
1148 1332 1186 1360 ad
1201 1332 1363 1369 imperium
1378 1333 1438 1361 Dei.

1115 1380 1282 1416 Specialem
1305 1380 1502 1408 monitionem
1522 1379 1590 1408 fecit
1610 1379 1753 1408 Dominus
1771 1379 1859 1409 Josue

1080 1426 1118 1455 de
1133 1427 1326 1455 meditatione
1349 1430 1376 1456 et
1398 1427 1607 1455 observatione
1629 1426 1719 1462 legis,
1735 1426 1858 1464 quando

1079 1474 1229 1503 constituit
1249 1482 1318 1503 eum
1333 1482 1422 1511 super
1437 1474 1602 1510 populum,
1616 1475 1731 1510 Josue‚1
1744 1483 1751 1502 :
1767 1483 1782 1502 α
1794 1475 1858 1504 Non

1078 1521 1198 1550 recedat
1211 1521 1351 1550 volumen
1367 1521 1441 1557 legis
1455 1521 1558 1557 hujus,
1574 1531 1588 1547 n
1605 1522 1660 1549 etc.

1115 1570 1179 1597 Non
1200 1569 1359 1606 praeterivit
1379 1570 1468 1598 Josue
1483 1568 1520 1596 de
1542 1567 1688 1597 universis
1710 1567 1858 1596 mandatis

1079 1616 1194 1644 Domini
1202 1624 1255 1644 nec
1262 1624 1356 1644 unum
1367 1615 1489 1652 quidem
1497 1615 1635 1651 verbum,
1643 1617 1709 1650 etc.,
1717 1615 1807 1649 Josue,
1814 1623 1856 1643 ιι.

1115 1663 1184 1692 Saul
1210 1665 1271 1692 tam
1296 1663 1446 1699 signanter
1474 1662 1600 1697 electus,
1619 1663 1742 1698 propter
1763 1665 1857 1690 trans-

1079 1711 1262 1746 gressionem
1283 1710 1376 1738 divini
1400 1710 1540 1746 praecepti
1563 1708 1796 1738 irrevocabiliter
1814 1710 1858 1738 est

1077 1758 1246 1793 projectus,
1262 1758 1361 1791 lRey„
1377 1764 1426 1785 xv.

1112 1804 1173 1831 Rex
1206 1803 1299 1831 David
1334 1803 1481 1830 instruens
1513 1802 1703 1831 Salomonem
1723 1804 1791 1839 post
1823 1810 1854 1831 se

1075 1853 1285 1887 regnaturum,
1301 1850 1420 1879 dicebat
1435 1860 1443 1878 ε
1457 1860 1472 1876 «
1482 1851 1562 1878 Tunc
1576 1849 1718 1886 perficere
1732 1850 1854 1886 poteris,

1075 1899 1099 1927 si
1115 1899 1291 1927 custodieris
1305 1899 1464 1935 mandata,
1480 1906 1547 1935 quae
1560 1899 1701 1935 praecepit
1713 1898 1854 1928 Dominus

1075 1946 1177 1982 Moysi.
1192 1957 1205 1972 u
1223 1948 1232 1975 1
1248 1947 1354 1981 Paret,
1368 1953 1438 1974 xxii.

1110 1993 1271 2022 Ordinante
1292 1993 1396 2021 Joiada
1410 1992 1562 2029 pontifice,
1577 1992 1744 2022 eduxerunt
1757 1992 1853 2022 filium

1073 2041 1167 2076 regis,
1184 2043 1211 2069 et
1226 2041 1434 2076 imposuerunt
1456 2039 1482 2068 ei
1507 2039 1669 2075 diadema,
1692 2039 1852 2069 dederunt-

1074 2096 1133 2124 que
1148 2087 1179 2115 in
1200 2095 1293 2116 manu
1314 2087 1377 2123 ejus
1393 2086 1553 2115 tenendam
1571 2085 1688 2122 legem,
1702 2088 1730 2115 et
1744 2086 1852 2116 consti-

1073 2137 1192 2164 tuerunt
1205 2143 1274 2163 eum
1288 2142 1389 2170 regem
1397 2155 1406 2170 ‚
1424 2135 1445 2162 ll
1460 2134 1568 2170 Paral„
1581 2141 1664 2162 xxm.

1108 2183 1201 2218 Cyrus
1213 2189 1265 2210 rex
1278 2183 1430 2210 Persarum
1444 2180 1559 2216 gentilis
1567 2201 1576 2216 ,
1588 2180 1753 2209 monarcha
1762 2180 1850 2209 totius

1071 2229 1193 2264 mundi,
1209 2237 1270 2257 non
1291 2227 1551 2256 verecundabatur
1575 2227 1671 2256 dicere
1688 2235 1695 2255 :
1714 2237 1728 2254 «
1742 2228 1849 2256 Praece-

1071 2277 1113 2314 pit
1127 2277 1199 2306 mihi
1221 2279 1296 2305 Deus
1309 2276 1377 2304 coeli
1392 2278 1424 2304 ut
1438 2276 1619 2305 aedificarem
1634 2275 1661 2304 ei
1677 2275 1802 2305 domum
1815 2274 1847 2304 in

1070 2324 1262 2353 Hierusalem.
1278 2333 1291 2349 n
1307 2324 1316 2351 1
1331 2323 1426 2358 Esdr„
1441 2331 1461 2352 ι.

1105 2370 1322 2407 conquerendo
1346 2370 1416 2398 dicit
1440 2370 1604 2405 Dominus,
1628 2370 1718 2404 Hier„
1741 2376 1843 2398 xxxv:

1071 2429 1085 2445 ι(
1100 2418 1280 2446 Praevaluere
1292 2417 1329 2454 (a)
1339 2425 1491 2445 sermones
1503 2415 1638 2446 Jonadab
1650 2415 1703 2443 filii
1714 2415 1844 2452 Rechab,

1069 2474 1144 2502 quos
1167 2465 1307 2502 praecepit
1328 2464 1398 2492 filiis
1418 2464 1541 2498 suis,ut
1559 2470 1620 2491 non
1643 2462 1780 2491 biberent
1799 2462 1844 2491 vi-

1067 2521 1154 2548 num,
1171 2512 1221 2548 qui
1236 2512 1415 2540 obedierunt
1432 2512 1580 2548 praecepto
1594 2509 1686 2546 patris
1700 2510 1746 2537 sui
1763 2519 1770 2538 :
1786 2517 1843 2545 ego

1066 2563 1165 2588 autem
1190 2559 1307 2588 locutus
1334 2567 1401 2587 sum
1425 2558 1465 2587 ad
1487 2565 1562 2593 vos,
1584 2559 1612 2586 et
1634 2564 1697 2586 non
1720 2556 1843 2586 audistis

1065 2615 1131 2641 me,
1146 2616 1160 2634 n
1177 2609 1231 2634 ele.

1099 2655 1199 2684 Melius
1211 2654 1357 2691 judicavit
1376 2656 1508 2684 Susanna
1531 2652 1663 2681 incidere
1685 2652 1716 2681 in
1734 2659 1841 2681 manus

1065 2702 1239 2737 hominum,
1252 2711 1344 2739 quam
1365 2702 1572 2738 derelinquere
1586 2701 1683 2737 legem
1704 2700 1772 2734 Dei,
1788 2707 1839 2728 ex-
