2004 3037
176 221 234 252 146

174 284 343 315 remittendi
360 282 534 321 peccatum)
551 291 558 311 z
578 284 606 310 et
623 289 678 319 per
697 281 756 310 hoc
773 277 962 318 desperatio-'

174 340 245 361 nem
255 353 264 367 ‚
292 331 341 359 vel
362 329 641 366 praesumptionem,
664 327 714 357 vel
742 327 816 357 alias
840 327 954 364 speeies

173 378 264 414 hujus
277 377 400 414 peccati.

209 425 265 452 Sex
279 425 346 452 sunt
359 423 473 460 species
486 422 599 459 peccati
612 421 644 450 in
654 420 794 458 Spiritum
806 422 952 456 sanctum,

172 471 311 499 videlieet
332 469 515 507 desperatio,
538 468 748 506 praesumptio,
767 467 953 503 impugnatio

172 517 302 546 veritatis
316 517 437 552 agnitae,
458 515 622 544 invidentia
635 514 783 543 charitatis
803 513 952 548 fraternae,

173 563 348 598 obstinatio,
362 563 461 591 finalis
478 561 703 599 impoenitentia.
720 562 832 588 Horum
849 567 954 587 nume-

171 619 222 638 rus
236 611 277 638 sic
292 609 443 646 accipitur.
457 610 489 637 In
502 608 675 637 remissione
687 607 743 635 tria
754 608 831 641 sunt,
843 606 954 634 scilicet

171 657 234 694 ipse
249 657 414 692 remittens,
431 657 458 684 et
472 655 521 683 ille
541 655 588 683 cui
606 654 773 688 remittitur,
794 661 828 681 ac
849 653 951 689 dispo-

171 704 237 732 sitio
252 703 421 732 rcmittendi
435 702 466 730 in
481 710 515 730 eo
531 702 578 730 cui
592 701 758 730 remittitur.
775 703 807 729 ln
825 700 891 736 ipso
906 707 951 728 re-

171 751 302 780 mittente
317 751 378 779 duo
393 752 477 784 sunt,
492 749 603 777 scilicet
615 747 834 783 misericordia,
850 749 877 775 et
889 747 951 782 jus-

170 798 242 826 titia.
259 799 367 826 Contra
383 797 513 833 primum
529 798 572 823 est
589 795 757 831 desperatio
764 803 772 829 ;
789 795 892 822 contra
905 801 951 821 se-

171 844 313 879 cundum,
330 843 531 880 prcesumptio.
547 844 578 870 ln
593 849 629 870 eo
644 841 691 869 eui
706 840 872 875 remittitur,
889 839 950 867 duo

170 895 247 927 sunt,
260 891 370 919 scilicet
384 891 471 919 dolor
486 890 521 918 dc
538 888 708 923 commisso,
725 890 752 915 et
764 885 950 922 propositum

171 938 208 966 de
225 946 287 966 non
302 937 526 966 committendo.
541 937 649 964 Contra
662 934 793 971 primum
806 935 849 960 est
862 931 951 960 obsti-

169 985 249 1013 natio
260 994 269 1020 ;
290 987 392 1013 eontra
410 983 590 1017 secundum,
611 981 708 1009 finalis
724 978 948 1016 impoenitentia.

169 1033 310 1059 Praetcrea
324 1030 477 1066 dispositio
492 1027 663 1057 remittendi
678 1027 708 1055 in
723 1034 771 1060 eo,
786 1026 834 1054 cui
850 1025 949 1054 remit-

168 1077 247 1111 titur,
263 1077 375 1113 duplex
389 1079 441 1110 est,
456 1075 567 1104 scilicet
583 1073 714 1110 cognitio
728 1073 808 1107 veri,
823 1074 851 1100 ct
865 1079 950 1100 amor

168 1123 251 1151 boni.
276 1125 382 1151 Contra
402 1123 533 1159 primum
552 1124 594 1149 cst
614 1119 801 1156 impugnatio
819 1118 949 1146 veritatis

169 1170 289 1206 agnitae;
309 1172 411 1198 contra
432 1168 610 1202 secundum,
633 1166 795 1194 invidentia
815 1165 949 1193 fraterna}

169 1217 280 1253 gratioe.
297 1219 335 1244 Dc
349 1216 431 1244 tinali
449 1214 673 1251 impoenitentia,
691 1215 762 1241 nota
777 1212 861 1248 quod
875 1211 949 1238 sicut

168 1263 239 1291 dicit
262 1262 514 1291 continuationem
534 1260 647 1297 peccati
672 1267 766 1295 usque
788 1259 819 1286 in
840 1259 947 1292 linem,

168 1311 209 1338 sic
223 1310 253 1337 in
268 1310 350 1338 omni
366 1310 498 1344 peccato,
516 1307 545 1334 iu
562 1315 622 1342 quo
640 1306 707 1341 quis
721 1306 845 1333 scienter
859 1304 947 1332 dece-

168 1357 221 1390 dit,
237 1358 264 1384 et
277 1355 373 1383 finalis
383 1353 610 1390 impoenitentia;
623 1354 712 1388 prout
724 1353 823 1380 autem
834 1353 876 1378 est
889 1358 949 1377 una

167 1403 278 1439 species
292 1402 404 1438 pcccati
426 1402 456 1429 in
475 1400 615 1437 Spiritum
634 1400 768 1427 sanctum
783 1396 948 1425 secundum

167 1450 251 1486 quod
271 1449 318 1477 hic
333 1449 466 1482 sumitur,
487 1447 528 1475 sic
548 1447 656 1475 dicitur
676 1444 864 1482 propositum
886 1450 948 1470 non

166 1495 340 1533 poenitendi.

418 1575 559 1610 CAPUT
584 1574 693 1607 XXX.

316 1656 500 1684 Dinumeratz'o
516 1656 687 1689 peccatorum
706 1651 802 1679 cordis.

203 1734 323 1761 Peccata
341 1731 440 1759 cordis
455 1731 521 1757 sunt
536 1729 597 1756 hacc
612 1737 618 1755 τ
641 1726 797 1762 cogitatio,
818 1724 946 1751 delecta-

167 1780 207 1808 tio
219 1801 227 1814 ,
244 1786 418 1811 consensus,
435 1775 616 1804 desiderium
630 1774 715 1807 mali,
732 1771 870 1799 voluntas
883 1778 947 1806 per-

167 1834 253 1855 versa
266 1847 275 1861 ,
290 1824 466 1857 infidelitas,
488 1821 639 1849 indevotio
651 1841 659 1855 ,
683 1817 873 1855 praestimptio
884 1838 891 1850 ‚
911 1816 946 1843 ti-

167 1882 234 1902 mor
251 1872 328 1900 male
350 1870 529 1903 humilians,
554 1875 639 1895 amor
662 1865 740 1893 male
764 1863 946 1896 accendens,

167 1919 307 1955 suspicio,
323 1918 376 1951 ira,
393 1916 521 1949 invidia,
538 1915 660 1947 odium,
673 1912 775 1939 timere
791 1910 947 1943 serviliter,

168 1965 309 1994 exultatio
324 1965 353 1991 iu
369 1962 501 1991 adversis
513 1960 657 1997 proximi,
675 1960 860 1992 contemptus
875 1964 947 1992 pau-

166 2020 273 2049 perum
287 2011 335 2038 vel
354 2010 543 2045 pcccatorum
554 2028 562 2041 ,
583 2012 779 2042 personarum
795 2002 926 2038 acceptio
936 2023 945 2036 ,

166 2058 294 2095 pertidia
304 2079 312 2092 ,
328 2057 447 2084 ass'cctus
462 2056 618 2090 parentum
634 2051 770 2085 carnalis,
787 2050 887 2085 inepta
898 2049 946 2076 iae-

167 2106 228 2133 titia
239 2127 247 2140 ,
262 2103 362 2132 saeculi
379 2102 492 2130 tristitia
503 2122 511 2136 ,
527 2098 727 2135 impatientia,
744 2096 886 2129 avaritia,
902 2103 947 2122 su-

167 2153 289 2189 perbia,
311 2150 510 2187 perplexitas,
530 2146 689 2174 obstinatio
713 2143 803 2178 mali,
828 2142 946 2170 taedium

167 2199 240 2227 honi
252 2220 260 2233 ,
277 2198 393 2230 acedia,
411 2194 607 2223 inconstantia
618 2214 626 2227 ,
643 2199 732 2227 pti-na
747 2189 926 2226 poenitentia‘
937 2209 946 2222 ,

168 2245 256 2272 dolor
273 2244 343 2279 quia
358 2251 418 2269 non
433 2241 501 2269 i'acit
522 2240 589 2275 plus
609 2239 739 2272 malum,
761 2236 926 2272 hypocrisis
937 2256 945 2269 ‚

169 2299 253 2319 amor
271 2289 428 2325 placendi,
450 2288 538 2314 timor
553 2284 748 2320 displicendi,
767 2282 947 2310 verecundia

169 2338 206 2365 de
221 2338 302 2365 bono
316 2343 405 2371 opcrc
415 2355 422 2366 ,
439 2340 523 2360 amor
538 2331 684 2367 privatus,
701 2337 803 2357 sensus
818 2328 947 2363 singula-

168 2384 208 2412 ris
221 2405 229 2419 ,
249 2382 371 2411 ambitio
387 2380 585 2415 dignitatum,
604 2385 682 2404 vana
697 2376 792 2411 gloria
807 2375 844 2402 de
859 2374 946 2401 bonis

168 2433 295 2463 naturai,
309 2428 357 2455 vel
371 2427 481 2462 gratiae,
498 2424 545 2452 vel
560 2424 700 2457 fortunar,
717 2421 895 2449 verecundia
908 2420 944 2447 de

166 2476 349 2514 pauperibus
365 2473 477 2506 amicis,
494 2472 678 2505 contemptus
693 2468 944 2502 admonitionum,

166 2520 423 2552 immisericordia.

501 213 758 248 COMPENDIUM
778 206 1040 246 THEOLOGICAE
1060 212 1287 247 VERI'I'ATIS.
1310 211 1387 246 LlB.
1411 204 1466 245 1'11.

1222 327 1392 362 CAPUT
1427 326 1572 362 XXXI.

1269 401 1306 427 De
1323 401 1440 435 peccatis
1459 400 1528 426 oris.

1046 467 1167 495 Peccata
1180 467 1240 496 oris
1253 468 1322 496 sunt
1338 468 1402 496 haec
1417 476 1424 494 :
1447 466 1552 495 crebra
1566 466 1677 502 juratio
1689 488 1700 502 ‚
1717 474 1787 503 per-

1006 512 1138 548 jurium,
1162 513 1368 550 blasphemia,
1391 521 1503 541 nomen
1523 513 1574 540 Dei
1594 512 1789 542 irreverenter

1009 567 1158 587 assumere
1169 581 1179 594 ,
1194 560 1348 588 veritatem
1361 560 1539 596 impugnare
1548 580 1557 594 ,
1578 559 1616 587 de
1629 559 1788 587 mendacio

1009 607 1036 633 et
1052 605 1135 633 vanis
1150 606 1224 634 alios
1242 606 1386 634 instruere
1396 627 1406 640 ,
1426 608 1529 634 contra
1548 607 1640 634 Deum
1654 613 1789 633 murmu-

1007 659 1091 687 rare,
1107 653 1298 681 irreverenter
1312 652 1401 681 horas
1415 652 1530 687 dicere,
1545 652 1699 687 detractio,
1715 651 1790 680 adu-

1007 698 1098 733 latio,
1127 699 1338 734 mendacium,
1366 699 1567 735 vituperium,
1596 699 1788 734 maledictio,

1006 744 1159 774 infamatio
1169 765 1179 780 ,
1193 745 1341 774 contentio
1351 766 1362 779 ‚
1376 745 1567 773 comminatio
1578 766 1587 780 ,
1600 745 1787 781 impugnatio

1006 791 1136 820 veritatis
1157 792 1283 828 agnitoe,
1307 791 1492 828 impugnatio
1514 791 1662 820 charitatis
1680 791 1785 820 frater-

1006 845 1066 872 nae,
1082 837 1238 866 seminatio
1260 837 1416 865 discordiae
1426 857 1436 872 ‚
1450 837 1593 873 proditio,
1607 837 1716 866 falsum
1729 839 1787 866 tes-

1006 884 1163 912 timonium
1173 905 1182 919 ,
1198 883 1279 912 mala
1292 883 1431 919 consilia,
1447 883 1556 912 derisio
1566 906 1576 920 ,
1592 884 1786 913 contradictio

1006 930 1202 966 obedientias,
1224 930 1370 958 invertere
1390 930 1468 958 sacta
1487 930 1588 964 bona,
1606 929 1638 958 in
1656 929 1786 958 ecclesiis

1006 977 1148 1014 placitare
1158 999 1167 1012 ,
1183 978 1223 1006 ad
1236 978 1311 1006 iram
1325 977 1478 1006 hominem
1493 985 1669 1014 provocare,
1685 985 1786 1014 repre-

1004 1024 1135 1053 hcndere
1150 1025 1321 1061 proximum
1340 1025 1372 1052 iu
1391 1024 1493 1060 aliquo
1516 1024 1599 1060 quod
1614 1025 1676 1061 ipse
1693 1024 1784 1060 facis,

1005 1071 1214 1108 vaniloquium
1224 1092 1233 1106 ,
1264 1071 1482 1107 stultiloquium
1494 1092 1502 1106 ,
1531 1071 1664 1107 proferre
1693 1070 1786 1099 verba

1005 1118 1098 1145 otiosa
1110 1139 1118 1153 ,
1144 1118 1191 1146 vel
1213 1117 1365 1154 superflua
1375 1139 1384 1152 ‚
1409 1117 1457 1146 vel
1481 1117 1599 1145 curiosa
1612 1139 1621 1152 ,
1643 1116 1786 1152 jactantia

1005 1165 1184 1199 verborum,
1205 1164 1357 1200 superflua
1374 1164 1499 1200 politio,
1518 1166 1710 1200 peccatorum
1732 1163 1786 1192 de·

1003 1211 1109 1246 fensio,
1125 1211 1250 1246 clamor,
1263 1211 1350 1245 risus,
1365 1211 1537 1246 cachinnuS,
1553 1210 1783 1247 turpiloquium,

1004 1257 1204 1293 lenocinium,
1231 1260 1348 1286 cantare
1372 1257 1532 1286 cantilenas
1555 1257 1729 1291 saecularem,
1753 1257 1784 1285 in

1004 1307 1092 1332 cantu
1113 1304 1215 1332 divino
1238 1305 1334 1340 magis
1357 1304 1474 1332 studere
1499 1312 1604 1332 vocem
1628 1303 1784 1339 frangere,

1004 1359 1095 1386 quam
1111 1351 1217 1379 devote
1231 1351 1370 1387 psallere,
1386 1358 1584 1385 murmurare,
1599 1350 1693 1378 verba
1705 1357 1783 1377 scur-

1003 1397 1069 1425 rilia
1083 1397 1222 1433 proterre,
1237 1397 1267 1424 in
1282 1397 1390 1432 injusta
1400 1405 1489 1425 causa
1499 1397 1660 1437 advocare3
1671 1395 1784 1424 malum

1004 1444 1226 1472 commendare.

1204 1537 1374 1571 CAPUT
1410 1537 1577 1570 XXXII.

1251 1611 1288 1636 De
1304 1611 1424 1645 peccatis
1443 1611 1540 1644 operis.

1039 1680 1159 1706 Peccata
1169 1677 1268 1714 operis
1278 1680 1345 1705 sunt
1356 1678 1437 1706 hoec:
1454 1678 1534 1713 gula,
1548 1677 1677 1712 luxuria,
1690 1677 1782 1707 ebrie-

1003 1727 1046 1752 tas
1057 1745 1066 1758 ,
1081 1725 1209 1752 simonia
1220 1746 1229 1759 ,
1245 1725 1430 1760 sortilegium
1443 1746 1452 1759 ‚
1468 1724 1590 1753 violatio
1607 1724 1723 1753 dierum
1738 1732 1783 1752 so-

1002 1770 1164 1805 lemnium,
1181 1771 1372 1806 sacrilegium
1383 1791 1392 1805 ,
1407 1771 1529 1806 indigne
1546 1770 1780 1804 communicare,

1002 1819 1141 1844 votorum
1156 1817 1269 1850 fractio,
1286 1817 1442 1852 apostasia,
1462 1817 1617 1845 dissolutio
1633 1817 1663 1844 in
1679 1816 1780 1845 divino

1003 1863 1102 1891 officio
1113 1885 1122 1898 ‚
1140 1863 1338 1890 scandalizare
1354 1871 1408 1891 suo
1424 1863 1504 1891 malo
1520 1862 1668 1898 exemplo,
1684 1862 1782 1898 proxi-

1002 1917 1085 1937 mum
1100 1917 1289 1945 corrumpere
1300 1930 1308 1944 ,
1325 1909 1432 1937 laedere
1449 1909 1604 1937 hominem
1624 1909 1673 1936 vel
1690 1909 1721 1936 in
1738 1916 1782 1936 re-

1001 1956 1057 1983 bus
1068 1977 1076 1990 ‚
1092 1956 1139 1983 vcl
1154 1956 1184 1983 in
1199 1963 1327 1991 persona
1337 1977 1345 1990 ,
1368 1956 1416 1983 vel
1430 1955 1461 1983 in
1476 1956 1555 1984 fama
1565 1977 1574 1990 ,
1589 1956 1717 1989 turtum,
1733 1962 1781 1982 ra-

1001 2003 1092 2038 pina,
1108 2009 1207 2037 usura,
1224 2002 1370 2038 deceptio,
1387 2002 1491 2036 ludus,
1506 2001 1637 2030 venditio
1651 2001 1780 2036 jnstitioe,

1002 2050 1115 2078 exactio
1140 2050 1294 2082 indebita,
1316 2048 1435 2077 telonea
1458 2049 1587 2083 injusta,
1612 2048 1779 2076 auscultare

1001 2097 1080 2124 mala
1094 2118 1102 2131 ,
1115 2096 1332 2131 joculatoribus
1347 2095 1419 2123 dare
1430 2116 1439 2129 ,
1454 2094 1621 2123 necessaria
1635 2095 1691 2122 sibi
1707 2094 1779 2122 sub-

1001 2143 1132 2173 trahere,
1150 2144 1299 2178 superssua
1314 2150 1446 2176 sumere,
1461 2142 1539 2169 ultra
1553 2142 1630 2169 vires
1644 2140 1780 2176 proprias

1001 2190 1147 2225 quiddam
1163 2189 1285 2225 aggredi
1298 2211 1306 2224 ,
1328 2188 1511 2217 consuetudo
1527 2187 1670 2223 peccandi
1681 2208 1689 2222 ,
1706 2186 1780 2214 reci-

1001 2236 1112 2264 divatio
1124 2257 1133 2269 ,
1158 2235 1318 2262 simultatio
1330 2255 1339 2268 ,
1366 2236 1463 2261 tenere
1487 2233 1619 2261 officium
1638 2233 1678 2261 ad
1696 2232 1780 2268 quod

1000 2290 1061 2310 non
1076 2282 1182 2309 sufficit
1192 2302 1201 2315 ,
1218 2281 1265 2309 vel
1281 2280 1363 2316 quod
1378 2280 1439 2307 sine
1455 2282 1577 2315 peccato
1596 2287 1658 2307 non
1673 2279 1778 2314 agitur,

1001 2329 1167 2357 choreizare
1179 2348 1187 2361 ‚
1207 2327 1370 2355 novitatem
1383 2326 1515 2354 invenire
1528 2347 1537 2360 ,
1559 2326 1722 2361 majoribus
1733 2333 1779 2353 re-

1000 2375 1112 2403 bellare
1123 2396 1132 2409 ,
1154 2374 1283 2401 minores
1299 2373 1467 2408 opprimere
1477 2394 1486 2407 ‚
1503 2372 1676 2408 delinquere
1691 2372 1756 2398 visu
1767 2392 1776 2406 ,

1000 2421 1102 2450 auditu
1114 2442 1122 2454 ,
1138 2421 1266 2448 odoratu
1276 2441 1284 2454 ,
1302 2422 1405 2454 gustu,
1423 2421 1450 2446 et
1464 2421 1541 2446 tactu
1551 2440 1561 2453 ,
1577 2418 1656 2446 lucta
1666 2438 1676 2452 ,
1693 2425 1777 2445 oscu-

999 2468 1054 2502 lis,
1068 2467 1252 2501 muncrihus,
1269 2466 1437 2500 itineribus,
1454 2465 1585 2499 nutibus,
1603 2463 1776 2498 mendaciis,

998 2514 1147 2549 scripturis
1158 2533 1167 2547 ,
1189 2512 1420 2540 circumstantias
1435 2513 1628 2546 aggravantes
1643 2510 1777 2538 omittere

1000 2561 1084 2596 (quae
1102 2561 1170 2587 sunt
1192 2562 1326 2595 tempus,
1346 2559 1449 2593 locuS,
1470 2557 1596 2591 moduS‚
1615 2564 1776 2590 numerus,

997 2614 1143 2643 persona,
1163 2614 1266 2641 mora,
1292 2605 1433 2639 scientia,
1457 2605 1564 2639 azias),
1586 2603 1776 2632 tentationem

997 2652 1175 2688 praevenire,
1192 2652 1323 2687 scipsum
1338 2651 1376 2679 ad
1390 2652 1545 2686 peccatum
1559 2658 1674 2685 cogere.
