2004 3037
791 220 922 256 CAPUT
950 222 1060 256 XVHL

155 302 169 318 α
186 291 380 321 contristatus
402 291 446 322 est
468 291 570 322 animo
589 289 751 321 Antiochus
775 291 898 328 propter

115 341 244 369 mortem
257 341 354 376 Oniae,
369 342 398 370 et
416 340 512 370 flexus
536 339 576 369 ad
597 337 834 368 misericordiam
856 338 899 367 la-

116 394 234 425 crymas
252 387 344 425 fudit,
358 387 532 417 recordatus
552 386 682 416 defuncti
705 385 897 433 sobrietatem

116 436 144 464 et
158 435 351 471 modestiam,
367 445 381 462 n
397 435 420 464 11
434 435 538 470 Mach„
556 442 597 463 iv.

151 482 259 512 Occisis
281 482 370 511 bimis
389 482 491 519 pueris
509 490 565 518 per
578 481 743 516 Herodem,
762 491 776 507 «
789 480 895 517 imple-

114 530 179 558 tum
194 531 237 558 est
252 529 337 566 quod
352 529 465 558 dictum
488 531 530 557 est
552 536 606 565 per
629 527 807 557 Hieremiam
827 536 898 564 pro-

113 577 235 613 phetam
252 586 259 605 :
274 578 338 606 Vox
351 577 382 605 in
397 578 490 604 Rama
505 575 608 605 audita
630 576 691 611 est,
711 574 847 612 ploratus
866 576 895 604 et

113 624 263 660 ululatus,
278 634 293 651 »
309 626 365 653 etc.
380 624 494 658 Matth„
507 631 539 651 11.

148 672 232 699 Pater
246 671 332 708 pueri
350 670 472 702 lunatici
491 669 690 698 «exclamans
710 677 779 698 cum
796 669 895 705 lacry-

113 718 170 747 mis
184 718 283 747 aiebat
299 728 306 747 :
322 718 454 753 «Credo,
473 717 613 753 Domine,
630 717 742 753 adjuva
755 717 895 746 incredu-

112 764 224 794 litatem
239 773 349 795 meam.
364 775 379 793 i>
395 767 495 800 Marc„
511 773 553 794 1x.

147 812 238 841 Maria
252 813 429 848 Magdalena
443 812 551 848 legitur
566 811 681 841 flevisse
696 820 751 848 pro
767 811 895 848 peccatis

112 860 172 888 suis
188 860 225 888 ad
249 860 343 897 pedes
358 859 494 894 Domini,
510 861 587 894 Luc.,
602 867 643 888 vn
657 869 665 895 ;
682 859 815 887 secundo
838 867 894 895 pro

112 908 208 935 morte
222 907 334 942 fratris,
348 908 440 942 Ioum,
454 915 484 934 xi
496 915 504 942 ς
516 906 602 935 tertio
617 914 672 943 pro
687 906 825 943 passione
840 907 896 934 Do-

111 954 186 982 mini
199 956 265 982 Jesu
280 954 399 990 Christi,
414 955 506 988 Joan„
521 961 584 982 xxi.

147 1000 283 1029 Salvator
292 1003 392 1030 noster
404 1001 553 1030 invenitur
563 1000 657 1029 tribus
668 1000 785 1029 vicibus
799 1000 894 1037 lacry-

110 1055 175 1075 mas
203 1047 342 1076 effudisse
363 1057 370 1076 z
392 1049 418 1076 1.
442 1056 533 1084 super
555 1049 714 1082 Lazarum,
739 1056 831 1084 quern
855 1047 894 1076 ad

109 1094 186 1123 hanc
214 1095 372 1124 mortalem
397 1095 490 1123 vitam
515 1094 697 1129 revocabat,
721 1096 813 1129 Joan„
841 1103 892 1132 x13

109 1143 137 1170 2.
155 1150 245 1178 super
260 1142 407 1171 civitatem
423 1142 622 1178 Hierusalem,
642 1150 735 1178 quam
754 1150 809 1178 pro
825 1150 894 1178 pec-

110 1191 175 1218 cato
188 1189 335 1218 ruituram
349 1189 476 1224 sciehat,
490 1191 569 1224 Luc„
583 1197 653 1223 X1x3
671 1190 698 1217 et
708 1190 735 1216 3.
748 1188 779 1216 in
793 1197 891 1224 cruce,

110 1236 234 1273 quando
256 1236 388 1274 scipsum
408 1245 464 1273 pro
485 1236 614 1273 peccatis
633 1236 740 1264 mundi
762 1235 892 1264 hostiam

110 1285 273 1321 offerebat,
289 1286 370 1320 Heb„
385 1293 426 1313 v:
445 1287 577 1313 «Preces
596 1292 666 1312 cum
688 1284 819 1313 clamore
839 1292 892 1313 va-

110 1331 174 1360 lido
191 1335 218 1361 et
232 1332 373 1369 lacrymis
389 1332 533 1367 offerens,
549 1341 563 1359 »
582 1333 638 1360 etc.

145 1380 247 1408 Petrus
263 1401 271 1415 ,
299 1382 367 1416 post
393 1380 583 1415 negationem
614 1378 724 1407 trinam
751 1378 891 1414 Domini,

111 1435 126 1453 et
142 1435 277 1463 egressus
290 1426 370 1455 foras
384 1427 465 1456 flevit
487 1434 597 1455 amare.
614 1436 628 1452 »
645 1426 702 1454 Sed
719 1428 791 1454 nota
805 1426 891 1463 quod

108 1474 200 1502 Lucas
214 1474 375 1511 praemisit,
397 1474 499 1503 dicens
523 1482 531 1502 ε
552 1483 566 1499 «
587 1474 725 1510 Respexit
748 1474 891 1502 Dominus

108 1522 240 1557 Petrum,
254 1532 269 1549 η
286 1522 363 1557 Luc„
377 1529 451 1550 xxii.

143 1569 268 1597 Euntem
287 1568 448 1596 Dominum
468 1567 508 1596 ad
527 1575 661 1602 crucem,
680 1576 693 1593 «
709 1567 893 1604 sequebatur

106 1615 195 1643 turba
208 1615 303 1643 multa
316 1615 422 1652 populi
437 1616 466 1643 et
485 1614 662 1649 mulierum,
679 1622 746 1650 quae
769 1615 891 1652 plange-

107 1661 196 1697 bant,
212 1663 240 1690 et
254 1662 495 1691 lamentabantur
510 1670 579 1691 eum
588 1685 596 1699 ‚
610 1674 623 1690 »
649 1663 724 1697 Luc„
740 1671 825 1691 xxm.

142 1709 250 1737 Paulus
264 1710 423 1746 Apostolus
443 1719 511 1738 cum
530 1711 671 1748 lacrymis
686 1711 810 1739 Domino
825 1719 888 1739 ser-

105 1756 223 1793 viebat;
247 1757 288 1785 ait
308 1757 402 1793 enim,
430 1758 508 1793 Act„
534 1768 591 1794 xx,
615 1767 683 1787 cum
710 1759 889 1787 valediceret

104 1803 246 1833 fratribus
267 1806 305 1833 de
319 1806 386 1834 Asia
402 1815 410 1835 ε
429 1808 514 1835 «Vos
535 1807 614 1835 scitis
636 1808 764 1844 qualiter
786 1808 889 1836 vobis-

105 1859 173 1880 cum
187 1860 242 1889 per
253 1861 342 1881 omne
357 1855 473 1890 tempus
488 1853 606 1889 fuerim,
619 1855 749 1883 serviens
761 1855 887 1884 Domino

105 1906 174 1926 cum
189 1899 271 1927 omni
285 1899 450 1928 humilitate
465 1902 493 1928 et
508 1902 608 1929 multis
622 1901 772 1938 lacrymis.
797 1913 811 1929 »

138 1947 224 1982 Item,
239 1955 306 1975 cum
320 1947 461 1984 lacrymis
475 1949 630 1984 proximos
644 1950 842 1986 admonebat,
860 1952 888 1979 et

104 1993 185 2029 ipsos
199 1994 239 2022 ad
252 1994 401 2030 lacrymas
416 1996 616 2031 provocabat,
631 1996 695 2024 Act.
700 2017 710 2032 ,
723 2005 765 2025 xx
780 2005 787 2025 :
805 2007 818 2023 «
834 1999 887 2026 Per

103 2040 264 2069 triennium
277 2042 364 2069 nocte
379 2043 408 2070 et
421 2041 469 2069 die
486 2050 548 2070 non
568 2043 680 2071 cessavi
700 2051 768 2071 cum
786 2044 886 2072 multis

104 2087 245 2124 lacrymis
256 2096 382 2116 monens
392 2097 642 2126 unumquemque
652 2092 794 2125 vestrum,
804 2102 817 2116 n
830 2093 885 2120 ete.

103 2133 259 2170 Sequitur:
272 2144 286 2162 «
299 2137 421 2172 Magnus
436 2138 537 2165 autem
551 2136 644 2166 sactus
663 2138 707 2166 est
725 2137 811 2166 fletus
823 2146 886 2166 om-

103 2180 187 2209 nium
196 2202 206 2217 ,
223 2182 278 2211 etc.

137 2229 209 2257 Item
222 2237 290 2257 cum
304 2229 446 2267 lacrymis
466 2231 606 2267 epistolas
627 2239 695 2260 suas
715 2231 884 2268 scribebat,

102 2276 123 2304 ll
140 2276 212 2311 Cor„
226 2284 248 2305 11
265 2285 272 2305 :
291 2286 305 2303 «
321 2279 362 2305 Ex
377 2277 471 2306 multa
486 2278 677 2308 tribulatione
698 2281 726 2308 et
748 2279 884 2315 angustia

102 2322 201 2351 cordis
223 2323 327 2359 scripsi
355 2325 442 2352 vobis
470 2334 524 2361 per
551 2327 660 2354 multas
687 2327 846 2363 lacrymas
865 2337 880 2354 n

100 2370 171 2398 Item
186 2390 195 2405 ,
221 2371 359 2406 Philipp„
383 2379 439 2399 111:
459 2381 472 2398 «
500 2372 580 2401 Multi
608 2373 785 2409 ambulant,
806 2382 884 2410 quos

101 2424 178 2452 saepe
194 2417 331 2446 dicebam
345 2419 433 2446 vobis
443 2440 451 2453 ,
467 2427 547 2447 nunc
560 2422 660 2449 autem
674 2423 701 2449 et
715 2421 789 2450 flens
803 2421 882 2458 dico,

102 2462 238 2493 inimicos
254 2466 349 2494 crucis
364 2466 484 2503 Christi,
497 2477 510 2494 n
530 2469 583 2496 etc.

137 2512 208 2539 item
223 2520 292 2541 cum
306 2512 446 2550 lacrymis
461 2514 583 2549 orabat,
601 2515 675 2550 Act„
691 2523 729 2544 xx
747 2525 753 2544 :
774 2527 787 2542 u
801 2516 883 2544 Posi-

101 2557 137 2585 tis
161 2558 286 2594 genibus
308 2560 368 2588 suis
396 2569 465 2589 cum
492 2562 633 2590 omnibus
662 2562 721 2590 illis
736 2584 746 2599 ,
772 2563 883 2600 quibus

100 2605 281 2641 loquebatur
292 2627 302 2642 ,
318 2608 434 2643 oravit3
453 2616 582 2645 magnus
601 2611 700 2637 autem
720 2610 814 2638 factus
829 2610 881 2639 sse-

100 2653 148 2680 tus
169 2655 212 2681 est
235 2653 415 2682 omnium.»
444 2656 534 2691 Rom,
548 2663 612 2684 vn:
637 2656 788 2693 «Spiritus
813 2666 883 2694 pos-

101 2698 174 2729 tulat
186 2707 242 2737 pro
256 2700 344 2729 nobis
354 2701 392 2738 (ιι)
403 2721 413 2737 ,
423 2711 438 2729 »
453 2702 485 2730 id
496 2705 555 2737 est,
570 2703 720 2740 postulare
731 2712 786 2733 nos
799 2705 879 2741 facit,

1675 233 1732 265 51¹

955 300 970 318 α
984 291 1145 328 gemitibus
1163 294 1431 325 inenarrabilibus:
1447 306 1461 325 >›
1478 297 1551 327 tales
1569 300 1670 328 autem
1685 307 1736 336 ge-

952 338 1042 368 mitus
1058 347 1119 369 non
1135 340 1231 370 solent
1246 350 1307 371 esse
1323 343 1386 372 sine
1401 343 1481 373 fletu.

992 386 1083 414 «Cum
1093 387 1281 417 advenisset»
1292 391 1392 419 Petrus
1399 391 1430 419 in
1440 393 1577 429 Joppem,
1588 403 1602 420 α
1611 394 1737 423 circum-

951 434 1093 462 steterunt
1114 442 1183 463 eum
1204 444 1308 465 omnes
1332 437 1430 466 viduoe
1452 438 1555 468 flentes
1563 461 1572 476 ,
1590 443 1618 469 et
1637 443 1736 470 osten-

952 480 1054 509 dentes
1081 481 1196 511 tunicas
1224 485 1253 511 et
1282 486 1394 521 vestes,
1421 494 1496 523 quas
1522 487 1651 516 faciebat
1676 488 1736 517 illis

953 528 1060 556 Dorcas
1070 549 1081 565 ,
1096 539 1110 556 r»
1127 530 1204 566 Act„
1219 538 1260 559 ix.

1163 644 1333 679 CAPUT
1370 645 1522 682 XVIH.

1230 731 1270 759 De
1287 732 1454 761 Juramento.

986 810 1064 840 Dixit
1082 811 1260 841 Abimelech
1287 814 1327 842 ad
1352 815 1505 844 Abraham
1528 826 1535 845 2
1556 827 1570 843 «
1593 817 1735 847 Dominus

950 859 1049 886 tecum
1073 861 1116 888 est
1137 859 1169 887 in
1194 861 1355 897 universis,
1380 871 1448 898 quae
1472 863 1638 900 agis:jura
1662 874 1734 902 ergo

949 905 1023 933 mihi
1047 914 1084 934 ne
1108 914 1218 935 noceas
1237 908 1328 944 mihi,
1345 919 1359 936 »
1383 911 1436 938 etc.
1456 911 1620 948 «Dixitque
1641 913 1734 942 Abra-

948 952 1020 980 ham
1035 962 1042 981 :
1059 955 1119 989 Ego
1131 954 1252 990 Jurabo,
1268 965 1283 981 a>
1300 958 1368 990 etc„
1386 956 1491 991 Genes„
1505 966 1566 987 xxi.

984 1000 1076 1029 Jacob
1100 1003 1128 1029 et
1142 1002 1242 1030 Laban
1266 1002 1396 1031 inierunt
1418 1003 1535 1041 foedus,
1552 1008 1581 1034 et
1597 1007 1734 1042 «juravit

948 1047 1040 1075 Jacob
1051 1056 1104 1084 per
1115 1048 1253 1077 timorem
1268 1050 1360 1086 patris
1371 1051 1414 1078 sui
1427 1052 1523 1087 Isaac,
1534 1063 1548 1079 ν)
1563 1053 1639 1087 Gen„
1649 1063 1731 1083 xxxi.

988 1105 1002 1121 ιι
1016 1096 1130 1131 Moyses
1142 1096 1254 1131 juravit
1268 1097 1351 1133 quod
1370 1097 1518 1127 habitaret
1532 1108 1601 1127 cum
1615 1102 1733 1137 tethro,

949 1143 977 1169 et
1002 1142 1116 1178 accepit
1140 1143 1304 1179 Sephoram
1327 1144 1423 1173 filiam
1446 1146 1509 1182 ejus
1539 1155 1666 1176 uxorem
1681 1169 1689 1184 ,
1715 1159 1728 1176 »

947 1190 1051 1225 Emod„
1066 1198 1097 1218 11.

985 1237 1098 1273 Pepigit
1110 1238 1252 1267 Jonathas
1266 1238 1363 1267 foedus
1379 1248 1448 1268 cum
1465 1240 1557 1270 domo
1573 1242 1687 1279 David,
1704 1245 1733 1271 et

944 1283 1120 1319 juraverunt
1134 1285 1242 1320 ambo,
1257 1287 1267 1314 1
1282 1287 1359 1321 Req„
1373 1295 1424 1315 xx.

983 1331 1112 1359 Audiens
1134 1332 1228 1360 David
1251 1332 1393 1362 duritIam
1413 1335 1525 1371 Nabal,
1547 1336 1587 1364 ait
1607 1344 1615 1364 :
1638 1347 1652 1363 «
1672 1338 1731 1366 Hoc

946 1377 1034 1407 faciat
1048 1380 1123 1407 Deus
1137 1379 1264 1407 inimicis
1280 1380 1389 1416 David,
1405 1383 1433 1410 et
1446 1382 1504 1410 hoc
1520 1383 1630 1419 addat,
1647 1383 1670 1412 si
1687 1393 1732 1413 re-

946 1425 1063 1462 liquero
1079 1426 1116 1455 de
1132 1428 1273 1456 omnibus
1289 1437 1356 1465 quae
1377 1429 1417 1457 ad
1439 1438 1506 1458 eum
1522 1432 1670 1467 pertinent
1681 1441 1730 1461 us-

947 1481 1005 1509 que
1015 1481 1118 1509 mane,
1131 1475 1314 1510 mingentem
1325 1476 1363 1504 ad
1374 1477 1518 1512 parietem
1526 1499 1535 1512 ,
1548 1480 1645 1514 1Re9.,
1658 1488 1729 1509 xxv.

981 1520 1081 1549 Flente
1103 1522 1140 1558 (b)
1163 1522 1256 1550 David
1270 1531 1325 1559 pro
1349 1527 1444 1552 morte
1460 1525 1590 1554 Absalon
1604 1526 1658 1554 filii
1673 1528 1730 1562 sui,

946 1568 1021 1597 dixit
1044 1569 1118 1597 Joab
1139 1578 1146 1598 :
1169 1579 1183 1596 «
1200 1571 1291 1606 Surge
1311 1572 1339 1599 et
1357 1572 1503 1608 procede,
1519 1576 1547 1602 et
1571 1574 1729 1611 alloquens

946 1616 1062 1644 satisfac
1084 1616 1177 1645 servis
1200 1617 1266 1646 tuis.
1292 1619 1362 1646 Juro
1387 1619 1466 1647 enim
1482 1620 1535 1648 tibi
1555 1629 1609 1657 per
1632 1622 1729 1650 Domi-

945 1672 1036 1699 num,
1051 1665 1136 1701 quod
1150 1665 1173 1693 si
1188 1674 1250 1694 non
1264 1666 1385 1702 exieris,
1401 1675 1439 1695 ne
1454 1676 1531 1696 unus
1542 1669 1666 1705 quidem
1682 1678 1728 1698 re-

945 1720 1105 1740 mansurus
1120 1712 1157 1741 sit
1178 1715 1276 1742 tecum
1299 1717 1383 1743 nocte
1410 1715 1476 1744 hac.
1493 1726 1507 1743 »
1524 1719 1546 1746 ll
1567 1719 1646 1753 Κεφ,
1665 1727 1728 1748 mx.

982 1760 1075 1787 David
1090 1760 1243 1795 «juravit»
1262 1761 1431 1791 Bethsabeae
1445 1764 1534 1792 matri
1549 1765 1729 1801 SalomoniS,

945 1806 1030 1843 quod
1044 1807 1186 1835 Salomon
1201 1811 1340 1844 regnaret
1359 1812 1426 1846 post
1446 1819 1535 1846 eum,
1557 1813 1590 1841 111
1614 1814 1691 1849 Req„
1708 1821 1727 1842 ι.

980 1854 1042 1882 Rex
1068 1854 1230 1891 Salomon,
1252 1856 1355 1885 audita
1377 1857 1520 1893 petitione
1543 1859 1645 1887 matris
1674 1868 1729 1896 pro

944 1901 1076 1937 Adonin,
1088 1901 1200 1937 ,iuravit
1217 1911 1272 1939 per
1294 1904 1453 1932 Dominum
1464 1926 1473 1939 ,
1494 1905 1597 1934 dicens
1613 1915 1620 1934 ε
1639 1916 1653 1934 «
1668 1908 1728 1935 Hoc

942 1948 1031 1976 faciat
1054 1949 1127 1977 mihi
1151 1951 1241 1985 Deus,
1259 1951 1287 1978 et
1309 1950 1368 1979 hoc
1392 1952 1499 1988 addat,
1516 1954 1601 1989 quod
1625 1956 1729 1983 contra

943 1995 1077 2024 animam
1106 2005 1193 2025 suam
1225 1997 1342 2025 locutus
1370 2001 1412 2026 est
1441 1999 1571 2028 Adonias
1600 2001 1727 2030 verbum

942 2041 1009 2071 hoc.
1026 2052 1040 2069 n
1059 2044 1093 2072 lll
1106 2045 1185 2079 Req„
1202 2052 1232 2072 11.

979 2090 1055 2118 Dixit
1069 2090 1146 2118 Elias
1160 2091 1310 2119 Thesbites
1324 2092 1363 2120 ad
1377 2092 1477 2121 Achab
1493 2102 1595 2131 regem
1618 2096 1725 2125 lsrael:

945 2137 1044 2166 «Vivit
1058 2138 1201 2166 Dominus
1219 2140 1293 2166 Deus
1306 2140 1412 2175 lsrael,
1424 2140 1454 2168 in
1467 2142 1513 2178 cuj
1519 2150 1551 2170 us
1565 2146 1727 2179 conspectu

942 2185 1002 2218 sto,
1021 2184 1045 2211 si
1060 2185 1114 2213 erit
1134 2185 1219 2213 annis
1237 2186 1272 2214 iis
1294 2195 1344 2215 ros
1368 2190 1396 2216 et
1418 2188 1541 2225 pluvia,
1563 2191 1620 2218 nisi
1639 2191 1727 2227 juxta

942 2231 1002 2259 oris
1015 2231 1075 2259 mei
1089 2232 1193 2261 verba.
1207 2242 1221 2259 »
1239 2234 1272 2261 ΙΙΙ
1287 2235 1364 2270 Req„
1380 2243 1453 2263 xvn.

977 2278 1118 2307 Benadad
1135 2287 1188 2308 rex
1203 2281 1294 2316 Syriae
1312 2281 1486 2317 indignatus
1501 2284 1540 2312 ad
1553 2285 1726 2322 responsio-

941 2333 1010 2354 nem
1024 2326 1141 2362 Achab,
1157 2327 1198 2355 ait
1214 2336 1221 2355 ι
1236 2336 1250 2353 α
1265 2329 1325 2356 Hoc
1339 2328 1449 2357 faciant
1463 2330 1536 2358 mihi
1552 2331 1610 2368 dii,
1626 2335 1654 2361 et
1668 2333 1724 2361 hoc

941 2373 1070 2409 addant,
1093 2374 1118 2402 si
1139 2374 1288 2403 suffecerit
1309 2375 1408 2412 pulvis
1436 2378 1575 2406 Samariae
1602 2380 1724 2416 pugillis

941 2421 1038 2449 omnis
1059 2420 1186 2458 populi,
1201 2422 1253 2458 qui
1269 2422 1402 2458 sequitur
1422 2432 1481 2452 me.
1494 2434 1507 2451 »
1530 2427 1563 2453 111
1578 2427 1656 2462 Req„
1671 2435 1722 2455 xx.

980 2478 993 2494 κ
1017 2467 1091 2496 Dixit
1111 2468 1188 2497 Elias
1211 2469 1251 2497 ad
1280 2469 1408 2498 Eliseum
1430 2479 1438 2498 τ
1462 2471 1537 2500 Sede
1560 2472 1629 2508 hic,
1653 2475 1724 2510 quia

940 2515 1081 2544 Dominus
1100 2516 1180 2544 misit
1193 2525 1242 2545 me
1256 2525 1352 2554 usque
1371 2518 1402 2546 in
1416 2519 1526 2548 Bethel.
1542 2520 1593 2548 Cui
1610 2521 1650 2550 ait
1665 2523 1723 2550 Eli-

939 2570 1006 2591 seus
1021 2564 1118 2592 :Vivit
1133 2564 1290 2598 DominuS,
1311 2567 1339 2593 et
1360 2565 1433 2594 vivit
1454 2566 1554 2596 anima
1569 2570 1633 2605 tua,
1651 2570 1722 2607 quia

938 2617 1000 2639 non
1014 2610 1224 2648 derelinquam
1238 2613 1275 2640 te.
1292 2621 1306 2638 n
1327 2613 1362 2640 lv
1375 2613 1454 2648 Rea„
1474 2621 1507 2642 ιι.

971 2711 1003 2743 (α)
1020 2712 1080 2737 Caet.
1096 2712 1158 2737 edit.
1173 2711 1257 2736 vobis.
1267 2724 1298 2730 —-
1312 2711 1344 2744 (b)
1358 2712 1419 2737 Item
1429 2713 1555 2740 Flentem.
