2004 3037
83 2449 178 2470 Timoris

82 2480 170 2501 Domini

211 113 270 147 304

210 182 300 215 tutes.
315 184 348 212 ut
361 183 472 214 dictum
486 187 547 222 est,
563 188 708 224 tanquam
723 190 854 226 quatuor
864 198 990 226 gemmae

208 230 355 266 pretiosae,
368 231 401 260 in
415 239 508 261 aureo
522 236 600 263 serto
614 235 716 271 gratiae
729 239 798 266 sunt
811 237 987 268 incastratae.

243 279 292 307 Est
315 277 404 306 etiam
423 279 537 315 justitia
557 281 632 311 sicut
657 283 742 312 stella
765 285 869 314 Aretici
894 286 958 322 poli
980 296 987 315 :

207 332 278 354 nam
287 325 361 354 sicut
371 326 448 356 circa
455 327 552 364 ipsam
563 330 693 359 volvitur
705 331 825 367 coelum,
836 335 865 362 et
875 333 914 370 (a)
923 334 988 371 ipsa

206 379 269 400 non
286 374 382 401 mutat
395 373 516 412 locum;
541 376 583 405 sic
597 377 770 407 volubilitas
789 379 857 408 vitae
880 383 988 410 nostrae

205 418 282 448 mira
305 421 493 450 volubilitate
515 423 649 460 vertitur,
671 425 785 461 justitia
806 434 879 455 vero
901 428 987 457 nullo

205 465 358 496 accidente
373 470 513 498 mutatur.
528 470 682 507 Siquidem
692 472 752 501 vita
761 475 863 502 nostra
872 476 935 503 tota
945 477 988 504 est

205 512 356 550 volubilis,
367 515 442 544 sieut
450 518 516 545 rota
531 526 539 546 ε
555 518 739 556 quandoque
749 520 785 556 (b)
795 520 876 549 enim
889 521 987 551 homi-

203 568 274 589 nem
297 561 393 591 elevat
415 563 547 599 honore,
566 573 657 602 quem
685 567 778 603 paulo
801 570 869 605 post
887 569 986 599 humi-

203 606 307 637 liando
322 609 464 645 occultat,
482 611 566 647 Juxta
587 612 664 641 illud
676 614 685 631 ¹
701 622 708 642 :
726 615 882 644 Ascendunt
901 625 986 653 usque

203 655 240 683 ad
253 656 346 692 coetos,
370 658 428 692 etc;
447 657 598 688 interdum
622 667 638 688 e
658 668 804 690 converso
830 663 984 693 hominem

202 701 368 732 humilitate
387 704 543 741 deprimit,
565 714 656 743 quem
676 710 781 744 postea
801 710 840 738 ad
853 710 984 740 honores

203 749 326 785 attollit,
341 751 414 787 quia
428 751 535 781 dicitur
547 752 576 781 ²:
593 754 732 783 Suscitans
748 764 765 783 a
781 758 853 785 terra
865 759 983 793 inopem,

202 799 228 824 et
242 797 276 825 de
288 800 419 831 stercore,
436 801 490 828 etc.
504 801 691 838 Quandoque
706 802 862 832 hominem
877 813 894 832 a
909 804 983 833 laeva

201 845 297 872 mutat
310 844 340 873 in
351 844 515 881 dexteram,
528 847 639 876 scilicet
650 849 689 877 ab
704 849 838 879 adversis
852 851 883 879 in
898 859 983 888 pros-

201 897 273 927 pera
279 901 288 927 3
303 891 454 922 interdum
468 902 487 923 a
501 894 629 924 dexteris
642 895 674 924 in
694 895 802 925 laevam
813 918 822 932 ‚
845 897 877 925 id
891 899 949 933 est,
964 906 983 927 a

200 939 351 975 prosperis
364 939 396 968 in
410 940 555 976 adversa,
577 942 662 977 juxta
685 942 762 971 illud
786 944 870 980 quod
892 944 983 974 Abra-

200 984 272 1014 ham
286 986 360 1016 dixit
373 987 413 1016 ad
426 988 498 1017 Loth
520 989 530 1008 ⁸
549 998 556 1017 ε
572 990 604 1018 Si
616 990 653 1017 ad
666 992 809 1019 sinistram
828 993 910 1026 ieris,
934 1001 982 1028 09⁰

764 121 908 154 DIAETAE
929 122 1094 157 SALUTIS
1117 125 1195 159 TlTa
1217 126 1268 160 vl.

1045 192 1183 223 dexteram
1203 195 1310 230 teneb03
1325 197 1352 224 si
1370 197 1400 224 tu
1417 197 1560 227 dexteram
1575 200 1704 237 elegerin
1725 209 1773 238 eoo
1786 203 1824 232 ad

1044 241 1186 270 sinistram
1198 249 1317 278 peu-qam.
1333 242 1393 272 Sed
1405 243 1453 272 vir
1467 244 1565 280 justus
1577 245 1610 274 in
1623 247 1765 278 omnibus
1777 249 1824 278 his

1044 295 1162 325 semper
1181 291 1283 318 manet
1302 289 1489 319 immobilis:
1507 299 1578 320 nam
1590 292 1690 330 ipsum
1702 295 1823 325 humili·

1044 335 1089 363 tas
1110 343 1173 364 non
1193 336 1333 373 deprimit
1344 347 1354 373 3
1377 337 1478 374 ipsum
1499 337 1598 368 honor
1623 348 1686 370 non
1707 342 1821 380 ambit3

1043 381 1143 418 ipsum
1156 383 1320 412 adversitas
1341 392 1404 413 non
1424 384 1544 422 frangit.
1570 387 1653 416 Unde
1668 387 1775 419 dicitur
1786 390 1821 420 ἰ

1044 428 1099 462 Qui
1112 430 1184 463 facit
1199 431 1268 463 hoec,
1285 439 1339 458 non
1353 432 1502 460 movebitur
1515 434 1547 460 in
1560 436 1701 464 aeternum.

1078 476 1126 503 Est
1147 476 1343 506 nihilominus
1362 478 1476 514 justitia
1494 479 1570 509 sieut
1587 480 1646 510 dea
1658 482 1751 512 nostri
1765 483 1822 512 mi-

1043 523 1188 551 crocosmi
1199 544 1208 558 ,
1223 523 1256 551 id
1270 526 1330 558 est,
1345 525 1470 554 minoris
1493 528 1522 554 et
1540 526 1689 557 inferioris
1701 529 1819 559 mundi.

1042 569 1120 598 Sicut
1134 570 1214 599 enim
1228 572 1316 607 Deus,
1328 571 1360 600 in
1373 581 1429 601 suo
1443 581 1636 609 megacosmo
1650 575 1700 605 vel
1713 576 1821 613 majori

1040 617 1174 653 mundo,
1197 618 1321 654 disponit
1349 621 1442 648 omnio
1464 622 1493 648 in
1510 629 1636 655 numero,
1654 624 1774 658 pondere
1795 627 1822 652 et

1040 672 1180 699 mensura,
1196 667 1229 693 ut
1241 665 1349 694 dieitur
1362 666 1394 694 in
1407 666 1486 696 libro
1500 668 1651 704 Sapientiae
1661 670 1690 706 ὓς
1705 671 1747 699 sic
1759 671 1822 707 jus-

1040 710 1103 740 titia
1129 711 1161 740 in
1181 719 1236 740 suo
1259 712 1457 742 microcosmo
1480 715 1646 751 praesidens
1678 719 1822 754 tanquam

1040 757 1129 792 deus,
1143 758 1213 786 facit
1226 760 1260 786 ut
1276 759 1308 787 in
1331 760 1472 789 omnibus
1495 762 1607 790 meritis
1627 765 1655 792 et
1678 764 1820 800 operibus

1039 805 1147 834 nostris
1161 806 1198 834 sit
1211 814 1355 835 numerus
1369 808 1458 837 honae
1481 810 1677 846 operationis,
1699 811 1820 847 pondus

1039 854 1146 881 sanctoe
1161 852 1326 882 affectionis
1336 875 1345 889 ‚
1364 856 1392 883 et
1407 863 1550 884 mensura
1564 856 1744 886 intentionis.
1761 859 1820 887 Un-

1039 898 1076 927 de
1092 899 1137 927 isti
1155 898 1218 928 deae
1233 901 1426 930 nobilissimae
1444 903 1623 932 sacrificium
1635 904 1753 940 justitiae
1765 904 1819 933 de-

1038 945 1145 974 bemus
1160 946 1276 983 offerre,
1292 948 1367 977 sicut
1381 949 1489 978 dicitur
1503 950 1534 978 in
1549 951 1667 980 Psalmo
1678 952 1688 969 ⁸
1705 960 1711 980 :
1727 952 1819 980 Sacri-

1037 994 1116 1027 ficate
1130 996 1292 1030 sacrificium
1306 996 1432 1027 iustitioe.

772 1245 1000 1288 TiTnLUS
1038 1246 1243 1291 SEXTUS
1274 1217 1277 1226 ’

591 1353 640 1382 DE
673 1354 840 1384 SEPTEM
873 1355 1002 1385 DONlS
1032 1357 1232 1387 SPIRITUS
1263 1358 1422 1393 SANCTI

384 1551 545 1586 CAPUT
576 1553 787 1588 PRIMUM.

449 1625 486 1651 De
503 1626 576 1652 Dono
596 1626 723 1653 Timor-is.

232 1692 298 1720 Post
311 1693 466 1720 tractatum
482 1693 518 1721 de
532 1694 707 1729 virtutibus,
722 1697 855 1732 sequitur
869 1697 906 1725 de
922 1697 976 1726 do-

195 1738 241 1766 nis
264 1739 385 1776 Spiritus
399 1741 501 1768 sancti.
519 1743 550 1768 Et
565 1742 626 1769 lunc
642 1745 683 1770 est
701 1744 804 1779 quinta
825 1744 910 1772 diaeta
925 1753 974 1773 sa-

195 1784 263 1813 lutis
277 1807 285 1820 ‚
311 1786 420 1814 scilicet
444 1795 461 1815 a
487 1788 644 1816 virtutibus
672 1790 711 1817 ad
740 1790 821 1818 dona
849 1791 973 1826 Spiritus

195 1832 287 1860 sancti
306 1834 461 1868 pervenire
477 1844 483 1862 z
501 1835 587 1870 quia,
603 1836 677 1864 sieut
693 1836 839 1869 diximus,
855 1838 975 1866 virtutes

196 1878 303 1907 docent
317 1882 394 1908 recte
409 1881 544 1916 operari,
567 1883 620 1910 sed
635 1883 715 1911 dona
736 1885 884 1921 expedite.
900 1886 973 1913 Cum

195 1927 294 1954 autem
316 1926 374 1955 sint
393 1930 505 1963 septem
525 1928 605 1957 dona
628 1929 752 1965 Spiritus
775 1931 885 1966 sancti,
904 1939 972 1968 quaa

194 1973 304 2001 scilicet
322 1977 532 2002 enumerantur
552 1977 572 2010 ⁷,
593 1976 702 2004 seilicet
725 1979 842 2012 spiritus
863 1980 972 2013 supien-

195 2021 240 2047 ttoe
254 2023 278 2048 et
289 2022 449 2055 intellectus,
458 2023 566 2049 consilii
581 2026 606 2050 et
620 2024 806 2057 fortitudinis,
817 2026 937 2053 scientim
947 2028 972 2053 et

192 2068 326 2102 pietatis,
343 2070 368 2095 ct
390 2069 494 2096 timoris
515 2070 644 2103 Domine]
669 2078 687 2098 a
705 2071 849 2106 sapientia
872 2074 972 2100 autem

193 2121 254 2141 non
270 2114 440 2149 pervenitur
453 2115 492 2142 ad
508 2115 645 2144 timorem
658 2118 791 2151 Domini,
805 2118 858 2146 sed
873 2118 972 2154 polius

194 2168 212 2188 a
226 2160 331 2188 timore
351 2161 390 2188 ad
404 2162 580 2197 sapientiam
591 2184 599 2197 ,
626 2165 768 2199 tanquam
784 2164 821 2192 ab
839 2164 971 2193 inferiori

194 2207 289 2241 gradu
304 2207 343 2234 ad
358 2208 562 2243 superiorem,
582 2209 665 2244 juxta
690 2210 766 2238 illud
790 2212 873 2247 quod
894 2211 970 2239 dici-

195 2255 240 2281 tur
252 2254 262 2270 ⁸
278 2263 283 2281 :
299 2255 413 2280 Incttum
427 2257 571 2289 sapientire
593 2258 674 2283 timor
691 2259 801 2284 Domini
821 2268 828 2284 .·
846 2258 915 2286 ideo
933 2258 970 2287 de

193 2300 298 2328 timore
310 2300 503 2329 Domininola
511 2302 675 2337 specialiter
682 2304 746 2337 tria,
758 2304 866 2332 scilicet
878 2313 970 2341 quam

193 2348 405 2385 multiplictiter
430 2350 585 2384 figuratur,
608 2359 699 2386 quam
714 2352 876 2381 virtualiter
897 2361 969 2390 ope-

192 2398 283 2430 ratur,
297 2398 327 2424 et
337 2404 428 2432 quam
439 2396 653 2424 rationabiliter
667 2400 824 2426 mereatur.

226 2443 325 2471 Primo
348 2451 420 2478 ergo
435 2443 523 2471 timor
547 2444 662 2471 Domini
682 2444 772 2473 habet
790 2445 968 2482 multiplices

192 2490 303 2527 figuras
317 2490 479 2526 elegantes,
496 2493 524 2519 et
538 2492 775 2527 comparationes
790 2494 968 2522 convenien-

224 2556 228 2568 ·
247 2554 314 2578 Psal.
329 2560 384 2584 cvi,
398 2555 437 2579 26.
447 2567 479 2573 —
494 2554 504 2570 ²
517 2554 587 2578 Psal.
601 2561 667 2586 exn,
681 2557 705 2580 7.
716 2569 747 2575 —
762 2555 772 2572 ³
784 2556 856 2586 Gen„
872 2563 930 2587 xiii,
943 2559 966 2581 9.

192 2603 218 2608 -
232 2591 240 2604 ⁴
250 2590 320 2616 Psal.
335 2596 390 2621 xm
405 2592 428 2616 5.
441 2603 471 2610 —
483 2591 494 2609 ⁸
508 2590 580 2621 sap„
592 2597 629 2622 xi,
642 2593 681 2617 21.
696 2604 727 2612 ·-
742 2593 751 2606 ⁶
766 2592 834 2617 Psat.
851 2598 886 2623 iv,
901 2594 925 2618 6.
938 2606 964 2613 .-

1033 1561 1086 1587 tes.
1110 1560 1305 1595 comparatur
1325 1562 1425 1588 autem
1445 1561 1612 1597 specialiter
1632 1561 1726 1589 tribus
1744 1570 1750 1589 :
1769 1563 1813 1590 est
1826 1553 1930 1608 :Rutu

1034 1606 1112 1633 enim
1128 1606 1216 1634 timor
1241 1607 1357 1634 Domini
1385 1607 1459 1635 sicut
1482 1608 1618 1636 ostiarius
1640 1608 1811 1636 custodiens

1033 1652 1197 1686 ingressum
1219 1663 1227 1687 ;
1254 1654 1328 1681 sicut
1348 1654 1522 1689 justitiarius
1546 1655 1673 1691 puniens
1696 1654 1810 1683 malefi-

1033 1699 1126 1733 cium3
1147 1700 1221 1727 sieut
1245 1701 1382 1728 terrarius
1403 1702 1449 1728 vel
1475 1702 1643 1737 speculator
1667 1701 1811 1736 evigilans

1032 1746 1202 1774 exercituin.
1225 1747 1321 1774 Primo
1344 1756 1414 1782 ergo
1437 1749 1525 1775 timor
1542 1748 1656 1776 Domini
1677 1750 1719 1776 est
1733 1748 1809 1776 sicut

1032 1792 1129 1820 bonus
1147 1793 1282 1820 ostiarius
1295 1814 1302 1826 ,
1319 1794 1368 1829 qui
1385 1794 1542 1830 diligenter
1557 1794 1685 1822 custodit
1699 1794 1809 1823 ostium

1031 1839 1129 1866 cordis
1140 1861 1148 1874 ,
1165 1848 1201 1867 ne
1216 1840 1303 1867 intret
1317 1841 1454 1869 inimicus
1466 1862 1474 1875 ,
1490 1842 1520 1869 id
1536 1845 1594 1875 est,
1610 1841 1759 1870 diabolus.
1778 1843 1810 1870 Et

1031 1885 1105 1914 sicut
1119 1886 1254 1914 ostiarius
1270 1888 1363 1915 tendit
1379 1888 1536 1923 haculum,
1553 1888 1600 1916 vel
1614 1888 1750 1923 gladium
1768 1889 1809 1917 ad

1031 1932 1167 1960 timorem
1185 1933 1374 1969 intrantium3
1392 1935 1432 1962 sic
1448 1935 1535 1963 timor
1551 1935 1618 1970 Dei,
1635 1943 1672 1963 ne
1687 1935 1808 1971 permit-

1030 1981 1126 2007 tamus
1141 1979 1297 2008 diabolum
1317 1981 1356 2008 ad
1371 1990 1422 2010 cor
1436 1982 1544 2010 intrare
1556 2004 1564 2017 ,
1579 1984 1677 2018 portat
1691 1982 1807 2010 clavem

1030 2034 1124 2061 pmnae
1138 2029 1268 2061 {eterna-⁴2,
1284 2028 1419 2063 gladium
1442 2037 1479 2056 ex
1501 2031 1625 2065 utraque
1640 2031 1722 2065 parte
1738 2036 1807 2058 acu-

1030 2074 1092 2100 tum
1106 2095 1112 2106 ‚
1127 2073 1237 2101 seilicet
1251 2075 1420 2110 aequitatem
1437 2075 1544 2103 divinae
1565 2076 1724 2109 sententiae,
1741 2083 1807 2112 quae

1029 2119 1241 2148 condemnabit
1255 2121 1411 2157 improbos
1434 2122 1465 2150 in
1490 2122 1590 2151 anima
1616 2125 1645 2150 et
1669 2129 1805 2158 corpore.
1856 2127 1859 2130 ’

1030 2166 1109 2194 Unde
1127 2166 1233 2195 dicitur
1245 2169 1254 2183 ⁰
1273 2177 1279 2195 z
1300 2170 1399 2196 Timete
1414 2177 1473 2196 eum
1483 2190 1490 2202 ,
1507 2171 1556 2204 qui
1567 2172 1656 2204 potest
1671 2177 1767 2204 corpus
1781 2171 1808 2196 ct

1029 2215 1148 2241 animam
1162 2215 1273 2248 perdere
1287 2217 1315 2241 in
1330 2216 1484 2249 qehemzam.
1500 2215 1635 2243 Secundo
1651 2215 1738 2244 timor
1751 2216 1806 2244 Do-

1028 2260 1100 2288 mini
1112 2261 1235 2288 estsicut
1246 2261 1536 2297 bonusjustitiarius‚
1548 2262 1599 2298 qui
1611 2262 1729 2299 perimit
1742 2270 1804 2290 ma-

1027 2307 1143 2342 leucos,
1159 2309 1187 2335 et
1201 2308 1354 2344 suspendit
1367 2317 1374 2336 ε
1387 2317 1457 2336 nam
1472 2309 1547 2337 sicut
1560 2309 1603 2337 illi
1614 2330 1622 2344 ‚
1640 2309 1691 2345 qui
1706 2310 1805 2336 tenent

1024 2354 1165 2389 justitiam
1176 2375 1184 2388 ,
1200 2357 1315 2389 ponunt
1330 2355 1360 2382 in
1375 2355 1528 2383 montibus
1543 2358 1570 2383 et
1584 2355 1657 2383 locis
1681 2354 1804 2391 patenti-

1026 2401 1083 2428 bus
1107 2401 1275 2437 patibulum
1292 2402 1337 2429 vel
1354 2402 1450 2430 furcas
1473 2403 1511 2430 ad
1536 2401 1802 2438 expaventaeulum

1025 2447 1193 2482 latronum3
1210 2448 1249 2476 ita
1272 2448 1360 2476 timor
1382 2449 1497 2477 Domini
1514 2449 1634 2485 ponitur
1655 2449 1685 2476 in
1711 2447 1802 2476 corde

1024 2495 1163 2530 hominiS,
1178 2497 1299 2531 propter
1314 2496 1582 2532 expaventaeulum
1597 2498 1799 2532 peccatorum.

1026 2554 1033 2565 ⁷
1048 2554 1109 2583 Iso„
1129 2559 1170 2584 lx,
1192 2555 1216 2578 2.
1230 2567 1260 2572 —
1280 2555 1288 2568 ⁸
1302 2554 1372 2578 Psal.
1391 2561 1438 2585 cx,
1458 2557 1495 2579 ¹0.
1515 2568 1546 2574 -
1561 2555 1572 2571 ⁹
1587 2554 1690 2585 Mami„
1711 2561 1742 2585 x,
1761 2555 1800 2580 28.

1060 2594 1091 2624 (α)
1109 2593 1170 2618 Coet.
1184 2594 1246 2618 edit.
1262 2601 1322 2619 nam
1340 2594 1438 2620 eirea...
1455 2597 1479 2620 et
1489 2595 1595 2620 sieut.—
1607 2595 1640 2626 (b)
1657 2596 1716 2620 Item
1731 2597 1799 2620 tunc.
