2004 3037
231 203 289 233 170

229 268 313 305 gligit
326 276 360 297 os
371 269 497 306 aperire,
512 268 585 305 quia
595 268 662 297 talis
674 268 797 297 deberet
808 268 914 298 merito
926 268 1005 296 fame

228 315 315 344 mori.
332 317 359 343 8.
374 316 407 343 ln
417 314 470 343 illo
481 335 491 350 ,
505 315 558 351 qui
572 317 704 352 tempore
718 323 827 352 pugnae
841 323 926 344 arma
936 323 1007 352 pro-

225 361 289 397 jicit
297 382 306 396 ‚
322 361 394 398 quia
406 361 472 390 talis
484 370 561 399 saepe
573 362 687 399 capitur
699 365 727 391 et
737 362 921 391 vulneratur.
936 364 962 390 9.
975 362 1008 390 ln

228 407 281 436 illo
291 429 302 443 ‚
321 408 373 444 qui
391 416 514 437 movere
528 409 652 445 negligit
669 417 768 437 remos
786 411 921 446 tempore
934 411 1008 437 tem-

227 454 348 490 pestatis
359 475 368 490 ,
384 455 456 491 quia
470 455 536 483 talis
549 455 760 492 submergitur.
782 458 826 484 ¹0.
843 457 874 484 ln
887 455 940 484 illo
955 455 1008 492 qui

229 501 355 528 existens
366 501 398 528 in
410 501 583 537 aegritudine
598 502 717 530 medico
732 502 918 530 contradicit.

264 547 362 575 Gratia
378 547 466 576 nobis
484 548 621 584 procedit
636 557 654 577 a
673 550 731 577 Deo
743 570 753 584 ‚
775 549 850 577 sicut
867 549 969 577 radius
990 557 1008 577 a

229 592 292 622 sole
301 614 311 627 ,
326 593 401 622 sicut
415 602 537 630 germen
551 603 569 623 a
581 595 681 623 radice
692 616 702 630 ,
721 595 795 624 sieut
809 595 868 624 mel
883 603 901 623 a
914 595 988 624 flore
997 615 1008 630 ‚

229 639 304 668 sieut
317 640 398 668 rivus
413 648 431 668 a
444 640 540 676 fonte,
558 641 633 669 sicut
647 642 748 678 imago
763 642 802 670 ab
818 641 945 676 artifice,
962 650 1008 670 se-

229 686 363 714 cundum
383 687 536 725 exemplar
553 688 694 723 interius,
715 690 744 717 et
763 688 908 717 facturam
929 691 1008 716 exte-

228 739 299 760 rius.

501 815 644 849 CAPUT
676 816 733 850 ΠΙ.

412 895 450 922 De
468 894 644 922 distinctione
661 896 826 930 gratiarum.

267 970 364 998 Gratia
389 970 496 998 dicitur
517 971 678 1006 tripliciter.
702 971 799 999 Primo
823 971 1008 1006 generaliter,

232 1017 261 1044 et
278 1017 320 1044 sic
339 1017 433 1052 gratia
451 1019 493 1044 est
511 1017 693 1053 adjutorium
713 1017 849 1045 divinum
870 1020 1010 1045 creaturan

231 1063 320 1097 gratis
330 1062 510 1098 impensum,
526 1065 554 1091 et
567 1063 771 1092 indifferenter
783 1063 822 1092 ad
837 1071 1010 1099 quemcum-

233 1116 291 1145 que
303 1111 417 1144 actum,
434 1110 504 1145 quia
517 1110 580 1138 sine
596 1110 768 1146 hujusmodi
781 1110 930 1146 adjutorio
943 1119 1010 1146 gra-

233 1155 280 1183 tioe
293 1156 366 1184 nihil
381 1164 539 1192 possumus
553 1157 649 1185 tacere
660 1179 669 1192 ‚
686 1157 746 1185 imo
761 1165 816 1185 nec
831 1157 861 1185 in
876 1165 938 1185 esse
953 1157 1009 1185 du-

224 1209 309 1230 rare.

270 1249 406 1277 Secundo
418 1250 524 1278 dicitur
535 1250 630 1285 gratia
640 1250 815 1286 specialiter,
829 1253 857 1278 et
869 1251 934 1279 talis
947 1259 1010 1286 gra-

234 1295 274 1324 tia
290 1295 396 1324 dicitur
409 1297 499 1331 gratis
513 1297 582 1324 data
593 1318 602 1331 ,
623 1297 733 1324 scilicet
748 1297 862 1325 donum
873 1319 881 1332 ‚
905 1305 966 1333 quo
980 1306 1010 1325 se

227 1342 325 1370 homo
332 1344 478 1379 praeparat
485 1343 523 1371 ad
535 1343 755 1379 suscipiendum
767 1343 881 1371 donum
889 1343 1011 1380 Spiritus

234 1389 336 1416 sancti.
358 1390 448 1424 Hujus
463 1390 542 1417 enim
558 1390 658 1424 gratiae
673 1392 715 1417 est
728 1398 868 1418 revocare
883 1390 1011 1418 liberum

234 1435 389 1463 arbitrium
405 1443 421 1463 a
436 1436 516 1464 malo
529 1458 536 1470 ,
553 1438 580 1464 et
595 1437 720 1464 excitare
736 1437 775 1464 ad
790 1437 905 1464 bonum
921 1446 927 1463 :
948 1437 1010 1465 sine

234 1489 296 1517 qua
310 1482 410 1509 nullus
430 1481 498 1510 facit
517 1482 695 1510 sufficienter
711 1483 793 1518 quod
809 1483 838 1510 in
854 1490 885 1510 se
901 1485 960 1517 est,
980 1485 1012 1511 ut

234 1531 378 1565 praeparet
391 1537 422 1556 se
438 1529 477 1557 ad
491 1529 626 1556 salutem.

269 1575 364 1602 Tertio
383 1575 489 1603 dicitur
504 1576 597 1610 gratia
611 1576 730 1612 proprie
741 1597 749 1610 ,
768 1576 878 1604 scilicet
897 1576 1011 1603 donum

236 1621 376 1649 divinitus
397 1621 500 1649 datum
515 1622 553 1649 ad
569 1622 743 1650 merendum
758 1631 764 1649 :
785 1623 867 1658 quod
889 1622 1012 1658 quidem

236 1668 350 1695 donum
373 1668 466 1703 gratia
487 1670 603 1703 gratum
622 1668 732 1696 faciens
747 1668 922 1704 appellatur.
946 1669 1012 1696 Sine

236 1714 289 1741 ista
304 1714 398 1749 gratia
420 1714 520 1742 nullus
538 1717 634 1750 potest
654 1715 780 1749 mereri,
805 1723 860 1742 nec
880 1715 909 1742 in
930 1715 1012 1743 bono

235 1760 400 1796 proficere,
420 1768 474 1788 nec
494 1761 532 1788 ad
555 1761 682 1795 gloriam
704 1762 868 1796 pervenire.
889 1763 944 1789 lsta
963 1762 1013 1788 tri-

236 1806 306 1841 plex
318 1807 411 1842 gratia
421 1807 545 1834 sumitur
556 1814 592 1834 ex
605 1807 703 1834 verbis
714 1807 855 1843 Apostoli,
870 1808 920 1835 ubi
934 1808 990 1835 ait¹
1005 1817 1011 1835 ε

237 1853 334 1881 Gratia
349 1854 398 1880 Dei
406 1861 462 1880 sum
479 1853 509 1879 id
522 1854 592 1888 quod
606 1861 675 1885 sum,
692 1861 758 1880 ecce
773 1854 870 1889 prima
885 1863 890 1881 :
905 1856 938 1881 Et
953 1863 1012 1888 yra-

237 1901 278 1926 ti'a
305 1900 362 1934 ejus
384 1901 414 1927 in
437 1908 478 1927 me
498 1908 582 1927 vacua
601 1908 653 1926 non
675 1901 749 1933 fuit,
774 1907 841 1927 ecce
861 1900 1010 1928 secunda:

236 1946 288 1974 Sed
302 1949 394 1980 qratia
409 1948 466 1982 ejus
480 1955 582 1982 semper
598 1948 626 1973 ίη
642 1955 681 1974 me
696 1950 797 1981 manet,
813 1955 879 1975 ecee
895 1948 988 1975 tertia.

273 1994 376 2021 Praeter
398 1993 537 2029 praedicta
559 1993 666 2020 dicitur
689 1993 783 2027 gratia
807 1994 896 2028 gratis
919 1994 1012 2028 dam,

237 2039 346 2067 scilieet
361 2041 444 2067 Deus.
468 2041 537 2067 Item
553 2039 645 2073 gratia
658 2040 757 2074 gratiae
772 2039 889 2074 signum
901 2061 909 2074 ,
927 2043 958 2067 ut
972 2043 1014 2068 est

237 2086 403 2121 prophetia,
419 2088 446 2113 et
460 2088 587 2122 potestas
603 2086 730 2113 faciendi
746 2086 900 2113 miracula.
917 2086 1014 2114 Gratia

238 2135 353 2167 gratum
365 2132 473 2159 faciens
486 2132 673 2166 distinguitur
684 2132 713 2159 in
725 2135 896 2168 operantem
908 2135 936 2159 et
948 2140 1014 2160 coo-

237 2181 399 2214 perantem.
420 2179 516 2206 Gratia
535 2187 662 2213 operans
685 2178 791 2205 (licitur
814 2179 1012 2214 pru‘veniens,

239 2226 266 2251 ct
286 2225 447 2260 incipiens,
470 2233 503 2251 ac
522 2225 670 2258 liberans,
694 2225 765 2259 quia
784 2227 937 2260 peccatum
963 2233 1013 2252 ex-

238 2271 329 2307 pellit.
359 2271 454 2298 Gratia
484 2278 648 2305 cooperans
676 2270 782 2297 dicitur
811 2271 994 2306 subsequens
1006 2293 1013 2305 ,

240 2319 267 2344 et
282 2317 437 2353 perficiens
448 2338 456 2351 ,
473 2325 506 2343 ac
523 2317 685 2351 adjuvans,
709 2317 779 2351 quia
795 2317 921 2343 liberum
937 2317 1015 2344 arbi-

239 2365 328 2392 trium
343 2363 483 2397 adjuvat,
500 2365 527 2390 et
541 2363 565 2389 ei
579 2364 755 2398 cooperatur
771 2363 799 2389 in
816 2363 930 2389 merito.

276 2409 468 2446 Multipliciter
495 2409 682 2444 distinguitur
711 2409 834 2435 bonum.
867 2411 912 2435 Est
936 2410 1014 2436 enim

240 2458 354 2485 bonum
368 2465 421 2493 per
439 2456 593 2484 essentiam
604 2478 612 2490 ,
632 2458 658 2483 et
672 2456 729 2483 hoc
744 2457 786 2482 est
801 2456 874 2482 Deus
888 2464 893 2481 :
917 2455 995 2482 uude
1005 2455 1015 2469 ‘³

240 2513 315 2532 nemo
334 2505 432 2536 bonus,
456 2505 511 2531 nisi
526 2504 595 2530 solus
612 2505 689 2529 Deus.
715 2503 761 2529 Est
782 2503 809 2528 et
827 2502 942 2528 bonum
962 2510 1015 2537 per

241 2551 505 2587 participati0nem‚
521 2551 549 2577 et
563 2549 639 2576 illud
655 2547 843 2583 distinguitur
858 2548 886 2575 in
900 2548 1014 2576 bouum

278 2649 285 2665 ¹
304 2650 311 2672 Ι
332 2650 400 2676 Con,
419 2655 461 2679 XV,
483 2650 520 2674 18.
535 2661 562 2666 --
585 2649 594 2664 ²
609 2649 697 2677 Maro,
716 2652 745 2677 x,
763 2647 799 2670 18.
817 2658 847 2663 —
870 2646 879 2661 ³
897 2647 971 2676 Aug,
986 2646 1014 2669 (Ic

559 200 821 234 coMPENntUM
842 199 1105 233 THEOLOGICAE
1125 201 1349 235 VEmTATls.
1373 203 1449 236 [ΑΒ.
1472 204 1510 237 V.

1062 268 1174 304 gratiae,
1185 271 1214 298 et
1224 269 1254 298 in
1265 269 1382 299 honum
1391 272 1514 301 naturae.
1526 270 1609 300 Unde
1619 271 1799 308 Augustinus
1806 270 1817 287 ⁸
1828 280 1835 299 ε

1065 325 1080 340 «ι
1093 316 1185 344 Omne
1207 317 1292 354 quod
1316 319 1378 352 est,
1406 318 1438 346 in
1465 319 1610 355 quantum
1637 318 1696 352 est,
1722 317 1837 346 bonum

1063 364 1115 391 est.
1126 373 1140 390 r
1152 363 1163 381 ὓ
1175 364 1255 392 Vidit
1265 366 1335 393 Deus
1343 367 1439 393 cuncta
1449 374 1508 401 quae
1517 367 1626 399 fecerat.
1639 367 1749 393 etet-ant
1758 365 1838 393 valde

1063 409 1140 437 bona.
1157 411 1228 438 ltem
1242 413 1285 439 est
1295 411 1410 440 bonum
1422 412 1453 440 in
1464 419 1584 448 genere,
1597 411 1656 439 hoc
1668 412 1711 439 est
1723 411 1838 440 bonum

1063 455 1095 484 in
1109 455 1246 492 objecto,
1267 457 1342 486 sicut
1361 460 1404 487 est
1422 459 1633 494 eleemosyna:
1655 465 1727 485 nam
1740 457 1782 486 ibi
1797 459 1840 485 est

1063 504 1145 531 actus
1165 503 1196 530 in
1219 503 1319 532 debita
1342 504 1485 539 materia,
1510 503 1624 532 etiamsi
1647 503 1723 532 desit
1743 503 1840 532 forma

1063 549 1357 578 circumstantiarum.
1379 552 1451 579 ltem
1472 553 1515 579 est
1532 551 1648 579 bonum
1662 558 1698 578 ex
1714 549 1840 578 circum-

1063 595 1189 624 stantia:
1210 596 1268 624 hoc
1286 599 1385 625 autem
1404 599 1447 625 est
1465 597 1587 633 quando
1607 597 1724 625 bonum
1739 604 1776 624 ex
1790 604 1841 632 ge-

1063 649 1133 670 nere
1155 643 1275 671 vestitur
1299 643 1408 672 debitis
1431 643 1677 677 circumstantiis,
1701 642 1776 670 sicut
1798 643 1841 670 est

1064 688 1135 717 dare
1154 689 1377 726 eleemosynam
1397 689 1542 726 indigenti
1563 691 1697 726 tempore
1718 689 1840 724 debito,

1064 737 1092 763 et
1105 743 1143 763 ex
1157 736 1363 773 compassione
1374 757 1384 771 ,
1399 738 1428 764 et
1441 735 1625 772 hujusmodi.
1647 737 1717 764 ltem
1730 737 1772 763 est
1785 735 1840 763 bo-

1064 789 1136 810 num
1151 782 1266 810 virtutis
1277 803 1287 817 ,
1309 785 1338 810 et
1355 782 1413 810 hoe
1428 784 1470 810 est
1485 782 1608 819 quando
1623 782 1744 810 additur
1757 783 1841 818 operi

1062 828 1204 863 perfectio
1219 836 1255 856 ex
1267 830 1350 865 parte
1365 829 1532 865 operantis,
1554 836 1621 865 quae
1635 830 1678 857 est
1690 836 1744 865 per
1755 828 1840 856 habi-

1065 876 1127 902 tum
1148 874 1254 902 mentis
1275 874 1352 903 bene
1373 875 1545 903 constitutae.
1568 877 1638 903 ttem
1660 876 1704 902 est
1725 875 1841 903 bonum

1064 921 1267 955 meritorium,
1290 921 1413 958 quando
1427 921 1546 950 additur
1567 921 1623 958 ipsi
1646 921 1729 958 operi
1748 920 1841 949 debiti

1064 967 1131 995 finis
1146 968 1266 996 intentio
1284 976 1372 1004 super
1388 970 1502 996 motum
1516 967 1692 996 naturalem.
1713 968 1784 995 Item
1799 968 1842 995 est

1064 1013 1179 1041 bonum
1195 1015 1313 1049 gratiae,
1336 1016 1368 1042 ut
1381 1016 1424 1042 est
1437 1014 1498 1050 ipse
1514 1014 1633 1042 habitus
1650 1015 1767 1049 gratum
1781 1015 1840 1042 Deo

1064 1059 1185 1088 faciens.
1208 1062 1279 1088 ltem
1296 1063 1339 1088 est
1352 1061 1467 1088 bonum
1482 1061 1583 1096 gloriae
1595 1082 1604 1095 ‚
1619 1063 1651 1088 ut
1663 1061 1776 1088 bonum
1792 1068 1839 1088 re-

1065 1107 1276 1135 munerationis
1288 1109 1411 1135 aeternae.

1335 1201 1478 1235 CAPUT
1506 1201 1565 1235 1V.

1307 1274 1344 1300 De
1371 1273 1464 1308 effectu
1489 1274 1596 1307 qratioe.

1103 1341 1225 1369 Effectus
1239 1341 1338 1376 gratiae
1353 1344 1395 1369 est
1409 1341 1491 1377 quod
1505 1341 1610 1368 excitat
1624 1341 1751 1369 liberum
1766 1342 1842 1370 arbi-

1066 1387 1154 1415 trium
1170 1387 1208 1415 ab
1220 1388 1297 1415 bene
1313 1387 1515 1423 cogitandum,
1531 1389 1657 1416 et¹sanat
1669 1388 1766 1424 ipsum
1778 1397 1842 1416 mu-

1067 1433 1157 1462 tando
1177 1434 1335 1468 affectum,
1360 1434 1518 1470 ipsumque
1539 1434 1712 1462 corroborat
1733 1435 1842 1470 perdu-

1067 1480 1163 1508 cendo
1187 1480 1225 1508 ad
1252 1482 1359 1508 actum.
1396 1482 1465 1508 ltem
1490 1481 1585 1516 gratia
1606 1481 1760 1508 hominem
1784 1483 1842 1510 Deo

1066 1526 1256 1561 reconciliat,
1272 1535 1289 1554 a
1304 1529 1425 1562 peccato
1441 1526 1562 1560 liberat,
1582 1529 1611 1554 et
1630 1535 1749 1563 poenam
1763 1530 1844 1555 aeter-

1068 1581 1137 1601 nam
1149 1574 1177 1601 in
1188 1573 1380 1609 temporalem
1392 1576 1563 1601 commutat.
1576 1575 1645 1601 ltem
1653 1574 1746 1609 gratia
1754 1582 1845 1610 opera

1068 1622 1167 1648 nostra
1191 1620 1341 1647 meritoria
1359 1620 1444 1654 tacit,
1468 1622 1495 1648 et
1514 1620 1594 1648 bona
1614 1627 1667 1656 per
1691 1622 1845 1656 peccatum

1068 1667 1176 1694 amissa
1190 1667 1331 1700 restituit,
1352 1674 1386 1693 ac
1407 1666 1559 1694 stabulum
1574 1667 1604 1694 in
1619 1666 1762 1702 palatium
1776 1675 1845 1695 con-

1067 1713 1161 1741 vertit.
1183 1715 1254 1740 ltem
1273 1721 1326 1748 per
1341 1714 1466 1747 gratiam
1486 1714 1609 1741 officitur
1623 1714 1722 1741 anima
1736 1721 1845 1749 sponsa

1067 1759 1191 1793 Christi,
1213 1759 1274 1786 filia
1296 1760 1382 1794 Regis
1403 1760 1521 1791 mterni,
1545 1762 1572 1787 et
1593 1760 1737 1795 templum
1755 1760 1844 1796 Spiri-

1069 1809 1113 1834 tus
1128 1806 1229 1834 saneti.
1254 1807 1324 1834 ltem
1346 1806 1439 1841 gratia
1460 1806 1554 1842 ipsam
1574 1807 1704 1834 animam
1719 1810 1843 1843 purgat,

1068 1853 1214 1880 illuminat
1226 1855 1253 1880 et
1266 1853 1388 1888 perticit.
1405 1854 1473 1880 ltem
1488 1852 1581 1887 gratia
1595 1855 1724 1881 mentem
1738 1853 1843 1888 elevat,

1069 1901 1125 1927 Deo
1142 1899 1300 1933 assimilat,
1317 1901 1344 1926 et
1359 1898 1501 1934 spirituali
1518 1899 1623 1926 solatio
1640 1899 1726 1926 cibat.

1103 1948 1175 1973 Nota
1191 1945 1274 1981 quod
1292 1945 1430 1981 quamvis
1446 1945 1536 1972 virtus
1552 1946 1677 1980 gratuita
1695 1945 1782 1973 simul
1801 1947 1845 1974 in—

1068 1993 1104 2020 sit
1118 1993 1224 2020 animae
1245 2000 1313 2019 cum
1333 1992 1443 2026 gratia,
1464 2000 1525 2019 non
1543 1994 1641 2020 tamen
1655 1992 1744 2020 habet
1758 1993 1845 2021 effec-

1069 2042 1132 2067 tum
1147 2047 1233 2066 suum
1256 2041 1315 2066 tam
1330 2039 1398 2072 cito,
1415 2038 1488 2065 sicut
1511 2039 1605 2073 gratia
1619 2048 1625 2066 ε
1647 2039 1791 2074 quoniam
1805 2039 1846 2067 ei-

1068 2086 1159 2114 sectus
1179 2085 1279 2121 gratim
1294 2086 1336 2112 est
1354 2084 1449 2112 facere
1471 2087 1588 2119 gratum
1604 2087 1681 2118 Deo,
1704 2088 1731 2112 et
1750 2086 1845 2114 facere

1069 2132 1193 2167 dignum
1209 2132 1268 2159 vita
1282 2134 1389 2159 {eterna
1401 2152 1409 2164 ,
1426 2133 1452 2158 et
1466 2130 1513 2157 hic
1528 2130 1648 2158 effectus
1662 2131 1757 2158 statim
1773 2133 1846 2160 inest

1069 2186 1162 2214 puero
1178 2180 1243 2213 post
1259 2178 1455 2212 baptismum:
1478 2177 1590 2203 virtutis
1612 2179 1710 2204 autem
1725 2178 1845 2206 effectus

1070 2227 1129 2259 est,
1151 2224 1254 2251 elicere
1275 2226 1372 2250 actum
1394 2223 1578 2250 meritorium
1595 2223 1631 2249 (le
1646 2225 1798 2258 potentia,
1818 2228 1846 2253 et

1069 2271 1115 2298 hic
1131 2270 1248 2297 effectus
1263 2277 1323 2296 non
1339 2269 1435 2296 statim
1458 2268 1533 2296 inest
1547 2277 1639 2304 puero
1656 2272 1722 2305 post
1736 2271 1845 2306 baptis—

1070 2325 1161 2344 mum.
1194 2318 1252 2343 tloc
1276 2317 1374 2342 autem
1403 2322 1463 2341 non
1488 2317 1529 2342 est
1554 2317 1675 2350 propter
1698 2316 1844 2344 detectum

1069 2363 1199 2395 virtutis,
1214 2362 1266 2389 sed
1281 2363 1401 2396 propter
1416 2361 1620 2396 impotentiam
1632 2365 1743 2389 naturae
1756 2371 1844 2397 agen-

1069 2410 1104 2437 tis
1119 2419 1125 2436 t
1145 2415 1219 2444 puer
1232 2408 1311 2434 enini
1326 2415 1386 2434 non
1401 2409 1442 2434 est
1458 2409 1542 2443 aptus
1558 2407 1596 2434 ad
1612 2410 1692 2434 aetus
1707 2408 1843 2437 volunta-

1070 2457 1113 2483 tis.
1132 2454 1211 2482 Unde
1226 2454 1379 2481 sciendum
1402 2454 1484 2489 quod
1504 2454 1608 2489 triplex
1623 2455 1665 2480 est
1679 2454 1819 2489 perfectio
1834 2466 1840 2483 :

1068 2502 1166 2538 prima
1180 2503 1221 2528 est
1236 2501 1336 2535 grathe
1348 2522 1356 2534 ,
1373 2502 1401 2527 et
1416 2502 1515 2527 causat
1529 2507 1590 2527 esse
1605 2500 1763 2533 gratuitum
1776 2511 1783 2535 ;
1799 2510 1842 2530 se-

1070 2548 1168 2576 cunda
1192 2550 1234 2575 est
1257 2547 1368 2574 virtutis
1379 2569 1385 2580 ,
1411 2549 1438 2574 et
1462 2548 1564 2573 causat
1586 2546 1699 2574 bonum
1724 2550 1840 2581 actum;

1074 2611 1127 2633 Ver.
1147 2610 1215 2640 err'gy
1228 2629 1235 2640 ‚
1251 2617 1272 2634 c.
1290 2616 1367 2640 xxm,
1383 2617 1408 2634 n,
1425 2612 1468 2639 Μ,
1482 2609 1564 2640 quoad
1580 2615 1691 2633 sensum.
1707 2622 1732 2626 —
1748 2610 1755 2624 ⁴
1771 2610 1839 2640 Gen..

1070 2652 1088 2676 1,
1104 2647 1142 2669 ³1.
