2004 3037
430 224 480 256 DE
503 222 740 256 GRATIARUM
761 220 1128 254 SANCTIFIGATIONE.
1152 220 1239 253 CAP.
1262 220 1460 254 va-Lxlx.

344 337 540 374 CAPUT
583 336 712 371 LXV.

389 411 428 438 De
440 411 513 438 sexto
527 410 670 444 Proecepto.

180 482 300 510 Sextum
323 482 383 508 est:
407 480 468 509 Non
492 479 673 506 moechaberis.
701 479 732 506 In
759 478 817 507 hoc
843 486 919 514 proe-

146 531 248 566 cepto,
263 530 294 556 ut
308 527 378 555 dicit
390 526 569 562 Augustinus
584 527 593 543 ¹
603 547 612 562 ‚
633 525 808 562 prohibetur
823 525 920 553 omnis

144 575 261 604 illicitus
282 575 474 610 concubitus,
497 575 525 602 et
545 573 642 602 omnis
665 573 835 609 illegitimus
850 580 921 600 usus

146 630 250 651 eorum
276 622 491 650 membrorum.
521 623 560 650 De
587 621 643 649 hac
671 620 794 648 materia
822 627 921 656 quaere
949 616 952 617 ⁷

145 677 244 705 supra,
257 668 336 697 libro
358 669 455 702 tertio,
465 668 496 696 in
511 668 605 704 capite
629 669 660 695 de
683 669 820 702 Βατανέα,
845 669 873 694 et
891 666 921 693 in

146 715 240 752 capite
254 716 388 752 sequenti
403 715 438 752 (α)
449 714 469 743 ².

390 810 533 843 CAPUT
557 809 676 843 LXVI.

361 882 399 909 De
425 883 537 917 septimo
564 883 708 917 Proecepto.

185 951 347 987 Septimum
361 954 402 980 est
416 961 423 979 ε
440 953 501 981 Νοη
515 954 623 986 furtum
634 953 728 985 facies.
746 951 806 986 llic,
822 959 926 978 secun-

149 997 221 1025 dum
240 998 434 1033 Augustinum
449 999 470 1033 ³,
485 998 661 1034 prohibetur
676 998 773 1025 omnis
790 1000 925 1025 contrec-

148 1045 218 1073 tatio
238 1045 280 1073 rei
302 1045 406 1074 alienae
427 1054 463 1073 ex
482 1045 652 1082 cupiditate.
675 1045 869 1073 Contrectatio
884 1045 926 1072 rei

149 1092 251 1119 alienae
272 1094 368 1128 potest
385 1092 449 1120 fieri
468 1091 545 1120 licite
568 1091 661 1119 tribus
675 1092 774 1119 modis
789 1101 796 1119 :
812 1092 926 1127 primo,

149 1139 271 1174 quando
282 1138 315 1167 fit
325 1147 387 1166 non
397 1147 434 1166 ex
447 1139 618 1175 cupiditate,
631 1138 684 1166 sed
694 1147 730 1166 ex
745 1138 927 1173 obedientia,

149 1185 223 1213 sicut
239 1185 371 1214 fecerunt
383 1185 437 1214 filii
453 1186 541 1214 Israel
555 1185 717 1213 auferendo
732 1193 804 1213 vasa
818 1187 928 1222 AEgyp-

150 1232 273 1267 tiorum;
290 1233 439 1267 secundo,
457 1233 579 1269 quando
594 1232 627 1260 fit
640 1233 770 1267 cautela,
789 1235 821 1260 ut
838 1233 861 1260 si
876 1233 928 1260 ali-

151 1279 217 1315 quis
238 1279 349 1307 furetur
369 1280 505 1315 gladium
523 1279 636 1315 furiosi,
659 1288 696 1307 ne
717 1280 773 1308 sibi
797 1281 845 1308 vel
864 1280 929 1307 aliis

151 1328 258 1354 noceat
266 1335 275 1362 3
299 1326 402 1361 tertio,
428 1327 551 1363 quando
575 1327 608 1354 fit
632 1335 668 1354 ex
691 1327 861 1355 necessitate
871 1349 879 1362 ,
898 1330 930 1355 ut

153 1381 222 1401 cum
236 1373 343 1409 aliquis
356 1374 396 1402 ad
407 1376 534 1402 mortem
547 1374 676 1402 esuriens
686 1373 799 1401 furatur
813 1382 929 1409 panem,

153 1420 224 1455 quia
238 1420 269 1448 in
283 1421 453 1448 necessitate
468 1420 569 1448 omnia
584 1421 755 1448 communia
767 1423 843 1448 sunt.

343 1514 444 1547 CAP
459 1513 526 1546 UT
567 1513 736 1547 LXVII.

391 1587 428 1613 De
443 1589 535 1613 octavo
551 1587 692 1621 Praecepto.

190 1657 330 1684 Octavum
349 1656 414 1683 est:
435 1656 496 1684 Non
518 1657 635 1691 loqueris
659 1658 752 1683 contra
779 1658 932 1691 proximum

154 1707 229 1731 tuum
248 1704 348 1736 falsum
367 1703 561 1730 testimonium.
584 1702 634 1730 Hic
653 1702 828 1738 prohibetur
844 1711 932 1730 omne

154 1760 248 1787 genus
261 1751 420 1785 mendacii,
437 1751 513 1778 sicut
528 1750 598 1778 dicit
611 1751 790 1786 Augustinus
804 1752 814 1767 '³
826 1760 833 1782 ;
850 1751 933 1786 quod

155 1798 366 1826 determinatur
393 1806 446 1834 per
472 1799 530 1825 tres
556 1797 735 1825 differentias
752 1807 759 1824 :
789 1801 831 1825 est
854 1798 933 1826 enim

154 1845 344 1872 mendacium
360 1845 570 1881 perniciosum,
594 1844 677 1879 quod
694 1845 798 1877 nocet;
821 1845 934 1872 officio-

156 1900 231 1925 sum,
247 1892 330 1927 quod
344 1891 479 1927 prodest;
496 1891 644 1926 jocosum,
654 1891 737 1926 quod
748 1891 932 1919 delectamu-

157 1937 283 1964 cluditur
291 1937 321 1964 in
327 1937 535 1973 hocpraecepto
542 1937 721 1965 taciturnitas
727 1938 854 1965 veritatis
863 1940 933 1965 tem-

156 1991 229 2018 pore
244 1984 421 2011 necessitatis
438 1992 444 2010 :
460 1985 561 2011 tamen
575 1992 663 2011 causa
688 1986 715 2011 et
729 1985 934 2020 opportunitas

156 2029 224 2057 facit
237 2029 333 2065 ipsam
347 2029 573 2057 taciturnitatem
588 2031 715 2058 veritatis
729 2039 791 2058 esse
812 2031 930 2059 licitam.

388 2109 529 2142 CAPUT
555 2109 703 2142 LXVIII.

319 2189 356 2215 De
375 2196 444 2215 nono
463 2189 598 2223 Proecepco
618 2190 643 2215 et
662 2188 771 2215 decimo.

194 2268 309 2293 Nonum
337 2267 364 2292 et
390 2264 539 2292 decimum
565 2267 745 2300 praeceptum
773 2267 815 2292 est
836 2275 841 2292 :
874 2267 935 2293 Non

158 2313 323 2347 concupisces
337 2319 392 2338 rem
410 2312 531 2346 proximi
549 2313 606 2345 tui,
622 2320 668 2338 nec
687 2312 853 2339 desiderabis
870 2321 935 2339 uzo-

160 2367 213 2386 rem
230 2359 298 2393 ejus,
318 2366 371 2385 non
389 2366 493 2385 servum
505 2379 512 2392 ,
528 2366 580 2384 non
601 2359 745 2392 ancillam,
762 2367 814 2386 uon
835 2360 934 2392 bovem,

159 2414 205 2432 nec
219 2407 342 2437 asinum,
360 2413 405 2431 nec
421 2406 509 2431 omnia
532 2413 590 2439 quoe
606 2406 682 2431 illius
701 2408 773 2433 sunt.
791 2407 851 2432 Duo
867 2414 935 2441 pro-

160 2452 298 2479 hibentur
316 2451 378 2484 hic,
399 2451 508 2478 seilicet
529 2452 766 2486 concupiscentia
787 2452 882 2479 carnis
906 2452 935 2479 in

162 2507 254 2526 uxore
268 2499 412 2534 proximi,
431 2500 458 2525 et
479 2498 716 2534 concupiscentia
735 2499 891 2526 oculorum
906 2499 936 2525 in

162 2552 193 2572 re
213 2545 309 2573 aliena
323 2555 329 2573 ;
349 2554 418 2573 nam
433 2545 471 2573 ad
486 2545 547 2572 haec
563 2545 623 2573 duo
638 2545 766 2573 maxime
781 2546 937 2574 inclinatur

198 2618 201 2629 ¹
218 2618 292 2647 Aug„
312 2618 402 2646 Quoest.
420 2618 446 2639 in
466 2615 555 2645 Eaeocl„
576 2623 600 2646 q.
622 2622 692 2640 ΠΜ.
713 2629 743 2633 --
761 2617 771 2632 ²
791 2617 849 2640 Vid.
869 2623 936 2647 sup,

165 2659 189 2683 p.
208 2654 267 2682 145,
285 2653 337 2676 146.
351 2666 377 2669 —
390 2652 399 2666 ³
411 2653 486 2683 Aug„
497 2651 540 2675 ubi
552 2658 635 2681 snpra.
648 2664 679 2669 -—
690 2651 699 2667 ‘⁴
714 2652 789 2683 Aug„
806 2653 894 2681 Quoest.
911 2653 936 2675 in

167 2687 254 2717 Exod„
271 2694 296 2718 q.
313 2693 382 2710 Lxxi.

1692 223 1750 252 199

974 290 1080 316 natura
1094 290 1232 325 corrupta
1248 298 1255 316 :
1279 289 1319 317 ad
1332 296 1442 323 unum,
1457 290 1578 324 propter
1597 295 1751 316 conserva—

975 335 1086 363 tionem
1098 335 1144 363 sui
1158 336 1189 363 in
1201 343 1263 363 esse
1277 335 1443 370 individui3
1460 335 1499 363 ad
1514 334 1650 369 alterum,
1661 342 1751 371 prop-

974 383 1018 409 ter
1033 382 1290 410 conservationem
1305 382 1350 409 sui
1365 382 1395 410 iu
1414 390 1475 410 esse
1493 381 1609 418 speciei.
1627 381 1676 410 IIic
1690 389 1752 409 non

975 428 1151 464 prohibetur
1180 428 1325 465 appetitus
1353 428 1406 464 qui
1438 430 1481 456 est
1512 436 1530 456 a
1563 428 1752 464 corruptione

975 474 1095 510 fomitis,
1119 475 1169 503 vel
1191 483 1209 503 a
1234 475 1428 503 delectatione
1455 475 1658 509 sensualitatis,
1682 474 1754 511 quia

977 521 1160 558 impossibile
1184 524 1226 550 est
1246 522 1329 559 quod
1347 521 1404 549 illoe
1426 521 1670 557 concupiscentiae
1692 529 1754 549 non

977 569 1035 597 sint
1054 569 1084 597 in
1102 569 1207 598 nobis:
1229 570 1283 597 sed
1296 569 1471 605 prohibetur
1485 569 1631 604 appetitus
1646 568 1696 604 qui
1713 571 1756 596 est

978 625 1015 644 ex
1030 624 1175 645 consensu
1186 616 1318 645 rationis.
1333 616 1473 650 Quamvis
1484 615 1562 643 istud
1575 617 1755 652 praeceptum

978 663 1018 691 ad
1034 663 1093 691 duo
1109 666 1223 692 tantum
1233 663 1453 697 determinetur,
1468 665 1568 691 tamen
1581 662 1756 698 prohibetur

979 710 1020 739 ihi
1049 711 1254 740 universaliter
1279 712 1376 739 omnis
1407 710 1645 747 concupiscentia
1669 709 1756 738 malae

979 761 1146 790 voluntatis.

1224 839 1367 873 CAPUT
1392 838 1509 872 LXIX.

1184 921 1222 947 De
1246 920 1373 947 Consiliis
1395 920 1425 945 in
1450 925 1550 953 genere.

1019 997 1191 1031 Consilium,
1201 998 1291 1033 prout
1301 995 1442 1024 dividitur
1457 996 1559 1022 contra
1568 994 1759 1030 praeceptum,

983 1048 1024 1073 est
1038 1044 1191 1081 persuasio
1209 1043 1340 1070 melioris
1354 1042 1426 1069 boni
1447 1041 1485 1068 ad
1508 1041 1592 1077 quod
1606 1049 1667 1068 non
1682 1042 1760 1068 tene-

983 1100 1060 1119 mur.
1083 1091 1212 1119 Consilia
1226 1090 1257 1117 in
1278 1089 1378 1117 multis
1397 1088 1536 1116 differunt
1557 1095 1574 1114 a
1596 1087 1758 1123 praeceptis.

984 1139 1096 1173 Primo,
1111 1138 1182 1174 quia
1200 1137 1238 1165 ad
1254 1137 1399 1172 praecepta
1420 1137 1568 1168 tenemur,
1585 1134 1623 1161 ad
1638 1133 1762 1161 consilia

984 1193 1055 1213 vero
1078 1193 1150 1219 non,
1179 1183 1249 1219 quia
1268 1184 1414 1219 praecepta
1440 1189 1556 1208 servare
1576 1183 1618 1208 est
1636 1180 1761 1208 necessi-

985 1232 1066 1265 tatis,
1086 1230 1209 1258 consilia
1232 1237 1303 1257 vero
1324 1228 1494 1256 voluntatis.
1517 1229 1588 1255 Item
1609 1227 1659 1254 Iex
1678 1229 1762 1254 vetus

986 1279 1037 1306 dat
1063 1279 1207 1313 praecepta
1221 1298 1229 1311 ,
1260 1275 1453 1310 Evangelium
1483 1282 1555 1302 vero
1590 1273 1764 1310 superaddit

986 1325 1118 1353 consilia.
1136 1326 1207 1352 Item
1229 1322 1387 1351 consilium
1401 1322 1527 1358 pertinet
1548 1321 1586 1348 ad
1601 1320 1762 1356 perfectos,

985 1373 1166 1408 praeceptum
1189 1370 1228 1398 ad
1249 1369 1462 1406 perficiendos3
1482 1368 1533 1395 sed
1554 1367 1709 1403 permissio
1725 1367 1763 1394 ad

987 1419 1184 1455 imperfectos,
1197 1417 1359 1453 prohibitio
1373 1416 1412 1444 ad
1426 1423 1591 1452 perversos.
1607 1416 1678 1442 Item
1692 1423 1764 1450 prae-

987 1468 1072 1501 cepta
1090 1466 1227 1500 separant
1247 1472 1302 1491 nos
1321 1463 1359 1490 ab
1381 1463 1506 1496 illicitis,
1523 1462 1646 1489 consilia
1658 1470 1729 1488 vero
1746 1470 1764 1489 a

988 1512 1144 1540 concessis.
1169 1512 1239 1539 Item
1259 1519 1312 1546 per
1328 1512 1475 1546 praecepta
1496 1509 1679 1536 declinamus
1697 1516 1764 1544 pec-

988 1562 1066 1593 cata,
1082 1558 1134 1586 sed
1152 1566 1205 1594 per
1220 1557 1341 1584 consilia
1361 1556 1531 1584 occasiones
1549 1555 1671 1591 peccati.
1695 1557 1765 1583 Item

988 1614 1041 1641 per
1064 1606 1212 1641 praecepta
1236 1604 1364 1631 maxime
1388 1602 1526 1637 negativa
1550 1609 1670 1637 poenam
1690 1601 1765 1636 fugi-

988 1661 1072 1686 muS,
1095 1652 1148 1679 sed
1174 1660 1227 1687 per
1248 1650 1370 1678 consilia
1391 1649 1546 1685 praemium
1567 1648 1763 1675 cumulamus.

988 1701 1058 1727 Item
1082 1698 1206 1726 consilia
1229 1699 1344 1725 servata
1366 1696 1492 1724 afferunt
1515 1695 1688 1731 praemium,
1705 1702 1766 1721 non

989 1748 1104 1774 servata
1136 1753 1197 1772 non
1228 1745 1382 1772 adducunt
1414 1742 1599 1778 supplicium.
1631 1743 1699 1769 Item
1727 1741 1766 1768 ad

988 1794 1134 1829 praecepta
1149 1792 1378 1826 constringimur
1392 1799 1428 1818 ex
1444 1789 1556 1823 debito,
1572 1789 1625 1816 sed
1645 1788 1683 1816 ad
1700 1796 1768 1816 con-

989 1841 1054 1868 silia
1066 1848 1127 1867 non
1139 1839 1194 1867 nisi
1207 1848 1242 1866 ex
1254 1841 1334 1866 voto.
1348 1839 1419 1865 Item
1432 1836 1588 1864 consilium
1600 1843 1653 1872 per
1665 1838 1767 1863 votum

989 1888 1021 1915 fit
1034 1888 1230 1924 praeceptum,
1250 1886 1324 1912 sicut
1347 1885 1386 1912 ait
1408 1884 1606 1919 Augustinus:
1626 1893 1639 1908 (ι
1654 1884 1766 1910 Vovere

989 1937 1031 1962 est
1046 1934 1205 1961 voluntatis
1216 1954 1224 1967 ,
1240 1932 1293 1959 sed
1308 1931 1432 1959 reddere
1457 1929 1644 1957 necessitatis.
1665 1940 1678 1954 n
1697 1929 1767 1956 Item

988 1980 1094 2008 melius
1109 1982 1151 2007 est
1166 1987 1227 2007 esse
1240 1979 1381 2006 devotum
1394 1978 1424 2004 in
1439 1977 1616 2010 minoribus,
1633 1984 1723 2012 quam
1737 1976 1767 2002 in

989 2028 1153 2063 majoribus
1172 2027 1346 2054 indevotum
1365 2023 1612 2061 promissionibus
1632 2022 1764 2049 inveniri.

990 2075 1069 2102 Unde
1089 2074 1195 2102 melius
1220 2075 1262 2100 est
1282 2072 1363 2099 nuda
1390 2072 1533 2106 praecepta
1557 2077 1673 2096 servare
1698 2076 1766 2095 cum

990 2121 1166 2153 devotione,
1182 2128 1272 2155 quam
1288 2127 1317 2145 se
1334 2117 1372 2144 ad
1393 2116 1515 2144 consilia
1530 2115 1677 2149 obligare,
1695 2117 1722 2142 et
1736 2115 1766 2142 iu

989 2168 1033 2195 his
1049 2167 1249 2202 negligentem
1263 2172 1336 2192 esse.

1025 2215 1097 2241 Nota
1115 2213 1198 2248 quod
1209 2212 1238 2238 in
1253 2211 1318 2245 lege
1332 2210 1462 2237 mosaica
1470 2209 1705 2244 tueruntjudicia
1718 2209 1763 2244 (h),

990 2259 1199 2288 caerimonialia
1214 2261 1240 2285 ct
1255 2257 1389 2285 moralia.
1410 2258 1466 2283 Lex
1483 2258 1580 2283 autem
1595 2256 1766 2290 evangelica

987 2309 1100 2344 judicia
1114 2307 1146 2343 (b)
1162 2308 1314 2342 temperat,
1329 2306 1442 2340 partem
1452 2304 1484 2339 (f)
1497 2303 1657 2331 auferendo
1674 2303 1766 2337 :figu-

989 2364 1037 2383 ras
1052 2357 1184 2388 evacuat,
1200 2362 1299 2381 rerum
1312 2352 1464 2379 veritatem
1492 2351 1660 2377 exhibendo
1674 2360 1679 2377 :
1696 2359 1767 2385 prac-

991 2404 1075 2438 cepta
1095 2402 1298 2433 consummat,
1328 2398 1507 2433 adjiciendo.
1537 2397 1642 2431 Adjicit
1669 2398 1768 2423 autem

992 2449 1056 2484 tria,
1064 2449 1174 2476 scilicet
1188 2446 1410 2474 instructionem
1426 2445 1683 2476 documentorum,
1700 2451 1768 2478 pro-

991 2496 1161 2523 missionem
1180 2494 1382 2530 praemiorum,
1395 2494 1422 2519 et
1441 2491 1650 2527 perfectionem
1675 2489 1768 2516 consi-

990 2543 1109 2570 liorum.
1126 2544 1158 2569 Et
1172 2541 1240 2568 ideo
1256 2540 1362 2567 dicitur
1381 2539 1428 2565 lex
1444 2537 1573 2565 mosaica
1589 2537 1626 2563 ab
1642 2544 1768 2570 evange-

991 2590 1049 2618 lica
1064 2589 1181 2616 differre
1192 2609 1200 2621 ,
1217 2587 1286 2623 quia
1299 2586 1350 2614 illa
1365 2586 1527 2620 figurarum
1546 2586 1599 2617 est,
1616 2583 1676 2609 haec
1695 2583 1770 2610 veri-

1025 2655 1055 2683 (a)
1069 2652 1125 2682 Ley.
1139 2650 1263 2681 capitibus
1277 2648 1449 2680 sequentibus.
1462 2661 1491 2664 —-
1508 2646 1549 2677 (ὁ)ῥ
1559 2647 1614 2676 Leq.
1630 2646 1767 2676 judicialia.

993 2702 1022 2705 —
1037 2688 1067 2719 (c)
1079 2688 1135 2716 Leq.
1151 2685 1251 2716 partim,
