2004 3037
723 220 1053 255 CONFESSIONALE.
1077 223 1164 257 CAP.
1188 224 1225 258 V.

166 292 230 321 tum
244 291 299 328 est,
321 292 414 330 etqui
435 300 498 321 non
521 291 629 321 devota
650 292 748 319 mente
767 289 882 318 accedit
904 289 943 318 ad

167 339 394 375 Eucharistfflm,
414 339 464 368 vel
487 339 518 368 in
539 338 690 367 voluntate
715 336 859 373 peccandi
880 344 942 365 ma-

166 394 241 415 nens
256 395 263 414 :
280 388 309 415 et
323 387 374 415 iste
387 386 453 415 talis
465 387 507 414 est
520 393 588 414 reus
597 383 730 421 corporis
747 386 774 412 et
789 383 942 419 sanguinis

167 433 293 469 Domini,
304 433 335 462 id
344 435 396 469 est,
407 432 509 462 mortis
518 431 620 460 Christi
629 439 732 468 poenas
742 430 835 466 dabit,
846 430 878 458 id
889 432 941 465 est,

166 488 200 508 ac
212 480 235 508 si
251 480 395 508 Christum
406 479 556 514 occiderit,
569 479 740 515 punietur.»
757 479 821 505 Hoec
829 477 940 506 Glossa.

165 527 310 556 ContInua
331 537 338 556 :
360 529 430 555 Tam
451 534 541 562 grave
557 527 710 562 peccatum
733 526 776 552 est
796 524 941 552 Christum

164 573 295 610 indignis
307 573 487 602 licentiando
502 572 630 606 tradere,
649 574 682 600 ut
703 572 766 608 ipse
778 571 873 600 ludex
886 579 941 607 per

164 629 194 649 se
209 620 315 649 clamet
327 622 335 639 ¹
348 629 355 649 ε
375 621 422 649 Voe
432 622 522 648 autem
536 620 641 647 homini
649 620 703 651 illi.
714 626 764 654 per
778 626 856 654 quem
866 619 940 653 filius

162 668 278 696 hominis
302 667 436 695 tradetur.
456 668 560 694 Bonum
584 668 643 694 erat
670 667 710 700 ei,
737 667 762 693 si
787 667 867 693 natus
887 673 940 693 non

161 716 270 750 suisset,
285 715 360 742 homo
380 714 427 742 ille
433 721 445 745 ‚·
462 713 564 742 Glossa
580 722 587 742 :
608 723 622 739 «
635 713 724 741 Multo
745 711 851 740 melius
866 714 940 740 esset

162 761 284 790 omnino
295 769 357 789 non
367 769 441 796 esse,
449 769 541 798 quam
551 760 630 789 male
642 768 714 789 esse.
725 771 738 786 n
751 763 791 789 Ac
804 761 828 788 si
838 761 938 797 aperte

161 808 241 837 dicat
255 817 262 836 ε
277 808 379 838 Melius
393 810 468 837 esset
489 808 540 836 tali
554 807 686 843 homini,
704 807 788 844 quod
807 807 936 836 Christus

159 863 315 892 nunquam
337 855 437 883 fuisset
457 855 635 890 incarnatus,
657 862 815 891 nunquam
837 856 934 889 natus,

158 910 314 938 nunquam
327 910 433 938 passus
442 923 450 937 ‚
465 910 622 938 nunquam
639 909 658 930 a
671 903 766 930 morte
780 901 936 929 resuscita-

157 950 214 984 tus,
229 949 296 977 lieet
310 957 364 985 per
377 949 435 978 hoc
449 949 560 977 multos
581 948 762 984 liberaverit,
787 948 936 976 infernum

156 996 345 1032 spoliaverit,
370 996 460 1025 coelos
478 995 634 1031 ditaverit,
658 995 729 1032 quia
750 995 852 1023 omnia
873 995 936 1023 haec

155 1042 225 1070 talia
238 1051 300 1071 non
313 1043 389 1079 profi
395 1043 476 1071 ciunt
487 1043 527 1071 ad
537 1042 674 1077 salutem,
690 1042 742 1070 sed
753 1042 793 1071 ad
803 1041 936 1070 acerbio-

153 1097 218 1118 rem
239 1089 479 1125 damnationem3
502 1090 573 1126 quia
593 1089 713 1125 gravius
736 1091 861 1125 peccant
882 1089 935 1125 qui

153 1139 345 1164 contemnunt
359 1139 533 1172 regnantem
546 1135 577 1164 in
590 1136 677 1172 coelo,
695 1144 787 1172 quam
802 1136 854 1172 qui
869 1144 933 1164 cru-

152 1184 308 1212 cifixerunt
329 1184 532 1212 ambulantem
548 1183 578 1211 in
592 1184 670 1211 terra
680 1203 689 1217 ,
704 1185 736 1210 ut
751 1183 863 1211 dictum
879 1185 930 1211 est.

152 1230 233 1259 Unde
247 1231 278 1259 in
292 1231 375 1259 nullo
395 1239 466 1260 casu
486 1230 581 1266 sanis,
596 1238 651 1258 nec
665 1230 802 1266 infirmis,
819 1238 874 1258 nec
888 1239 934 1258 sa-

152 1278 332 1314 cerdotibus,
348 1286 403 1306 nec
422 1278 486 1306 aliis
501 1286 624 1314 peccare
638 1277 819 1312 volentibus,
843 1277 933 1305 debet

151 1325 290 1353 sacerdos
305 1334 413 1361 corpus
424 1325 526 1354 Christi
535 1325 685 1353 licentiare
695 1324 746 1352 vel
761 1325 930 1360 indulgere,

152 1372 222 1408 quia
242 1372 374 1408 praecipit
398 1372 539 1400 Dominus
554 1371 565 1387 ²
580 1380 588 1399 ι
603 1373 697 1401 Nolite
719 1375 844 1400 sanetum
864 1372 931 1399 dare

151 1420 273 1454 canibus,
288 1419 319 1447 id
334 1421 386 1454 est,
402 1419 442 1447 ad
456 1419 603 1447 vomitum
617 1420 809 1455 peccatorum
832 1418 930 1447 redire

150 1466 327 1494 volentibus.
341 1466 416 1494 Sciat
428 1474 499 1502 ergo
509 1466 659 1494 confessor
669 1465 828 1500 studiosus,
845 1466 930 1502 quod

149 1513 174 1540 si
189 1513 313 1541 discrete
327 1513 358 1541 in
373 1513 513 1541 omnibus
534 1512 682 1549 praedictis
696 1521 726 1540 se
743 1513 821 1540 circa
837 1512 928 1540 confi-

148 1561 257 1587 tentem
269 1560 417 1594 habuerit,
433 1568 495 1588 non
509 1562 624 1588 tantum
639 1559 734 1588 salvat
745 1560 842 1596 ipsum
857 1568 927 1587 con-

148 1606 290 1641 fitentem,
306 1607 359 1635 sed
373 1607 461 1635 etiam
485 1607 615 1643 seipsum
622 1616 630 1643 ;
646 1607 767 1643 insuper
782 1608 809 1634 et
833 1606 929 1642 operit

147 1654 369 1682 multitudinem
383 1656 588 1691 peccatorum,
605 1661 639 1681 ac
655 1653 802 1689 ampliora
817 1653 927 1688 gaudia

147 1700 213 1728 vitae
223 1700 347 1729 coelestis
360 1701 416 1728 sibi
429 1700 587 1737 conquirit,
599 1700 673 1728 sicut
682 1699 787 1728 beatus
797 1700 927 1728 ,lacobus

147 1747 231 1782 dicit,
257 1748 308 1784 qui
330 1755 398 1775 cum
417 1747 601 1775 disseruisset
619 1746 656 1774 de
671 1747 875 1775 sacerdotibus
898 1748 926 1775 et

146 1795 347 1830 consessione,
378 1795 476 1823 statim
496 1793 652 1822 subintulit
674 1793 798 1822 dicens3
820 1803 829 1822 :
851 1794 926 1822 Scire

145 1842 222 1871 debet
236 1844 364 1877 quoniam
378 1844 427 1877 qui
441 1843 603 1870 converterit
611 1843 776 1877 peccatorem
790 1842 822 1870 ab
838 1850 924 1870 errore

144 1891 196 1917 vioe
208 1897 273 1924 suoe,
287 1889 406 1917 salvabit
425 1891 544 1917 animam
563 1897 639 1917 suam
659 1897 677 1917 a
697 1891 793 1922 morte,
815 1892 840 1917 et
864 1897 924 1925 ope-

144 1937 197 1963 riet
210 1935 245 1971 (α)
261 1936 465 1964 multitudinem
477 1938 659 1972 peccatorum.

404 2040 581 2075 CAPUT
621 2040 660 2074 V.

210 2124 248 2150 De
266 2123 520 2157 Irreqularitatz'bus
541 2124 566 2149 et
586 2122 847 2157 Dispensationibus.

424 2208 604 2233 PARTiCULA
623 2208 643 2232 l.

177 2270 231 2305 Qui
246 2270 365 2298 adultus
380 2277 468 2298 causa
482 2269 585 2297 mortis
599 2269 776 2305 baptizatur,
793 2277 854 2296 non
870 2269 921 2296 de-

141 2318 191 2346 bet
201 2317 384 2354 promoveri,
392 2318 425 2344 ut
437 2316 563 2344 distinct.
578 2324 647 2351 Lvn,
660 2324 684 2344 c.
697 2317 728 2344 St·
742 2318 813 2351 quis.
826 2317 920 2344 Potest

141 2366 241 2392 tamen
267 2364 424 2400 episcopus
448 2363 619 2399 dispensare
643 2371 711 2391 cum
736 2371 771 2391 eo
797 2365 919 2399 propter

105 2412 126 2425 ¹²·
140 2411 290 2439 raritatem
305 2410 498 2443 clericorum,
514 2409 538 2437 si
554 2410 694 2438 meruerit
717 2410 779 2445 ejus
794 2409 870 2445 vita,
887 2411 919 2437 ut

141 2458 206 2485 dist.
223 2458 283 2492 cit„
296 2466 320 2485 c.
337 2458 368 2485 Si
382 2459 453 2492 quis.

420 2540 601 2565 PARTICULA
621 2541 651 2565 ΙΙ.

175 2599 228 2633 Qui
249 2600 371 2628 scienter
386 2600 432 2628 bis
450 2600 616 2636 baptizatur
628 2599 680 2636 (de
695 2601 829 2634 consec,
848 2600 914 2628 dist.

172 2663 298 2714 'nfflssml''
317 2670 398 2694 xwi,
417 2665 456 2688 24.
472 2677 499 2682 -
523 2664 531 2677 ²
546 2663 649 2693 Maillz„
669 2670 719 2694 vii,
741 2666 765 2689 6.
786 2678 812 2682 -
830 2665 838 2678 ³
852 2665 915 2697 lac„

139 2705 166 2731 v,
181 2701 220 2723 -u.

241 2753 316 2776 Toni.
338 2753 408 2776 vm.

1720 235 1779 266 385

999 298 1039 326 iv,
1049 298 1074 319 c.
1089 292 1143 325 Qui
1159 292 1234 330 bis.),
1246 293 1294 322 vel
1311 293 1356 322 bis
1371 294 1564 325 confirmatur
1580 297 1627 335 (de
1642 299 1777 338 consec„

998 336 1066 366 dist.
1077 346 1107 373 v,
1118 347 1144 368 c.
1163 341 1280 376 Dictum,
1295 342 1322 369 et
1338 340 1404 369 dist.
1419 350 1447 377 L,
1463 351 1488 372 c.
1500 343 1694 383 Presbyteros)‚
1709 355 1779 377 cum

997 383 1042 411 his
1057 392 1118 413 non
1134 385 1330 423 dispensatur.
1351 388 1378 416 Si
1394 397 1466 417 vero
1489 390 1677 429 ignoranter,
1698 394 1777 431 epis-

998 438 1090 467 copus
1108 435 1204 469 potest
1223 433 1407 471 dispensare,
1422 438 1454 464 ut
1475 437 1506 465 in
1521 438 1588 467 dist.
1604 439 1666 475 cit„
1681 449 1706 470 c.
1724 442 1778 475 Qui

998 478 1053 510 bis,
1070 481 1098 507 et
1112 487 1192 508 caus.
1206 489 1230 516 1,
1247 489 1277 517 q.
1294 489 1338 517 iv,
1354 490 1380 510 c.
1397 484 1513 512 Placuit.

1273 565 1452 592 PARTICULA
1472 568 1514 593 iil.

1031 619 1085 653 Qui
1108 620 1169 648 sine
1197 621 1346 658 baptismo
1373 625 1547 662 ordinatur,
1569 627 1658 658 talem
1680 632 1776 667 potest

995 665 1152 703 episcopus
1167 668 1329 705 baptizare,
1342 672 1370 698 et
1384 671 1491 701 iterum
1506 674 1645 704 ordinare
1656 677 1774 714 (Extra.‚

994 711 1031 747 (te)
1053 712 1090 740 de
1107 714 1280 750 Presbytero
1295 724 1357 745 non
1377 717 1542 756 baptizato,
1560 730 1584 749 c.
1601 722 1633 750 Si
1647 726 1726 760 quis,
1748 727 1776 753 et

994 765 1060 794 cap.
1081 760 1227 797 Veniens).

1270 840 1451 868 PARTiCULA
1471 843 1512 869 lV.

1028 901 1082 935 Qui
1094 901 1140 930 bis
1155 903 1415 942 ordinatur(caus.
1433 915 1454 942 1,
1466 911 1568 944 quoest.
1584 918 1633 946 111,
1649 920 1674 939 c.
1690 912 1774 941 Salu-

992 949 1137 1001 lzerrimum
1151 950 1182 986 ,)
1199 959 1267 980 cum
1296 952 1353 981 hoc
1380 954 1532 991 dispensat
1551 958 1707 996 episcopus
1720 981 1729 996 ,
1748 961 1773 989 si

991 999 1174 1034 1gnoranter,
1190 1001 1222 1028 ut
1236 999 1350 1030 ibidem
1364 1002 1532 1032 Alexander
1546 1006 1636 1042 Papa.

1265 1085 1445 1111 PARTlCULA
1465 1087 1496 1112 V.

1025 1139 1080 1173 Qui
1099 1148 1153 1176 per
1168 1141 1276 1171 saltum
1291 1144 1424 1173 ascendit
1444 1145 1484 1174 ad
1498 1146 1638 1177 ordinem
1652 1151 1771 1185 praeter-

989 1185 1081 1215 misso
1098 1187 1218 1224 aliquo,
1233 1191 1329 1225 potest
1344 1191 1383 1219 ab
1399 1192 1541 1229 episcopo
1556 1194 1707 1232 ordinari,
1722 1197 1768 1227 in-

987 1232 1074 1261 terim
1091 1233 1130 1262 ab
1146 1235 1320 1264 executione
1341 1246 1518 1276 suspensus,
1534 1240 1630 1269 donec
1649 1246 1770 1279 praeter-

988 1279 1112 1308 missum
1127 1282 1267 1318 suscipiat
1276 1283 1353 1318 (dist.
1368 1292 1448 1320 nni,
1462 1294 1487 1313 c.
1501 1287 1586 1323 Sicut,
1598 1291 1625 1317 et
1635 1289 1701 1318 dist.
1713 1299 1769 1327 ιιι,

988 1334 1012 1354 c.
1037 1327 1233 1365 Sollz'cc'tudo.;
1256 1331 1366 1367 Extra„
1389 1332 1427 1360 de
1444 1332 1556 1362 Clerico
1584 1343 1638 1371 per
1660 1337 1769 1366 saltum

990 1376 1130 1409 promoto
1140 1396 1147 1410 ,
1163 1384 1227 1412 cap.
1244 1377 1345 1407 unico.

1256 1461 1436 1488 PARTICULA
1457 1464 1500 1489 Vl.

1020 1517 1074 1551 Qui
1086 1517 1193 1547 furtive
1208 1520 1246 1548 ab
1262 1521 1403 1558 episcopo
1424 1531 1479 1551 suo
1500 1525 1637 1554 ordinem
1655 1527 1767 1563 recepit

985 1563 1085 1600 (Exta,
1097 1565 1205 1593 eodem
1217 1566 1272 1601 tit„
1282 1568 1438 1604 efferimus,
1453 1572 1480 1598 et
1492 1579 1517 1598 c.
1531 1572 1596 1599 Cum
1603 1573 1639 1600 H.
1651 1574 1765 1610 Lator.)‚

984 1610 1008 1637 si
1043 1611 1109 1639 talis
1137 1612 1288 1641 intraverit
1315 1614 1508 1652 religionem,
1531 1618 1688 1656 episcopus
1717 1621 1766 1649 vel

983 1658 1121 1693 praelatus
1145 1668 1215 1688 suus
1239 1663 1334 1696 potest
1358 1670 1426 1691 cum
1446 1672 1482 1692 eo
1509 1665 1689 1702 dispensare.
1704 1669 1765 1696 Hoc

983 1703 1132 1741 intellige,
1155 1707 1178 1734 si
1200 1708 1343 1737 sententia
1367 1712 1683 1742 excommunicationis
1704 1715 1764 1744 lata

981 1759 1043 1780 non
1058 1752 1125 1788 ruit,
1145 1756 1175 1782 ut
1190 1754 1221 1782 in
1238 1755 1323 1783 dictis
1337 1764 1425 1793 capp.
1442 1760 1470 1786 et
1484 1758 1514 1786 in
1530 1762 1606 1796 App.

1247 1840 1426 1866 PARTiCULA
1446 1842 1500 1867 vu.

1016 1894 1070 1928 Qui
1087 1895 1125 1923 ab
1142 1895 1240 1925 alieno
1259 1898 1419 1936 episcopo,
1434 1903 1540 1937 praeter
1560 1903 1605 1931 sui
1628 1905 1760 1942 episcopi

979 1940 1138 1977 licentiam,
1150 1943 1305 1973 ordinatur
1317 1946 1407 1981 (caus.
1423 1955 1474 1983 vn,
1490 1957 1518 1983 q.
1536 1958 1556 1984 1,
1572 1958 1597 1978 c.
1612 1953 1761 1988 Episcopus

978 1989 1008 2015 in
1030 1989 1199 2026 dioecesim),
1225 1999 1293 2019 cum
1315 1992 1373 2020 hoc
1396 1996 1493 2030 potest
1516 1997 1673 2034 episcopus
1696 1999 1759 2028 dis-

979 2043 1102 2070 pensare
1120 2037 1212 2072 (caus.
1237 2046 1280 2073 rx,
1297 2047 1327 2075 q.
1344 2048 1379 2074 ιι,
1396 2048 1421 2069 c.
1436 2042 1652 2080 Luydunensz's).

1245 2121 1422 2149 PARTICULA
1442 2125 1510 2150 Vlil.

1013 2176 1067 2210 Qui
1082 2178 1164 2206 extra
1178 2179 1314 2214 tempora
1327 2182 1435 2210 statuta
1453 2184 1608 2214 ordinatur
1623 2187 1631 2223 (
1647 2189 1755 2225 Extra„

978 2223 1015 2251 de
1024 2225 1217 2260 Temporibus
1229 2226 1342 2263 Ordin.,
1355 2237 1380 2256 c.
1396 2230 1460 2258 Cum
1470 2233 1605 2269 quidam),
1615 2242 1683 2263 cum
1698 2236 1755 2265 hoc

976 2271 1057 2298 solus
1072 2273 1151 2308 Papa
1166 2272 1330 2310 dispensat,
1347 2277 1378 2303 ut
1392 2276 1497 2306 dicitur
1511 2279 1585 2309 ibid.

1253 2357 1432 2385 PARTICULA
1451 2361 1494 2386 lx.

1011 2412 1065 2446 Qui
1091 2413 1129 2442 ab
1159 2415 1316 2453 episcopo,
1334 2418 1385 2454 qui
1410 2420 1496 2448 cessit
1510 2421 1577 2451 loco
1595 2426 1623 2453 et
1638 2426 1762 2462 ordini,v

975 2460 1132 2489 ordinatur
1146 2463 1264 2498 (Extra.,
1279 2464 1316 2491 de
1330 2465 1477 2495 Ordinatis
1492 2469 1531 2496 ab
1547 2471 1691 2508 Episcopo
1703 2475 1755 2509 qui

974 2507 1134 2543 resignavit
1163 2509 1373 2546 episcopatui,
1401 2513 1448 2542 vel
1474 2520 1752 2556 excommunicato,

976 2561 1001 2581 c.
1013 2555 1189 2591 Requisz'vit),
1208 2556 1260 2584 sed
1276 2558 1304 2593 (c)
1322 2557 1494 2594 ignoranter
1507 2563 1547 2591 ad
1562 2565 1690 2600 majores
1705 2575 1754 2595 or-

976 2601 1060 2630 dines
1074 2610 1092 2630 a
1110 2602 1162 2630 tali
1185 2608 1393 2641 promovetur,
1415 2608 1572 2645 episcopus
1596 2620 1665 2640 suus
1685 2621 1754 2643 cum

1005 2665 1040 2696 (a)
1056 2667 1116 2705 Caet.
1135 2666 1195 2689 edit.
1213 2668 1302 2696 operit.
1316 2682 1346 2686 —
1369 2669 1401 2701 (b)
1419 2671 1480 2696 Caet.
1496 2672 1558 2697 edil.
1573 2674 1630 2700 add.
1648 2677 1705 2702 cod.
1723 2692 1754 2697 --

976 2701 1004 2732 (c)
1022 2701 1089 2726 Edit.
1112 2702 1166 2725 Ven.
1184 2702 1243 2726 adcl-
1259 2703 1290 2728 si.

1595 2758 1635 2787 25
