2004 3037
780 226 1116 261 CONFESSIONALE.
1140 229 1228 262 GAP.
1252 230 1290 262 11.

493 327 673 355 PARTICULA
695 326 739 352 lV.

564 383 601 408 De
615 383 664 408 tra.

262 443 364 470 Postea
369 441 481 478 quaerat
486 440 524 468 de
531 440 586 474 ira,
591 438 757 468 secundum
762 439 820 466 tres
827 437 937 474 gradus
944 437 1004 465 irae.

226 489 340 518 Primus
356 489 408 523 est,
417 485 540 524 quando
549 486 642 515 homo
654 485 788 514 irascitur
802 487 831 514 et
842 483 1006 518 maledicit,

226 536 275 564 vei
297 534 447 564 malefacit
461 533 634 562 convitianti
648 532 716 568 sibi,
732 532 781 560 vel
797 532 1005 561 malefacienti.

227 584 379 614 Secundus
398 583 510 620 gradus
531 583 589 618 est,
609 581 732 619 quando
752 589 788 610 ex
809 581 1006 610 amaritudine

227 631 325 660 cordis
343 630 400 659 sibi
419 629 589 664 maledicit,
611 629 658 659 vei
683 628 832 657 malefacit
851 636 881 656 se
900 636 1007 665 percu-

226 678 339 713 tiendo,
364 677 412 707 vel
426 677 542 714 aliquid
559 675 742 713 hujusmodi.
762 675 874 704 Tertius
896 675 1007 712 gradus

226 728 279 760 est,
294 725 417 762 quando
427 725 520 754 homo
531 733 567 753 ex
581 724 674 753 nimio
685 724 799 758 furore,
811 723 843 751 in
857 723 942 759 ludo,
959 723 1008 752 vel

226 772 309 808 alibi,
324 771 477 801 maledicit
491 773 550 800 Deo
565 771 742 800 benedicto:
756 771 809 799 ubi
824 771 912 799 etiam
927 779 1008 807 quae-

225 821 270 848 rat
282 819 319 847 de
333 819 472 856 peccatis,
493 827 560 856 quae
574 818 754 855 proveniunt
769 826 804 846 ex
820 818 874 854 ira,
896 817 1008 846 scilicet

227 865 265 895 de
279 866 383 902 bellis,
398 866 578 900 homicidiis,
593 865 738 894 incendiis
749 886 758 900 ,
775 867 802 894 et
820 865 1006 901 hujusmodi.

500 945 682 970 PARTtCULA
701 945 732 970 V.

536 1000 572 1023 De
590 998 694 1024 Acedia.

263 1056 375 1085 Deinde
397 1057 511 1093 quaerat
530 1055 568 1084 de
589 1055 703 1084 acedia.
727 1055 825 1084 Primo
844 1055 869 1083 si
883 1063 937 1091 per
957 1057 1008 1084 tae-

173 1097 179 1102 ’
227 1103 311 1132 dium
328 1103 402 1132 boni
409 1124 419 1139 ‚
443 1110 479 1143 φῖ
499 1102 729 1137 consuetudine,
752 1104 780 1130 et
804 1103 968 1139 pravitate,
983 1105 1010 1131 et

226 1151 375 1180 desiderio
396 1150 485 1186 mali,
502 1150 716 1187 quodcumque
736 1149 851 1178 malum
870 1149 1009 1179 faciendo

226 1198 340 1228 laetatur
349 1219 359 1234 ‚
376 1199 404 1226 et
423 1198 541 1226 bonum
562 1197 776 1234 quodcumque
791 1197 929 1225 faciendo
945 1198 1010 1226 tris-

226 1248 302 1275 tatur
312 1254 321 1280 ;
337 1245 391 1274 ubi
404 1244 513 1281 poterit
531 1244 711 1273 descendere
728 1244 768 1272 ad
790 1244 908 1272 diversa
928 1244 1010 1273 bona

227 1296 255 1322 et
269 1293 365 1328 mala,
381 1292 546 1320 secundum
562 1291 646 1328 quod
667 1291 756 1327 exigit
770 1291 925 1319 diversitas
940 1300 1009 1328 per-

227 1348 379 1368 sonarum.
392 1339 546 1373 Secund0,
562 1338 645 1375 quod
660 1338 684 1366 si
698 1346 760 1367 non
773 1337 871 1366 solum
885 1338 917 1366 in
927 1339 1010 1367 bono

225 1387 373 1422 tristatur,
395 1388 424 1415 et
444 1386 525 1414 malo
551 1385 683 1420 laetatur,
704 1385 757 1414 sed
780 1385 868 1413 etiam
893 1385 1010 1422 aliquos

226 1433 391 1462 deridendo
407 1441 425 1461 a
439 1433 522 1461 bono
538 1432 669 1466 retraxit,
680 1432 728 1460 vel
745 1431 784 1460 ad
799 1432 912 1459 malum
925 1434 1011 1461 attra-

226 1482 277 1517 xit,
293 1481 403 1516 verbis,
420 1480 550 1516 gestibus
565 1481 593 1508 et
607 1480 761 1516 exemplis.
777 1479 886 1513 Tertio,
902 1480 926 1507 si
942 1480 1010 1508 des·

225 1528 371 1565 perando,
387 1527 435 1556 vel
459 1527 497 1555 de
512 1527 717 1555 misericordia
732 1527 781 1555 Dei
796 1527 921 1555 nimium
936 1535 1011 1563 prae-

226 1574 373 1603 sumendo
385 1596 394 1610 ‚
424 1574 508 1602 omni
542 1574 670 1602 stultitiae
698 1575 726 1602 et
757 1573 950 1610 impudicitiae
980 1582 1010 1602 se

226 1621 348 1650 tradidit
360 1629 413 1658 per
434 1621 547 1656 otium,
571 1629 590 1649 a
609 1621 692 1649 bona
714 1620 912 1656 cogitatione,
929 1621 1012 1649 locu—

229 1669 308 1697 tione
332 1670 361 1696 et
382 1668 555 1705 operatione
579 1667 742 1703 cessando,
768 1667 1012 1703 concupiscentioe

227 1717 338 1750 carnis,
354 1716 522 1751 oculorum,
539 1718 567 1744 et
585 1715 733 1752 superbiae
747 1715 814 1744 vitre
828 1715 990 1744 insistendo
1001 1726 1010 1752 3

227 1765 278 1792 aut
304 1771 406 1791 amore
431 1762 519 1797 mali,
544 1764 595 1790 aut
618 1762 705 1790 taedio
732 1762 822 1797 boni,
850 1762 931 1790 malo
958 1771 1012 1798 per

228 1809 439 1846 negligentiam
467 1817 529 1837 non
552 1808 737 1845 resistend03
762 1809 794 1837 in
817 1809 1012 1838 dissolutione

229 1856 396 1893 spectacula
409 1864 489 1884 vana
503 1856 653 1891 vidend03
670 1856 701 1884 in
716 1856 858 1884 fractione
873 1856 965 1891 vocis,
981 1856 1013 1884 in

229 1903 347 1931 levitate
362 1903 479 1938 mentis,
490 1903 521 1930 in
535 1902 666 1938 gestibus
682 1903 815 1938 corporis
829 1902 1011 1932 lasciviendo

230 1949 343 1985 inepte,
363 1951 389 1978 et
415 1949 504 1977 nimis
517 1949 657 1984 ridendo,
674 1950 748 1977 alios
772 1949 811 1977 ad
830 1949 924 1978 risum
949 1958 1014 1978 mo-

230 1997 349 2031 vendo,
370 1996 508 2024 fabulosa
532 1998 560 2024 et
580 2004 659 2024 vana
682 1996 855 2032 loquendo,
876 2005 970 2032 vagus
986 1999 1014 2026 et

231 2043 399 2071 inconstans
426 2043 597 2077 existendo,
622 2043 705 2079 quod
728 2044 820 2071 modo
848 2052 909 2071 non
930 2045 1013 2079 vult,

230 2090 323 2117 modo
338 2089 415 2125 vult3
431 2090 514 2126 quod
529 2097 609 2117 nunc
627 2090 739 2125 laudat,
757 2098 836 2117 nunc
851 2090 1012 2127 vituperat3

230 2137 327 2173 gravis
342 2136 381 2164 ad
395 2136 492 2171 bona,
514 2136 588 2164 levis
603 2136 643 2165 ad
654 2137 749 2172 mala;
763 2138 888 2173 gratiam
905 2138 953 2166 Dei
968 2147 1012 2166 rc-

231 2184 388 2220 pellendo,
413 2185 441 2211 et
460 2184 483 2210 si
502 2184 656 2220 receperit,
672 2185 870 2220 expellendo,
885 2187 1013 2221 tempus,

230 2230 330 2264 horaS,
346 2230 408 2258 dies
424 2232 452 2258 et
465 2239 582 2259 menses
597 2232 623 2258 et
639 2239 734 2259 annos
749 2231 890 2259 inutiliter
904 2240 1013 2267 expen-

232 2276 331 2304 dendo
342 2297 352 2311 ,
378 2277 565 2313 poenitentias
587 2277 735 2313 injunctas
756 2278 896 2306 indevote
923 2278 1012 2315 perfi-

232 2323 338 2351 ciendo
351 2345 359 2358 ,
373 2324 422 2351 vel
436 2323 622 2360 imperfectas
643 2325 858 2361 relinquendo,
874 2325 921 2353 vel
938 2328 1013 2354 tota-

231 2370 297 2398 liter
311 2370 486 2399 omittendo.

503 2449 683 2475 PARTICULA
705 2450 747 2475 vt,

529 2503 566 2527 De
585 2503 706 2528 Avaritia.

266 2560 381 2593 Quaerat
394 2559 484 2588 etiam
503 2559 540 2588 de
556 2559 689 2596 avaritia,
703 2561 731 2588 et
745 2560 839 2588 tribus
857 2560 1010 2596 gradibus.

232 2606 361 2642 Primus,
383 2607 408 2634 si
429 2615 484 2636 sua
506 2614 569 2635 non
588 2607 819 2636 communicavit
837 2608 868 2635 ut
890 2607 1010 2643 debuit;

231 2652 284 2680 ubi
300 2656 412 2689 quaerat
424 2654 461 2683 de
474 2654 615 2690 operibus
625 2653 847 2688 misericordice,
859 2654 882 2682 si
897 2654 1009 2689 omisit;

232 2699 259 2725 tt
273 2698 330 2727 hoc
345 2701 405 2728 tam
417 2700 455 2728 de
470 2700 673 2736 spiritualibus
683 2722 693 2736 ,
709 2709 800 2738 quam
816 2701 853 2729 dc
869 2709 1010 2737 corpora-

1783 228 1843 259 363

1062 295 1152 325 libus.
1176 297 1346 335 Spiritualia
1365 299 1434 326 sunt
1459 297 1523 326 haec
1544 305 1551 325 :
1569 295 1720 331 doctrina,
1746 293 1843 323 consi-

1063 343 1152 381 lium,
1168 344 1346 381 injuriarum
1359 344 1509 379 remissio,
1530 343 1691 378 correctio,
1705 341 1842 371 consola-

1064 391 1116 425 tio,
1132 391 1328 429 supportatio,
1343 393 1372 421 et
1385 391 1492 427 oratio,
1508 399 1575 428 quae
1592 392 1698 428 praeter
1710 389 1844 427 primum

1064 439 1252 469 continentur
1267 439 1299 468 in
1309 438 1368 468 hoc
1378 446 1467 468 versu
1478 447 1486 466 τ

1111 510 1240 542 Consule,
1257 509 1367 542 castiga,
1382 509 1482 540 solare,
1497 507 1614 539 remitte,
1627 507 1681 540 fer,
1695 513 1751 533 ora.

1048 582 1050 585 ·
1101 577 1276 615 corporalia
1287 577 1475 606 continentur
1488 575 1520 604 in
1533 575 1592 604 hoc
1607 582 1696 604 versu
1713 583 1721 602 2

1088 648 1183 679 Visito,
1201 648 1273 680 poto,
1291 646 1360 678 cibo,
1379 646 1488 677 redimo,
1504 646 1574 678 tego,
1590 645 1692 678 colligo,
1707 644 1802 670 condo.

1065 716 1217 745 Secundus
1231 715 1342 751 gradus
1357 715 1419 749 est,
1442 713 1565 750 quando
1581 721 1634 750 per
1647 712 1784 741 fraudem
1799 719 1847 740 ac-

1066 763 1175 801 quirit3
1199 763 1253 791 ubi
1276 764 1388 800 quaerat
1411 761 1449 790 dc
1473 760 1598 789 diversis
1623 759 1723 788 modis
1747 759 1848 787 illicite

1066 810 1258 849 acquirendi,
1273 810 1311 838 de
1327 809 1437 846 quibus
1451 810 1556 846 postea
1574 809 1722 843 tangetur.
1737 807 1849 835 Tertius

1066 859 1177 895 gradus
1192 860 1245 893 est,
1259 858 1283 886 si
1296 865 1358 886 non
1371 856 1496 885 restituit
1509 855 1608 884 illicite
1624 854 1780 891 acquisita,
1793 861 1849 881 nec

1066 907 1155 935 etiam
1169 905 1340 943 operarios,
1355 904 1404 933 vel
1417 903 1578 933 servientes
1599 902 1657 931 sihi
1677 908 1849 930 remunera-

1067 954 1119 990 vit,
1135 955 1167 983 ut
1183 952 1298 981 debuit.

1333 1016 1514 1042 PARTICULA
1532 1015 1588 1040 Vtt.

1395 1071 1432 1095 Dc
1451 1069 1524 1094 Gula.

1103 1130 1217 1163 Quaerat
1231 1128 1320 1156 ctiam
1335 1128 1372 1156 de
1389 1127 1470 1163 gula,
1486 1125 1653 1154 secundum
1665 1126 1722 1153 tres
1738 1124 1851 1161 gradus

1068 1176 1145 1212 gulae
1158 1185 1164 1203 :
1182 1175 1307 1212 primus,
1317 1175 1341 1203 si
1357 1183 1387 1202 se
1399 1173 1524 1210 replevit
1536 1173 1715 1209 frequenter,
1732 1173 1760 1200 et
1774 1180 1849 1208 prae-

1066 1223 1166 1260 posuit
1180 1222 1284 1259 epulas
1299 1221 1451 1250 dilectioni
1465 1221 1513 1249 vel
1526 1219 1714 1248 delectationi
1730 1219 1778 1247 Dei
1786 1239 1796 1254 ,
1811 1219 1852 1247 ita

1068 1270 1153 1307 quod
1166 1277 1229 1298 non
1239 1269 1399 1297 delectaret
1410 1276 1479 1296 eum
1490 1267 1655 1304 quidquam
1667 1266 1741 1294 boni
1752 1274 1849 1301 agere.

1068 1317 1220 1346 Secundus
1236 1316 1347 1353 gradus
1363 1317 1416 1350 est,
1430 1315 1552 1351 quando
1569 1313 1655 1350 quasi
1669 1312 1788 1340 nullum
1803 1312 1851 1340 vel

1067 1372 1181 1401 paucos
1206 1364 1269 1391 dies
1294 1363 1357 1391 vult
1373 1362 1524 1398 jejunare;
1548 1360 1619 1389 etsi
1643 1360 1776 1396 munet,
1797 1359 1851 1387 im-

1068 1411 1181 1439 munde
1194 1411 1326 1446 jejunat,
1342 1409 1477 1438 bibendo
1492 1408 1596 1436 vinum
1611 1409 1678 1435 aute
1692 1406 1852 1443 prandium

1068 1459 1099 1486 in
1117 1458 1347 1494 quadragesima
1358 1478 1367 1492 ‚
1381 1456 1430 1484 vel
1446 1456 1510 1484 aliis
1530 1455 1637 1483 diebus
1657 1453 1850 1490 jejuniorum.

1068 1506 1179 1534 Tertius
1200 1505 1312 1541 gradus
1333 1506 1392 1539 est,
1415 1504 1439 1532 si
1455 1503 1613 1536 comedat,
1634 1504 1685 1531 aut
1707 1502 1806 1537 bibat,
1822 1504 1853 1530 ut

1068 1553 1173 1581 sortior
1201 1552 1238 1580 sit
1260 1552 1300 1580 ad
1328 1550 1526 1587 peccandum.
1557 1550 1671 1583 Quaerat
1699 1548 1787 1576 etiam
1815 1548 1852 1576 de

1069 1599 1223 1636 speciebus
1245 1598 1321 1634 gutta
1343 1596 1515 1633 subscriptis
1537 1606 1543 1624 :
1568 1596 1687 1632 prima,
1713 1595 1737 1623 si
1763 1595 1851 1622 nimis

1069 1655 1146 1683 saepe
1162 1646 1287 1682 sumpsit
1297 1645 1398 1673 cibum
1407 1654 1415 1680 ;
1432 1643 1574 1677 secunda,
1591 1643 1615 1670 si
1630 1642 1718 1670 variis
1733 1642 1852 1670 ferculis

1070 1702 1140 1722 usus
1163 1693 1216 1728 sit3
1238 1692 1345 1726 tertia,
1369 1691 1393 1719 si
1416 1699 1496 1719 nova
1519 1690 1632 1718 cibaria
1655 1689 1802 1726 requirat,
1825 1691 1851 1717 et

1069 1741 1243 1769 inconsueta
1260 1749 1266 1768 ε
1288 1741 1410 1776 quarta,
1432 1738 1455 1765 si
1474 1737 1603 1774 pretiosa
1628 1738 1656 1764 et
1676 1738 1851 1772 sumptuosa

1069 1788 1210 1825 requirat,
1222 1795 1284 1815 non
1295 1786 1398 1814 habito
1415 1785 1502 1812 etiam
1514 1785 1649 1819 respectu
1664 1783 1747 1819 quod
1757 1783 1851 1818 magis

1070 1835 1126 1863 sint
1140 1842 1293 1871 saporosa.
1309 1833 1424 1867 Quaerat
1439 1832 1527 1859 etiam
1542 1831 1565 1858 si
1586 1832 1708 1867 propter
1723 1829 1850 1857 delecta-

1070 1882 1181 1911 tionem
1195 1880 1325 1909 comedit
1336 1879 1442 1907 nociva
1453 1877 1582 1914 corpori,
1598 1877 1669 1905 etin
1682 1876 1851 1904 infirmitate

1069 1929 1183 1966 positus
1201 1927 1343 1957 morbum
1356 1926 1455 1963 potius
1476 1924 1666 1960 confortavit,
1690 1931 1781 1960 quam
1796 1932 1850 1952 na-

1070 1978 1178 2004 turam.

1338 2024 1519 2049 PARTlCULA
1538 2023 1603 2047 Yttt.

1378 2083 1414 2106 De
1433 2081 1553 2106 Luxuria.

1106 2142 1220 2175 Quaerat
1234 2140 1322 2168 etiam
1338 2139 1375 2166 de
1389 2137 1526 2172 luxuria,
1543 2137 1580 2164 de
1600 2136 1694 2165 tribus
1709 2135 1852 2172 gradibus

1071 2189 1153 2224 ejus:
1169 2187 1301 2224 primus,
1321 2186 1345 2214 si
1369 2185 1503 2222 peccavit
1522 2184 1636 2212 solutus
1653 2192 1722 2211 cum
1740 2183 1851 2217 soluta,

1070 2235 1119 2263 vel
1135 2243 1150 2263 e
1165 2234 1334 2267 contrario5
1351 2231 1500 2260 secundus
1511 2252 1520 2266 ,
1544 2231 1568 2259 si
1586 2231 1762 2266 conjugatus
1782 2238 1851 2257 cum

1071 2284 1246 2319 conjugata,
1261 2281 1308 2308 vel
1323 2289 1338 2308 e
1354 2279 1520 2314 contrario;
1542 2278 1642 2306 tertius
1653 2299 1661 2313 ,
1677 2278 1701 2305 si
1720 2277 1790 2305 vitio
1806 2285 1852 2304 so-

1071 2330 1229 2363 domitico,
1244 2328 1298 2356 ubi
1312 2326 1478 2355 cautissime
1493 2325 1653 2362 procedat,
1673 2324 1747 2352 sicut
1765 2331 1851 2359 supe-

1069 2378 1131 2406 rius
1145 2378 1187 2404 est
1201 2383 1382 2412 expressum.
1405 2374 1519 2408 Qaaerat
1541 2372 1630 2401 etiam
1644 2372 1668 2399 si
1690 2379 1758 2399 cum
1778 2378 1849 2398 con-

1070 2423 1233 2460 sanguinea
1245 2422 1294 2450 vel
1309 2420 1401 2450 affini.

1350 2494 1531 2520 PARTtCULA
1551 2494 1591 2518 tx.

1101 2556 1138 2580 De
1153 2554 1236 2586 primo
1251 2553 1379 2584 praecepto
1396 2550 1526 2581 Decatogi,
1544 2549 1575 2573 de
1591 2543 1757 2573 sacramentis
1772 2550 1816 2581 (α),

1345 2589 1370 2612 et
1383 2586 1495 2611 articulis
1509 2585 1577 2610 fidei.

1104 2649 1207 2677 Postea
1221 2644 1384 2682 procedere
1403 2643 1499 2678 potest
1518 2640 1685 2676 confessor,
1701 2641 1725 2670 si
1743 2641 1847 2670 volue-

1102 2706 1135 2734 ,‹1)
1154 2705 1226 2727 Foro:
1242 2700 1371 2733 hyemalem
1387 2697 1518 2730 sytrilwlis,
