2004 3037
394 218 469 250 LIB.
492 218 528 251 V.
551 218 602 250 DE
630 216 865 250 GRATIARUM
892 216 1261 251 SANCTIFICATIONE.
1293 218 1380 251 CAP.
1412 219 1478 251 1-11.

1690 222 1748 252 ¹69

730 379 893 421 LIBER
933 378 1166 428 QUINTUS

563 483 612 511 DE
644 482 902 511 GRATIARUM
935 482 1334 512 SANCTlFlCATIONE

355 699 497 733 CAPUT
522 698 706 732 PRIMUM.

275 771 312 798 De
329 770 492 804 virtutibus,
513 772 539 797 et
557 772 662 804 origine
681 772 787 804 qratioe.

180 839 440 873 Quemadmodum
455 839 492 866 de
508 839 589 866 coelis
603 840 678 867 Deus
692 846 754 866 non
769 839 921 866 descendit

144 895 197 923 per
211 887 366 915 essentiam
380 894 465 913 suam
485 885 760 913 incommutabilem
771 907 779 920 ,
801 886 853 913 sed
867 894 921 921 per

144 933 327 961 influentiam
342 932 380 960 ab
396 932 461 968 ipso
475 933 665 967 manantem,
687 932 728 960 ita
742 932 861 968 spiritus
873 940 921 960 ra-

145 979 263 1007 tionalis
283 987 345 1006 non
360 979 490 1007 elevatur
510 987 599 1014 supra
617 987 647 1006 se
666 987 720 1014 per
739 979 827 1006 situm
841 979 921 1006 loca-

144 1026 213 1060 lem,
225 1025 278 1053 sed
289 1033 343 1060 per
354 1025 490 1057 habitum
502 1024 678 1052 deiformem
690 1034 696 1052 :
711 1025 790 1053 unde
802 1033 920 1053 necesse

145 1074 187 1100 est
201 1071 315 1107 spiritui
329 1071 480 1105 rationali,
497 1071 520 1099 si
536 1071 625 1099 debet
639 1080 701 1099 esse
717 1072 824 1107 dignus
843 1074 922 1100 aeter-

145 1125 190 1145 nae
204 1117 393 1145 beatitudinis
404 1139 413 1164 ἶ
433 1118 516 1154 quod
535 1118 682 1154 particeps
696 1118 747 1146 fiat
761 1118 920 1146 influentiae

145 1163 313 1200 spiritualis
396 1168 406 1188 A

411 1248 572 1281 CAPUT
602 1249 648 1282 Il.

292 1325 330 1351 De
349 1325 452 1358 oriqine
471 1326 604 1352 virtutum
623 1327 647 1352 et
663 1326 771 1359 qratioe.

181 1398 226 1427 Ad
240 1398 355 1426 bonum
369 1397 468 1432 gratiae
483 1405 544 1425 nou
563 1399 659 1433 potest
677 1398 744 1434 quis
759 1406 812 1434 per
827 1407 857 1426 se
871 1407 922 1426 ve-

146 1444 208 1472 nire
219 1466 228 1479 ,
250 1452 318 1472 cum
336 1445 392 1471 hoc
406 1452 468 1472 non
482 1444 518 1472 sit
533 1445 696 1472 secundum
715 1445 822 1472 limites
837 1447 922 1473 natu-

145 1498 194 1525 rae,
209 1491 261 1518 sed
275 1491 438 1518 secundum
451 1491 636 1518 influentiam
648 1491 790 1525 largitatis
803 1491 921 1519 divinae.

149 1537 227 1565 Sicut
243 1537 322 1565 enim
338 1540 470 1565 creatura
484 1545 540 1573 pro
559 1545 613 1565 sua
636 1537 853 1565 defectibilitate
869 1547 923 1566 suo

146 1583 290 1619 principio
312 1591 428 1619 semper
447 1586 532 1618 eget,
552 1586 584 1611 ut
601 1584 637 1611 sit
658 1584 688 1611 in
712 1592 774 1611 esse
793 1586 922 1615 naturae:

147 1630 187 1657 sic
202 1630 283 1657 idem
303 1630 483 1665 principium
503 1638 557 1666 pro
579 1637 634 1657 sua
652 1630 785 1658 bonitate
801 1631 923 1659 influere

147 1684 208 1704 non
231 1678 322 1704 cessat
345 1678 484 1703 creaturae
508 1676 646 1704 rationali
670 1676 761 1704 vitam
787 1677 924 1712 spiritua-

146 1722 215 1757 lem,
231 1724 263 1749 ut
276 1721 352 1749 hene
367 1722 402 1750 sit
417 1722 443 1749 ei
458 1723 489 1750 in
505 1730 566 1750 esse
584 1722 693 1757 gratiae,
709 1731 800 1758 quam
814 1723 924 1751 habere

146 1776 208 1796 non
221 1770 318 1804 potest
332 1769 394 1796 sine
410 1770 468 1796 Deo
489 1769 640 1804 largitore.
657 1770 865 1797 Verumtamen
880 1770 924 1797 in-

147 1815 323 1842 excusabilis
336 1817 378 1842 est
388 1815 491 1850 homo,
508 1815 531 1842 si
547 1815 670 1850 gratiam
688 1817 804 1851 gratum
818 1815 925 1843 facien-

147 1863 205 1889 tem
219 1869 280 1889 non
295 1861 404 1897 recepit
418 1871 424 1888 :
449 1861 520 1897 quia
542 1861 636 1896 gratia
657 1861 747 1896 gratis
763 1861 832 1889 data
846 1870 923 1889 sem-

146 1914 199 1942 per
222 1909 326 1943 proesto
351 1909 392 1935 est
414 1907 544 1934 liberum
568 1907 723 1935 arbitrium
748 1907 874 1936 excitare
899 1911 925 1936 et

147 1961 352 1986 commovere,
375 1953 458 1988 cujus
483 1956 525 1980 est
545 1954 614 1980 huic
637 1953 834 1981 admonitioni
856 1963 925 1982 con-

146 1999 251 2026 sentire
265 2009 273 2026 :
295 2001 321 2026 et
335 1999 391 2026 hoc
408 2001 450 2026 est
469 1999 553 2034 quod
568 1999 598 2026 in
612 2008 642 2026 se
662 2002 704 2027 est
724 2000 819 2027 facere
833 2022 840 2034 ,
862 2009 923 2036 quo

146 2045 222 2073 facto
244 2046 339 2081 potest
363 2045 454 2072 homo
480 2045 605 2079 gratiam
629 2048 745 2080 gratum
769 2046 923 2074 facientem

146 2091 272 2125 habere,
290 2090 360 2126 quia
371 2091 429 2118 hoc
442 2092 484 2117 est
496 2091 535 2117 ad
549 2091 673 2125 gratiam
689 2093 805 2125 gratum
818 2092 924 2120 facien-

147 2139 206 2165 tem
221 2145 250 2164 se
264 2144 441 2172 praeparare.
458 2137 598 2170 Quamvis
614 2136 693 2164 enim
706 2137 800 2172 gratia
812 2138 861 2165 Dei
874 2139 924 2166 ha-

147 2183 252 2211 beatur
267 2183 316 2210 Dei
334 2183 414 2210 dono
435 2182 578 2210 efficiente
588 2204 597 2217 ,
618 2191 679 2210 non
700 2185 798 2210 tamen
811 2184 873 2211 sine
888 2185 924 2211 li-

148 2230 221 2257 bero
230 2229 351 2257 arbitrio
363 2229 561 2256 consentiente
574 2230 610 2265 (a)
626 2229 725 2265 :quia,
739 2230 812 2258 sicut
822 2231 861 2258 ait
869 2234 925 2259 Au-

148 2276 280 2312 gustinus
297 2277 304 2293 ¹
321 2285 326 2303 :
348 2275 427 2308 «Qui
443 2276 553 2303 creavit
567 2278 593 2303 te
608 2276 670 2303 sine
685 2277 728 2311 te,
745 2284 806 2304 non
819 2278 925 2312 justifi-

149 2323 227 2350 cabit
240 2324 266 2350 te
282 2322 344 2349 sine
358 2324 395 2349 te.
408 2332 421 2347 >³
439 2322 530 2357 Igitur
544 2323 638 2357 gratia
653 2325 770 2357 gratum
784 2324 893 2351 faciens
909 2333 925 2352 a

148 2368 240 2397 tribus
261 2370 320 2403 est,
341 2368 394 2395 sed
413 2368 496 2396 aliter
517 2371 544 2396 et
560 2368 652 2396 aliter.
675 2371 722 2396 Est
742 2370 820 2397 enim
835 2379 853 2398 a
866 2373 924 2399 Deo

149 2414 302 2449 efficiente,
315 2423 332 2442 a
347 2415 441 2449 gratia
455 2415 544 2449 gratis
557 2415 626 2443 data
635 2415 763 2443 liberum
771 2417 924 2445 arbitrium

149 2461 292 2488 excitante
309 2462 337 2488 et
351 2463 488 2488 movente
500 2482 508 2495 ,
530 2464 556 2488 et
571 2469 588 2488 a
602 2461 697 2489 libero
718 2463 839 2490 arbitrio
855 2472 924 2491 con-

149 2507 297 2535 sentiente.
313 2507 451 2540 Quamvis
465 2507 544 2534 enim
555 2508 685 2535 liberum
696 2509 852 2537 arbitrium
862 2518 923 2537 non

149 2553 241 2589 possit
255 2554 378 2588 gratiam
394 2554 509 2582 efficere
524 2554 554 2581 in
569 2554 689 2582 homine
700 2577 709 2590 ,
729 2558 825 2591 potest
839 2565 869 2584 se
885 2558 923 2584 ad

184 2651 191 2667 ¹
206 2651 280 2681 Aug„
294 2651 323 2673 cle
338 2651 402 2676 verb.
424 2652 519 2682 Anost„
536 2658 614 2676 serm.
630 2657 673 2682 xV,
688 2652 720 2678 al.
736 2659 828 2684 cmix,
845 2661 867 2678 c.
885 2661 922 2685 ιι,

974 699 1032 726 hoc
1051 699 1207 727 habiIItare
1228 701 1256 727 et
1274 707 1439 736 praeparare
1451 721 1460 734 ,
1480 702 1512 728 ut
1530 700 1638 729 habeat
1653 710 1659 728 z
1680 702 1755 730 sicut

976 745 1083 781 aliquis
1104 754 1166 773 non
1187 748 1283 782 potest
1303 746 1472 774 illuminare
1492 747 1637 782 domum,
1659 750 1755 784 potest

975 794 1074 820 tamen
1093 793 1207 828 aperire
1226 793 1404 827 fenestram,
1425 801 1485 829 quo
1507 793 1584 821 sacto
1603 794 1648 822 sol
1667 795 1755 822 intrat

976 841 1004 866 et
1013 838 1139 866 domum
1150 839 1307 867 illuminat.
1320 839 1406 873 Quod
1417 842 1515 868 autem
1529 840 1596 868 dico
1609 841 1645 868 de
1659 841 1754 869 libero

976 885 1098 913 arbitrio
1112 887 1324 920 consentiente,
1339 885 1474 922 intelligo
1490 886 1527 913 de
1539 886 1647 914 adultis
1661 896 1667 914 :
1684 888 1755 923 quia

976 931 1006 959 in
1020 932 1153 968 parvulis
1167 933 1275 960 sufficit
1285 933 1370 968 fides,
1387 935 1415 960 et
1426 935 1643 961 sacramentum
1661 935 1754 961 Eccle-

976 978 1042 1012 siae,
1058 981 1085 1006 et
1099 978 1236 1006 meritum
1256 979 1380 1014 Christi,
1400 982 1427 1008 et
1448 982 1567 1007 excusat
1583 980 1756 1016 impotentia

976 1025 1030 1052 sui.

1012 1071 1170 1099 Sciendum
1184 1072 1272 1100 etiam
1288 1072 1370 1108 quod
1385 1072 1551 1101 habilitatio
1566 1074 1626 1101 sive
1641 1082 1756 1110 praepa-

976 1117 1050 1145 ratio
1071 1118 1111 1146 ad
1130 1119 1255 1154 gratiam
1270 1119 1378 1155 triplex
1398 1121 1457 1154 est,
1478 1119 1587 1148 scilicet
1607 1121 1755 1155 efficiens,

976 1163 1109 1192 formalis
1121 1167 1148 1192 et
1160 1165 1330 1193 materialis.
1342 1165 1438 1193 Prima
1449 1168 1491 1193 est
1501 1174 1519 1193 a
1530 1168 1588 1194 Deo
1595 1176 1603 1202 ;
1615 1167 1754 1202 secunda,

977 1218 995 1238 a
1007 1210 1102 1245 gratia
1114 1211 1203 1246 gratis
1217 1211 1299 1245 data;
1312 1212 1406 1245 tertia,
1417 1220 1435 1239 a
1444 1212 1540 1240 nobis.
1558 1213 1663 1241 Anima
1673 1221 1756 1242 nam-

977 1264 1036 1293 que
1043 1257 1134 1284 habct
1140 1256 1311 1285 facultatem
1320 1259 1347 1285 et
1355 1258 1549 1286 instrumenta
1555 1260 1756 1294 cognoscendi

977 1305 1005 1330 et
1028 1303 1171 1338 diligendi
1193 1305 1284 1331 Deum
1309 1312 1344 1331 ex
1367 1306 1491 1340 natura;
1516 1305 1568 1333 sed
1586 1314 1648 1333 non
1667 1306 1758 1335 habet

977 1352 1177 1387 cognitionem
1197 1351 1346 1387 veritatis,
1368 1354 1394 1380 et
1415 1352 1551 1380 ordinem
1571 1352 1756 1389 dilectionis,

977 1399 1033 1426 nisi
1050 1407 1086 1426 ex
1101 1399 1206 1434 gratia.

1013 1445 1057 1472 Ad
1071 1453 1162 1481 opera
1172 1445 1254 1472 bona
1267 1445 1323 1472 tria
1334 1452 1389 1472 nos
1404 1445 1535 1479 incitant,
1549 1446 1658 1474 scilicet
1670 1448 1696 1474 1.
1710 1447 1757 1475 lex

978 1494 1107 1526 naturae,
1132 1501 1199 1527 quae
1215 1492 1322 1527 scripta
1339 1495 1382 1519 est
1396 1493 1426 1519 in
1442 1493 1531 1520 corde
1550 1494 1695 1529 hominis,
1712 1495 1758 1522 di-

979 1548 1047 1567 cens
1057 1539 1068 1554 ²
1081 1549 1087 1567 :
1109 1541 1173 1572 Quoe
1188 1541 1272 1567 vultis
1283 1561 1291 1574 ,
1308 1543 1339 1567 ut
1352 1542 1460 1574 faciant
1475 1542 1550 1568 vobis
1565 1542 1683 1568 homines
1693 1562 1702 1575 ,
1716 1544 1759 1569 ita

978 1588 1003 1613 et
1016 1594 1061 1613 vos
1076 1588 1172 1619 facite,
1189 1588 1244 1613 etc.
1263 1589 1288 1613 2.
1306 1586 1399 1620 Ratio,
1416 1595 1482 1622 quoe
1497 1587 1567 1614 dicit
1581 1595 1616 1614 ea
1631 1595 1692 1615 esse
1708 1587 1758 1615 dc-

978 1632 1147 1666 lectabilia,
1163 1634 1189 1659 et
1204 1632 1295 1667 utilia,
1313 1635 1340 1660 et
1353 1633 1485 1660 honesta.
1508 1635 1533 1660 3.
1556 1633 1670 1668 Gratia,
1692 1642 1758 1669 quae

979 1678 1050 1706 dicit
1073 1678 1264 1706 serviendum
1289 1687 1350 1706 esse
1376 1680 1453 1712 Deo,
1479 1679 1550 1714 quia
1570 1688 1685 1707 summe
1703 1680 1758 1708 bo-

978 1733 1034 1752 nus
1046 1734 1054 1759 5
1078 1725 1317 1752 subveniendum
1331 1726 1470 1761 proximo
1481 1747 1490 1759 ,
1512 1726 1582 1760 quia
1597 1726 1646 1753 Dei
1660 1726 1738 1754 filius
1749 1747 1758 1760 ,

979 1771 1050 1807 quia
1064 1771 1163 1806 imago
1179 1771 1248 1805 Dei,
1267 1771 1340 1807 quia
1355 1771 1384 1798 in
1399 1771 1580 1799 beatitudine
1596 1773 1702 1800 socius.

1014 1818 1111 1846 Gratia
1124 1826 1186 1845 non
1202 1817 1289 1845 datur
1312 1818 1358 1852 ei,
1383 1818 1434 1853 qui
1449 1826 1479 1845 se
1494 1826 1555 1845 non
1569 1819 1705 1846 habilitat
1719 1819 1757 1846 ad

979 1864 1103 1899 gratiam
1118 1873 1124 1891 :
1149 1866 1176 1891 et
1191 1864 1227 1891 de
1242 1865 1299 1891 hoc
1314 1864 1408 1891 multa
1423 1864 1516 1892 habes
1528 1865 1665 1900 exempla
1675 1887 1683 1900 ,
1700 1866 1756 1893 sci-

978 1910 1044 1937 licet
1059 1912 1083 1937 l.
1101 1910 1131 1936 in
1146 1910 1198 1937 illo
1210 1931 1218 1944 ,
1235 1910 1286 1946 qui
1302 1910 1341 1937 ad
1356 1910 1546 1945 largiendum
1560 1919 1683 1938 manum
1697 1920 1757 1939 non

978 1956 1125 1989 extendit,
1146 1957 1216 1991 quia
1238 1958 1311 1983 Deus
1324 1977 1332 1990 ,
1354 1958 1498 1991 quantum
1518 1957 1549 1984 in
1564 1965 1594 1984 se
1610 1960 1652 1985 cst
1665 1959 1686 1991 ³,
1709 1959 1758 1985 dat

978 2004 1098 2029 omnibus
1114 2005 1264 2037 affluenter.
1289 2006 1315 2029 2.
1337 2005 1368 2030 ln
1393 2003 1444 2030 illo
1465 2003 1515 2038 qui
1536 2006 1638 2031 contra
1656 2004 1756 2031 lumen

980 2049 1082 2075 oculos
1106 2049 1237 2081 claudit,
1262 2057 1329 2075 cum
1354 2050 1447 2075 Deus'*
1471 2051 1561 2081 faciat
1585 2052 1654 2076 oriri
1677 2051 1756 2077 solem

978 2102 1055 2120 suum
1069 2102 1148 2128 super
1167 2096 1245 2121 bonos
1260 2098 1287 2121 et
1303 2096 1397 2121 malos.
1419 2096 1445 2122 3.
1463 2096 1493 2121 In
1508 2095 1559 2122 illo
1575 2095 1626 2130 qui
1644 2095 1756 2123 fontem

978 2140 1142 2175 recipiens,
1165 2140 1292 2167 fundum
1313 2140 1390 2167 vasis
1415 2148 1532 2167 sursum
1556 2141 1660 2175 erigit,
1684 2142 1755 2176 quia

979 2187 1053 2212 Deus
1064 2206 1073 2219 ‚
1088 2186 1160 2212 sicut
1175 2186 1214 2213 ait
1227 2187 1404 2221 Augustinus
1414 2208 1422 2220 ,
1448 2186 1559 2221 ingenti
1580 2187 1754 2215 liberalitate

979 2234 1067 2267 atque
1082 2232 1223 2259 libertatis
1237 2233 1371 2260 ubertate
1386 2233 1479 2268 replet
1492 2241 1595 2261 omnes
1608 2236 1755 2262 creaturas

979 2286 1033 2313 pro
1049 2280 1137 2314 captu
1154 2287 1266 2306 earum.
1285 2280 1311 2306 4.
1332 2280 1362 2306 In
1383 2279 1434 2307 illo
1455 2280 1506 2315 qui
1527 2280 1651 2307 domum
1670 2289 1755 2308 suam

979 2325 1054 2360 sepit
1067 2325 1173 2361 spinis,
1193 2333 1230 2352 ne
1252 2326 1363 2353 amicus
1383 2326 1586 2361 ingrediatur:
1606 2327 1668 2362 ipse
1685 2336 1755 2355 vero

980 2372 1073 2398 Deus¹⁵
1094 2379 1209 2406 semper
1230 2373 1284 2399 stat
1298 2372 1337 2399 ad
1352 2373 1480 2406 ostium,
1501 2375 1528 2400 et
1548 2374 1655 2408 pulsat.
1681 2377 1706 2400 5.
1725 2376 1755 2401 ln

979 2417 1030 2445 illo
1043 2418 1094 2453 qui
1106 2418 1215 2445 zizania
1230 2426 1290 2445 non
1303 2418 1428 2453 extirpat
1441 2419 1477 2446 de
1491 2427 1562 2453 agro
1575 2427 1628 2446 suo
1644 2428 1649 2446 :
1666 2427 1755 2454 prop·
1791 2441 1794 2443 .

979 2465 1022 2491 ter
1043 2464 1126 2500 quod
1144 2464 1252 2491 fructus
1270 2464 1414 2500 proficere
1435 2473 1496 2492 non
1518 2468 1650 2501 possunt.
1674 2467 1702 2492 6.
1724 2467 1755 2492 In

979 2510 1030 2537 illo
1054 2511 1105 2546 qui
1127 2510 1209 2545 ligna
1232 2510 1293 2545 igni
1313 2511 1477 2545 subtrahit,
1501 2512 1571 2547 quia
1594 2514 1661 2538 tunc
1680 2512 1755 2545 ignis

980 2556 1087 2584 deficit.
1109 2560 1134 2584 7.
1152 2559 1182 2584 ln
1197 2557 1248 2584 illo
1265 2557 1317 2592 qui
1335 2557 1373 2584 ad
1394 2557 1572 2585 sumendum
1589 2558 1689 2584 cibum
1703 2565 1755 2584 ne·

979 2627 1005 2643 n.
1022 2621 1058 2643 13.
1074 2633 1104 2637 -
1119 2620 1238 2648 ²i'tlnttl14,
1254 2625 1300 2647 vu,
1319 2621 1356 2642 12.
1370 2632 1399 2636 —
1415 2620 1424 2635 3
1438 2620 1501 2648 lac„
1516 2625 1534 2649 1,
1550 2620 1572 2642 5.
1587 2632 1616 2636 —
1631 2619 1640 2634 Β
1654 2618 1753 2647 Matth..

980 2661 1003 2685 v,
1020 2656 1059 2678 45.
1074 2667 1104 2672 —
1118 2655 1128 2671 ὅ
1143 2655 1228 2685 Αροο.,
1244 2660 1282 2684 111,
1296 2656 1334 2678 20.
1348 2668 1374 2671 —
1393 2654 1423 2684 (a)
1442 2655 1503 2678 Cset.
1520 2654 1580 2677 edit.
1599 2654 1753 2679 consentire.
