2004 3037
645 237 694 269 DE
715 235 842 270 SEXTO
864 236 1038 270 l'l'lNERE.
1061 237 1163 271 DIST.
1186 239 1238 272 Vi.

136 307 204 335 betis
208 326 218 342 ,
230 305 263 334 id
277 306 336 342 est,
349 305 554 343 experimento
568 305 680 341 sciatis,
693 313 752 341 quoe
770 306 808 333 sit
822 306 915 334 volun-

136 357 179 382 tas
191 354 242 382 Dei
257 353 335 389 bona,
347 353 516 390 beneplacens
524 375 532 386 ,
544 355 569 381 et
581 354 714 389 perfecta.
730 362 744 378 n
757 352 913 389 Sequitur:

137 409 152 428 cx
171 402 225 429 Per
251 408 355 429 sensus
380 400 515 437 eorporis
538 399 770 435 veterascimus,
794 401 822 428 et
844 399 914 428 huic

135 447 242 477 saeculo
256 447 489 476 conformamur.
508 449 560 475 Per
574 455 676 475 sensus
694 454 766 475 vero
786 446 892 475 mentis
904 468 913 482 ,

134 501 316 524 renovamur
328 494 360 522 in
369 493 521 530 agnitione
540 493 590 522 Dei
611 493 673 522 sive
692 493 881 522 aeternorum.
898 503 912 520 »

135 543 167 571 Et
175 541 252 570 infra
266 540 337 569 dicit
353 550 360 570 :
375 541 479 570 «Sicut
493 548 598 569 omnes
613 548 716 569 sensus
731 540 913 577 corporales,

133 589 243 618 scilicet
258 589 350 624 visus,
372 588 503 624 auditus,
518 588 660 617 odoratus
674 591 702 616 et
723 589 832 623 tactus,
850 588 913 617 sine

133 644 221 666 sensu
235 636 337 672 gustus
350 635 550 670 infirmantur,
565 637 593 664 et
606 635 784 664 hebetantur
798 635 829 663 in
844 643 914 672 ope-

132 683 297 712 rationibus
311 682 386 720 suis;
400 683 441 711 sic
456 685 522 711 ante
537 683 701 711 adventum
715 683 783 711 Jesu
797 682 912 711 media-

132 729 219 765 toris,
234 737 339 758 omnes
362 737 465 758 sensus
485 729 577 758 nostri
601 730 768 766 spirituales
788 730 912 765 langue—

132 776 220 812 bant,
235 777 358 814 propter
381 777 548 806 absentiam
572 778 674 813 gustus
689 776 850 813 spiritualis
863 776 911 805 vel

132 823 299 860 sapienties,
324 832 390 860 quae
412 824 549 852 nondum
574 823 629 852 fuit
652 824 804 852 incarnata
822 845 831 859 ,
856 832 912 852 nec

133 871 219 908 quasi
245 871 378 907 gustata,
394 879 412 900 a
435 871 519 906 cujus
545 873 632 907 gustu
660 873 773 908 quanto
801 871 911 899 diutius

133 918 332 954 abstinemus,
346 919 428 947 tanto
442 927 544 947 sensus
560 918 714 946 interiores
729 918 824 954 magis
839 918 912 946 defi-

132 966 230 1001 ciunt,
247 966 275 994 et
288 965 477 994 infirmantur
491 966 522 994 in
536 965 650 994 actibus
664 966 725 994 suis
740 966 818 994 circa
832 968 912 994 aetcr·

131 1020 180 1042 na.
191 1022 206 1040 r
218 1013 300 1041 Unde
315 1014 471 1049 Gregorius
483 1034 492 1048 ‚
509 1013 736 1050 quartodecimo
749 1014 909 1049 Moralium,

130 1067 284 1096 exponens
294 1059 371 1088 illud
383 1060 439 1088 Job
455 1060 460 1074 ¹
473 1069 480 1088 :
492 1060 656 1088 Atteuuetur
665 1061 737 1094 fame
750 1061 830 1088 robur
842 1061 910 1096 ejus,

129 1109 155 1135 et
179 1106 272 1135 inedia
295 1107 410 1134 invadat
429 1110 515 1135 costas
536 1107 593 1142 ejus
606 1127 613 1141 ‚
636 1107 677 1135 sic
698 1107 768 1135 dicit
781 1107 791 1124 ²
808 1116 815 1135 ι
832 1116 846 1134 «
868 1109 910 1136 Ex

128 1153 267 1183 rationali
281 1154 383 1183 anima
396 1154 487 1183 habet
500 1155 611 1189 homo,
626 1156 658 1182 ut
680 1154 712 1182 in
731 1156 910 1191 perpetuum

128 1201 209 1230 vivat
216 1211 225 1238 3
241 1203 380 1230 ettamen
393 1201 523 1230 hominis
542 1201 638 1238 iniqui
659 1201 753 1230 robur
775 1203 909 1230 attenua-

128 1250 176 1278 tur
194 1249 289 1284 same,
306 1249 377 1286 quia
400 1249 501 1278 anima
524 1249 588 1285 ejus
610 1249 694 1278 nulla
717 1249 826 1278 interni
849 1250 910 1278 cibi

127 1296 285 1325 refectione
314 1296 453 1333 pascitur.
483 1297 517 1324 Et
544 1296 644 1325 inedia
672 1297 787 1326 invadit
813 1299 909 1326 costas

127 1343 213 1380 ejus,
236 1343 359 1380 quando
384 1343 529 1380 spirituali
551 1344 710 1372 retectione
734 1344 906 1381 subtracta,

127 1398 230 1419 sensus
252 1390 359 1418 mentis
384 1391 535 1419 deficiunt.
563 1392 596 1419 Et
619 1392 688 1419 tunc
714 1391 906 1427 cogitationes

127 1446 196 1466 suas
211 1445 266 1466 nec
279 1441 394 1474 tegere,
409 1446 464 1466 nec
481 1439 555 1466 tueri
569 1439 710 1474 possunt,
727 1439 799 1475 quia
813 1439 907 1467 fames

127 1485 243 1514 interna
256 1493 359 1513 sensus
374 1485 479 1513 mentis
495 1487 649 1521 extenuat,
667 1488 694 1514 et
708 1486 778 1514 ideo
793 1494 823 1514 se
835 1486 907 1514 soris

126 1525 289 1562 extendunt
303 1533 343 1560 ad
364 1533 556 1569 temporalia,
572 1533 676 1569 spretis
690 1534 805 1561 aeternis
815 1556 824 1569 ,
840 1542 906 1570 quae

127 1580 168 1608 eis
188 1588 250 1608 non
272 1580 430 1616 sapiunt.»
458 1589 471 1605 κ
492 1580 672 1608 Adveniente
694 1582 794 1609 autem
819 1583 905 1616 gustu

125 1626 292 1663 sapientire,
310 1627 350 1654 ait
363 1627 546 1662 Bernardus,
562 1627 615 1655 ubi
626 1635 716 1664 supra
730 1629 740 1645 ³
751 1650 758 1660 ,
776 1630 846 1656 tunc
861 1637 906 1657 se-

125 1674 225 1711 quitur
239 1673 378 1710 quaedam
394 1674 523 1702 dulcedo
540 1674 670 1710 saporis,
694 1683 786 1711 quam
806 1677 838 1704 in
860 1676 904 1704 in-

123 1720 224 1749 teriori
251 1729 306 1748 suo
334 1721 462 1748 sentiens
489 1721 589 1749 anima
610 1743 619 1756 ,
649 1722 743 1750 modo
769 1723 904 1759 quodam

123 1767 290 1803 singulari,
317 1776 384 1804 quae
409 1768 555 1804 suscepit,
577 1770 681 1796 cuncta
712 1769 851 1798 discernit
876 1773 904 1799 et

124 1814 283 1850 dijudicat,
299 1823 390 1851 seque
410 1816 438 1842 ct
462 1823 566 1843 omnes
588 1824 691 1844 sensus
714 1819 851 1852 vegetat,
876 1820 904 1846 et

123 1862 289 1890 confirmat.
305 1871 318 1886 ι)
336 1863 410 1889 Nam
429 1862 477 1890 hic
491 1863 577 1898 panis
592 1864 751 1899 spiritualis
775 1867 817 1893 est
829 1886 839 1900 ,
864 1866 902 1894 de

124 1916 184 1944 quo
201 1908 307 1936 dicitur
320 1909 331 1925 ὅ
344 1917 351 1936 :
366 1910 496 1936 Paratum
509 1918 606 1945 panem
621 1911 722 1938 dedisti
741 1913 777 1939 cz's
793 1913 825 1939 cle
839 1914 901 1940 coelo

123 1957 182 1984 sine
196 1956 298 1989 labore,
313 1964 388 1983 omne
403 1956 625 1984 delectamentum
643 1960 672 1984 in
695 1966 723 1985 se
746 1959 900 1994 habentem,

123 2006 148 2030 et
173 2005 260 2030 omnis
284 2005 389 2038 saporis
415 2005 588 2031 suavitatem.
614 2005 801 2033 Substantiam
830 2008 901 2034 enim

122 2053 195 2078 tuam
205 2052 230 2077 et
240 2049 276 2086 (a)
288 2050 455 2077 dulcedinem
467 2054 541 2078 tuam
552 2060 633 2086 quam
648 2053 678 2079 iu
690 2053 760 2086 filios
775 2053 898 2086 habebas,

121 2097 264 2124 ostendisti
274 2096 319 2132 (b),
332 2099 357 2124 et
366 2097 516 2125 deserviens
529 2098 740 2133 uniuscujusque
751 2100 897 2132 voluntati,

121 2143 157 2171 ad
171 2143 243 2179 quod
257 2145 441 2180 uuusquisque
455 2146 575 2180 volebat,
593 2147 803 2174 convertebatur.
820 2149 858 2175 Ac
874 2148 899 2175 si

121 2190 231 2218 diceret
245 2200 253 2217 :
271 2191 292 2219 Ο
308 2192 408 2226 Pater,
428 2193 611 2219 substantiam
627 2196 717 2227 tuum,
733 2193 764 2220 id
780 2195 838 2228 est,
854 2195 898 2222 Fi-

120 2237 195 2265 lium
210 2239 313 2273 tuum,
329 2238 374 2266 cui
390 2240 482 2266 totam
503 2240 698 2267 substantiam
714 2243 795 2269 tuam
818 2249 898 2269 com-

120 2284 271 2320 municas,
288 2287 316 2312 et
330 2285 498 2313 dulcedinem
520 2289 612 2321 tuum,
629 2287 660 2314 id
683 2290 743 2321 est,
759 2288 898 2323 Spiritum

121 2333 269 2366 sanctum,
286 2340 377 2368 quem
394 2332 568 2360 aeternaliter
583 2334 694 2369 spiras,
709 2334 796 2362 nobis
813 2338 897 2362 osten-

121 2378 182 2413 dis,
199 2380 227 2406 et
241 2379 443 2407 communicas
463 2380 494 2406 in
517 2383 701 2409 sacramento
726 2382 872 2409 charitatis
888 2393 895 2411 z

121 2431 193 2460 ergo
209 2426 237 2453 et
260 2434 361 2453 omnem
376 2434 499 2461 saporem
522 2429 680 2455 szlavttatts.
707 2430 739 2456 Et
753 2429 822 2456 ideo
845 2429 898 2457 iste

121 2471 207 2508 panis
228 2472 406 2508 sapientialis
421 2473 509 2500 nobis
525 2474 555 2501 in
570 2477 754 2503 sacramento
775 2476 899 2505 charita—

122 2518 158 2546 tis
177 2518 325 2546 exhibitus
347 2520 485 2548 maximas
506 2521 683 2555 attingentife
705 2524 758 2550 est.
778 2524 898 2559 Attingit

124 2566 204 2593 enim
219 2573 322 2593 omnes
335 2575 438 2595 sensus
453 2567 606 2596 interiores
625 2569 655 2596 in
674 2571 787 2598 tantum
797 2591 806 2605 ‚
823 2573 855 2599 ut
869 2571 899 2599 in

157 2640 231 2669 ι.Ιοῑ),
247 2646 325 2671 xvui,
340 2642 377 2665 ¹2.
388 2655 420 2660 —
434 2642 443 2656 ²
457 2643 544 2673 Greg.,
557 2643 661 2677 Movet„
679 2644 723 2669 lib.
739 2646 804 2674 le,
824 2653 845 2670 c.
864 2652 898 2677 vi,

122 2677 181 2706 post
195 2676 264 2701 med.
276 2689 308 2694 —
321 2677 330 2691 ³
345 2677 432 2706 Rern„
446 2678 490 2702 ubi
506 2686 563 2709 sup.
580 2686 665 2710 prox„
680 2688 703 2706 c.
720 2687 745 2705 x.
761 2694 792 2700 -
805 2682 814 2696 ⁴
828 2683 898 2713 Sap.y

124 2717 175 2741 Χνῐ,
195 2713 233 2742 20,
247 2714 285 2736 21.
302 2726 327 2729 —
343 2713 351 2727 ⁵
366 2714 449 2743 Jecur,
465 2720 500 2744 Vi,
516 2716 555 2745 57,
571 2716 609 2739 59.
620 2729 650 2733 -
668 2717 677 2731 ⁶
694 2717 782 2748 Greg.‚
798 2719 898 2747 *lior-ut,

1690 243 1750 274 469

969 305 1112 334 omnibus
1126 327 1137 342 ,
1163 307 1416 337 manducantibus
1442 315 1512 336 eum
1528 328 1537 343 ,
1560 310 1699 342 maneat,
1722 310 1752 338 et

969 352 1026 389 ipsi
1040 353 1071 381 in
1085 361 1137 389 eo,
1152 357 1184 382 ut
1205 362 1267 384 non
1286 354 1453 384 moriantur
1473 355 1504 383 in
1523 355 1681 391 aeternum,
1697 355 1751 385 sed

969 399 1000 428 in
1013 401 1172 430 aeternitate
1187 401 1290 431 vivant
1306 403 1335 431 et
1354 403 1512 436 maneant,
1527 403 1560 430 ut
1579 401 1651 431 dicit
1664 403 1675 421 ¹⁵
1689 402 1752 432 Sal-

969 449 1066 476 vator.

1005 494 1193 525 Divinissima
1211 495 1300 533 igitur
1324 495 1504 525 Eucharistia
1527 496 1559 525 in
1582 504 1613 526 se
1634 497 1750 526 habens

969 541 1219 571 delectamentum
1239 551 1362 572 omnem
1382 551 1503 572 sensum
1521 543 1693 572 interiorem
1707 545 1750 573 at-

968 588 1103 625 tingens,
1133 597 1254 618 sensum
1279 590 1361 618 visus
1388 590 1550 627 spiritualis
1578 590 1684 620 excitat
1710 591 1751 620 ad

968 636 1185 672 experiendum
1223 637 1402 665 aeternorum
1440 637 1724 674 contemplationem
1738 659 1748 674 ‚

967 692 1088 713 sensnm
1103 685 1223 714 auditus
1237 685 1397 723 spiritualis
1410 686 1516 715 excitat
1536 686 1577 715 ad
1597 687 1750 724 experien-

969 732 1042 760 dum
1055 733 1234 761 aeternorum
1255 733 1462 768 auditionem,
1480 741 1601 762 sensum
1623 733 1750 763 olfactus

969 779 1074 807 excitat
1099 779 1138 808 ad
1172 781 1351 808 aeternorum
1387 779 1579 809 olfactionem
1593 801 1604 815 ‚
1629 788 1750 810 sensum

968 827 1060 855 tactus
1075 826 1237 863 spiritualis
1251 826 1358 855 excitat
1371 827 1412 856 ad
1433 827 1650 864 experiendum
1670 829 1750 857 aeter-

967 881 1076 903 norum
1103 874 1286 910 tentionem,
1313 882 1435 903 sensum
1461 875 1564 910 gustus
1589 874 1749 912 spiritualis

967 921 1073 950 excitat
1087 921 1127 950 ad
1142 921 1358 958 experiendum
1371 922 1552 950 aeternorum
1564 922 1746 959 praelibatio-

965 976 1045 997 nem.
1075 968 1133 997 Nisi
1163 969 1225 997 istis
1257 969 1395 997 sensibus
1422 969 1613 997 interioribus
1639 971 1749 999 aeterna

966 1015 1135 1052 aliqualiter
1149 1015 1180 1043 in
1192 1015 1249 1044 hac
1268 1016 1328 1044 vita
1347 1016 1563 1052 experirentur,
1576 1016 1746 1053 Gregorius,

965 1062 1069 1099 quinto
1098 1062 1177 1091 libro
1211 1063 1360 1090 Moralium
1382 1083 1391 1097 ‚
1421 1070 1483 1092 non
1517 1063 1626 1091 diceret
1654 1062 1697 1091 sic
1711 1064 1722 1080 Β
1738 1073 1745 1092 :

969 1118 982 1135 α
996 1110 1149 1138 AEternitas
1163 1117 1218 1147 per
1232 1110 1396 1138 inhiantem
1415 1111 1548 1138 mentem
1569 1110 1632 1139 sine
1647 1110 1745 1147 specie

965 1156 1107 1192 cernitur,
1124 1157 1186 1185 sine
1205 1165 1280 1185 sono
1295 1157 1427 1193 auditur,
1441 1157 1504 1185 sine
1518 1158 1604 1186 motu
1626 1157 1748 1194 suscipi-

964 1205 1021 1239 tur,
1038 1204 1101 1232 sine
1116 1204 1183 1232 loco
1197 1204 1351 1238 retinetur,
1371 1204 1435 1232 sine
1449 1211 1576 1241 corpore
1596 1204 1727 1240 tangitur
1735 1215 1745 1240 ς

964 1253 992 1279 et
1007 1259 1075 1279 cum
1088 1259 1174 1279 mens
1188 1252 1396 1287 phantasmata
1415 1251 1664 1286 imaginationum
1679 1259 1746 1280 cor-

962 1299 1113 1335 poralium
1128 1298 1247 1334 abjicit,
1261 1298 1325 1333 jam
1340 1298 1528 1335 aliquatenus
1547 1299 1689 1327 aeternam
1703 1298 1746 1326 di-

963 1345 1115 1373 vInitatem
1129 1345 1273 1382 conspicit
1289 1354 1296 1373 :
1313 1354 1406 1382 quam
1421 1345 1445 1373 si
1459 1345 1591 1373 necdum
1611 1345 1686 1382 quid
1709 1345 1746 1374 sit

962 1393 1186 1429 apprehendit,
1210 1393 1333 1429 agnovit
1359 1394 1460 1421 tamen
1484 1393 1560 1421 certe
1584 1392 1660 1429 quid
1683 1400 1745 1421 non

962 1440 1006 1468 sit.
1024 1450 1038 1466 )>

999 1486 1156 1515 Videamus
1171 1494 1243 1522 ergo
1262 1487 1299 1514 de
1319 1487 1442 1523 singulis
1464 1486 1599 1515 sensibus
1619 1486 1742 1515 interio-
1758 1495 1865 1516 Desansi-

1757 1526 1862 1579 ξῑῖἰῑῒέἓ.

961 1535 1054 1562 ribus.
1071 1534 1168 1562 Primo
1184 1533 1273 1569 igitur
1287 1535 1384 1569 Jesus,
1400 1533 1486 1570 panis
1500 1534 1582 1568 vitae,
1602 1534 1633 1562 in
1648 1542 1744 1562 sacra-

961 1583 1062 1609 mento
1087 1581 1285 1609 manducatur
1301 1602 1310 1616 ,
1330 1590 1399 1609 cum
1426 1589 1496 1609 vere
1519 1581 1552 1609 in
1579 1589 1611 1609 se
1634 1581 1744 1610 habeat

962 1628 1211 1656 delectamentum
1235 1629 1332 1656 omnis
1354 1629 1505 1657 suavitatis
1525 1628 1661 1656 omnium
1674 1636 1742 1656 sen-

960 1684 1047 1703 suum
1075 1675 1282 1711 spiritualium.
1313 1677 1346 1703 Et
1373 1684 1442 1703 cum
1471 1675 1534 1712 ipse
1560 1675 1596 1704 sit
1615 1675 1741 1703 ⁷cand0r

960 1724 1028 1751 lucz‘s
1043 1725 1165 1758 oeternoe,
1180 1725 1206 1750 et
1219 1724 1357 1758 speculum
1376 1724 1435 1750 siue
1454 1724 1560 1751 macula
1569 1732 1578 1757 ς
1595 1723 1740 1758 attingens

959 1777 1079 1798 sensum
1099 1769 1181 1797 visus
1203 1770 1351 1798 interioris
1365 1769 1510 1806 hominis,
1524 1770 1587 1806 jam
1603 1769 1740 1806 aliquali-

959 1819 1003 1845 ter
1020 1817 1228 1853 exercitatum,
1244 1817 1343 1854 ipsum
1368 1817 1475 1846 excitat
1499 1817 1539 1846 ad
1561 1818 1740 1846 aeternorum

958 1864 1163 1901 recipiendam
1193 1863 1477 1900 contemplationem
1508 1864 1557 1893 vel
1584 1864 1738 1900 inspectio-

958 1919 1038 1940 nem.
1055 1912 1136 1939 Unde
1160 1912 1332 1947 Gregorius,
1353 1911 1497 1947 vigesimo
1519 1913 1626 1947 quarto
1647 1912 1738 1939 Mora-

958 1959 1025 1986 Itum
1038 1981 1046 1990 ,
1067 1967 1219 1995 exponens
1234 1958 1309 1986 illud
1323 1959 1378 1986 Job
1391 1959 1402 1976 ⁸
1417 1967 1423 1986 :
1440 1959 1552 1986 Videbit
1565 1960 1664 1992 faciem
1679 1958 1737 1993 ejus

958 2008 987 2033 z'n
997 2006 1097 2041 jubilo,
1117 2006 1189 2033 dicit
1203 2006 1265 2033 sic⁹
1280 2014 1287 2033 ε
1309 2015 1322 2031 (ι
1340 2005 1489 2041 Plerique,
1508 2005 1735 2041 contemplatio-

957 2059 993 2079 ne
1016 2052 1148 2088 quadam
1172 2052 1375 2080 retributionis
1395 2053 1528 2086 oeternae,
1544 2052 1633 2080 etiam
1651 2051 1736 2088 prius

957 2107 1049 2135 quam
1073 2099 1236 2135 spolientur
1260 2106 1364 2132 carne,
1389 2099 1585 2134 hilarescunt,
1607 2099 1681 2127 dum
1702 2099 1733 2128 in

952 2146 1050 2181 jubilo
1072 2145 1177 2173 faciem
1192 2145 1242 2173 Dei
1263 2145 1449 2182 conspiciunt
1465 2154 1472 2174 :
1490 2146 1573 2182 quod
1590 2145 1640 2182 fit,
1665 2154 1734 2175 cum

955 2193 1063 2229 aliquis
1075 2192 1259 2228 spiritualem
1269 2193 1391 2220 oculum
1406 2193 1437 2220 in
1448 2192 1534 2221 radio
1547 2193 1649 2221 aeterni
1663 2193 1734 2222 solis

955 2240 1028 2276 figit.
1047 2240 1089 2267 lbi
1110 2240 1213 2267 lumen
1234 2240 1338 2267 vivens
1358 2240 1453 2274 videt,
1474 2240 1545 2276 quia
1568 2241 1631 2276 J'am
1651 2241 1734 2269 omni

955 2287 1158 2315 mutabilitatis
1172 2287 1374 2315 vicissitudine
1394 2290 1483 2324 atque
1503 2287 1733 2316 obumbratione

956 2334 1076 2369 calcata,
1090 2334 1205 2362 veritati
1215 2334 1380 2362 aeternitatis
1395 2334 1428 2371 (c)
1444 2335 1576 2369 inhaeret,
1592 2335 1678 2371 eique
1692 2335 1734 2363 in-

955 2382 1095 2409 haerendo
1106 2390 1197 2418 quem
1213 2382 1316 2417 cernit,
1328 2382 1367 2410 ad
1382 2383 1608 2410 similitudinem
1621 2383 1733 2410 incom-

955 2429 1158 2456 mutabilitatis
1186 2429 1338 2464 assurgit,
1366 2432 1454 2466 atque
1485 2430 1517 2457 in
1545 2430 1757 2466 semetipsam'

956 2477 1083 2504 auctoris
1112 2476 1157 2504 sui
1184 2476 1447 2505 inconversibilem
1474 2477 1603 2513 speciem
1621 2498 1632 2512 ‚
1660 2477 1734 2504 dum

956 2524 1076 2560 recipit,
1098 2524 1230 2552 assumit.
1251 2525 1320 2557 Quae
1344 2524 1423 2553 enim
1448 2524 1487 2552 ad
1507 2523 1734 2552 mutabilitatem

956 2610 1000 2634 lib.
1016 2610 1047 2639 V,
1067 2617 1089 2634 c.
1105 2616 1178 2640 xxvi,
1193 2617 1246 2633 non
1261 2610 1337 2641 longe
1353 2617 1367 2634 a
1382 2610 1463 2641 princ.
1479 2622 1504 2626 -
1521 2610 1529 2624 ⁷
1546 2609 1596 2640 Sap
1608 2626 1617 2635 ,
1631 2615 1677 2640 vii,
1695 2611 1732 2634 16.

956 2659 987 2664 —
1005 2646 1013 2660 Θ
1032 2645 1085 2675 Job,
1107 2652 1207 2677 xxxm,
1225 2648 1264 2670 26.
1281 2659 1310 2664 --
1331 2646 1340 2660 ⁹
1356 2647 1444 2677 Greg.,
1461 2645 1565 2676 Moml„
1579 2645 1624 2670 lib.
1643 2646 1734 2676 XXIV,

957 2689 979 2706 e.
996 2687 1041 2712 vn,
1057 2683 1115 2712 post
1129 2682 1198 2706 med.
1214 2694 1243 2699 —
1260 2682 1291 2711 (α)
1308 2682 1384 2713 Vutg.
1399 2681 1539 2705 substantia
1555 2682 1621 2705 enim
1637 2683 1686 2705 tua.
1704 2694 1735 2699 —

959 2718 993 2749 (b)
1011 2719 1072 2742 item
1088 2717 1238 2742 ostendebat.
1252 2731 1281 2736 -—
1299 2718 1328 2748 (c)
1345 2717 1433 2749 Suppl.
1450 2724 1531 2741 mens.
