2004 3037
177 196 246 225 sire.
261 197 338 225 Deus
351 197 452 225 autem
465 195 598 224 infinitus
612 196 666 230 est,
682 195 754 231 quia
768 195 890 224 infinitae
903 203 957 232 po-

178 243 286 277 tentiae,
300 241 464 279 sapientiae,
479 241 631 277 bonitatis,
644 241 774 278 justitiae,
789 242 956 271 misericor-

178 289 246 326 diae,
262 290 316 318 etc.
332 290 371 317 De
384 289 450 326 ipso
461 288 552 324 igitur
572 288 667 317 dictus
679 296 765 317 amor
778 289 810 317 in
825 289 956 326 seipsum

176 337 336 372 transiens,
357 344 475 372 semper
497 335 611 364 invenit
633 337 734 372 aptam
751 337 907 366 materiam
924 337 956 365 in

177 392 269 422 quam
293 382 467 412 naturaliter
487 384 573 419 aptus
595 384 682 412 natus
701 384 744 411 est
766 383 906 419 transire,
928 386 957 413 et

176 431 254 468 ignis
274 430 328 467 qui
348 432 391 458 est
404 437 489 459 amor
513 431 599 467 aptus
620 431 706 458 natus
725 430 859 458 accendi.
878 440 893 458 n
909 432 956 459 Se-

179 478 298 515 quitur:
317 486 331 504 α
345 478 436 505 Amor
458 476 558 513 igitur,
578 478 607 505 et
628 476 738 505 amoris
753 477 846 506 motio
861 477 892 505 in
913 477 956 506 di-

180 525 261 560 vina,
274 524 434 553 terminum
447 532 510 552 non
523 524 614 553 habet
627 523 658 552 in
674 523 803 560 agendo.
820 525 957 560 Signatur

175 572 266 608 igitur
285 579 340 609 per
353 572 449 599 mobile
463 579 582 607 semper,
599 571 814 607 sempiternitas
835 571 956 608 privans

176 618 434 656 interruptionem,
446 619 474 647 et
490 617 655 647 durationis
665 618 936 646 interminationem
946 628 955 655 3

176 673 230 703 per
244 665 401 694 incessabile
410 674 483 694 vero
492 665 541 693 vel
555 666 700 701 infinibile,
712 666 823 694 amoris
835 667 863 694 et
877 673 957 694 ama-

177 713 265 742 tionis
275 713 309 750 (a)
323 712 457 749 signatur
472 713 742 748 augmentabilitas,
758 713 881 750 privans
900 714 957 741 ter-

177 760 293 788 minum
308 759 569 796 augmentationis,
585 768 638 788 seu
652 759 837 795 intensionis,
853 762 881 789 et
894 768 957 788 ma-

177 807 350 844 gnitudinis.
366 806 447 835 Unde
458 815 546 836 verus
556 809 585 835 et
599 809 757 836 consuetus
771 815 879 841 sermo,
896 815 957 843 quo

177 854 285 884 dicitur
299 855 308 872 ¹
325 863 332 883 ε
353 863 367 881 α
380 854 485 883 Modus
505 854 628 882 amandi
641 855 751 889 Deum,
768 855 811 882 est
824 853 909 890 quod
923 853 959 881 sit

177 901 240 930 sine
252 901 346 930 modo
357 902 385 929 et
397 909 570 929 mensura.»
583 901 719 929 Secundo
731 901 812 928 idem
826 900 959 929 declarat

178 948 280 977 dicens
295 957 302 976 :
321 957 335 975 ι(
349 947 377 976 Si
392 947 510 976 scibilia
523 949 591 976 sunt
606 947 732 982 infinita,
748 947 853 976 saltem
868 955 905 976 ex
916 947 958 975 in-

177 995 288 1023 finitate
302 995 478 1031 specierum,
492 1002 688 1022 numerorum
704 995 732 1022 et
743 994 918 1030 figurarum,
931 995 959 1022 et

176 1042 223 1070 his
235 1050 290 1079 per
302 1050 332 1069 se
344 1041 559 1076 accidentibus,
570 1043 598 1069 et
610 1041 774 1069 intellectus
784 1041 959 1069 naturaliter

178 1092 258 1119 amat
272 1090 372 1119 omnia
387 1089 503 1118 scibilia
518 1089 602 1125 scire,
615 1099 628 1116 ι)
642 1091 695 1117 etc.
705 1089 799 1117 Tertio
810 1089 892 1117 idem
907 1088 959 1117 dc-

178 1137 270 1166 clarat
291 1145 345 1174 per
368 1137 563 1165 reflexionem
585 1136 696 1165 amoris
726 1144 816 1172 super
838 1143 960 1164 omnem

178 1193 266 1213 suum
281 1187 396 1220 actum,
420 1185 556 1220 respectu
577 1183 714 1212 omnium
733 1183 886 1211 virtutum.
903 1182 960 1211 Ad-

179 1231 355 1260 vertendum
371 1233 423 1267 est,
433 1231 517 1268 quod
526 1239 580 1268 per
594 1230 735 1267 praedicta
747 1230 807 1258 duo
823 1230 958 1265 nomina,

180 1278 290 1307 scilicet
300 1286 353 1314 per
369 1279 474 1313 mobile,
485 1280 512 1306 et
525 1279 680 1306 incessabile
694 1286 746 1305 seu
762 1278 907 1312 infinibile,
924 1285 959 1305 ex

179 1325 210 1353 vi
225 1325 370 1353 sermonis
384 1333 446 1353 non
461 1325 594 1360 signatur
616 1327 716 1359 actus,
730 1324 784 1352 scd
799 1324 837 1352 ad
852 1325 959 1360 praeta-

181 1373 244 1400 ctos
260 1372 370 1400 amoris
382 1374 463 1400 actus
478 1371 621 1399 naturalis
635 1371 780 1407 aptitudo.
794 1381 808 1397 n
822 1372 886 1398 neec
899 1379 960 1398 om-

181 1418 231 1447 nia
238 1418 448 1453 Linconiensis,
460 1421 488 1446 et
498 1418 610 1446 ibidem
622 1418 705 1446 addit
715 1417 832 1445 dicens:
849 1427 862 1442 «
872 1417 959 1445 Motio

182 1466 272 1502 igitur
286 1466 408 1494 illorum
423 1465 591 1502 spirituum,
608 1473 731 1492 summae
747 1464 892 1492 divinitati
907 1472 960 1500 ap—

182 1513 446 1549 propinquantium
459 1533 468 1548 ,
488 1512 655 1539 incessabilis
679 1511 795 1547 dieitur,
812 1513 839 1539 et
858 1513 961 1538 intenta

182 1567 230 1595 per
247 1561 358 1592 intima,
375 1562 402 1587 et
416 1560 592 1593 innascibilis,
607 1558 678 1595 quia
694 1566 711 1586 a
729 1566 759 1586 se
774 1566 827 1594 per
851 1557 961 1586 amoris

185 1606 366 1635 desiderium
380 1606 411 1634 in
422 1607 513 1634 Deum
528 1606 664 1640 tendens,
679 1608 706 1633 et
720 1606 828 1633 mobilis
845 1613 962 1640 semper

184 1655 236 1689 est,
253 1655 281 1681 et
295 1661 451 1689 nunquam
466 1653 495 1681 in
517 1662 546 1681 sc
566 1652 707 1687 subsistit,
724 1655 751 1680 et
764 1654 870 1680 intenta
885 1655 917 1679 ut
931 1652 961 1679 in

183 1700 269 1728 illum
284 1702 397 1737 pergat,
413 1702 440 1728 et
456 1702 554 1727 intima
570 1701 601 1727 ut
615 1699 654 1727 ad
669 1699 815 1727 exteriora
834 1707 895 1726 non
910 1698 961 1726 de-

183 1746 266 1781 fluat,
280 1748 437 1781 infleaeibilis
453 1749 484 1774 ut
499 1747 537 1774 ad
558 1747 616 1774 alia
632 1748 712 1773 extra
728 1746 825 1781 ipsum
840 1753 901 1773 non
917 1745 961 1772 di-

184 1795 288 1822 vertat.
303 1794 403 1821 Mobile
418 1794 457 1821 ad
472 1793 694 1829 inquisitionem
710 1792 824 1826 excitat,
842 1794 960 1819 incessa-

184 1841 236 1868 bile
250 1840 289 1868 ad
304 1840 553 1877 perseverantiam
571 1839 735 1867 confirmat.
752 1850 764 1862 »
782 1840 844 1866 llaec
858 1838 917 1865 illc.

220 1887 313 1915 Tertia
328 1887 493 1923 proprietas
511 1886 572 1913 sive
588 1886 698 1921 gradus
713 1885 859 1922 seraphici
875 1893 958 1913 amo-

184 1935 224 1962 ris
236 1938 278 1962 est
286 1934 414 1961 calidum.
426 1935 463 1961 De
473 1942 534 1969 quo
544 1933 614 1961 dicit
627 1935 709 1968 Hugo
720 1935 730 1950 ¹
741 1934 769 1960 iu
780 1934 961 1967 commento,

185 1981 269 2017 quod
283 1980 340 2008 hoe
355 1980 438 2008 tertio
448 1980 516 2009 loco
527 1980 737 2008 convenienter
750 1980 880 2015 ponitur,
891 1979 961 2015 quia

185 2028 259 2055 sicut
273 2028 368 2055 mobile
384 2027 540 2063 prmcedit,
555 2029 586 2054 ut
602 2026 823 2062 inquisitionem
846 2027 960 2061 excitet,

185 2076 211 2102 ct
222 2074 380 2102 incessabile
387 2074 530 2110 sequitur,
542 2076 573 2101 ut
583 2074 621 2101 ad
633 2073 882 2109 perseverantiam
893 2081 961 2101 cons

184 2121 294 2154 firmet;
308 2122 347 2148 ita
362 2122 479 2148 calidum
495 2120 637 2157 sequitur,
647 2123 679 2148 ut
689 2128 809 2148 sensum
820 2120 961 2154 vivificet,

185 2171 212 2196 ct
227 2171 334 2196 cicutam
350 2168 493 2204 sequitur,
509 2170 540 2195 ut
555 2168 593 2194 ad
609 2167 896 2203 apprehendendum
912 2175 960 2203 pe-

184 2216 288 2249 netret,
297 2217 325 2242 ct
334 2215 439 2242 ultimo
451 2215 668 2249 superfervi‹lum
678 2215 818 2250 sequitur,
829 2216 859 2242 ut
867 2214 963 2241 adhae-

185 2262 299 2290 sionem
321 2263 349 2289 et
363 2261 536 2297 amplexum
552 2262 685 2296 quietum
708 2261 882 2288 manifestet.
907 2262 961 2288 Rc·

185 2308 270 2345 quire
293 2307 379 2344 plura
394 2307 434 2335 ibi
445 2328 452 2341 ‚
469 2308 492 2334 si
509 2308 562 2335 vis.
578 2307 777 2335 Linconiensis
801 2310 900 2335 autem
924 2308 960 2335 de

185 2356 283 2384 calido
299 2355 444 2392 loquens,
466 2355 536 2382 dicit
554 2355 594 2382 sic
609 2364 615 2382 ι
636 2365 649 2380 (ι
664 2355 741 2382 Sicut
764 2355 862 2390 prima
885 2355 960 2382 actio

184 2402 357 2439 ponderosi,
366 2402 414 2430 vel
425 2401 508 2437 levis,
526 2403 567 2429 est
580 2401 729 2429 inclinatio
742 2402 780 2429 ad
795 2402 960 2429 naturalem

184 2450 295 2485 locum,
316 2449 357 2477 sic
372 2449 448 2477 aetio
467 2448 582 2476 virtutis
606 2457 657 2476 seu
672 2448 810 2483 potentiae
826 2449 960 2476 amativae

185 2499 228 2525 est
241 2496 393 2525 inclinatio
415 2495 455 2525 ad
473 2495 606 2524 naturale
623 2496 761 2524 amabile.
782 2496 845 2523 Haec
862 2498 959 2524 tamen

220 2562 224 2573 ¹
244 2561 328 2590 Rern„
347 2560 377 2583 de
399 2559 480 2590 Diliq.
504 2560 566 2587 Deo.
593 2559 618 2583 in
642 2559 723 2590 princ.
740 2572 768 2576 —
789 2559 796 2573 2
820 2559 895 2589 Hug„
917 2559 959 2583 uhi

187 2603 243 2626 sup.
258 2603 343 2627 preti„
357 2598 416 2620 ante
431 2595 498 2619 nied.
513 2608 539 2613 -—
556 2595 564 2609 ³
581 2596 657 2626 ling,
673 2595 733 2619 ibid.

589 128 641 160 DE
662 127 822 160 SEPTEM
842 127 1070 161 ITINERIBUS
1090 128 1376 164 AETERNITATIS.

1011 196 1087 225 aetio
1101 204 1164 225 non
1176 197 1349 234 simpliciter
1363 201 1407 228 est
1415 199 1537 236 amatio,
1546 199 1622 228 sicut
1631 199 1785 235 inclinatio

1009 243 1173 280 ponderosi
1189 245 1218 272 et
1236 244 1310 273 levis
1331 245 1469 275 nondum
1489 245 1613 274 actualis
1629 248 1673 275 est
1691 247 1785 276 motio

1010 290 1050 319 ad
1063 290 1165 319 locum
1187 292 1371 328 naturalem,
1386 301 1456 321 eum
1469 292 1639 330 frequenter
1652 293 1690 322 sit
1701 293 1786 323 incli-

1009 337 1091 366 natio
1107 346 1176 366 eum
1198 339 1296 375 quiete
1316 339 1360 368 rei
1375 339 1554 376 inclinantis,
1575 339 1667 369 altero
1685 341 1786 377 prohi-

1009 385 1098 414 bente
1108 386 1206 414 aetum
1215 385 1367 414 motionis.
1375 387 1455 415 Hane
1464 386 1555 423 igitur
1563 386 1786 416 inclinationem

1009 431 1125 460 virtutis
1139 432 1284 467 amativae,
1297 435 1371 470 puto
1385 433 1546 469 significari
1562 442 1617 470 per
1636 433 1784 470 calidum

1009 479 1174 508 motionem
1193 481 1294 508 autem
1313 480 1353 508 ad
1378 481 1551 509 naturaliter
1572 480 1703 509 amabile
1725 488 1787 509 am-

1009 525 1195 562 plexandum
1205 547 1215 561 ,
1230 527 1365 556 existimo
1381 527 1542 563 significari
1559 535 1613 564 per
1628 528 1758 556 acutum.
1769 537 1783 555 n

1009 573 1078 601 Ideo
1096 573 1250 610 sequitur:
1275 584 1289 600 «
1302 575 1400 610 Ipsam
1418 576 1518 602 autem
1535 574 1579 602 rei
1599 575 1704 602 amatae
1721 581 1787 602 am-

1010 619 1224 656 plexattonem,
1241 629 1358 657 semper
1372 621 1553 653 tentionem,
1576 629 1629 649 seu
1648 629 1718 649 eum
1735 620 1787 649 illa

1011 668 1213 699 adhaesionem
1223 689 1233 704 ,
1249 670 1277 696 et
1291 668 1322 697 in
1335 668 1389 697 illa
1402 669 1440 706 (b)
1460 668 1673 705 quietationem
1691 668 1788 696 mani-

1010 714 1108 744 festari
1122 723 1176 752 per
1187 716 1413 751 superfervidum.
1427 716 1565 744 caliditas
1580 715 1659 744 enim
1673 717 1789 744 natura-

1011 761 1077 790 liter
1086 763 1128 790 est
1135 762 1308 790 inclinativa
1316 761 1439 798 subJeeti
1450 762 1481 790 in
1488 762 1693 791 dilatationem
1701 763 1729 790 et
1737 762 1790 790 dif-

1011 808 1159 836 fusionem
1167 808 1213 836 sui
1221 809 1254 836 in
1265 817 1386 837 omnem
1396 802 1521 846 partem'.
1531 809 1678 838 Gaudium
1691 812 1790 838 autem

1013 857 1056 884 est
1071 855 1163 883 animi
1177 855 1296 884 diffusio
1313 864 1320 883 :
1338 856 1391 884 sed
1410 863 1495 884 amor
1514 858 1557 884 est
1573 863 1639 891 reS,
1656 863 1724 892 quae
1736 863 1790 892 per

1012 910 1043 930 se
1059 903 1087 930 et
1098 902 1164 930 sola
1179 904 1221 930 est
1235 902 1383 938 gaudiosa
1398 904 1425 930 et
1440 902 1609 930 dilatabilis.
1633 904 1681 930 Est
1700 902 1791 938 igitur

1012 957 1058 978 res
1073 957 1159 977 amor
1168 957 1259 985 perse
1271 949 1450 977 dilatationis
1460 951 1487 977 et
1499 949 1665 977 diffusionis
1672 948 1791 986 partiei-

1012 996 1114 1033 pativa
1127 1005 1134 1024 ε
1149 998 1331 1033 quapropter
1342 998 1369 1024 et
1382 996 1534 1024 inclinatio
1546 996 1585 1024 ad
1599 998 1697 1024 actum
1711 1004 1792 1024 amo—

1013 1042 1053 1070 ris
1066 1064 1073 1077 ,
1091 1044 1133 1071 est
1147 1043 1298 1071 inclinatio
1320 1043 1359 1071 ad
1378 1044 1477 1071 actum
1493 1043 1674 1071 dilatationis
1692 1045 1721 1070 et
1735 1042 1790 1070 dif-

1011 1088 1147 1117 fusionis.
1169 1090 1251 1118 Unde
1266 1089 1476 1117 convenienter
1490 1090 1552 1117 haec
1571 1089 1722 1117 inclinatio
1735 1097 1791 1117 no-

1013 1137 1093 1166 mine
1117 1137 1204 1164 calidi
1225 1138 1266 1165 est
1288 1145 1435 1173 expressa.
1459 1136 1545 1165 Calor
1566 1144 1716 1172 namque,
1738 1136 1790 1172 qui

1014 1183 1092 1212 intus
1113 1184 1170 1217 est,
1191 1191 1253 1211 non
1273 1183 1447 1217 videtur‚‘et
1461 1185 1562 1211 movet
1576 1183 1721 1218 ⁴virtutem
1743 1183 1791 1210 in-

1015 1230 1112 1258 cendii
1127 1230 1258 1265 latentis3
1281 1229 1334 1257 sed
1350 1229 1433 1266 quod
1453 1231 1572 1264 movet,
1596 1229 1723 1264 videtur,
1743 1230 1790 1264 et,

1015 1285 1051 1305 ex
1076 1285 1137 1313 quo
1160 1276 1289 1311 videtur,
1310 1275 1500 1312 intelligimus
1523 1276 1586 1304 vim
1606 1284 1748 1311 magnam
1765 1278 1793 1304 et

1014 1323 1188 1352 violentiam
1202 1323 1308 1351 sortem
1323 1323 1430 1351 caloris
1442 1344 1450 1358 ,
1475 1323 1527 1359 qui
1547 1323 1616 1351 latet
1630 1325 1658 1351 et
1671 1330 1733 1350 non
1747 1323 1792 1350 vi-

1016 1371 1111 1399 detur.
1132 1371 1219 1399 Calor
1236 1371 1288 1399 iste
1304 1371 1366 1399 sine
1385 1370 1513 1398 tumultu
1529 1372 1556 1398 ct
1569 1370 1682 1398 actione
1701 1369 1793 1397 sensi-

1016 1418 1075 1446 tiva
1090 1418 1129 1446 ad
1145 1426 1278 1446 amorem
1294 1417 1468 1453 ingreditur,
1484 1419 1516 1445 ut
1539 1417 1689 1452 ingressus
1714 1416 1794 1444 illius

1016 1465 1073 1494 sibi
1089 1465 1251 1500 assimilet,
1267 1468 1294 1493 et
1311 1464 1432 1493 tandem
1452 1466 1587 1500 potenter
1601 1472 1619 1492 a
1633 1463 1728 1500 seipso
1745 1463 1794 1499 eji-

1017 1513 1092 1547 ciat,
1110 1515 1137 1540 et
1153 1512 1272 1540 tandem
1288 1520 1341 1548 per
1356 1512 1486 1540 calorem
1500 1513 1579 1539 totus
1598 1511 1737 1547 ignescat.
1756 1512 1793 1538 De

1016 1559 1072 1587 isto
1085 1559 1230 1595 gaudioso
1243 1567 1344 1587 amore
1357 1559 1428 1587 dicit
1439 1558 1600 1587 Richardus
1610 1558 1668 1586 sic:
1684 1559 1794 1586 «Amor

1017 1608 1059 1634 est
1074 1606 1202 1634 dulcedo
1218 1606 1333 1642 saporis
1348 1605 1457 1640 intimi,
1474 1607 1501 1634 et
1515 1606 1627 1641 quanto
1642 1603 1793 1633 ardentius

1017 1655 1111 1687 amat,
1132 1655 1212 1681 tanto
1233 1653 1353 1680 suavius
1372 1654 1477 1688 gustat.
1500 1654 1533 1679 Et
1552 1659 1637 1679 amor
1658 1654 1700 1680 est
1718 1658 1791 1686 gau-

1018 1700 1101 1728 dium
1115 1700 1192 1736 spei,
1204 1700 1274 1736 quia
1289 1699 1342 1727 ubi
1355 1708 1448 1733 amor,
1466 1699 1507 1726 ihi
1526 1707 1608 1734 speS‚
1627 1700 1656 1726 et
1669 1698 1721 1726 ubi
1735 1697 1793 1733 spi-

1016 1747 1129 1775 ritualis
1145 1755 1244 1780 amor,
1261 1747 1301 1773 ihi
1315 1749 1356 1773 cst
1366 1746 1516 1781 spirituale
1529 1745 1683 1780 gaudium.
1699 1755 1714 1770 n

1053 1794 1161 1827 Quarta
1174 1793 1339 1828 proprietas
1352 1792 1414 1820 sive
1429 1792 1539 1827 gradus
1551 1791 1697 1828 seraphici
1711 1799 1792 1819 amo-

1017 1840 1056 1868 ris
1081 1842 1124 1867 est
1147 1843 1264 1867 acutum.
1287 1839 1373 1873 Quod
1389 1847 1542 1875 exponens
1557 1840 1790 1873 Commentator,

1018 1886 1088 1915 dicit
1100 1886 1140 1913 sie
1150 1888 1159 1903 ³
1177 1895 1183 1914 ε
1204 1897 1217 1912 α
1232 1887 1347 1914 Acutum
1362 1886 1508 1921 significat
1522 1885 1685 1922 quemdam
1699 1885 1793 1922 impe-

1018 1934 1081 1960 tum
1097 1933 1222 1967 amoris,
1238 1934 1266 1960 ct
1280 1933 1497 1960 vehementiam
1511 1932 1651 1960 desiderii
1665 1932 1794 1960 ardentis

1019 1982 1046 2008 et
1061 1980 1239 2016 penetrantis
1251 2001 1259 2014 ,
1276 1981 1308 2007 ut
1322 1979 1363 2008 ibi
1379 1979 1432 2014 sit,
1449 1979 1501 2007 ubi
1524 1981 1567 2007 est
1589 1979 1687 2015 ipsum
1709 1988 1791 2007 ama-

1018 2028 1080 2055 tum
1090 2049 1096 2058 .
1111 2035 1178 2054 cum
1190 2027 1253 2062 ipso
1269 2027 1335 2054 etin
1351 2026 1415 2062 ipso
1425 2047 1433 2061 ‚
1446 2029 1549 2054 utnon
1560 2026 1659 2054 solum
1674 2026 1712 2054 ab
1727 2026 1792 2062 ipso

1019 2074 1149 2101 calidum
1171 2074 1233 2108 sit,
1261 2073 1313 2100 sed
1336 2075 1464 2100 transcat
1487 2074 1606 2100 acutum
1627 2072 1658 2100 in
1683 2072 1791 2108 ipsum.

1018 2122 1131 2148 Poterat
1147 2120 1226 2147 enim
1241 2120 1372 2148 calidum
1388 2127 1449 2147 esse
1460 2140 1468 2153 ,
1492 2122 1519 2147 et
1542 2119 1627 2155 quasi
1652 2119 1688 2147 de
1703 2119 1792 2155 longe

1018 2167 1148 2195 calidum
1163 2167 1241 2201 fieri,
1257 2167 1303 2194 cui
1316 2167 1373 2194 hoc
1389 2167 1457 2194 satis
1471 2169 1559 2202 esset,
1576 2174 1676 2194 amare
1691 2166 1794 2194 absen-

1017 2216 1075 2242 tem
1087 2236 1095 2249 ,
1112 2216 1139 2242 ct
1153 2216 1328 2250 praesentem
1343 2221 1405 2241 non
1419 2213 1520 2241 videre
1530 2235 1538 2246 ,
1565 2213 1612 2241 vel
1632 2213 1793 2249 praesentis-

1018 2261 1126 2288 simum
1140 2261 1299 2296 possidere.
1316 2260 1371 2288 Sed
1387 2268 1447 2288 non
1463 2262 1525 2288 erat
1547 2261 1598 2288 iste
1620 2268 1705 2288 amor
1723 2268 1791 2296 per-

1017 2308 1118 2342 fectus,
1129 2308 1183 2335 nisi
1194 2309 1313 2335 acutum
1324 2307 1432 2335 faceret
1442 2307 1498 2335 sibi
1509 2308 1652 2339 foramen,
1665 2309 1693 2335 et
1701 2309 1792 2335 trans-

1017 2356 1071 2384 iret
1085 2356 1200 2389 omnia,
1224 2356 1251 2382 et
1266 2356 1449 2390 penetraret,
1467 2355 1563 2382 donec
1587 2354 1626 2382 ad
1651 2354 1790 2382 dilectum

1017 2403 1199 2438 perveniret,
1214 2401 1274 2428 imo
1290 2401 1389 2436 potius
1401 2402 1431 2429 in
1442 2401 1657 2429 dilectumiret.
1669 2400 1695 2428 Si
1711 2400 1791 2428 enim

1016 2450 1047 2476 in
1063 2449 1202 2476 dilectum
1212 2456 1273 2476 non
1287 2447 1382 2482 vadis,
1397 2447 1495 2475 adhuc
1504 2447 1576 2475 foris
1589 2454 1680 2481 amas,
1692 2454 1790 2482 neque

1016 2497 1136 2524 acutum
1150 2495 1242 2523 habes
1258 2494 1437 2530 dilectionis,
1450 2497 1477 2523 et
1491 2496 1609 2529 torpens
1622 2493 1733 2522 divisus
1748 2501 1789 2529 es,

1049 2597 1082 2625 (a)
1102 2596 1161 2618 Coet.
1177 2594 1236 2618 edit.
1254 2594 1400 2618 amotionis.
1415 2607 1445 2612 —
1461 2592 1491 2624 (b)
1509 2594 1569 2618 Item
1585 2592 1663 2617 illam.

1828 1564 1894 1583 Amor

1829 1595 1890 1622 quid.
