2004 3037
106 1265 207 1288 Charitas

101 1296 153 1324 quid
164 1296 198 1316 sit.

104 2007 200 2028 Diversi-

128 2039 187 2059 modi

103 2076 195 2091 amores¹

209 245 269 276 438

210 311 314 348 petum
327 308 458 337 ardentis
473 307 622 343 desiderii,
633 315 688 336 nee
697 308 884 344 dissimulare
895 309 987 344 valet,

211 357 309 386 donec
320 356 360 384 ad
373 357 506 384 amatum
519 355 679 392 perveniat.
689 356 778 390 »Haec
785 355 847 384 ille.
862 356 911 384 His
918 364 987 384 con-

213 403 316 432 cordat
329 402 474 431 Gilbertus
484 403 669 437 porretanus,
680 402 733 430 ubi
742 402 813 431 dicit
821 402 830 419 ¹
844 411 851 435 ς
865 413 879 429 «
889 403 987 431 Scien-

212 451 254 480 tia
267 450 361 484 inflat,
375 449 502 478 charitas
515 448 628 486 perflat.
645 449 776 478 Charitas
790 449 922 478 intimior
935 452 987 485 est,

214 505 306 534 quam
319 496 451 532 scientia,
461 498 490 524 et
503 496 542 524 ad
552 496 710 524 secretiora
722 496 870 532 pertingit.
884 496 989 525 Omnia

215 545 296 573 enim
310 543 452 572 interiora
465 543 571 580 perflat
589 543 707 580 spiritus
727 543 858 578 amoris,
882 551 942 579 quo
963 545 990 571 et

216 591 361 620 serutatur
374 589 525 627 profunda
535 590 594 618 Dei.
603 599 616 616 n
628 591 692 618 llaec
702 589 762 618 ille.
771 589 891 618 Nullum
901 590 990 618 etiam

215 638 332 667 bonum
353 637 480 674 perfecte
498 637 646 672 noscitur,
672 637 754 674 quod
778 645 839 665 non
862 635 996 674 perfecte'

216 687 341 720 amatur,
356 684 431 713 sicut
443 684 622 720 Augustinus
637 684 708 712 dicit
719 683 740 712 ².
756 684 837 712 Unde
851 685 882 712 in
901 686 991 712 Eccle-

216 734 325 760 siastz'co
338 731 444 759 dicitur
452 732 462 749 ³
474 741 480 760 :
493 732 547 765 Qui
561 733 664 759 timetis
677 733 771 764 Deum,
782 732 891 766 diliqz'le
900 733 989 764 illum,

216 782 242 807 ec
256 779 423 807 illuminabit
440 778 476 814 (a)
492 778 572 806 corda
586 781 684 806 vestra.
703 778 925 806 Rationabiliter
938 778 991 814 igi-

216 828 263 855 tur
290 824 461 854 charitativa
477 825 593 854 affectio
614 825 747 861 sequitur
767 824 992 861 contemplatio-

216 881 295 909 nem,
311 874 455 909 tanquam
474 872 632 909 perficiens
656 880 739 906 eam,
755 871 893 908 quamvis
909 871 991 899 inco-

216 920 298 956 gnita
318 919 412 948 amari
436 919 560 949 omnino
585 927 647 949 non
673 918 802 955 possint,
827 918 992 947 secundum

216 967 420 1003 Augustinum.

449 1061 690 1096 DISTINCTIO
718 1061 759 1094 11.

218 1138 291 1173 Quid
308 1139 345 1166 sit
364 1138 531 1165 charitativa
550 1137 675 1172 affectio,
700 1138 725 1164 et
745 1135 872 1171 quomodo
891 1137 926 1164 sit
946 1137 996 1163 iter

344 1183 380 1211 ad
398 1185 510 1214 oeterna,
533 1184 561 1209 ut
580 1183 668 1209 verius
688 1184 869 1216 monost-atur.

257 1253 392 1283 Secundo
413 1252 578 1281 videndum
601 1254 658 1287 est,
682 1251 756 1288 quid
775 1252 810 1279 sit
826 1251 997 1279 charitativa

223 1301 356 1336 affectio,
376 1302 408 1328 ut
428 1308 463 1328 ex
482 1300 538 1328 hoe
554 1299 672 1336 spiritus
687 1300 857 1334 cognoscat,
872 1298 997 1334 qualiter

222 1349 287 1385 ipsa
302 1348 338 1376 sit
350 1347 402 1375 iter
417 1346 456 1374 ad
470 1348 587 1374 [eterna.
604 1347 641 1373 De
657 1353 717 1381 quo
731 1345 828 1381 primo
844 1344 998 1372 sciendum

223 1397 274 1430 est,
283 1394 367 1431 quod
378 1401 472 1428 amor,
484 1392 613 1427 dilectio,
625 1394 652 1420 ct
663 1392 797 1426 charitas,
811 1392 841 1419 in
852 1391 998 1427 Scriptura

221 1442 388 1479 frequenter
402 1449 457 1477 pro
473 1440 580 1469 eodem
595 1439 789 1476 accipiuntur,
801 1441 832 1466 ut
847 1438 918 1466 dicit
932 1438 998 1466 Dio-

221 1489 335 1526 nysius,
351 1489 457 1525 quarto
473 1487 505 1515 de
520 1488 630 1514 Divinis
649 1486 820 1519 Nominibus,
836 1485 888 1513 ubi
904 1485 973 1512 dicit
989 1494 996 1512 ε

224 1536 452 1565 «communiter
476 1536 504 1563 ct
525 1534 712 1563 uniformiter
735 1533 880 1561 utendum
903 1534 946 1560 est
968 1532 999 1560 in

223 1584 332 1613 divinis
346 1583 467 1612 nominc
483 1582 604 1616 amoris,
614 1581 735 1609 nomine
751 1580 928 1614 dllectionis,
936 1580 998 1607 sive

221 1631 310 1660 etiam
325 1630 481 1659 charitatis.
500 1641 511 1655 >1
521 1631 551 1657 Et
567 1628 756 1664 Augustinus,
772 1629 877 1655 octavo
892 1627 923 1654 de
939 1628 999 1654 Tri-

221 1680 328 1713 nitate,
353 1677 423 1705 dicit
438 1678 459 1712 ”,
475 1675 559 1712 quod
583 1686 596 1701 «
611 1674 683 1703 nihil
698 1674 780 1702 aliud
805 1676 847 1702 est
861 1673 997 1707 charitas,

222 1725 278 1753 nisi
293 1732 378 1753 amor
392 1724 475 1752 boni.
492 1735 503 1748 »
521 1725 566 1750 Est
581 1722 669 1758 igitur
686 1721 850 1755 sciendum,
866 1721 939 1748 sicut
953 1719 998 1747 di-

224 1772 262 1799 cit
285 1770 439 1806 Blonysius
462 1769 513 1798 ubi
532 1777 631 1805 supra,
649 1768 727 1804 quod
750 1776 826 1794 nnus
850 1769 892 1794 cst
915 1774 999 1794 amor

225 1819 378 1852 increatus,
389 1816 439 1853 qui
453 1824 506 1843 sua
514 1814 786 1851 supersubstantiali
799 1816 826 1841 et
838 1813 999 1841 universali

225 1863 436 1901 appetibilitate
451 1862 577 1898 ingignit
592 1869 725 1889 amorem
749 1863 880 1889 creatum
901 1860 998 1889 omni-

224 1912 280 1940 bus
294 1911 400 1946 rehus3
415 1909 465 1946 qui
480 1917 564 1937 amor
580 1911 692 1936 creatus
710 1910 750 1935 est
766 1907 904 1943 qufedam
918 1906 1000 1934 incli-

225 1959 304 1987 natio
329 1959 356 1985 et
374 1956 558 1985 coordinatio
578 1955 702 1983 amantis
727 1954 765 1982 ad
787 1955 899 1981 bonnm
922 1962 1000 1981 auia-

226 2008 287 2035 tum
304 2014 310 2033 :
327 2005 354 2032 et
365 2004 432 2031 ideo
444 2003 598 2038 Dionysius
614 2001 766 2036 distinguit
782 2001 893 2028 ibidem
906 2001 1001 2028 diver-

225 2061 273 2081 sos
288 2059 414 2086 amores,
426 2050 590 2078 secundum
602 2049 732 2076 diversas
744 2048 947 2075 inclinationes
962 2047 1000 2075 ad

225 2100 340 2128 honum
364 2097 534 2134 appetibile,
556 2096 656 2124 dieens
674 2105 679 2123 :
699 2106 712 2121 «
728 2095 852 2129 Quando
869 2103 1001 2123 amorem

226 2147 425 2177 nominamus,
438 2144 498 2172 sive
515 2143 660 2176 divinum,
674 2143 733 2170 sive
746 2142 923 2177 angelicum:
940 2142 1001 2170 sive

227 2192 465 2226 intellectualem,
482 2191 542 2218 sive
563 2189 733 2224 animalem,
745 2189 805 2216 sire
821 2189 1001 2224 naturalem,

228 2241 419 2276 designamus
430 2260 437 2273 ,
460 2238 579 2266 nomine
596 2237 719 2270 amoris,
735 2236 898 2271 quamdam
914 2236 1001 2263 virtu-

229 2291 286 2316 tem
301 2287 455 2314 unitivam.
469 2295 482 2311 »
500 2285 552 2311 t'bi
566 2284 635 2311 dit-it
650 2286 869 2311 (Ionum-utatur
881 2286 1003 2310 :uAmor

229 2336 270 2363 est
285 2332 430 2362 connexio
447 2334 473 2359 et
494 2331 656 2364 vinculum,
674 2339 733 2365 qno
756 2330 889 2357 oninium
904 2338 1002 2357 rerum

228 2380 403 2410 universitas
444 2377 587 2405 iness‘abili
627 2377 754 2404 amicitia
792 2376 1001 2411 insolubilique

228 2429 338 2458 unione
354 2426 518 2463 copulatur.
534 2435 546 2451 »
566 2426 597 2453 lit
611 2425 830 2452 Commentator
845 2424 964 2459 exponit
977 2425 1003 2450 et

229 2476 360 2504 declarat
375 2475 445 2501 istos
458 2480 574 2500 amores
588 2471 708 2498 ibidem.
720 2472 757 2498 Ex
775 2470 883 2506 quibus
898 2470 1001 2505 inagis,

231 2522 303 2559 quid
315 2529 400 2550 amor
414 2520 474 2547 sive
491 2518 614 2546 charitas
627 2518 672 2552 sit,
685 2517 848 2553 apparebit.
866 2519 1003 2545 Amorem

263 2609 270 2624 ¹
287 2607 352 2631 Gitb.
369 2606 478 2634 Pon-ct,
493 2611 546 2634 sup.
564 2604 645 2629 Carth,
665 2610 741 2626 setin.
760 2608 851 2630 xxxix,
867 2603 933 2625 cirea
949 2604 1004 2632 tin„

232 2645 297 2668 inter
316 2644 391 2667 Bern.
413 2643 505 2671 operat
524 2653 554 2657 -
576 2640 586 2655 Ἃ
604 2640 678 2669 Auen,
699 2639 741 2662 lib.
764 2638 888 2662 LXXXIII
904 2638 1002 2667 (num-l„

233 2688 258 2710 q.
276 2686 352 2707 lxxxx,
369 2686 393 2701 n.
414 2681 432 2701 l.
446 2690 475 2694 -—-
489 2676 498 2691 2
514 2675 646 2704 E‹·r'1'‹'.‚1r,
665 2676 699 2699 lt).
715 2688 742 2692 --
760 2674 833 2703 &lug
846 2693 852 2704 5
864 2674 892 2695 n'r
905 2675 1003 2698 Triw'lt,

234 2716 278 2739 lib.
295 2715 358 2744 t'ltl,
374 2721 395 2737 e.
412 2719 438 2743 x,
453 2719 479 2737 n.
497 2712 533 2736 it.
551 2725 580 2729 —
595 2710 677 2741 fidula„
695 2716 794 2739 xxxin,
812 2711 848 2733 tl.

623 241 672 273 DE
694 240 851 274 SEPTEM
871 240 1098 274 ITINERIBUS
1119 212 1405 273 AETERNITATIS.
1432 253 1435 256 ⁴

1040 309 1209 338 naturalem
1217 304 1325 338 vocant
1331 308 1555 338 inclinationem
1566 299 1815 346 ad⁴bonumss1uae
1827 314 1938 365 mn?-
1974 343 1978 351 .

1040 364 1102 385 non
1116 355 1319 392 praesupponit
1327 355 1528 392 cognitionem
1537 355 1682 392 aliquam,
1691 364 1758 393 quaa
1770 356 1815 384 in-

1042 405 1085 431 est
1099 403 1238 432 omnihus
1256 402 1345 431 rebus
1359 411 1378 431 a
1389 404 1526 432 creatore
1539 402 1644 438 indita,
1659 410 1722 439 qua
1735 402 1817 431 incli-

1041 451 1148 478 nentur
1171 449 1210 478 ad
1233 449 1488 478 conservationem
1510 449 1556 478 sui
1570 458 1649 485 esse,
1670 448 1754 486 quod
1775 450 1818 478 est

1042 496 1157 525 bonum
1178 496 1228 524 eis.
1255 497 1336 525 Unde
1357 496 1463 525 dicitur
1477 496 1509 524 in
1523 497 1578 525 Joh
1593 497 1604 514 f·
1620 505 1628 525 ε
1642 498 1819 525 Frumentum

1043 543 1179 571 desiderat
1193 543 1332 583 nubes,lid
1354 545 1397 571 est
1411 543 1578 571 naturalem
1590 543 1682 571 habet
1693 542 1818 571 inclina·

1042 591 1156 618 tionem
1170 589 1209 618 ad
1222 590 1280 620 hoc
1294 590 1419 618 bonum.
1437 592 1576 618 Amorem
1590 589 1752 619 animalem
1765 597 1818 618 vo-

1045 639 1091 666 cat
1104 637 1327 666 inclinationem
1343 637 1382 665 ad
1397 637 1524 672 bonum,
1539 645 1605 673 quae
1615 635 1822 674 praesupponit

1045 684 1245 720 cognitionem
1267 684 1451 719 sensitivam;
1475 685 1502 712 et
1519 683 1567 712 hic
1587 685 1702 712 tantum
1725 684 1768 711 est
1788 682 1820 710 in

1044 731 1148 766 hisfin
1160 730 1270 767 quibus
1285 732 1327 758 est
1341 730 1489 758 sensibilis
1503 730 1659 767 appetitus,
1675 731 1708 758 ut
1721 730 1752 758 in
1765 730 1820 758 ho-

1045 777 1137 813 mine,
1148 779 1174 806 et
1189 777 1219 805 in
1230 777 1332 805 brutis.
1344 779 1484 806 Amorem
1492 777 1721 817 intellectualem
1733 777 1821 805 vocat

1046 823 1268 853 inclinationem
1284 823 1322 852 ad
1337 823 1463 858 bonum,
1477 832 1545 860 quoe
1557 824 1759 861 praesupponit
1772 831 1822 852 co-

1047 871 1211 908 gnitionem
1222 871 1353 906 rationis,
1366 873 1399 899 ut
1410 872 1629 900 commentator
1641 871 1691 905 ait,
1702 878 1770 908 quaa
1780 871 1823 898 est

1046 919 1078 947 in
1091 918 1213 946 homine
1227 927 1233 946 ε
1251 917 1335 946 ethic
1350 926 1434 946 amor
1445 917 1648 954 distinguitur:
1660 916 1734 954 quia
1746 925 1824 954 quae—

1048 965 1119 994 dam
1135 967 1177 993 est
1187 965 1338 994 inclinatio
1349 965 1388 993 ad
1403 965 1528 1000 honum,
1545 972 1611 1001 quae
1620 971 1681 992 non
1695 971 1823 1000 praesup-

1047 1013 1132 1049 ponit
1150 1012 1206 1040 nisi
1228 1012 1394 1041 naturalem
1417 1011 1618 1047 cognitionem
1638 1011 1711 1039 boni
1735 1010 1823 1039 abso-

1048 1059 1120 1094 lute,
1135 1061 1163 1087 et
1173 1061 1215 1087 est
1225 1067 1242 1087 a
1256 1059 1407 1087 voluntate
1422 1066 1483 1087 non
1494 1058 1657 1087 deliberata
1666 1068 1674 1093 ;
1685 1057 1823 1094 quaedam

1050 1108 1091 1134 est
1107 1105 1257 1134 inclinatio
1273 1106 1303 1134 in
1317 1106 1448 1140 bonum,
1469 1113 1536 1142 quae
1550 1105 1755 1141 praesupponit
1773 1112 1823 1132 co-

1051 1153 1214 1189 gnitionem
1229 1152 1422 1181 deliberatam
1437 1153 1572 1188 respectu
1594 1151 1666 1180 boni
1685 1151 1770 1180 relati
1784 1151 1823 1179 ad

1051 1200 1131 1228 aliud
1147 1202 1180 1228 ut
1197 1199 1236 1228 ad
1252 1200 1342 1228 finem
1353 1221 1360 1233 ,
1381 1196 1431 1227 <vel
1450 1199 1698 1233 circumstantias,
1713 1198 1763 1227 vel
1785 1198 1825 1226 ad

1051 1247 1165 1283 aliquid
1181 1247 1262 1275 aliud
1274 1256 1280 1274 :
1291 1249 1359 1275 tune
1374 1248 1417 1275 est
1430 1254 1515 1274 amor
1526 1245 1674 1280 electivus,
1691 1245 1742 1282 qui
1753 1252 1824 1282 pro-

1051 1295 1115 1330 prie
1131 1293 1237 1322 dicitur
1251 1293 1378 1322 dilectio.
1392 1293 1419 1322 Si
1428 1295 1526 1321 autem
1534 1292 1583 1320 ille
1592 1299 1676 1321 amor
1686 1291 1721 1320 sit
1730 1292 1763 1328 (b)
1774 1299 1827 1328 per

1053 1341 1183 1377 aliquem
1208 1341 1343 1368 habitum
1367 1339 1621 1376 supernaturalem
1631 1361 1638 1372 ‚
1659 1347 1713 1375 per
1737 1347 1827 1375 quem

1053 1388 1144 1416 homo
1160 1388 1196 1415 sit
1209 1390 1346 1423 acceptus
1357 1389 1426 1421 Deo,
1442 1389 1470 1415 et
1484 1386 1592 1422 dignus
1604 1385 1787 1414 remunerari
1797 1386 1827 1414 in

1053 1437 1161 1463 aeterua
1183 1435 1253 1469 vita,
1270 1442 1354 1462 amor
1374 1433 1521 1462 charitatis
1535 1435 1576 1461 est
1591 1433 1652 1461 sive
1674 1432 1828 1468 gratuitus,

1055 1485 1081 1510 et
1102 1482 1149 1510 hic
1170 1481 1352 1509 necessarius
1367 1483 1423 1516 est,
1447 1483 1479 1508 ut
1500 1480 1574 1508 sieut
1595 1479 1756 1508 intellectus
1776 1487 1830 1516 per

1054 1530 1156 1564 fidem,
1172 1528 1255 1565 quod
1274 1530 1315 1556 est
1329 1528 1431 1556 lumen
1446 1526 1683 1564 supernaturale,
1699 1526 1830 1554 elevatur

1055 1577 1094 1605 ad
1122 1576 1249 1604 beatifici
1278 1575 1385 1611 objecti
1405 1574 1659 1611 supernaturalem
1684 1571 1829 1609 cognitio-

1055 1632 1137 1658 nen13
1154 1623 1192 1650 ita
1213 1625 1240 1650 ct
1263 1623 1400 1655 atl'ectus,
1417 1621 1478 1649 sive
1493 1621 1646 1655 voluntas,
1660 1627 1714 1656 per
1728 1627 1830 1656 super-

1055 1670 1219 1699 naturalem
1233 1669 1368 1697 habitum
1381 1668 1526 1696 charitatis
1539 1667 1670 1695 elevatur
1685 1666 1724 1694 ad
1738 1666 1831 1694 beati-

1055 1717 1102 1744 fici
1114 1716 1221 1751 objecti
1234 1715 1490 1751 supernaturalem
1505 1714 1702 1748 affectionem,
1711 1715 1742 1740 ut
1755 1712 1830 1740 intra

1055 1763 1176 1799 patebit.

1091 1814 1228 1837 Amorem
1249 1811 1346 1837 autem
1370 1808 1538 1843 angelicum
1560 1807 1648 1834 vocat
1667 1805 1831 1834 inclinatio-

1055 1857 1169 1885 nemin
1185 1856 1313 1890 bonum,
1331 1864 1396 1892 quae
1417 1856 1450 1891 (c)
1473 1853 1674 1890 praesupponit
1698 1852 1832 1880 altiorem

1057 1903 1267 1939 cognitionem,
1279 1911 1370 1939 quam
1379 1902 1414 1929 sit
1425 1901 1554 1936 cognitio
1565 1900 1697 1928 humana
1709 1908 1715 1927 ε
1728 1901 1755 1927 et
1764 1899 1833 1928 ideo

1056 1950 1184 1985 Angelus
1200 1950 1303 1977 fortius
1322 1949 1480 1977 inclinatur
1495 1948 1525 1975 in
1540 1948 1654 1975 bonum
1671 1946 1833 1982 cognitum,

1058 2001 1085 2026 ct
1105 1997 1271 2034 perfectius.
1299 1996 1378 2024 Unde
1402 1994 1601 2024 Linconiensis
1616 1995 1835 2021 commentator

1058 2053 1146 2081 super
1162 2045 1297 2080 quintum
1314 2043 1453 2077 Anyclz'cae
1466 2042 1635 2069 Hierarchz‘oe
1652 2040 1737 2069 dicit:
1757 2042 1834 2068 uAn-

1058 2092 1115 2128 geli
1141 2099 1173 2119 ex
1198 2090 1318 2118 rationis
1334 2089 1515 2117 abundantia
1536 2087 1659 2115 scientes
1680 2087 1731 2122 id,
1752 2086 1835 2123 quod

1059 2140 1210 2175 appetunt,
1226 2146 1287 2165 esse
1303 2144 1371 2164 vere
1383 2134 1592 2169 desiderabile,
1607 2133 1835 2162 etvehementis—

1059 2187 1150 2220 sime,
1166 2187 1192 2213 ct
1209 2185 1308 2212 intime
1319 2205 1327 2217 ,
1344 2185 1371 2211 et
1391 2183 1457 2210 totis
1477 2181 1588 2210 viribus
1604 2179 1835 2209 desiderandum

1060 2236 1085 2261 et
1101 2232 1263 2261 amandum
1281 2238 1381 2258 amore
1396 2237 1482 2265 puro,
1502 2231 1529 2256 et
1544 2236 1605 2255 non
1627 2228 1657 2255 in
1672 2226 1754 2255 aliud
1773 2228 1834 2254 ten-

1060 2280 1165 2314 dente3
1183 2277 1256 2305 illud
1270 2276 1425 2304 intendunt
1445 2276 1483 2303 ita
1499 2274 1609 2303 sortiter
1629 2276 1656 2301 et
1670 2272 1835 2301 inavertibi-

1059 2327 1133 2360 liter,
1151 2325 1233 2361 quod
1248 2324 1298 2351 illa
1312 2323 1432 2350 intentio
1449 2330 1466 2349 a
1481 2322 1564 2349 nulla
1578 2322 1720 2357 potestate
1742 2321 1769 2347 et
1782 2326 1833 2354 po·

1060 2373 1149 2401 tentia
1162 2370 1293 2406 intercipi
1311 2371 1414 2405 potest,
1428 2368 1475 2395 vel
1490 2367 1626 2403 impediri
1639 2375 1644 2393 :
1659 2368 1686 2394 et
1700 2366 1740 2393 sic
1751 2373 1835 2393 amor

1060 2418 1301 2447 intellectualium
1324 2416 1415 2443 tendit
1431 2415 1461 2442 in
1475 2414 1517 2442 eis
1541 2414 1571 2441 in
1593 2413 1688 2440 visum
1709 2412 1834 2446 bonnm,

1061 2466 1142 2503 quod
1157 2467 1198 2492 est
1213 2471 1317 2491 verum
1333 2465 1359 2490 et
1372 2469 1520 2489 summum
1532 2460 1656 2487 bonum.
1668 2469 1680 2485 n
1701 2458 1831 2486 ttoecille.

1096 2516 1233 2541 Amorem
1249 2518 1319 2537 vero
1336 2509 1471 2537 divinum
1487 2506 1651 2542 Dionysius,
1667 2506 1718 2533 uhi
1732 2513 1832 2540 supra,

1060 2559 1143 2597 ponit
1168 2569 1181 2583 <‹
1204 2557 1435 2593 praeexistentem
1462 2551 1778 2589 supersubstantialiter
1803 2551 1833 2578 in

1061 2608 1141 2635 bono
1151 2605 1189 2634 acl
1205 2603 1387 2632 existentiam
1401 2602 1554 2630 emanante
1568 2600 1620 2636 (d),
1633 2598 1684 2635 qui
1696 2601 1723 2627 et
1734 2605 1834 2626 rursus

1093 2670 1126 2700 (a)
1134 2668 1207 2697 Ynlsz.
1216 2663 1578 2693 ι’Νιιηιι’]ιτιὸιιῑιίηικ-(Ιι)Ε(Ιίί.
1586 2663 1642 2686 Vm.
1655 2659 1831 2691 fit.-(c)Edit.

1064 2705 1139 2736 Lnyd.
1156 2705 1180 2728 in
1196 2710 1258 2734 qna3
1272 2704 1325 2726 cul.
1341 2701 1400 2725 edil.
1417 2707 1511 2731 qua.-
1524 2699 1556 2729 (d)
1573 2698 1614 2723 Al.
1630 2699 1799 2722 einiuiantein.
