<?xml version="1.0" encoding="UTF-8"?>
<!DOCTYPE html PUBLIC "-//W3C//DTD XHTML 1.0 Transitional//EN"
    "http://www.w3.org/TR/xhtml1/DTD/xhtml1-transitional.dtd">
<html xmlns="http://www.w3.org/1999/xhtml" xml:lang="en" lang="en">
 <head>
  <title>
</title>
<meta http-equiv="Content-Type" content="text/html;charset=utf-8" />
  <meta name='ocr-system' content='tesseract 3.04.00' />
  <meta name='ocr-capabilities' content='ocr_page ocr_carea ocr_par ocr_line ocrx_word'/>
</head>
<body>
  <div class='ocr_page' id='page_1' title='image "./operaomniasixtiv08bonauoft/operaomniasixtiv08bonauoft_0066.png"; bbox 0 0 2004 3037; ppageno 0'>
   <div class='ocr_carea' id='block_1_1' title="bbox 117 221 1147 260">
    <p class='ocr_par' dir='ltr' id='par_1_1' title="bbox 117 221 1147 260">
     <span class='ocr_line' id='line_1_1' title="bbox 117 221 1147 260; baseline 0 -5"><span class='ocrx_word' id='word_1_1' title='bbox 117 231 166 260; x_wconf 72' lang='lat'><strong>46.</strong></span> <span class='ocrx_word' id='word_1_2' title='bbox 705 221 882 255; x_wconf 69' lang='lat' dir='ltr'>MYS&#39;MGA</span> <span class='ocrx_word' id='word_1_3' title='bbox 902 221 1147 255; x_wconf 64' lang='lat' dir='ltr'><strong>THEOLOGIAs</strong></span> 
     </span>
    </p>
   </div>
   <div class='ocr_carea' id='block_1_2' title="bbox 114 288 905 2429">
    <p class='ocr_par' dir='ltr' id='par_1_2' title="bbox 114 288 905 2429">
     <span class='ocr_line' id='line_1_2' title="bbox 118 288 898 330; baseline -0.009 -6"><span class='ocrx_word' id='word_1_4' title='bbox 118 294 220 324; x_wconf 80' lang='lat' dir='ltr'><strong>omnia</strong></span> <span class='ocrx_word' id='word_1_5' title='bbox 239 301 308 330; x_wconf 76' lang='lat' dir='ltr'><strong>ques</strong></span> <span class='ocrx_word' id='word_1_6' title='bbox 329 291 408 320; x_wconf 78' lang='lat' dir='ltr'><strong>dieta</strong></span> <span class='ocrx_word' id='word_1_7' title='bbox 424 290 494 318; x_wconf 85' lang='lat' dir='ltr'><strong>sunt</strong></span> <span class='ocrx_word' id='word_1_8' title='bbox 510 288 606 318; x_wconf 85' lang='lat' dir='ltr'><strong>multo</strong></span> <span class='ocrx_word' id='word_1_9' title='bbox 628 288 736 318; x_wconf 79' lang='lat' dir='ltr'><strong>molius</strong></span> <span class='ocrx_word' id='word_1_10' title='bbox 756 290 786 318; x_wconf 83' lang='lat' dir='ltr'><strong>et</strong></span> <span class='ocrx_word' id='word_1_11' title='bbox 801 288 898 318; x_wconf 83' lang='lat' dir='ltr'><strong>multo</strong></span> 
     </span>
     <span class='ocr_line' id='line_1_3' title="bbox 114 335 899 378; baseline -0.009 -8"><span class='ocrx_word' id='word_1_12' title='bbox 114 340 278 378; x_wconf 85' lang='lat' dir='ltr'><strong>jucundius</strong></span> <span class='ocrx_word' id='word_1_13' title='bbox 292 335 518 375; x_wconf 82' lang='lat' dir='ltr'><strong>experimentali</strong></span> <span class='ocrx_word' id='word_1_14' title='bbox 528 335 634 364; x_wconf 83' lang='lat' dir='ltr'><strong>notitia</strong></span> <span class='ocrx_word' id='word_1_15' title='bbox 643 335 836 365; x_wconf 87' lang='lat' dir='ltr'><strong>veracissima</strong></span> <span class='ocrx_word' id='word_1_16' title='bbox 847 343 899 372; x_wconf 81' lang='lat' dir='ltr'><strong>ap-</strong></span> 
     </span>
     <span class='ocr_line' id='line_1_4' title="bbox 116 383 898 425; baseline -0.009 -8"><span class='ocrx_word' id='word_1_17' title='bbox 116 387 300 425; x_wconf 79' lang='lat' dir='ltr'><strong>probabunt.</strong></span> <span class='ocrx_word' id='word_1_18' title='bbox 329 384 388 413; x_wconf 91' lang='lat' dir='ltr'><strong>Sed</strong></span> <span class='ocrx_word' id='word_1_19' title='bbox 409 384 476 412; x_wconf 81' lang='lat' dir='ltr'><strong>haee</strong></span> <span class='ocrx_word' id='word_1_20' title='bbox 499 383 628 412; x_wconf 85' lang='lat' dir='ltr'><strong>seribere</strong></span> <span class='ocrx_word' id='word_1_21' title='bbox 649 383 734 411; x_wconf 83' lang='lat' dir='ltr'><strong>volui</strong></span> <span class='ocrx_word' id='word_1_22' title='bbox 758 383 798 411; x_wconf 87' lang='lat' dir='ltr'><strong>ad</strong></span> <span class='ocrx_word' id='word_1_23' title='bbox 819 383 898 418; x_wconf 85' lang='lat' dir='ltr'><strong>hoc,</strong></span> 
     </span>
     <span class='ocr_line' id='line_1_5' title="bbox 117 430 899 472; baseline -0.008 -8"><span class='ocrx_word' id='word_1_24' title='bbox 117 435 202 472; x_wconf 90' lang='lat' dir='ltr'><strong>quod</strong></span> <span class='ocrx_word' id='word_1_25' title='bbox 215 434 314 462; x_wconf 91' lang='lat' dir='ltr'><strong>minus</strong></span> <span class='ocrx_word' id='word_1_26' title='bbox 327 430 441 468; x_wconf 81' lang='lat' dir='ltr'><strong>experti</strong></span> <span class='ocrx_word' id='word_1_27' title='bbox 454 430 486 459; x_wconf 93' lang='lat' dir='ltr'><strong>in</strong></span> <span class='ocrx_word' id='word_1_28' title='bbox 500 430 558 458; x_wconf 80' lang='lat' dir='ltr'><strong>ista</strong></span> <span class='ocrx_word' id='word_1_29' title='bbox 569 430 715 466; x_wconf 86' lang='lat' dir='ltr'><strong>sapientia</strong></span> <span class='ocrx_word' id='word_1_30' title='bbox 724 451 734 465; x_wconf 94' lang='lat'><strong>,</strong></span> <span class='ocrx_word' id='word_1_31' title='bbox 754 430 899 459; x_wconf 86' lang='lat' dir='ltr'><strong>corroho-</strong></span> 
     </span>
     <span class='ocr_line' id='line_1_6' title="bbox 116 476 899 514; baseline -0.006 -4"><span class='ocrx_word' id='word_1_32' title='bbox 116 484 181 510; x_wconf 83' lang='lat' dir='ltr'><strong>rato</strong></span> <span class='ocrx_word' id='word_1_33' title='bbox 203 481 328 514; x_wconf 84' lang='lat' dir='ltr'><strong>itinere,</strong></span> <span class='ocrx_word' id='word_1_34' title='bbox 352 477 472 506; x_wconf 83' lang='lat' dir='ltr'><strong>semitas</strong></span> <span class='ocrx_word' id='word_1_35' title='bbox 495 476 643 513; x_wconf 81' lang='lat' dir='ltr'><strong>dirigant,</strong></span> <span class='ocrx_word' id='word_1_36' title='bbox 668 477 793 505; x_wconf 87' lang='lat' dir='ltr'><strong>scientes</strong></span> <span class='ocrx_word' id='word_1_37' title='bbox 814 477 899 514; x_wconf 88' lang='lat' dir='ltr'><strong>quod</strong></span> 
     </span>
     <span class='ocr_line' id='line_1_7' title="bbox 117 523 900 561; baseline -0.006 -5"><span class='ocrx_word' id='word_1_38' title='bbox 117 527 255 556; x_wconf 77' lang='lat' dir='ltr'><strong>citissime</strong></span> <span class='ocrx_word' id='word_1_39' title='bbox 268 525 428 554; x_wconf 89' lang='lat' dir='ltr'><strong>invenitur.</strong></span> <span class='ocrx_word' id='word_1_40' title='bbox 443 523 531 558; x_wconf 80' lang='lat' dir='ltr'><strong>Quod</strong></span> <span class='ocrx_word' id='word_1_41' title='bbox 545 524 569 552; x_wconf 93' lang='lat' dir='ltr'><strong>si</strong></span> <span class='ocrx_word' id='word_1_42' title='bbox 582 524 613 552; x_wconf 91' lang='lat' dir='ltr'><strong>in</strong></span> <span class='ocrx_word' id='word_1_43' title='bbox 626 524 775 561; x_wconf 86' lang='lat' dir='ltr'><strong>principio</strong></span> <span class='ocrx_word' id='word_1_44' title='bbox 791 532 900 560; x_wconf 82' lang='lat' dir='ltr'><strong>purga-</strong></span> 
     </span>
     <span class='ocr_line' id='line_1_8' title="bbox 116 570 900 609; baseline -0.005 -6"><span class='ocrx_word' id='word_1_45' title='bbox 116 574 222 609; x_wconf 87' lang='lat' dir='ltr'><strong>tionis,</strong></span> <span class='ocrx_word' id='word_1_46' title='bbox 242 573 292 602; x_wconf 86' lang='lat' dir='ltr'><strong>vel</strong></span> <span class='ocrx_word' id='word_1_47' title='bbox 310 571 454 601; x_wconf 80' lang='lat' dir='ltr'><strong>ecstaticae</strong></span> <span class='ocrx_word' id='word_1_48' title='bbox 473 571 721 600; x_wconf 86' lang='lat' dir='ltr'><strong>consurrectionis</strong></span> <span class='ocrx_word' id='word_1_49' title='bbox 740 570 900 599; x_wconf 88' lang='lat' dir='ltr'><strong>difficultas</strong></span> 
     </span>
     <span class='ocr_line' id='line_1_9' title="bbox 116 618 900 654; baseline -0.004 -5"><span class='ocrx_word' id='word_1_50' title='bbox 116 620 263 649; x_wconf 88' lang='lat' dir='ltr'><strong>mirabilis</strong></span> <span class='ocrx_word' id='word_1_51' title='bbox 280 619 433 654; x_wconf 75' lang='lat' dir='ltr'><strong>sentiatur,</strong></span> <span class='ocrx_word' id='word_1_52' title='bbox 449 619 551 646; x_wconf 87' lang='lat' dir='ltr'><strong>tamen</strong></span> <span class='ocrx_word' id='word_1_53' title='bbox 562 620 571 636; x_wconf 85' lang='lat'>¹</span> <span class='ocrx_word' id='word_1_54' title='bbox 590 619 621 646; x_wconf 82' lang='lat' dir='ltr'><strong>in</strong></span> <span class='ocrx_word' id='word_1_55' title='bbox 639 620 737 654; x_wconf 80' lang='lat' dir='ltr'><strong>paucis</strong></span> <span class='ocrx_word' id='word_1_56' title='bbox 751 619 846 646; x_wconf 72' lang='lat' dir='ltr'><strong>vexati</strong></span> <span class='ocrx_word' id='word_1_57' title='bbox 861 618 900 646; x_wconf 89' lang='lat' dir='ltr'><strong>ci-</strong></span> 
     </span>
     <span class='ocr_line' id='line_1_10' title="bbox 117 665 900 701; baseline -0.006 -4"><span class='ocrx_word' id='word_1_58' title='bbox 117 668 228 697; x_wconf 87' lang='lat' dir='ltr'><strong>tissime</strong></span> <span class='ocrx_word' id='word_1_59' title='bbox 242 669 272 695; x_wconf 81' lang='lat' dir='ltr'><strong>in</strong></span> <span class='ocrx_word' id='word_1_60' title='bbox 287 668 382 694; x_wconf 76' lang='lat' dir='ltr'><strong>multis</strong></span> <span class='ocrx_word' id='word_1_61' title='bbox 403 666 465 694; x_wconf 79' lang='lat' dir='ltr'><strong>bene</strong></span> <span class='ocrx_word' id='word_1_62' title='bbox 480 665 680 701; x_wconf 64' lang='lat' dir='ltr'><strong>disponentur-3</strong></span> <span class='ocrx_word' id='word_1_63' title='bbox 699 665 741 694; x_wconf 86' lang='lat' dir='ltr'><strong>ita</strong></span> <span class='ocrx_word' id='word_1_64' title='bbox 759 666 793 693; x_wconf 88' lang='lat' dir='ltr'><strong>ut</strong></span> <span class='ocrx_word' id='word_1_65' title='bbox 809 673 900 701; x_wconf 79' lang='lat' dir='ltr'><strong>expe-</strong></span> 
     </span>
     <span class='ocr_line' id='line_1_11' title="bbox 116 712 900 748; baseline -0.006 -4"><span class='ocrx_word' id='word_1_66' title='bbox 116 716 244 744; x_wconf 90' lang='lat' dir='ltr'><strong>rimento</strong></span> <span class='ocrx_word' id='word_1_67' title='bbox 264 714 387 743; x_wconf 82' lang='lat' dir='ltr'><strong>videant</strong></span> <span class='ocrx_word' id='word_1_68' title='bbox 406 712 514 742; x_wconf 88' lang='lat' dir='ltr'><strong>omne²</strong></span> <span class='ocrx_word' id='word_1_69' title='bbox 533 713 605 748; x_wconf 79' lang='lat' dir='ltr'><strong>quod</strong></span> <span class='ocrx_word' id='word_1_70' title='bbox 624 713 715 740; x_wconf 78' lang='lat' dir='ltr'><strong>oculus</strong></span> <span class='ocrx_word' id='word_1_71' title='bbox 733 720 788 740; x_wconf 80' lang='lat' dir='ltr'><strong>non</strong></span> <span class='ocrx_word' id='word_1_72' title='bbox 806 712 900 745; x_wconf 71' lang='lat' dir='ltr'><strong>vidit,</strong></span> 
     </span>
     <span class='ocr_line' id='line_1_12' title="bbox 117 759 899 794; baseline -0.006 -3"><span class='ocrx_word' id='word_1_73' title='bbox 117 771 163 791; x_wconf 77' lang='lat' dir='ltr'><strong>nec</strong></span> <span class='ocrx_word' id='word_1_74' title='bbox 177 764 252 791; x_wconf 82' lang='lat' dir='ltr'><strong>auris</strong></span> <span class='ocrx_word' id='word_1_75' title='bbox 268 762 387 794; x_wconf 73' lang='lat' dir='ltr'><strong>audivit,</strong></span> <span class='ocrx_word' id='word_1_76' title='bbox 402 768 448 788; x_wconf 76' lang='lat' dir='ltr'><strong>nec</strong></span> <span class='ocrx_word' id='word_1_77' title='bbox 462 761 494 788; x_wconf 83' lang='lat' dir='ltr'><strong>in</strong></span> <span class='ocrx_word' id='word_1_78' title='bbox 506 768 550 788; x_wconf 79' lang='lat' dir='ltr'><strong>cor</strong></span> <span class='ocrx_word' id='word_1_79' title='bbox 563 761 679 788; x_wconf 79' lang='lat' dir='ltr'><strong>hominis</strong></span> <span class='ocrx_word' id='word_1_80' title='bbox 694 759 826 787; x_wconf 80' lang='lat' dir='ltr'><strong>ascendit.</strong></span> <span class='ocrx_word' id='word_1_81' title='bbox 839 759 899 786; x_wconf 81' lang='lat' dir='ltr'><strong>Hoc</strong></span> 
     </span>
     <span class='ocr_line' id='line_1_13' title="bbox 119 805 902 845; baseline -0.008 -7"><span class='ocrx_word' id='word_1_82' title='bbox 119 810 208 838; x_wconf 87' lang='lat' dir='ltr'><strong>etiam</strong></span> <span class='ocrx_word' id='word_1_83' title='bbox 222 809 253 837; x_wconf 90' lang='lat' dir='ltr'><strong>in</strong></span> <span class='ocrx_word' id='word_1_84' title='bbox 266 807 404 845; x_wconf 84' lang='lat' dir='ltr'><strong>praesenti</strong></span> <span class='ocrx_word' id='word_1_85' title='bbox 418 807 520 835; x_wconf 87' lang='lat' dir='ltr'><strong>videre</strong></span> <span class='ocrx_word' id='word_1_86' title='bbox 534 807 678 843; x_wconf 81' lang='lat' dir='ltr'>possunt,</span> <span class='ocrx_word' id='word_1_87' title='bbox 696 805 748 842; x_wconf 88' lang='lat' dir='ltr'><strong>qui</strong></span> <span class='ocrx_word' id='word_1_88' title='bbox 772 805 829 842; x_wconf 89' lang='lat' dir='ltr'><strong>ipsi</strong></span> <span class='ocrx_word' id='word_1_89' title='bbox 847 813 902 841; x_wconf 87' lang='lat' dir='ltr'><strong>per</strong></span> 
     </span>
     <span class='ocr_line' id='line_1_14' title="bbox 120 852 901 890; baseline -0.008 -5"><span class='ocrx_word' id='word_1_90' title='bbox 120 856 309 885; x_wconf 87' lang='lat' dir='ltr'><strong>dilectionem</strong></span> <span class='ocrx_word' id='word_1_91' title='bbox 329 855 419 890; x_wconf 89' lang='lat' dir='ltr'><strong>hujus</strong></span> <span class='ocrx_word' id='word_1_92' title='bbox 441 861 587 890; x_wconf 83' lang='lat' dir='ltr'><strong>supremoe</strong></span> <span class='ocrx_word' id='word_1_93' title='bbox 605 852 758 889; x_wconf 76' lang='lat' dir='ltr'><strong>sapientiae</strong></span> <span class='ocrx_word' id='word_1_94' title='bbox 779 852 901 880; x_wconf 84' lang='lat' dir='ltr'><strong>inhaere·</strong></span> 
     </span>
     <span class='ocr_line' id='line_1_15' title="bbox 118 898 901 938; baseline -0.008 -6"><span class='ocrx_word' id='word_1_95' title='bbox 118 904 212 938; x_wconf 83' lang='lat' dir='ltr'><strong>bunt,</strong></span> <span class='ocrx_word' id='word_1_96' title='bbox 231 904 264 931; x_wconf 90' lang='lat' dir='ltr'><strong>ut</strong></span> <span class='ocrx_word' id='word_1_97' title='bbox 279 902 343 938; x_wconf 84' lang='lat' dir='ltr'><strong>jam</strong></span> <span class='ocrx_word' id='word_1_98' title='bbox 360 908 445 929; x_wconf 90' lang='lat' dir='ltr'><strong>mens</strong></span> <span class='ocrx_word' id='word_1_99' title='bbox 462 900 579 929; x_wconf 74' lang='lat' dir='ltr'><strong>dicat³z</strong></span> <span class='ocrx_word' id='word_1_100' title='bbox 604 901 687 928; x_wconf 83' lang='lat' dir='ltr'><strong>Teneo</strong></span> <span class='ocrx_word' id='word_1_101' title='bbox 706 907 779 932; x_wconf 81' lang='lat' dir='ltr'><strong>eum,</strong></span> <span class='ocrx_word' id='word_1_102' title='bbox 799 907 846 926; x_wconf 78' lang='lat' dir='ltr'><strong>nec</strong></span> <span class='ocrx_word' id='word_1_103' title='bbox 860 898 901 925; x_wconf 73' lang='lat' dir='ltr'><strong>di-</strong></span> 
     </span>
     <span class='ocr_line' id='line_1_16' title="bbox 118 946 901 983; baseline -0.006 -4"><span class='ocrx_word' id='word_1_104' title='bbox 118 953 237 979; x_wconf 77' lang='lat' dir='ltr'><strong>mittam.</strong></span> <span class='ocrx_word' id='word_1_105' title='bbox 259 949 317 978; x_wconf 91' lang='lat' dir='ltr'><strong>Sed</strong></span> <span class='ocrx_word' id='word_1_106' title='bbox 335 949 403 977; x_wconf 89' lang='lat' dir='ltr'><strong>licet</strong></span> <span class='ocrx_word' id='word_1_107' title='bbox 421 948 460 976; x_wconf 87' lang='lat' dir='ltr'><strong>ab</strong></span> <span class='ocrx_word' id='word_1_108' title='bbox 479 947 606 976; x_wconf 82' lang='lat' dir='ltr'><strong>indoctis</strong></span> <span class='ocrx_word' id='word_1_109' title='bbox 625 947 711 983; x_wconf 86' lang='lat' dir='ltr'><strong>quasi</strong></span> <span class='ocrx_word' id='word_1_110' title='bbox 730 947 818 975; x_wconf 82' lang='lat' dir='ltr'><strong>stulta</strong></span> <span class='ocrx_word' id='word_1_111' title='bbox 836 946 901 974; x_wconf 84' lang='lat' dir='ltr'><strong>haec</strong></span> 
     </span>
     <span class='ocr_line' id='line_1_17' title="bbox 119 993 902 1034; baseline -0.008 -8"><span class='ocrx_word' id='word_1_112' title='bbox 119 997 264 1034; x_wconf 84' lang='lat' dir='ltr'><strong>sapientia</strong></span> <span class='ocrx_word' id='word_1_113' title='bbox 276 996 426 1030; x_wconf 87' lang='lat' dir='ltr'><strong>videatur,</strong></span> <span class='ocrx_word' id='word_1_114' title='bbox 448 994 585 1022; x_wconf 89' lang='lat' dir='ltr'><strong>subditur</strong></span> <span class='ocrx_word' id='word_1_115' title='bbox 606 993 756 1029; x_wconf 84' lang='lat' dir='ltr'><strong>theorica,</strong></span> <span class='ocrx_word' id='word_1_116' title='bbox 779 993 832 1021; x_wconf 91' lang='lat' dir='ltr'><strong>ubi</strong></span> <span class='ocrx_word' id='word_1_117' title='bbox 848 1001 902 1029; x_wconf 90' lang='lat' dir='ltr'><strong>per</strong></span> 
     </span>
     <span class='ocr_line' id='line_1_18' title="bbox 119 1039 901 1078; baseline -0.008 -5"><span class='ocrx_word' id='word_1_118' title='bbox 119 1044 247 1073; x_wconf 87' lang='lat' dir='ltr'><strong>rationes</strong></span> <span class='ocrx_word' id='word_1_119' title='bbox 261 1045 289 1071; x_wconf 89' lang='lat' dir='ltr'><strong>et</strong></span> <span class='ocrx_word' id='word_1_120' title='bbox 302 1043 479 1078; x_wconf 86' lang='lat' dir='ltr'><strong>argumenta</strong></span> <span class='ocrx_word' id='word_1_121' title='bbox 489 1040 661 1077; x_wconf 83' lang='lat' dir='ltr'><strong>proceditur</strong></span> <span class='ocrx_word' id='word_1_122' title='bbox 675 1050 681 1068; x_wconf 91' lang='lat'><strong>:</strong></span> <span class='ocrx_word' id='word_1_123' title='bbox 698 1043 731 1068; x_wconf 91' lang='lat' dir='ltr'><strong>ut</strong></span> <span class='ocrx_word' id='word_1_124' title='bbox 745 1039 901 1076; x_wconf 86' lang='lat' dir='ltr'><strong>quomodo</strong></span> 
     </span>
     <span class='ocr_line' id='line_1_19' title="bbox 119 1086 898 1125; baseline -0.006 -6"><span class='ocrx_word' id='word_1_125' title='bbox 119 1099 203 1119; x_wconf 90' lang='lat' dir='ltr'><strong>mens</strong></span> <span class='ocrx_word' id='word_1_126' title='bbox 217 1097 396 1125; x_wconf 83' lang='lat' dir='ltr'><strong>consurgere</strong></span> <span class='ocrx_word' id='word_1_127' title='bbox 409 1088 527 1122; x_wconf 84' lang='lat' dir='ltr'><strong>valeat,</strong></span> <span class='ocrx_word' id='word_1_128' title='bbox 543 1087 698 1124; x_wconf 91' lang='lat' dir='ltr'><strong>quomodo</strong></span> <span class='ocrx_word' id='word_1_129' title='bbox 713 1086 898 1115; x_wconf 85' lang='lat' dir='ltr'><strong>removenda</strong></span> 
     </span>
     <span class='ocr_line' id='line_1_20' title="bbox 120 1133 903 1172; baseline -0.008 -6"><span class='ocrx_word' id='word_1_130' title='bbox 120 1136 292 1172; x_wconf 75' lang='lat' dir='ltr'><strong>obstacula,</strong></span> <span class='ocrx_word' id='word_1_131' title='bbox 313 1143 374 1172; x_wconf 87' lang='lat' dir='ltr'><strong>qua</strong></span> <span class='ocrx_word' id='word_1_132' title='bbox 392 1135 525 1163; x_wconf 90' lang='lat' dir='ltr'><strong>unitione</strong></span> <span class='ocrx_word' id='word_1_133' title='bbox 544 1133 664 1167; x_wconf 84' lang='lat' dir='ltr'><strong>media,</strong></span> <span class='ocrx_word' id='word_1_134' title='bbox 685 1136 712 1161; x_wconf 89' lang='lat' dir='ltr'><strong>et</strong></span> <span class='ocrx_word' id='word_1_135' title='bbox 733 1133 828 1162; x_wconf 84' lang='lat' dir='ltr'><strong>multa</strong></span> <span class='ocrx_word' id='word_1_136' title='bbox 843 1133 903 1161; x_wconf 86' lang='lat' dir='ltr'><strong>alia</strong></span> 
     </span>
     <span class='ocr_line' id='line_1_21' title="bbox 120 1180 902 1221; baseline -0.006 -9"><span class='ocrx_word' id='word_1_137' title='bbox 120 1193 187 1221; x_wconf 84' lang='lat' dir='ltr'><strong>quae</strong></span> <span class='ocrx_word' id='word_1_138' title='bbox 205 1184 245 1212; x_wconf 89' lang='lat' dir='ltr'><strong>ad</strong></span> <span class='ocrx_word' id='word_1_139' title='bbox 260 1183 318 1211; x_wconf 87' lang='lat' dir='ltr'><strong>hoc</strong></span> <span class='ocrx_word' id='word_1_140' title='bbox 337 1182 504 1218; x_wconf 81' lang='lat' dir='ltr'><strong>pertinent,</strong></span> <span class='ocrx_word' id='word_1_141' title='bbox 527 1181 567 1209; x_wconf 87' lang='lat' dir='ltr'><strong>ad</strong></span> <span class='ocrx_word' id='word_1_142' title='bbox 591 1180 824 1209; x_wconf 83' lang='lat' dir='ltr'><strong>confutationem</strong></span> <span class='ocrx_word' id='word_1_143' title='bbox 848 1180 902 1208; x_wconf 89' lang='lat' dir='ltr'><strong>hu-</strong></span> 
     </span>
     <span class='ocr_line' id='line_1_22' title="bbox 120 1229 902 1267; baseline -0.008 -7"><span class='ocrx_word' id='word_1_144' title='bbox 120 1240 216 1260; x_wconf 82' lang='lat' dir='ltr'><strong>manoe</strong></span> <span class='ocrx_word' id='word_1_145' title='bbox 235 1229 450 1267; x_wconf 64' lang='lat' dir='ltr'><strong>philosophioe:</strong></span> <span class='ocrx_word' id='word_1_146' title='bbox 465 1229 523 1257; x_wconf 89' lang='lat' dir='ltr'><strong>Sed</strong></span> <span class='ocrx_word' id='word_1_147' title='bbox 544 1231 571 1256; x_wconf 90' lang='lat' dir='ltr'><strong>et</strong></span> <span class='ocrx_word' id='word_1_148' title='bbox 591 1236 628 1256; x_wconf 91' lang='lat' dir='ltr'><strong>ne</strong></span> <span class='ocrx_word' id='word_1_149' title='bbox 651 1236 792 1256; x_wconf 86' lang='lat' dir='ltr'><strong>ascensus</strong></span> <span class='ocrx_word' id='word_1_150' title='bbox 816 1230 902 1255; x_wconf 70' lang='lat' dir='ltr'><strong>tantm</strong></span> 
     </span>
     <span class='ocr_line' id='line_1_23' title="bbox 119 1274 902 1315; baseline -0.008 -8"><span class='ocrx_word' id='word_1_151' title='bbox 119 1278 268 1315; x_wconf 81' lang='lat' dir='ltr'><strong>sapientiae</strong></span> <span class='ocrx_word' id='word_1_152' title='bbox 277 1277 411 1305; x_wconf 87' lang='lat' dir='ltr'><strong>videatur</strong></span> <span class='ocrx_word' id='word_1_153' title='bbox 423 1275 644 1310; x_wconf 72' lang='lat' dir='ltr'><strong>irrationabilis,</strong></span> <span class='ocrx_word' id='word_1_154' title='bbox 652 1274 834 1310; x_wconf 79' lang='lat' dir='ltr'><strong>argumentis</strong></span> <span class='ocrx_word' id='word_1_155' title='bbox 842 1277 902 1302; x_wconf 84' lang='lat' dir='ltr'><strong>tam</strong></span> 
     </span>
     <span class='ocr_line' id='line_1_24' title="bbox 120 1322 900 1360; baseline -0.008 -6"><span class='ocrx_word' id='word_1_156' title='bbox 120 1325 324 1359; x_wconf 74' lang='lat' dir='ltr'><strong>naturalibus,</strong></span> <span class='ocrx_word' id='word_1_157' title='bbox 345 1331 437 1360; x_wconf 87' lang='lat' dir='ltr'><strong>quam</strong></span> <span class='ocrx_word' id='word_1_158' title='bbox 457 1322 651 1358; x_wconf 58' lang='lat' dir='ltr'><strong>theologiam,</strong></span> <span class='ocrx_word' id='word_1_159' title='bbox 676 1329 768 1357; x_wconf 87' lang='lat' dir='ltr'><strong>quam</strong></span> <span class='ocrx_word' id='word_1_160' title='bbox 786 1329 900 1356; x_wconf 85' lang='lat' dir='ltr'><strong>anago-</strong></span> 
     </span>
     <span class='ocr_line' id='line_1_25' title="bbox 121 1369 902 1409; baseline -0.006 -8"><span class='ocrx_word' id='word_1_161' title='bbox 121 1373 193 1409; x_wconf 87' lang='lat' dir='ltr'><strong>gicis</strong></span> <span class='ocrx_word' id='word_1_162' title='bbox 211 1372 336 1408; x_wconf 86' lang='lat' dir='ltr'><strong>sumptis</strong></span> <span class='ocrx_word' id='word_1_163' title='bbox 357 1380 374 1400; x_wconf 80' lang='lat' dir='ltr'><strong>a</strong></span> <span class='ocrx_word' id='word_1_164' title='bbox 391 1371 558 1399; x_wconf 86' lang='lat' dir='ltr'><strong>rationibus</strong></span> <span class='ocrx_word' id='word_1_165' title='bbox 580 1369 712 1404; x_wconf 79' lang='lat' dir='ltr'><strong>aeterniS,</strong></span> <span class='ocrx_word' id='word_1_166' title='bbox 737 1369 902 1397; x_wconf 88' lang='lat' dir='ltr'><strong>evidentius</strong></span> 
     </span>
     <span class='ocr_line' id='line_1_26' title="bbox 122 1416 902 1458; baseline -0.008 -9"><span class='ocrx_word' id='word_1_167' title='bbox 122 1422 296 1458; x_wconf 82' lang='lat' dir='ltr'><strong>disputatur.</strong></span> <span class='ocrx_word' id='word_1_168' title='bbox 321 1420 353 1447; x_wconf 83' lang='lat' dir='ltr'><strong>Et</strong></span> <span class='ocrx_word' id='word_1_169' title='bbox 371 1418 440 1447; x_wconf 86' lang='lat' dir='ltr'><strong>ideo</strong></span> <span class='ocrx_word' id='word_1_170' title='bbox 462 1417 607 1454; x_wconf 86' lang='lat' dir='ltr'><strong>sapientia</strong></span> <span class='ocrx_word' id='word_1_171' title='bbox 630 1416 759 1453; x_wconf 80' lang='lat' dir='ltr'><strong>Dionysii</strong></span> <span class='ocrx_word' id='word_1_172' title='bbox 784 1416 902 1444; x_wconf 85' lang='lat' dir='ltr'><strong>diffieil-</strong></span> 
     </span>
     <span class='ocr_line' id='line_1_27' title="bbox 121 1463 903 1502; baseline -0.009 -5"><span class='ocrx_word' id='word_1_173' title='bbox 121 1469 193 1497; x_wconf 86' lang='lat' dir='ltr'><strong>lima</strong></span> <span class='ocrx_word' id='word_1_174' title='bbox 214 1468 342 1501; x_wconf 86' lang='lat' dir='ltr'><strong>videtur,</strong></span> <span class='ocrx_word' id='word_1_175' title='bbox 372 1465 443 1502; x_wconf 84' lang='lat' dir='ltr'><strong>quia</strong></span> <span class='ocrx_word' id='word_1_176' title='bbox 466 1465 576 1493; x_wconf 87' lang='lat' dir='ltr'><strong>modus</strong></span> <span class='ocrx_word' id='word_1_177' title='bbox 603 1463 787 1500; x_wconf 84' lang='lat' dir='ltr'><strong>procedendi</strong></span> <span class='ocrx_word' id='word_1_178' title='bbox 813 1471 903 1499; x_wconf 84' lang='lat' dir='ltr'><strong>super</strong></span> 
     </span>
     <span class='ocr_line' id='line_1_28' title="bbox 122 1510 902 1546; baseline -0.008 -3"><span class='ocrx_word' id='word_1_179' title='bbox 122 1523 242 1543; x_wconf 86' lang='lat' dir='ltr'><strong>omnem</strong></span> <span class='ocrx_word' id='word_1_180' title='bbox 256 1514 401 1542; x_wconf 86' lang='lat' dir='ltr'><strong>rationem</strong></span> <span class='ocrx_word' id='word_1_181' title='bbox 416 1512 531 1545; x_wconf 82' lang='lat' dir='ltr'><strong>existit,</strong></span> <span class='ocrx_word' id='word_1_182' title='bbox 551 1514 578 1539; x_wconf 87' lang='lat' dir='ltr'><strong>et</strong></span> <span class='ocrx_word' id='word_1_183' title='bbox 593 1511 657 1539; x_wconf 87' lang='lat' dir='ltr'><strong>sola</strong></span> <span class='ocrx_word' id='word_1_184' title='bbox 672 1510 795 1546; x_wconf 84' lang='lat' dir='ltr'><strong>Spiritus</strong></span> <span class='ocrx_word' id='word_1_185' title='bbox 809 1510 902 1537; x_wconf 87' lang='lat' dir='ltr'><strong>sancti</strong></span> 
     </span>
     <span class='ocr_line' id='line_1_29' title="bbox 121 1557 900 1596; baseline -0.008 -7"><span class='ocrx_word' id='word_1_186' title='bbox 121 1561 286 1589; x_wconf 83' lang='lat' dir='ltr'><strong>influitione</strong></span> <span class='ocrx_word' id='word_1_187' title='bbox 299 1559 470 1596; x_wconf 83' lang='lat' dir='ltr'><strong>percipitur,</strong></span> <span class='ocrx_word' id='word_1_188' title='bbox 486 1558 616 1586; x_wconf 80' lang='lat' dir='ltr'><strong>maxime</strong></span> <span class='ocrx_word' id='word_1_189' title='bbox 632 1558 664 1585; x_wconf 80' lang='lat' dir='ltr'><strong>de</strong></span> <span class='ocrx_word' id='word_1_190' title='bbox 681 1558 791 1584; x_wconf 75' lang='lat' dir='ltr'><strong>Divinis</strong></span> <span class='ocrx_word' id='word_1_191' title='bbox 805 1557 900 1585; x_wconf 81' lang='lat' dir='ltr'><strong>Nomi-</strong></span> 
     </span>
     <span class='ocr_line' id='line_1_30' title="bbox 121 1604 903 1642; baseline -0.008 -5"><span class='ocrx_word' id='word_1_192' title='bbox 121 1611 200 1637; x_wconf 75' lang='lat' dir='ltr'><strong>nibus</strong></span> <span class='ocrx_word' id='word_1_193' title='bbox 212 1619 218 1637; x_wconf 91' lang='lat'>:</span> <span class='ocrx_word' id='word_1_194' title='bbox 231 1610 262 1636; x_wconf 87' lang='lat' dir='ltr'><strong>ut</strong></span> <span class='ocrx_word' id='word_1_195' title='bbox 271 1607 388 1641; x_wconf 90' lang='lat' dir='ltr'><strong>dicitur,</strong></span> <span class='ocrx_word' id='word_1_196' title='bbox 400 1606 483 1642; x_wconf 86' lang='lat' dir='ltr'><strong>quod</strong></span> <span class='ocrx_word' id='word_1_197' title='bbox 492 1614 552 1633; x_wconf 92' lang='lat' dir='ltr'><strong>non</strong></span> <span class='ocrx_word' id='word_1_198' title='bbox 563 1607 747 1633; x_wconf 77' lang='lat' dir='ltr'><strong>asseveratur</strong></span> <span class='ocrx_word' id='word_1_199' title='bbox 757 1605 819 1632; x_wconf 77' lang='lat' dir='ltr'><strong>lucc</strong></span> <span class='ocrx_word' id='word_1_200' title='bbox 832 1604 903 1631; x_wconf 90' lang='lat' dir='ltr'><strong>doc-</strong></span> 
     </span>
     <span class='ocr_line' id='line_1_31' title="bbox 122 1652 902 1690; baseline -0.009 -6"><span class='ocrx_word' id='word_1_201' title='bbox 122 1657 216 1684; x_wconf 54' lang='lat' dir='ltr'><strong>trina‘</strong></span> <span class='ocrx_word' id='word_1_202' title='bbox 237 1657 267 1682; x_wconf 75' lang='lat' dir='ltr'><strong>in</strong></span> <span class='ocrx_word' id='word_1_203' title='bbox 287 1654 512 1690; x_wconf 59' lang='lat' dir='ltr'><strong>persuasibilibus</strong></span> <span class='ocrx_word' id='word_1_204' title='bbox 537 1653 659 1680; x_wconf 72' lang='lat' dir='ltr'><strong>humanm</strong></span> <span class='ocrx_word' id='word_1_205' title='bbox 680 1652 823 1686; x_wconf 59' lang='lat' dir='ltr'><strong>supientiae</strong></span> <span class='ocrx_word' id='word_1_206' title='bbox 844 1659 902 1677; x_wconf 77' lang='lat' dir='ltr'><strong>ver-</strong></span> 
     </span>
     <span class='ocr_line' id='line_1_32' title="bbox 123 1699 901 1734; baseline -0.008 -4"><span class='ocrx_word' id='word_1_207' title='bbox 123 1704 177 1734; x_wconf 73' lang='lat' dir='ltr'><strong>bis,</strong></span> <span class='ocrx_word' id='word_1_208' title='bbox 191 1702 284 1730; x_wconf 88' lang='lat' dir='ltr'><strong>sedin</strong></span> <span class='ocrx_word' id='word_1_209' title='bbox 295 1699 544 1729; x_wconf 77' lang='lat' dir='ltr'><strong>demonstratione</strong></span> <span class='ocrx_word' id='word_1_210' title='bbox 557 1707 574 1726; x_wconf 93' lang='lat' dir='ltr'><strong>a</strong></span> <span class='ocrx_word' id='word_1_211' title='bbox 586 1699 693 1734; x_wconf 76' lang='lat' dir='ltr'><strong>Spiritu</strong></span> <span class='ocrx_word' id='word_1_212' title='bbox 704 1701 806 1725; x_wconf 79' lang='lat' dir='ltr'><strong>saneto</strong></span> <span class='ocrx_word' id='word_1_213' title='bbox 818 1705 901 1724; x_wconf 89' lang='lat' dir='ltr'><strong>more</strong></span> 
     </span>
     <span class='ocr_line' id='line_1_33' title="bbox 122 1744 899 1783; baseline -0.008 -6"><span class='ocrx_word' id='word_1_214' title='bbox 122 1749 235 1777; x_wconf 88' lang='lat' dir='ltr'><strong>virtutis</strong></span> <span class='ocrx_word' id='word_1_215' title='bbox 258 1749 289 1775; x_wconf 92' lang='lat' dir='ltr'><strong>in</strong></span> <span class='ocrx_word' id='word_1_216' title='bbox 313 1754 453 1783; x_wconf 85' lang='lat' dir='ltr'><strong>supremo</strong></span> <span class='ocrx_word' id='word_1_217' title='bbox 480 1746 584 1782; x_wconf 81' lang='lat' dir='ltr'><strong>apice,</strong></span> <span class='ocrx_word' id='word_1_218' title='bbox 613 1744 778 1772; x_wconf 88' lang='lat' dir='ltr'><strong>seeundum</strong></span> <span class='ocrx_word' id='word_1_219' title='bbox 807 1752 899 1779; x_wconf 84' lang='lat' dir='ltr'><strong>quam</strong></span> 
     </span>
     <span class='ocr_line' id='line_1_34' title="bbox 122 1791 902 1827; baseline -0.008 -4"><span class='ocrx_word' id='word_1_220' title='bbox 122 1795 324 1823; x_wconf 80' lang='lat' dir='ltr'><strong>ineffabilibus</strong></span> <span class='ocrx_word' id='word_1_221' title='bbox 348 1797 375 1821; x_wconf 83' lang='lat' dir='ltr'><strong>et</strong></span> <span class='ocrx_word' id='word_1_222' title='bbox 403 1793 511 1827; x_wconf 70' lang='lat' dir='ltr'><strong>ignotis</strong></span> <span class='ocrx_word' id='word_1_223' title='bbox 536 1791 726 1820; x_wconf 79' lang='lat' dir='ltr'><strong>ineffabiliter</strong></span> <span class='ocrx_word' id='word_1_224' title='bbox 751 1794 779 1818; x_wconf 86' lang='lat' dir='ltr'><strong>ct</strong></span> <span class='ocrx_word' id='word_1_225' title='bbox 804 1791 902 1825; x_wconf 80' lang='lat' dir='ltr'><strong>ignote</strong></span> 
     </span>
     <span class='ocr_line' id='line_1_35' title="bbox 123 1838 903 1877; baseline -0.009 -7"><span class='ocrx_word' id='word_1_226' title='bbox 123 1841 323 1877; x_wconf 83' lang='lat' dir='ltr'><strong>conjungitur,</strong></span> <span class='ocrx_word' id='word_1_227' title='bbox 339 1843 392 1868; x_wconf 86' lang='lat' dir='ltr'><strong>etc.</strong></span> <span class='ocrx_word' id='word_1_228' title='bbox 414 1839 538 1873; x_wconf 78' lang='lat' dir='ltr'><strong>Quando</strong></span> <span class='ocrx_word' id='word_1_229' title='bbox 555 1847 625 1873; x_wconf 75' lang='lat' dir='ltr'><strong>ergo</strong></span> <span class='ocrx_word' id='word_1_230' title='bbox 646 1838 769 1874; x_wconf 75' lang='lat' dir='ltr'><strong>Spiritus</strong></span> <span class='ocrx_word' id='word_1_231' title='bbox 785 1839 903 1864; x_wconf 85' lang='lat' dir='ltr'><strong>sanctus</strong></span> 
     </span>
     <span class='ocr_line' id='line_1_36' title="bbox 122 1883 902 1924; baseline -0.008 -8"><span class='ocrx_word' id='word_1_232' title='bbox 122 1891 224 1916; x_wconf 88' lang='lat' dir='ltr'><strong>movet</strong></span> <span class='ocrx_word' id='word_1_233' title='bbox 245 1888 360 1924; x_wconf 79' lang='lat' dir='ltr'><strong>apicem</strong></span> <span class='ocrx_word' id='word_1_234' title='bbox 383 1886 524 1914; x_wconf 77' lang='lat' dir='ltr'><strong>ati&#39;eetirae</strong></span> <span class='ocrx_word' id='word_1_235' title='bbox 538 1907 546 1919; x_wconf 84' lang='lat'><strong>,</strong></span> <span class='ocrx_word' id='word_1_236' title='bbox 573 1885 740 1912; x_wconf 83' lang='lat' dir='ltr'><strong>secundum</strong></span> <span class='ocrx_word' id='word_1_237' title='bbox 766 1883 902 1911; x_wconf 73' lang='lat' dir='ltr'><strong>Psalmis-</strong></span> 
     </span>
     <span class='ocr_line' id='line_1_37' title="bbox 124 1932 903 1968; baseline -0.008 -5"><span class='ocrx_word' id='word_1_238' title='bbox 124 1939 184 1963; x_wconf 88' lang='lat' dir='ltr'><strong>tam</strong></span> <span class='ocrx_word' id='word_1_239' title='bbox 194 1937 204 1952; x_wconf 78' lang='lat'><strong>⁵</strong></span> <span class='ocrx_word' id='word_1_240' title='bbox 217 1944 223 1962; x_wconf 86' lang='lat'>:</span> <span class='ocrx_word' id='word_1_241' title='bbox 242 1936 329 1968; x_wconf 73' lang='grc' dir='ltr'><strong><em>Ταηῃε</em></strong></span> <span class='ocrx_word' id='word_1_242' title='bbox 342 1937 454 1966; x_wconf 65' lang='grc' dir='ltr'><strong>τηοιιιεε,</strong></span> <span class='ocrx_word' id='word_1_243' title='bbox 469 1936 493 1960; x_wconf 82' lang='lat' dir='ltr'><strong>et</strong></span> <span class='ocrx_word' id='word_1_244' title='bbox 508 1933 678 1966; x_wconf 59' lang='lat' dir='ltr'><strong>flammabunt</strong></span> <span class='ocrx_word' id='word_1_245' title='bbox 691 1932 726 1966; x_wconf 85' lang='grc' dir='ltr'><strong>(α)</strong></span> <span class='ocrx_word' id='word_1_246' title='bbox 739 1941 747 1963; x_wconf 85' lang='lat'>;</span> <span class='ocrx_word' id='word_1_247' title='bbox 765 1934 832 1958; x_wconf 85' lang='lat' dir='ltr'><strong>tunc</strong></span> <span class='ocrx_word' id='word_1_248' title='bbox 845 1933 903 1958; x_wconf 85' lang='lat' dir='ltr'><strong>tota</strong></span> 
     </span>
     <span class='ocr_line' id='line_1_38' title="bbox 123 1977 903 2018; baseline -0.008 -8"><span class='ocrx_word' id='word_1_249' title='bbox 123 1981 309 2018; x_wconf 83' lang='lat' dir='ltr'><strong>profunditas</strong></span> <span class='ocrx_word' id='word_1_250' title='bbox 327 1979 478 2016; x_wconf 69' lang='lat' dir='ltr'><strong>sapientise</strong></span> <span class='ocrx_word' id='word_1_251' title='bbox 499 1979 649 2014; x_wconf 78' lang='lat' dir='ltr'><strong>Dionysii,</strong></span> <span class='ocrx_word' id='word_1_252' title='bbox 672 1981 702 2006; x_wconf 91' lang='lat' dir='ltr'><strong>ut</strong></span> <span class='ocrx_word' id='word_1_253' title='bbox 721 1977 903 2005; x_wconf 89' lang='lat' dir='ltr'><strong>intellectum</strong></span> 
     </span>
     <span class='ocr_line' id='line_1_39' title="bbox 125 2023 903 2063; baseline -0.008 -6"><span class='ocrx_word' id='word_1_254' title='bbox 125 2028 257 2062; x_wconf 83' lang='lat' dir='ltr'><strong>excedit,</strong></span> <span class='ocrx_word' id='word_1_255' title='bbox 276 2035 364 2063; x_wconf 84' lang='lat' dir='ltr'><strong>super</strong></span> <span class='ocrx_word' id='word_1_256' title='bbox 380 2034 499 2054; x_wconf 88' lang='lat' dir='ltr'><strong>omnem</strong></span> <span class='ocrx_word' id='word_1_257' title='bbox 515 2025 678 2060; x_wconf 66' lang='lat' dir='ltr'><strong>disciplinae</strong></span> <span class='ocrx_word' id='word_1_258' title='bbox 697 2024 816 2052; x_wconf 85' lang='lat' dir='ltr'><strong>alterius</strong></span> <span class='ocrx_word' id='word_1_259' title='bbox 830 2023 903 2051; x_wconf 82' lang='lat' dir='ltr'><strong>levi-</strong></span> 
     </span>
     <span class='ocr_line' id='line_1_40' title="bbox 126 2071 905 2106; baseline -0.009 -2"><span class='ocrx_word' id='word_1_260' title='bbox 126 2078 214 2104; x_wconf 81' lang='lat' dir='ltr'><strong>tatem</strong></span> <span class='ocrx_word' id='word_1_261' title='bbox 229 2074 390 2103; x_wconf 86' lang='lat' dir='ltr'><strong>eertissima</strong></span> <span class='ocrx_word' id='word_1_262' title='bbox 407 2075 436 2101; x_wconf 90' lang='lat' dir='ltr'><strong>ct</strong></span> <span class='ocrx_word' id='word_1_263' title='bbox 456 2072 606 2100; x_wconf 81' lang='lat' dir='ltr'><strong>levissima</strong></span> <span class='ocrx_word' id='word_1_264' title='bbox 629 2071 860 2106; x_wconf 84' lang='lat' dir='ltr'><strong>comprobatur:</strong></span> <span class='ocrx_word' id='word_1_265' title='bbox 877 2072 905 2098; x_wconf 86' lang='lat' dir='ltr'><strong>et</strong></span> 
     </span>
     <span class='ocr_line' id='line_1_41' title="bbox 126 2117 903 2155; baseline -0.009 -5"><span class='ocrx_word' id='word_1_266' title='bbox 126 2122 193 2150; x_wconf 89' lang='lat' dir='ltr'><strong>idco</strong></span> <span class='ocrx_word' id='word_1_267' title='bbox 209 2121 428 2153; x_wconf 87' lang='lat' dir='ltr'><strong>amantissima,</strong></span> <span class='ocrx_word' id='word_1_268' title='bbox 449 2119 520 2155; x_wconf 80' lang='lat' dir='ltr'><strong>quia</strong></span> <span class='ocrx_word' id='word_1_269' title='bbox 540 2119 601 2146; x_wconf 85' lang='lat' dir='ltr'><strong>sine</strong></span> <span class='ocrx_word' id='word_1_270' title='bbox 617 2118 699 2146; x_wconf 87' lang='lat' dir='ltr'><strong>omni</strong></span> <span class='ocrx_word' id='word_1_271' title='bbox 719 2117 903 2145; x_wconf 82' lang='lat' dir='ltr'><strong>dubitatione</strong></span> 
     </span>
     <span class='ocr_line' id='line_1_42' title="bbox 127 2164 904 2204; baseline -0.008 -8"><span class='ocrx_word' id='word_1_272' title='bbox 127 2172 154 2196; x_wconf 89' lang='lat' dir='ltr'><strong>ct</strong></span> <span class='ocrx_word' id='word_1_273' title='bbox 166 2168 306 2204; x_wconf 86' lang='lat' dir='ltr'><strong>opinione</strong></span> <span class='ocrx_word' id='word_1_274' title='bbox 318 2166 454 2203; x_wconf 76' lang='lat' dir='ltr'><strong>procedit</strong></span> <span class='ocrx_word' id='word_1_275' title='bbox 468 2175 473 2192; x_wconf 93' lang='lat'><strong>:</strong></span> <span class='ocrx_word' id='word_1_276' title='bbox 491 2167 518 2192; x_wconf 77' lang='lat' dir='ltr'><strong>et</strong></span> <span class='ocrx_word' id='word_1_277' title='bbox 530 2165 610 2199; x_wconf 81' lang='lat' dir='ltr'><strong>idco,</strong></span> <span class='ocrx_word' id='word_1_278' title='bbox 626 2164 697 2200; x_wconf 85' lang='lat' dir='ltr'><strong>quia</strong></span> <span class='ocrx_word' id='word_1_279' title='bbox 709 2164 806 2200; x_wconf 87' lang='lat' dir='ltr'><strong>primo</strong></span> <span class='ocrx_word' id='word_1_280' title='bbox 819 2170 904 2198; x_wconf 88' lang='lat' dir='ltr'><strong>opor-</strong></span> 
     </span>
     <span class='ocr_line' id='line_1_43' title="bbox 126 2211 905 2249; baseline -0.006 -7"><span class='ocrx_word' id='word_1_281' title='bbox 126 2216 165 2242; x_wconf 85' lang='lat' dir='ltr'><strong>tet</strong></span> <span class='ocrx_word' id='word_1_282' title='bbox 184 2222 361 2249; x_wconf 83' lang='lat' dir='ltr'><strong>cognoscere</strong></span> <span class='ocrx_word' id='word_1_283' title='bbox 380 2212 541 2248; x_wconf 81' lang='lat' dir='ltr'><strong>practicam</strong></span> <span class='ocrx_word' id='word_1_284' title='bbox 562 2220 653 2246; x_wconf 82' lang='lat' dir='ltr'><strong>(1uam</strong></span> <span class='ocrx_word' id='word_1_285' title='bbox 674 2211 852 2244; x_wconf 84' lang='lat' dir='ltr'><strong>theoricam,</strong></span> <span class='ocrx_word' id='word_1_286' title='bbox 873 2211 905 2237; x_wconf 88' lang='lat' dir='ltr'><strong>ut</strong></span> 
     </span>
     <span class='ocr_line' id='line_1_44' title="bbox 126 2257 905 2295; baseline -0.008 -6"><span class='ocrx_word' id='word_1_287' title='bbox 126 2261 178 2289; x_wconf 78' lang='lat' dir='ltr'><strong>illa</strong></span> <span class='ocrx_word' id='word_1_288' title='bbox 187 2260 336 2288; x_wconf 82' lang='lat' dir='ltr'><strong>levissima</strong></span> <span class='ocrx_word' id='word_1_289' title='bbox 348 2259 382 2295; x_wconf 81' lang='lat' dir='ltr'><strong>(b)</strong></span> <span class='ocrx_word' id='word_1_290' title='bbox 394 2260 599 2294; x_wconf 74' lang='lat' dir='ltr'><strong>cognoscatur,</strong></span> <span class='ocrx_word' id='word_1_291' title='bbox 613 2258 680 2284; x_wconf 86' lang='lat' dir='ltr'><strong>ideo</strong></span> <span class='ocrx_word' id='word_1_292' title='bbox 694 2257 824 2284; x_wconf 87' lang='lat' dir='ltr'><strong>theorica</strong></span> <span class='ocrx_word' id='word_1_293' title='bbox 837 2264 905 2291; x_wconf 86' lang='lat' dir='ltr'><strong>ope-</strong></span> 
     </span>
     <span class='ocr_line' id='line_1_45' title="bbox 126 2303 903 2341; baseline -0.009 -5"><span class='ocrx_word' id='word_1_294' title='bbox 126 2308 252 2336; x_wconf 77' lang='lat' dir='ltr'><strong>rativum</strong></span> <span class='ocrx_word' id='word_1_295' title='bbox 271 2305 471 2341; x_wconf 80' lang='lat' dir='ltr'><strong>consequitur.</strong></span> <span class='ocrx_word' id='word_1_296' title='bbox 492 2306 550 2332; x_wconf 81' lang='lat' dir='ltr'><strong>Pax</strong></span> <span class='ocrx_word' id='word_1_297' title='bbox 570 2312 641 2338; x_wconf 81' lang='lat' dir='ltr'><strong>crgo</strong></span> <span class='ocrx_word' id='word_1_298' title='bbox 662 2303 802 2330; x_wconf 82' lang='lat' dir='ltr'><strong>omnihus</strong></span> <span class='ocrx_word' id='word_1_299' title='bbox 822 2310 903 2330; x_wconf 85' lang='lat' dir='ltr'><strong>ama-</strong></span> 
     </span>
     <span class='ocr_line' id='line_1_46' title="bbox 128 2349 905 2388; baseline -0.009 -5"><span class='ocrx_word' id='word_1_300' title='bbox 128 2354 241 2383; x_wconf 82' lang='lat' dir='ltr'><strong>toribus</strong></span> <span class='ocrx_word' id='word_1_301' title='bbox 255 2361 332 2381; x_wconf 77' lang='lat' dir='ltr'><strong>verse</strong></span> <span class='ocrx_word' id='word_1_302' title='bbox 353 2351 501 2388; x_wconf 69' lang='lat' dir='ltr'><strong>sapientiae</strong></span> <span class='ocrx_word' id='word_1_303' title='bbox 512 2372 521 2385; x_wconf 88' lang='lat'><strong>,</strong></span> <span class='ocrx_word' id='word_1_304' title='bbox 541 2353 569 2379; x_wconf 85' lang='lat' dir='ltr'><strong>et</strong></span> <span class='ocrx_word' id='word_1_305' title='bbox 584 2350 691 2377; x_wconf 77' lang='lat' dir='ltr'><strong>divinae</strong></span> <span class='ocrx_word' id='word_1_306' title='bbox 706 2349 846 2378; x_wconf 85' lang='lat' dir='ltr'><strong>bonitatis</strong></span> <span class='ocrx_word' id='word_1_307' title='bbox 861 2349 905 2376; x_wconf 84' lang='lat' dir='ltr'><strong>in·</strong></span> 
     </span>
     <span class='ocr_line' id='line_1_47' title="bbox 128 2399 571 2429; baseline -0.009 -1"><span class='ocrx_word' id='word_1_308' title='bbox 128 2401 249 2429; x_wconf 83' lang='lat' dir='ltr'><strong>fluentia</strong></span> <span class='ocrx_word' id='word_1_309' title='bbox 262 2399 452 2428; x_wconf 80' lang='lat' dir='ltr'><strong>concedatur.</strong></span> <span class='ocrx_word' id='word_1_310' title='bbox 468 2400 571 2426; x_wconf 81' lang='lat' dir='ltr'><strong>Amen.</strong></span> 
     </span>
    </p>
   </div>
   <div class='ocr_carea' id='block_1_3' title="bbox 130 2470 906 2659">
    <p class='ocr_par' dir='ltr' id='par_1_3' title="bbox 130 2470 906 2576">
     <span class='ocr_line' id='line_1_48' title="bbox 163 2470 906 2505; baseline -0.011 -7"><span class='ocrx_word' id='word_1_311' title='bbox 163 2476 256 2505; x_wconf 63' lang='lat' dir='ltr'><strong>lsap„</strong></span> <span class='ocrx_word' id='word_1_312' title='bbox 276 2480 320 2504; x_wconf 85' lang='lat'><strong>111,</strong></span> <span class='ocrx_word' id='word_1_313' title='bbox 335 2475 358 2497; x_wconf 80' lang='lat'><strong>5.</strong></span> <span class='ocrx_word' id='word_1_314' title='bbox 374 2486 404 2491; x_wconf 95' lang='lat'>—</span> <span class='ocrx_word' id='word_1_315' title='bbox 418 2473 428 2488; x_wconf 80' lang='lat'><strong>‘-&#39;</strong></span> <span class='ocrx_word' id='word_1_316' title='bbox 445 2472 595 2502; x_wconf 73' lang='lat' dir='ltr'><strong>I.5‹1.,inr,</strong></span> <span class='ocrx_word' id='word_1_317' title='bbox 620 2473 646 2501; x_wconf 70' lang='lat'><strong>&#39;1;</strong></span> <span class='ocrx_word' id='word_1_318' title='bbox 672 2471 678 2494; x_wconf 91' lang='lat' dir='ltr'><strong>l</strong></span> <span class='ocrx_word' id='word_1_319' title='bbox 703 2470 771 2498; x_wconf 66' lang='lat' dir='ltr'><strong>Cur„</strong></span> <span class='ocrx_word' id='word_1_320' title='bbox 789 2475 822 2499; x_wconf 84' lang='lat'><strong>11,</strong></span> <span class='ocrx_word' id='word_1_321' title='bbox 838 2470 860 2491; x_wconf 73' lang='grc'><strong>9.</strong></span> <span class='ocrx_word' id='word_1_322' title='bbox 876 2482 906 2486; x_wconf 87' lang='lat'><em>-</em></span> 
     </span>
     <span class='ocr_line' id='line_1_49' title="bbox 130 2507 906 2541; baseline -0.009 -6"><span class='ocrx_word' id='word_1_323' title='bbox 130 2512 141 2528; x_wconf 80' lang='lat'><strong>³</strong></span> <span class='ocrx_word' id='word_1_324' title='bbox 153 2512 236 2540; x_wconf 62' lang='lat' dir='ltr'><strong>caat„</strong></span> <span class='ocrx_word' id='word_1_325' title='bbox 252 2518 292 2541; x_wconf 85' lang='grc' dir='ltr'><strong>ιιι,</strong></span> <span class='ocrx_word' id='word_1_326' title='bbox 311 2513 334 2534; x_wconf 77' lang='lat'><strong>4.</strong></span> <span class='ocrx_word' id='word_1_327' title='bbox 346 2524 376 2528; x_wconf 96' lang='lat'>—</span> <span class='ocrx_word' id='word_1_328' title='bbox 388 2510 396 2524; x_wconf 71' lang='lat'>⁸</span> <span class='ocrx_word' id='word_1_329' title='bbox 413 2510 419 2533; x_wconf 92' lang='grc'>1</span> <span class='ocrx_word' id='word_1_330' title='bbox 438 2510 505 2537; x_wconf 61' lang='lat' dir='ltr'><strong>ewa,</strong></span> <span class='ocrx_word' id='word_1_331' title='bbox 526 2514 554 2538; x_wconf 80' lang='lat' dir='ltr'><strong>il,</strong></span> <span class='ocrx_word' id='word_1_332' title='bbox 570 2509 593 2531; x_wconf 71' lang='lat' dir='ltr'><strong>t.</strong></span> <span class='ocrx_word' id='word_1_333' title='bbox 605 2521 634 2525; x_wconf 96' lang='lat'><em>-</em></span> <span class='ocrx_word' id='word_1_334' title='bbox 648 2507 736 2531; x_wconf 73' lang='lat' dir='ltr'><strong>⁵1’sal.</strong></span> <span class='ocrx_word' id='word_1_335' title='bbox 753 2512 809 2535; x_wconf 76' lang='lat' dir='ltr'><strong>eiii,</strong></span> <span class='ocrx_word' id='word_1_336' title='bbox 828 2508 906 2529; x_wconf 75' lang='lat'><strong>32.—</strong></span> 
     </span>
     <span class='ocr_line' id='line_1_50' title="bbox 131 2548 388 2576; baseline -0.008 -5"><span class='ocrx_word' id='word_1_337' title='bbox 131 2548 140 2563; x_wconf 78' lang='lat'><strong>¹³</strong></span> <span class='ocrx_word' id='word_1_338' title='bbox 155 2548 224 2571; x_wconf 72' lang='lat' dir='ltr'><strong>Psul.</strong></span> <span class='ocrx_word' id='word_1_339' title='bbox 240 2552 353 2576; x_wconf 74' lang='lat' dir='ltr'><strong>xxxvm,</strong></span> <span class='ocrx_word' id='word_1_340' title='bbox 367 2548 388 2569; x_wconf 70' lang='lat' dir='ltr'><strong>J».</strong></span> 
     </span>
    </p>

    <p class='ocr_par' dir='ltr' id='par_1_4' title="bbox 132 2588 906 2659">
     <span class='ocr_line' id='line_1_51' title="bbox 164 2588 906 2624; baseline -0.008 -7"><span class='ocrx_word' id='word_1_341' title='bbox 164 2594 197 2624; x_wconf 77' lang='grc'><strong>((1)</strong></span> <span class='ocrx_word' id='word_1_342' title='bbox 213 2594 287 2624; x_wconf 64' lang='lat' dir='ltr'><strong>vulg.</strong></span> <span class='ocrx_word' id='word_1_343' title='bbox 302 2594 417 2622; x_wconf 66' lang='grc' dir='ltr'><strong>Τωιῃίί...</strong></span> <span class='ocrx_word' id='word_1_344' title='bbox 433 2592 568 2622; x_wconf 54' lang='lat' dir='ltr'><strong>[omissum.</strong></span> <span class='ocrx_word' id='word_1_345' title='bbox 582 2604 612 2608; x_wconf 91' lang='lat'>—</span> <span class='ocrx_word' id='word_1_346' title='bbox 633 2590 666 2619; x_wconf 73' lang='lat' dir='ltr'><strong>(b)</strong></span> <span class='ocrx_word' id='word_1_347' title='bbox 681 2591 741 2613; x_wconf 74' lang='lat' dir='ltr'><strong>(&#39;tP!.</strong></span> <span class='ocrx_word' id='word_1_348' title='bbox 757 2589 816 2612; x_wconf 70' lang='lat' dir='ltr'><strong>edil.</strong></span> <span class='ocrx_word' id='word_1_349' title='bbox 829 2588 906 2611; x_wconf 56' lang='lat' dir='ltr'><strong>levis-</strong></span> 
     </span>
     <span class='ocr_line' id='line_1_52' title="bbox 132 2625 781 2659; baseline -0.008 -6"><span class='ocrx_word' id='word_1_350' title='bbox 132 2630 283 2659; x_wconf 63' lang='lat' dir='ltr'><strong>sime—(v)</strong></span> <span class='ocrx_word' id='word_1_351' title='bbox 300 2629 367 2652; x_wconf 69' lang='lat' dir='ltr'><strong>Etlct.</strong></span> <span class='ocrx_word' id='word_1_352' title='bbox 386 2627 461 2658; x_wconf 66' lang='lat' dir='ltr'><strong>Luyal.</strong></span> <span class='ocrx_word' id='word_1_353' title='bbox 475 2625 781 2657; x_wconf 73' lang='lat' dir='ltr'><strong>superexcellentissimae.</strong></span> 
     </span>
    </p>
   </div>
   <div class='ocr_carea' id='block_1_4' title="bbox 1154 342 1532 384">
    <p class='ocr_par' dir='ltr' id='par_1_5' title="bbox 1154 342 1532 384">
     <span class='ocr_line' id='line_1_53' title="bbox 1154 342 1532 384; baseline -0.011 -1"><span class='ocrx_word' id='word_1_354' title='bbox 1154 342 1354 384; x_wconf 81' lang='lat' dir='ltr'><strong>QUAESTIO</strong></span> <span class='ocrx_word' id='word_1_355' title='bbox 1385 343 1532 380; x_wconf 70' lang='lat' dir='ltr'><strong>UNIGA.</strong></span> 
     </span>
    </p>
   </div>
   <div class='ocr_carea' id='block_1_5' title="bbox 958 418 1738 497">
    <p class='ocr_par' dir='ltr' id='par_1_6' title="bbox 958 418 1738 497">
     <span class='ocr_line' id='line_1_54' title="bbox 958 418 1738 456; baseline 0.003 -11"><span class='ocrx_word' id='word_1_356' title='bbox 958 418 1052 446; x_wconf 76' lang='lat' dir='ltr'><strong>Utrum</strong></span> <span class='ocrx_word' id='word_1_357' title='bbox 1065 420 1159 446; x_wconf 83' lang='lat' dir='ltr'><strong>anima</strong></span> <span class='ocrx_word' id='word_1_358' title='bbox 1172 419 1318 448; x_wconf 77' lang='lat' dir='ltr'><strong>secundum</strong></span> <span class='ocrx_word' id='word_1_359' title='bbox 1330 427 1407 448; x_wconf 82' lang='lat' dir='ltr'><strong>suum</strong></span> <span class='ocrx_word' id='word_1_360' title='bbox 1421 419 1548 455; x_wconf 78' lang='lat' dir='ltr'><strong>affectum</strong></span> <span class='ocrx_word' id='word_1_361' title='bbox 1559 421 1647 455; x_wconf 79' lang='lat' dir='ltr'><strong>possit</strong></span> <span class='ocrx_word' id='word_1_362' title='bbox 1661 420 1738 456; x_wconf 75' lang='lat' dir='ltr'><strong>aspi-</strong></span> 
     </span>
     <span class='ocr_line' id='line_1_55' title="bbox 990 461 1738 497; baseline 0.003 -9"><span class='ocrx_word' id='word_1_363' title='bbox 990 461 1092 496; x_wconf 82' lang='lat' dir='ltr'><strong>rando,</strong></span> <span class='ocrx_word' id='word_1_364' title='bbox 1115 461 1158 489; x_wconf 86' lang='lat' dir='ltr'><strong>vel</strong></span> <span class='ocrx_word' id='word_1_365' title='bbox 1182 461 1376 497; x_wconf 76' lang='lat' dir='ltr'><strong>desiderando,</strong></span> <span class='ocrx_word' id='word_1_366' title='bbox 1399 463 1502 490; x_wconf 81' lang='lat' dir='ltr'><strong>moveri</strong></span> <span class='ocrx_word' id='word_1_367' title='bbox 1521 463 1552 490; x_wconf 80' lang='lat' dir='ltr'><strong>in</strong></span> <span class='ocrx_word' id='word_1_368' title='bbox 1573 463 1657 490; x_wconf 85' lang='lat' dir='ltr'><strong>Deum</strong></span> <span class='ocrx_word' id='word_1_369' title='bbox 1679 464 1738 491; x_wconf 78' lang='lat' dir='ltr'><strong>sine</strong></span> 
     </span>
    </p>
   </div>
   <div class='ocr_carea' id='block_1_6' title="bbox 991 503 1736 573">
    <p class='ocr_par' dir='ltr' id='par_1_7' title="bbox 991 503 1736 573">
     <span class='ocr_line' id='line_1_56' title="bbox 991 503 1736 540; baseline 0.003 -10"><span class='ocrx_word' id='word_1_370' title='bbox 991 503 1088 538; x_wconf 79' lang='lat' dir='ltr'><strong>aliqua</strong></span> <span class='ocrx_word' id='word_1_371' title='bbox 1104 505 1271 539; x_wconf 67' lang='lat' dir='ltr'><strong>cogitatione</strong></span> <span class='ocrx_word' id='word_1_372' title='bbox 1286 504 1434 532; x_wconf 77' lang='lat' dir='ltr'><strong>intellectus</strong></span> <span class='ocrx_word' id='word_1_373' title='bbox 1447 505 1566 540; x_wconf 67' lang='lat' dir='ltr'><strong>proeva’a,</strong></span> <span class='ocrx_word' id='word_1_374' title='bbox 1582 505 1627 532; x_wconf 78' lang='lat' dir='ltr'><strong>vel</strong></span> <span class='ocrx_word' id='word_1_375' title='bbox 1641 512 1736 532; x_wconf 85' lang='lat' dir='ltr'><strong>conco-</strong></span> 
     </span>
     <span class='ocr_line' id='line_1_57' title="bbox 991 547 1116 573; baseline 0 0"><span class='ocrx_word' id='word_1_376' title='bbox 991 547 1116 573; x_wconf 73' lang='lat' dir='ltr'><strong>micante.</strong></span> 
     </span>
    </p>
   </div>
   <div class='ocr_carea' id='block_1_7' title="bbox 955 619 1744 2572">
    <p class='ocr_par' dir='ltr' id='par_1_8' title="bbox 955 619 1740 984">
     <span class='ocr_line' id='line_1_58' title="bbox 991 619 1738 649; baseline 0.001 -2"><span class='ocrx_word' id='word_1_377' title='bbox 991 619 1036 647; x_wconf 79' lang='lat' dir='ltr'><strong>Ad</strong></span> <span class='ocrx_word' id='word_1_378' title='bbox 1060 619 1331 648; x_wconf 76' lang='lat' dir='ltr'><strong>manifestationem</strong></span> <span class='ocrx_word' id='word_1_379' title='bbox 1351 620 1473 648; x_wconf 89' lang='lat' dir='ltr'><strong>illorum</strong></span> <span class='ocrx_word' id='word_1_380' title='bbox 1497 619 1684 649; x_wconf 85' lang='lat' dir='ltr'><strong>occultorum</strong></span> <span class='ocrx_word' id='word_1_381' title='bbox 1708 621 1738 648; x_wconf 85' lang='lat' dir='ltr'><strong>et</strong></span> 
     </span>
     <span class='ocr_line' id='line_1_59' title="bbox 955 665 1739 704; baseline 0.001 -10"><span class='ocrx_word' id='word_1_382' title='bbox 955 665 1161 702; x_wconf 81' lang='lat' dir='ltr'><strong>mysticorum,</strong></span> <span class='ocrx_word' id='word_1_383' title='bbox 1171 675 1238 703; x_wconf 83' lang='lat' dir='ltr'><strong>quae</strong></span> <span class='ocrx_word' id='word_1_384' title='bbox 1247 666 1327 695; x_wconf 85' lang='lat' dir='ltr'><strong>dieta</strong></span> <span class='ocrx_word' id='word_1_385' title='bbox 1336 669 1406 695; x_wconf 90' lang='lat' dir='ltr'><strong>sunt</strong></span> <span class='ocrx_word' id='word_1_386' title='bbox 1415 675 1505 704; x_wconf 89' lang='lat' dir='ltr'><strong>super</strong></span> <span class='ocrx_word' id='word_1_387' title='bbox 1511 667 1644 702; x_wconf 82' lang='lat' dir='ltr'><strong>veritate,</strong></span> <span class='ocrx_word' id='word_1_388' title='bbox 1660 674 1739 703; x_wconf 76' lang='lat' dir='ltr'><strong>quae-</strong></span> 
     </span>
     <span class='ocr_line' id='line_1_60' title="bbox 955 712 1739 750; baseline 0.001 -10"><span class='ocrx_word' id='word_1_389' title='bbox 955 712 1030 740; x_wconf 88' lang='lat' dir='ltr'><strong>ritur</strong></span> <span class='ocrx_word' id='word_1_390' title='bbox 1044 712 1175 741; x_wconf 89' lang='lat' dir='ltr'><strong>difficilis</strong></span> <span class='ocrx_word' id='word_1_391' title='bbox 1193 713 1334 750; x_wconf 82' lang='lat' dir='ltr'><strong>quoestio,</strong></span> <span class='ocrx_word' id='word_1_392' title='bbox 1355 714 1386 742; x_wconf 94' lang='lat' dir='ltr'><strong>in</strong></span> <span class='ocrx_word' id='word_1_393' title='bbox 1411 722 1472 750; x_wconf 85' lang='lat' dir='ltr'><strong>qua</strong></span> <span class='ocrx_word' id='word_1_394' title='bbox 1492 713 1614 742; x_wconf 87' lang='lat' dir='ltr'><strong>cuilibet</strong></span> <span class='ocrx_word' id='word_1_395' title='bbox 1631 713 1739 742; x_wconf 86' lang='lat' dir='ltr'><strong>intelli-</strong></span> 
     </span>
     <span class='ocr_line' id='line_1_61' title="bbox 958 759 1738 797; baseline 0.003 -11"><span class='ocrx_word' id='word_1_396' title='bbox 958 759 1037 794; x_wconf 85' lang='lat' dir='ltr'><strong>genti</strong></span> <span class='ocrx_word' id='word_1_397' title='bbox 1051 759 1160 788; x_wconf 84' lang='lat' dir='ltr'><strong>veritas</strong></span> <span class='ocrx_word' id='word_1_398' title='bbox 1182 760 1272 796; x_wconf 88' lang='lat' dir='ltr'><strong>hujus</strong></span> <span class='ocrx_word' id='word_1_399' title='bbox 1294 760 1445 797; x_wconf 63' lang='lat' dir='ltr'><strong>sapientire</strong></span> <span class='ocrx_word' id='word_1_400' title='bbox 1466 760 1650 789; x_wconf 74' lang='lat' dir='ltr'><strong>manifestius</strong></span> <span class='ocrx_word' id='word_1_401' title='bbox 1669 760 1738 788; x_wconf 89' lang='lat' dir='ltr'><strong>illu-</strong></span> 
     </span>
     <span class='ocr_line' id='line_1_62' title="bbox 958 801 1740 843; baseline 0.003 -10"><span class='ocrx_word' id='word_1_402' title='bbox 958 806 1054 834; x_wconf 88' lang='lat' dir='ltr'><strong>cescit.</strong></span> <span class='ocrx_word' id='word_1_403' title='bbox 1071 807 1214 840; x_wconf 82' lang='lat' dir='ltr'><strong>Quaeritur</strong></span> <span class='ocrx_word' id='word_1_404' title='bbox 1227 807 1327 843; x_wconf 85' lang='lat' dir='ltr'><strong>igitur,</strong></span> <span class='ocrx_word' id='word_1_405' title='bbox 1342 809 1443 835; x_wconf 86' lang='lat' dir='ltr'><strong>utrum</strong></span> <span class='ocrx_word' id='word_1_406' title='bbox 1457 801 1569 836; x_wconf 79' lang='lat' dir='ltr'><strong>seilicet</strong></span> <span class='ocrx_word' id='word_1_407' title='bbox 1582 807 1683 835; x_wconf 85' lang='lat' dir='ltr'><strong>anima</strong></span> <span class='ocrx_word' id='word_1_408' title='bbox 1697 815 1740 835; x_wconf 90' lang='lat' dir='ltr'><strong>se-</strong></span> 
     </span>
     <span class='ocr_line' id='line_1_63' title="bbox 958 853 1738 890; baseline 0.001 -10"><span class='ocrx_word' id='word_1_409' title='bbox 958 853 1092 881; x_wconf 88' lang='lat' dir='ltr'><strong>cundum</strong></span> <span class='ocrx_word' id='word_1_410' title='bbox 1111 861 1201 881; x_wconf 90' lang='lat' dir='ltr'><strong>suum</strong></span> <span class='ocrx_word' id='word_1_411' title='bbox 1223 853 1363 882; x_wconf 79' lang='lat' dir='ltr'><strong>affectum</strong></span> <span class='ocrx_word' id='word_1_412' title='bbox 1383 854 1477 890; x_wconf 89' lang='lat' dir='ltr'><strong>possit</strong></span> <span class='ocrx_word' id='word_1_413' title='bbox 1495 854 1674 890; x_wconf 86' lang='lat' dir='ltr'><strong>aspirando,</strong></span> <span class='ocrx_word' id='word_1_414' title='bbox 1688 854 1738 882; x_wconf 84' lang='lat' dir='ltr'><strong>vel</strong></span> 
     </span>
     <span class='ocr_line' id='line_1_64' title="bbox 958 899 1738 937; baseline 0.003 -10"><span class='ocrx_word' id='word_1_415' title='bbox 958 899 1177 932; x_wconf 83' lang='lat' dir='ltr'><strong>desiderando,</strong></span> <span class='ocrx_word' id='word_1_416' title='bbox 1194 900 1308 928; x_wconf 86' lang='lat' dir='ltr'><strong>moveri</strong></span> <span class='ocrx_word' id='word_1_417' title='bbox 1323 900 1355 928; x_wconf 86' lang='lat' dir='ltr'><strong>in</strong></span> <span class='ocrx_word' id='word_1_418' title='bbox 1375 902 1467 929; x_wconf 88' lang='lat' dir='ltr'><strong>Deum</strong></span> <span class='ocrx_word' id='word_1_419' title='bbox 1487 901 1551 929; x_wconf 86' lang='lat' dir='ltr'><strong>sine</strong></span> <span class='ocrx_word' id='word_1_420' title='bbox 1570 901 1673 937; x_wconf 82' lang='lat' dir='ltr'><strong>aliqua</strong></span> <span class='ocrx_word' id='word_1_421' title='bbox 1687 909 1738 929; x_wconf 88' lang='lat' dir='ltr'><strong>eo-</strong></span> 
     </span>
     <span class='ocr_line' id='line_1_65' title="bbox 957 946 1721 984; baseline 0.003 -10"><span class='ocrx_word' id='word_1_422' title='bbox 957 947 1098 982; x_wconf 82' lang='lat' dir='ltr'><strong>gitatione</strong></span> <span class='ocrx_word' id='word_1_423' title='bbox 1113 946 1277 975; x_wconf 88' lang='lat' dir='ltr'><strong>intellectus</strong></span> <span class='ocrx_word' id='word_1_424' title='bbox 1290 948 1416 984; x_wconf 70' lang='lat' dir='ltr'><strong>praevia,</strong></span> <span class='ocrx_word' id='word_1_425' title='bbox 1432 948 1479 976; x_wconf 87' lang='lat' dir='ltr'><strong>vel</strong></span> <span class='ocrx_word' id='word_1_426' title='bbox 1494 948 1721 976; x_wconf 81' lang='lat' dir='ltr'><strong>concomitante.</strong></span> 
     </span>
    </p>

    <p class='ocr_par' dir='ltr' id='par_1_9' title="bbox 958 993 1742 1357">
     <span class='ocr_line' id='line_1_66' title="bbox 995 993 1738 1031; baseline 0.003 -11"><span class='ocrx_word' id='word_1_427' title='bbox 995 993 1116 1021; x_wconf 85' lang='lat' dir='ltr'><strong>Videtur</strong></span> <span class='ocrx_word' id='word_1_428' title='bbox 1130 994 1214 1030; x_wconf 90' lang='lat' dir='ltr'><strong>quod</strong></span> <span class='ocrx_word' id='word_1_429' title='bbox 1228 1002 1345 1030; x_wconf 87' lang='lat' dir='ltr'><strong>semper</strong></span> <span class='ocrx_word' id='word_1_430' title='bbox 1360 994 1397 1023; x_wconf 87' lang='lat' dir='ltr'><strong>sit</strong></span> <span class='ocrx_word' id='word_1_431' title='bbox 1410 995 1611 1023; x_wconf 84' lang='lat' dir='ltr'><strong>necessarium</strong></span> <span class='ocrx_word' id='word_1_432' title='bbox 1624 1002 1738 1031; x_wconf 84' lang='lat' dir='ltr'><strong>praeco-</strong></span> 
     </span>
     <span class='ocr_line' id='line_1_67' title="bbox 958 1040 1738 1077; baseline 0.001 -9"><span class='ocrx_word' id='word_1_433' title='bbox 958 1040 1065 1075; x_wconf 80' lang='lat' dir='ltr'><strong>gitare,</strong></span> <span class='ocrx_word' id='word_1_434' title='bbox 1082 1042 1243 1077; x_wconf 84' lang='lat' dir='ltr'><strong>antequam</strong></span> <span class='ocrx_word' id='word_1_435' title='bbox 1264 1049 1318 1077; x_wconf 89' lang='lat' dir='ltr'><strong>per</strong></span> <span class='ocrx_word' id='word_1_436' title='bbox 1342 1041 1545 1069; x_wconf 81' lang='lat' dir='ltr'><strong>extensionem</strong></span> <span class='ocrx_word' id='word_1_437' title='bbox 1565 1041 1676 1069; x_wconf 86' lang='lat' dir='ltr'><strong>amoris</strong></span> <span class='ocrx_word' id='word_1_438' title='bbox 1696 1041 1738 1069; x_wconf 82' lang='lat' dir='ltr'><strong>af-</strong></span> 
     </span>
     <span class='ocr_line' id='line_1_68' title="bbox 958 1086 1740 1116; baseline 0.001 -2"><span class='ocrx_word' id='word_1_439' title='bbox 958 1086 1050 1114; x_wconf 81' lang='lat' dir='ltr'><strong>fectus</strong></span> <span class='ocrx_word' id='word_1_440' title='bbox 1065 1089 1221 1115; x_wconf 81' lang='lat' dir='ltr'><strong>moveatur</strong></span> <span class='ocrx_word' id='word_1_441' title='bbox 1236 1087 1267 1115; x_wconf 90' lang='lat' dir='ltr'><strong>in</strong></span> <span class='ocrx_word' id='word_1_442' title='bbox 1282 1088 1383 1115; x_wconf 87' lang='lat' dir='ltr'><strong>Deum.</strong></span> <span class='ocrx_word' id='word_1_443' title='bbox 1401 1088 1498 1116; x_wconf 76' lang='lat' dir='ltr'><strong>Primo</strong></span> <span class='ocrx_word' id='word_1_444' title='bbox 1514 1087 1740 1116; x_wconf 80' lang='lat' dir='ltr'><strong>auctoritatibus</strong></span> 
     </span>
     <span class='ocr_line' id='line_1_69' title="bbox 959 1134 1741 1170; baseline 0.003 -9"><span class='ocrx_word' id='word_1_445' title='bbox 959 1134 1012 1167; x_wconf 89' lang='lat' dir='ltr'><strong>sie,</strong></span> <span class='ocrx_word' id='word_1_446' title='bbox 1027 1135 1098 1170; x_wconf 83' lang='lat' dir='ltr'><strong>quia</strong></span> <span class='ocrx_word' id='word_1_447' title='bbox 1113 1134 1221 1162; x_wconf 85' lang='lat' dir='ltr'><strong>dieitur</strong></span> <span class='ocrx_word' id='word_1_448' title='bbox 1235 1135 1266 1162; x_wconf 91' lang='lat' dir='ltr'><strong>in</strong></span> <span class='ocrx_word' id='word_1_449' title='bbox 1282 1135 1398 1163; x_wconf 81' lang='lat' dir='ltr'><strong>Psalmo</strong></span> <span class='ocrx_word' id='word_1_450' title='bbox 1408 1136 1418 1152; x_wconf 82' lang='lat'><strong>⁶</strong></span> <span class='ocrx_word' id='word_1_451' title='bbox 1431 1145 1438 1163; x_wconf 72' lang='grc' dir='ltr'><strong>ι</strong></span> <span class='ocrx_word' id='word_1_452' title='bbox 1452 1137 1485 1164; x_wconf 79' lang='lat' dir='ltr'><strong>In</strong></span> <span class='ocrx_word' id='word_1_453' title='bbox 1495 1136 1674 1164; x_wconf 76' lang='lat' dir='ltr'><strong>meditatione</strong></span> <span class='ocrx_word' id='word_1_454' title='bbox 1681 1143 1741 1163; x_wconf 81' lang='lat' dir='ltr'><strong>mea</strong></span> 
     </span>
     <span class='ocr_line' id='line_1_70' title="bbox 960 1181 1741 1219; baseline 0.003 -11"><span class='ocrx_word' id='word_1_455' title='bbox 960 1181 1114 1208; x_wconf 64' lang='lat' dir='ltr'><strong>exardescit</strong></span> <span class='ocrx_word' id='word_1_456' title='bbox 1130 1183 1204 1215; x_wconf 67' lang='lat' dir='ltr'><strong>ignis</strong></span> <span class='ocrx_word' id='word_1_457' title='bbox 1216 1191 1224 1208; x_wconf 90' lang='lat'>:</span> <span class='ocrx_word' id='word_1_458' title='bbox 1236 1190 1308 1217; x_wconf 81' lang='lat' dir='ltr'><strong>ergo</strong></span> <span class='ocrx_word' id='word_1_459' title='bbox 1319 1182 1416 1218; x_wconf 84' lang='lat' dir='ltr'><strong>primo</strong></span> <span class='ocrx_word' id='word_1_460' title='bbox 1428 1185 1544 1218; x_wconf 77' lang='lat' dir='ltr'><strong>oportet</strong></span> <span class='ocrx_word' id='word_1_461' title='bbox 1558 1182 1641 1219; x_wconf 86' lang='lat' dir='ltr'><strong>quod</strong></span> <span class='ocrx_word' id='word_1_462' title='bbox 1656 1190 1741 1210; x_wconf 89' lang='lat' dir='ltr'><strong>mens</strong></span> 
     </span>
     <span class='ocr_line' id='line_1_71' title="bbox 959 1228 1742 1265; baseline 0.003 -10"><span class='ocrx_word' id='word_1_463' title='bbox 959 1228 1178 1263; x_wconf 74' lang='lat' dir='ltr'><strong>praemeditetur</strong></span> <span class='ocrx_word' id='word_1_464' title='bbox 1203 1228 1384 1264; x_wconf 79' lang='lat' dir='ltr'><strong>cogitando,</strong></span> <span class='ocrx_word' id='word_1_465' title='bbox 1407 1231 1568 1265; x_wconf 83' lang='lat' dir='ltr'><strong>antequam</strong></span> <span class='ocrx_word' id='word_1_466' title='bbox 1589 1230 1619 1257; x_wconf 94' lang='lat' dir='ltr'><strong>in</strong></span> <span class='ocrx_word' id='word_1_467' title='bbox 1642 1229 1742 1265; x_wconf 86' lang='lat' dir='ltr'><strong>ipsum</strong></span> 
     </span>
     <span class='ocr_line' id='line_1_72' title="bbox 961 1274 1740 1312; baseline 0.003 -10"><span class='ocrx_word' id='word_1_468' title='bbox 961 1274 1104 1302; x_wconf 85' lang='lat' dir='ltr'><strong>dilectum</strong></span> <span class='ocrx_word' id='word_1_469' title='bbox 1127 1275 1194 1310; x_wconf 86' lang='lat' dir='ltr'><strong>igne</strong></span> <span class='ocrx_word' id='word_1_470' title='bbox 1215 1275 1326 1303; x_wconf 88' lang='lat' dir='ltr'><strong>amoris</strong></span> <span class='ocrx_word' id='word_1_471' title='bbox 1350 1275 1559 1311; x_wconf 83' lang='lat' dir='ltr'><strong>consurgendo</strong></span> <span class='ocrx_word' id='word_1_472' title='bbox 1581 1284 1634 1312; x_wconf 88' lang='lat' dir='ltr'><strong>per</strong></span> <span class='ocrx_word' id='word_1_473' title='bbox 1651 1276 1740 1304; x_wconf 81' lang='lat' dir='ltr'><strong>affec-</strong></span> 
     </span>
     <span class='ocr_line' id='line_1_73' title="bbox 959 1321 1558 1357; baseline 0.002 -8"><span class='ocrx_word' id='word_1_474' title='bbox 959 1321 1088 1357; x_wconf 89' lang='lat' dir='ltr'><strong>tionem,</strong></span> <span class='ocrx_word' id='word_1_475' title='bbox 1105 1322 1226 1350; x_wconf 79' lang='lat' dir='ltr'><strong>affectus</strong></span> <span class='ocrx_word' id='word_1_476' title='bbox 1243 1322 1365 1350; x_wconf 86' lang='lat' dir='ltr'><strong>interius</strong></span> <span class='ocrx_word' id='word_1_477' title='bbox 1380 1322 1558 1350; x_wconf 84' lang='lat' dir='ltr'><strong>inardescat.</strong></span> 
     </span>
    </p>

    <p class='ocr_par' dir='ltr' id='par_1_10' title="bbox 960 1371 1744 1641">
     <span class='ocr_line' id='line_1_74' title="bbox 995 1371 1739 1412; baseline 0.001 -14"><span class='ocrx_word' id='word_1_478' title='bbox 995 1372 1066 1398; x_wconf 85' lang='lat' dir='ltr'><strong>Item</strong></span> <span class='ocrx_word' id='word_1_479' title='bbox 1081 1371 1260 1407; x_wconf 81' lang='lat' dir='ltr'><strong>Augustinus</strong></span> <span class='ocrx_word' id='word_1_480' title='bbox 1275 1381 1282 1399; x_wconf 77' lang='lat' dir='ltr'><em>z</em></span> <span class='ocrx_word' id='word_1_481' title='bbox 1296 1371 1415 1400; x_wconf 71' lang='lat' dir='ltr'><strong>«Invisa</strong></span> <span class='ocrx_word' id='word_1_482' title='bbox 1430 1379 1589 1412; x_wconf 59' lang='lat' dir='ltr'><strong>possumus</strong></span> <span class='ocrx_word' id='word_1_483' title='bbox 1605 1371 1739 1407; x_wconf 82' lang='lat' dir='ltr'><strong>diligere,</strong></span> 
     </span>
     <span class='ocr_line' id='line_1_75' title="bbox 960 1417 1741 1455; baseline 0.003 -11"><span class='ocrx_word' id='word_1_484' title='bbox 960 1417 1112 1452; x_wconf 77' lang='lat' dir='ltr'><strong>incognita</strong></span> <span class='ocrx_word' id='word_1_485' title='bbox 1139 1420 1240 1446; x_wconf 88' lang='lat' dir='ltr'><strong>autem</strong></span> <span class='ocrx_word' id='word_1_486' title='bbox 1267 1426 1469 1455; x_wconf 86' lang='lat' dir='ltr'><strong>nequaquam.</strong></span> <span class='ocrx_word' id='word_1_487' title='bbox 1495 1428 1508 1444; x_wconf 87' lang='lat'>»</span> <span class='ocrx_word' id='word_1_488' title='bbox 1540 1420 1616 1454; x_wconf 82' lang='lat' dir='ltr'><strong>Ergo</strong></span> <span class='ocrx_word' id='word_1_489' title='bbox 1643 1419 1741 1454; x_wconf 86' lang='lat' dir='ltr'><strong>primo</strong></span> 
     </span>
     <span class='ocr_line' id='line_1_76' title="bbox 961 1464 1744 1500; baseline 0 -8"><span class='ocrx_word' id='word_1_490' title='bbox 961 1466 1076 1500; x_wconf 88' lang='lat' dir='ltr'><strong>oportet</strong></span> <span class='ocrx_word' id='word_1_491' title='bbox 1088 1464 1316 1500; x_wconf 84' lang='lat' dir='ltr'><strong>ratiocinando,</strong></span> <span class='ocrx_word' id='word_1_492' title='bbox 1336 1465 1385 1493; x_wconf 85' lang='lat' dir='ltr'><strong>vel</strong></span> <span class='ocrx_word' id='word_1_493' title='bbox 1408 1464 1643 1493; x_wconf 83' lang='lat' dir='ltr'><strong>intellectualiter</strong></span> <span class='ocrx_word' id='word_1_494' title='bbox 1663 1464 1744 1500; x_wconf 84' lang='lat' dir='ltr'><strong>cogi-</strong></span> 
     </span>
     <span class='ocr_line' id='line_1_77' title="bbox 960 1510 1742 1548; baseline 0.001 -10"><span class='ocrx_word' id='word_1_495' title='bbox 960 1510 1051 1539; x_wconf 88' lang='lat' dir='ltr'><strong>tando</strong></span> <span class='ocrx_word' id='word_1_496' title='bbox 1081 1519 1261 1547; x_wconf 81' lang='lat' dir='ltr'><strong>cognoscere</strong></span> <span class='ocrx_word' id='word_1_497' title='bbox 1272 1533 1281 1547; x_wconf 86' lang='lat'><em>‚</em></span> <span class='ocrx_word' id='word_1_498' title='bbox 1309 1515 1470 1548; x_wconf 81' lang='lat' dir='ltr'><strong>antequam</strong></span> <span class='ocrx_word' id='word_1_499' title='bbox 1492 1511 1599 1539; x_wconf 82' lang='lat' dir='ltr'><strong>affectu</strong></span> <span class='ocrx_word' id='word_1_500' title='bbox 1632 1511 1742 1539; x_wconf 87' lang='lat' dir='ltr'><strong>amoris</strong></span> 
     </span>
     <span class='ocr_line' id='line_1_78' title="bbox 960 1557 1740 1594; baseline 0.001 -9"><span class='ocrx_word' id='word_1_501' title='bbox 960 1557 1085 1594; x_wconf 84' lang='lat' dir='ltr'><strong>aliquod</strong></span> <span class='ocrx_word' id='word_1_502' title='bbox 1100 1558 1240 1594; x_wconf 78' lang='lat' dir='ltr'><strong>diligatur</strong></span> <span class='ocrx_word' id='word_1_503' title='bbox 1257 1568 1263 1586; x_wconf 92' lang='lat'>:</span> <span class='ocrx_word' id='word_1_504' title='bbox 1282 1559 1422 1593; x_wconf 82' lang='lat' dir='ltr'><strong>cogitatio</strong></span> <span class='ocrx_word' id='word_1_505' title='bbox 1442 1558 1530 1594; x_wconf 80' lang='lat' dir='ltr'><strong>igitur</strong></span> <span class='ocrx_word' id='word_1_506' title='bbox 1552 1558 1740 1587; x_wconf 82' lang='lat' dir='ltr'><strong>affectionem</strong></span> 
     </span>
     <span class='ocr_line' id='line_1_79' title="bbox 960 1605 1415 1641; baseline 0.002 -9"><span class='ocrx_word' id='word_1_507' title='bbox 960 1605 1070 1632; x_wconf 83' lang='lat' dir='ltr'><strong>amoris</strong></span> <span class='ocrx_word' id='word_1_508' title='bbox 1085 1605 1252 1633; x_wconf 87' lang='lat' dir='ltr'><strong>necessario</strong></span> <span class='ocrx_word' id='word_1_509' title='bbox 1267 1605 1415 1641; x_wconf 66' lang='lat' dir='ltr'><strong>praecedit.</strong></span> 
     </span>
    </p>

    <p class='ocr_par' dir='ltr' id='par_1_11' title="bbox 959 1651 1742 2572">
     <span class='ocr_line' id='line_1_80' title="bbox 996 1651 1740 1688; baseline 0 -9"><span class='ocrx_word' id='word_1_510' title='bbox 996 1653 1055 1679; x_wconf 82' lang='lat' dir='ltr'><strong>Hoc</strong></span> <span class='ocrx_word' id='word_1_511' title='bbox 1070 1651 1150 1679; x_wconf 90' lang='lat' dir='ltr'><strong>idem</strong></span> <span class='ocrx_word' id='word_1_512' title='bbox 1165 1652 1309 1688; x_wconf 84' lang='lat' dir='ltr'><strong>probatur</strong></span> <span class='ocrx_word' id='word_1_513' title='bbox 1331 1651 1512 1685; x_wconf 68' lang='lat' dir='ltr'><strong>rationibus,</strong></span> <span class='ocrx_word' id='word_1_514' title='bbox 1534 1654 1562 1679; x_wconf 89' lang='lat' dir='ltr'><strong>et</strong></span> <span class='ocrx_word' id='word_1_515' title='bbox 1574 1651 1672 1687; x_wconf 88' lang='lat' dir='ltr'><strong>primo</strong></span> <span class='ocrx_word' id='word_1_516' title='bbox 1694 1659 1740 1679; x_wconf 91' lang='lat' dir='ltr'><strong>ra-</strong></span> 
     </span>
     <span class='ocr_line' id='line_1_81' title="bbox 960 1698 1740 1733; baseline 0 -8"><span class='ocrx_word' id='word_1_517' title='bbox 960 1698 1038 1726; x_wconf 88' lang='lat' dir='ltr'><strong>tione</strong></span> <span class='ocrx_word' id='word_1_518' title='bbox 1062 1700 1179 1733; x_wconf 89' lang='lat' dir='ltr'><strong>sumpta</strong></span> <span class='ocrx_word' id='word_1_519' title='bbox 1209 1698 1239 1725; x_wconf 91' lang='lat' dir='ltr'><strong>in</strong></span> <span class='ocrx_word' id='word_1_520' title='bbox 1265 1698 1373 1725; x_wconf 84' lang='lat' dir='ltr'><strong>divinis</strong></span> <span class='ocrx_word' id='word_1_521' title='bbox 1396 1698 1447 1726; x_wconf 88' lang='lat' dir='ltr'><strong>sic.</strong></span> <span class='ocrx_word' id='word_1_522' title='bbox 1476 1698 1582 1726; x_wconf 77' lang='lat' dir='ltr'><strong>Anima</strong></span> <span class='ocrx_word' id='word_1_523' title='bbox 1606 1698 1685 1726; x_wconf 88' lang='lat' dir='ltr'><strong>enim</strong></span> <span class='ocrx_word' id='word_1_524' title='bbox 1709 1698 1740 1726; x_wconf 92' lang='lat' dir='ltr'><strong>in</strong></span> 
     </span>
     <span class='ocr_line' id='line_1_82' title="bbox 960 1744 1739 1780; baseline 0 -8"><span class='ocrx_word' id='word_1_525' title='bbox 960 1747 1068 1779; x_wconf 72' lang='lat' dir='ltr'><strong>Deum,</strong></span> <span class='ocrx_word' id='word_1_526' title='bbox 1094 1753 1184 1780; x_wconf 85' lang='lat' dir='ltr'><strong>quem</strong></span> <span class='ocrx_word' id='word_1_527' title='bbox 1210 1744 1322 1779; x_wconf 65' lang='lat' dir='ltr'><strong>diligit,</strong></span> <span class='ocrx_word' id='word_1_528' title='bbox 1347 1753 1400 1780; x_wconf 85' lang='lat' dir='ltr'><strong>per</strong></span> <span class='ocrx_word' id='word_1_529' title='bbox 1424 1745 1534 1772; x_wconf 85' lang='lat' dir='ltr'><strong>amoris</strong></span> <span class='ocrx_word' id='word_1_530' title='bbox 1559 1744 1739 1772; x_wconf 83' lang='lat' dir='ltr'><strong>desiderium</strong></span> 
     </span>
     <span class='ocr_line' id='line_1_83' title="bbox 959 1791 1740 1826; baseline -0.001 -7"><span class='ocrx_word' id='word_1_531' title='bbox 959 1791 1112 1819; x_wconf 86' lang='lat' dir='ltr'><strong>actualiter</strong></span> <span class='ocrx_word' id='word_1_532' title='bbox 1129 1800 1158 1819; x_wconf 82' lang='lat' dir='ltr'><strong>se</strong></span> <span class='ocrx_word' id='word_1_533' title='bbox 1171 1792 1332 1819; x_wconf 85' lang='lat' dir='ltr'><strong>extendens</strong></span> <span class='ocrx_word' id='word_1_534' title='bbox 1341 1813 1349 1826; x_wconf 85' lang='lat'><em>‚</em></span> <span class='ocrx_word' id='word_1_535' title='bbox 1361 1794 1483 1820; x_wconf 86' lang='lat' dir='ltr'><strong>vocatur</strong></span> <span class='ocrx_word' id='word_1_536' title='bbox 1496 1793 1608 1826; x_wconf 76' lang='lat' dir='ltr'><strong>deifica,</strong></span> <span class='ocrx_word' id='word_1_537' title='bbox 1623 1791 1671 1819; x_wconf 84' lang='lat' dir='ltr'><strong>vel</strong></span> <span class='ocrx_word' id='word_1_538' title='bbox 1685 1793 1740 1819; x_wconf 74' lang='lat' dir='ltr'><strong>‹lei-</strong></span> 
     </span>
     <span class='ocr_line' id='line_1_84' title="bbox 959 1838 1742 1874; baseline 0 -9"><span class='ocrx_word' id='word_1_539' title='bbox 959 1841 1050 1873; x_wconf 75' lang='lat' dir='ltr'><strong>ficata,</strong></span> <span class='ocrx_word' id='word_1_540' title='bbox 1067 1838 1097 1865; x_wconf 92' lang='lat' dir='ltr'><strong>in</strong></span> <span class='ocrx_word' id='word_1_541' title='bbox 1113 1838 1238 1874; x_wconf 88' lang='lat' dir='ltr'><strong>septimo</strong></span> <span class='ocrx_word' id='word_1_542' title='bbox 1252 1839 1284 1866; x_wconf 75' lang='lat' dir='ltr'><strong>(Ic</strong></span> <span class='ocrx_word' id='word_1_543' title='bbox 1298 1840 1405 1866; x_wconf 64' lang='lat' dir='ltr'><strong>Divinis</strong></span> <span class='ocrx_word' id='word_1_544' title='bbox 1421 1839 1582 1867; x_wconf 72' lang='lat' dir='ltr'><strong>Nominibus</strong></span> <span class='ocrx_word' id='word_1_545' title='bbox 1594 1848 1602 1864; x_wconf 94' lang='grc'><strong>.·</strong></span> <span class='ocrx_word' id='word_1_546' title='bbox 1618 1846 1688 1866; x_wconf 89' lang='lat' dir='ltr'><strong>nam</strong></span> <span class='ocrx_word' id='word_1_547' title='bbox 1698 1846 1742 1865; x_wconf 75' lang='lat' dir='ltr'><strong>se-</strong></span> 
     </span>
     <span class='ocr_line' id='line_1_85' title="bbox 960 1885 1739 1921; baseline -0.001 -9"><span class='ocrx_word' id='word_1_548' title='bbox 960 1885 1093 1912; x_wconf 86' lang='lat' dir='ltr'><strong>cundum</strong></span> <span class='ocrx_word' id='word_1_549' title='bbox 1107 1885 1190 1920; x_wconf 89' lang='lat' dir='ltr'><strong>quod</strong></span> <span class='ocrx_word' id='word_1_550' title='bbox 1201 1885 1341 1921; x_wconf 82' lang='lat' dir='ltr'><strong>possibile</strong></span> <span class='ocrx_word' id='word_1_551' title='bbox 1355 1888 1398 1912; x_wconf 91' lang='lat' dir='ltr'><strong>est</strong></span> <span class='ocrx_word' id='word_1_552' title='bbox 1413 1887 1562 1919; x_wconf 86' lang='lat' dir='ltr'><strong>creaturoe,</strong></span> <span class='ocrx_word' id='word_1_553' title='bbox 1573 1893 1626 1920; x_wconf 86' lang='lat' dir='ltr'><strong>per</strong></span> <span class='ocrx_word' id='word_1_554' title='bbox 1639 1886 1739 1912; x_wconf 74' lang='lat' dir='ltr'><strong>exten-</strong></span> 
     </span>
     <span class='ocr_line' id='line_1_86' title="bbox 959 1931 1739 1967; baseline -0.003 -8"><span class='ocrx_word' id='word_1_555' title='bbox 959 1932 1073 1959; x_wconf 83' lang='lat' dir='ltr'><strong>sionem</strong></span> <span class='ocrx_word' id='word_1_556' title='bbox 1089 1932 1199 1959; x_wconf 72' lang='lat' dir='ltr'><strong>amoris</strong></span> <span class='ocrx_word' id='word_1_557' title='bbox 1211 1931 1341 1959; x_wconf 84' lang='lat' dir='ltr'><strong>Trinitati</strong></span> <span class='ocrx_word' id='word_1_558' title='bbox 1357 1931 1690 1967; x_wconf 76' lang='lat' dir='ltr'><strong>superexcellentissimo</strong></span> <span class='ocrx_word' id='word_1_559' title='bbox 1707 1931 1739 1966; x_wconf 80' lang='lat' dir='ltr'><strong>(c)</strong></span> 
     </span>
     <span class='ocr_line' id='line_1_87' title="bbox 961 1977 1741 2014; baseline 0 -8"><span class='ocrx_word' id='word_1_560' title='bbox 961 1979 1173 2006; x_wconf 73' lang='lat' dir='ltr'><strong>conformatur.</strong></span> <span class='ocrx_word' id='word_1_561' title='bbox 1191 1978 1248 2006; x_wconf 87' lang='lat' dir='ltr'><strong>Sed</strong></span> <span class='ocrx_word' id='word_1_562' title='bbox 1264 1979 1293 2006; x_wconf 92' lang='lat' dir='ltr'><strong>in</strong></span> <span class='ocrx_word' id='word_1_563' title='bbox 1309 1978 1446 2006; x_wconf 84' lang='lat' dir='ltr'><strong>Trinitate</strong></span> <span class='ocrx_word' id='word_1_564' title='bbox 1468 1978 1507 2006; x_wconf 84' lang='lat' dir='ltr'><strong>ita</strong></span> <span class='ocrx_word' id='word_1_565' title='bbox 1523 1980 1580 2012; x_wconf 87' lang='lat' dir='ltr'><strong>est,</strong></span> <span class='ocrx_word' id='word_1_566' title='bbox 1596 1977 1679 2014; x_wconf 87' lang='lat' dir='ltr'><strong>quod</strong></span> <span class='ocrx_word' id='word_1_567' title='bbox 1697 1986 1741 2006; x_wconf 86' lang='lat' dir='ltr'><strong>se-</strong></span> 
     </span>
     <span class='ocr_line' id='line_1_88' title="bbox 961 2025 1740 2061; baseline -0.001 -8"><span class='ocrx_word' id='word_1_568' title='bbox 961 2025 1093 2053; x_wconf 85' lang='lat' dir='ltr'><strong>cundum</strong></span> <span class='ocrx_word' id='word_1_569' title='bbox 1108 2025 1246 2053; x_wconf 86' lang='lat' dir='ltr'><strong>ordinem</strong></span> <span class='ocrx_word' id='word_1_570' title='bbox 1260 2028 1372 2053; x_wconf 63' lang='lat' dir='ltr'><strong>naturae</strong></span> <span class='ocrx_word' id='word_1_571' title='bbox 1387 2025 1485 2061; x_wconf 85' lang='lat' dir='ltr'><strong>primo</strong></span> <span class='ocrx_word' id='word_1_572' title='bbox 1507 2027 1549 2052; x_wconf 86' lang='lat' dir='ltr'><strong>cst</strong></span> <span class='ocrx_word' id='word_1_573' title='bbox 1573 2026 1664 2059; x_wconf 82' lang='lat' dir='ltr'><strong>Pater,</strong></span> <span class='ocrx_word' id='word_1_574' title='bbox 1689 2025 1740 2060; x_wconf 91' lang='lat' dir='ltr'><strong>qui</strong></span> 
     </span>
     <span class='ocr_line' id='line_1_89' title="bbox 960 2071 1741 2107; baseline -0.001 -8"><span class='ocrx_word' id='word_1_575' title='bbox 960 2075 1002 2100; x_wconf 87' lang='lat' dir='ltr'><strong>est</strong></span> <span class='ocrx_word' id='word_1_576' title='bbox 1020 2080 1137 2099; x_wconf 86' lang='lat' dir='ltr'><strong>summa</strong></span> <span class='ocrx_word' id='word_1_577' title='bbox 1160 2072 1308 2107; x_wconf 83' lang='lat' dir='ltr'><strong>potentia;</strong></span> <span class='ocrx_word' id='word_1_578' title='bbox 1334 2071 1466 2099; x_wconf 88' lang='lat' dir='ltr'><strong>secundo</strong></span> <span class='ocrx_word' id='word_1_579' title='bbox 1491 2071 1598 2104; x_wconf 83' lang='lat' dir='ltr'><strong>Filius,</strong></span> <span class='ocrx_word' id='word_1_580' title='bbox 1623 2071 1674 2107; x_wconf 91' lang='lat' dir='ltr'><strong>qui</strong></span> <span class='ocrx_word' id='word_1_581' title='bbox 1698 2073 1741 2098; x_wconf 88' lang='lat' dir='ltr'><strong>est</strong></span> 
     </span>
     <span class='ocr_line' id='line_1_90' title="bbox 961 2117 1741 2154; baseline -0.003 -8"><span class='ocrx_word' id='word_1_582' title='bbox 961 2118 1051 2146; x_wconf 83' lang='lat' dir='ltr'><strong>Patris</strong></span> <span class='ocrx_word' id='word_1_583' title='bbox 1064 2118 1187 2153; x_wconf 85' lang='lat' dir='ltr'><strong>notitia,</strong></span> <span class='ocrx_word' id='word_1_584' title='bbox 1201 2119 1249 2146; x_wconf 73' lang='lat' dir='ltr'><strong>vel</strong></span> <span class='ocrx_word' id='word_1_585' title='bbox 1271 2126 1388 2146; x_wconf 85' lang='lat' dir='ltr'><strong>summa</strong></span> <span class='ocrx_word' id='word_1_586' title='bbox 1408 2118 1570 2154; x_wconf 87' lang='lat' dir='ltr'><strong>sapicntia;</strong></span> <span class='ocrx_word' id='word_1_587' title='bbox 1592 2117 1675 2145; x_wconf 83' lang='lat' dir='ltr'><strong>tertio</strong></span> <span class='ocrx_word' id='word_1_588' title='bbox 1697 2119 1741 2144; x_wconf 79' lang='lat' dir='ltr'><strong>est</strong></span> 
     </span>
     <span class='ocr_line' id='line_1_91' title="bbox 962 2164 1738 2201; baseline -0.003 -8"><span class='ocrx_word' id='word_1_589' title='bbox 962 2165 1083 2201; x_wconf 78' lang='lat' dir='ltr'><strong>Spiritus</strong></span> <span class='ocrx_word' id='word_1_590' title='bbox 1099 2168 1215 2193; x_wconf 87' lang='lat' dir='ltr'><strong>sanctus</strong></span> <span class='ocrx_word' id='word_1_591' title='bbox 1226 2186 1234 2199; x_wconf 88' lang='lat'><strong>,</strong></span> <span class='ocrx_word' id='word_1_592' title='bbox 1252 2166 1302 2201; x_wconf 89' lang='lat' dir='ltr'><strong>qui</strong></span> <span class='ocrx_word' id='word_1_593' title='bbox 1318 2169 1360 2193; x_wconf 82' lang='lat' dir='ltr'><strong>est</strong></span> <span class='ocrx_word' id='word_1_594' title='bbox 1375 2174 1462 2193; x_wconf 88' lang='lat' dir='ltr'><strong>verus</strong></span> <span class='ocrx_word' id='word_1_595' title='bbox 1478 2173 1571 2192; x_wconf 81' lang='lat' dir='ltr'><strong>amo:.</strong></span> <span class='ocrx_word' id='word_1_596' title='bbox 1598 2166 1673 2199; x_wconf 78' lang='lat' dir='ltr'><strong>Ergo</strong></span> <span class='ocrx_word' id='word_1_597' title='bbox 1697 2164 1738 2191; x_wconf 86' lang='lat' dir='ltr'><strong>sie</strong></span> 
     </span>
     <span class='ocr_line' id='line_1_92' title="bbox 961 2211 1739 2247; baseline -0.004 -7"><span class='ocrx_word' id='word_1_598' title='bbox 961 2213 1013 2240; x_wconf 87' lang='lat' dir='ltr'><strong>erit</strong></span> <span class='ocrx_word' id='word_1_599' title='bbox 1028 2213 1058 2239; x_wconf 86' lang='lat' dir='ltr'><strong>in</strong></span> <span class='ocrx_word' id='word_1_600' title='bbox 1073 2212 1189 2247; x_wconf 84' lang='lat' dir='ltr'><strong>anima,</strong></span> <span class='ocrx_word' id='word_1_601' title='bbox 1206 2221 1272 2247; x_wconf 66' lang='lat' dir='ltr'><strong>quie</strong></span> <span class='ocrx_word' id='word_1_602' title='bbox 1286 2220 1338 2247; x_wconf 77' lang='lat' dir='ltr'><strong>per</strong></span> <span class='ocrx_word' id='word_1_603' title='bbox 1353 2211 1556 2239; x_wconf 80' lang='lat' dir='ltr'><strong>extensionem</strong></span> <span class='ocrx_word' id='word_1_604' title='bbox 1572 2211 1682 2238; x_wconf 84' lang='lat' dir='ltr'><strong>amoris</strong></span> <span class='ocrx_word' id='word_1_605' title='bbox 1697 2219 1739 2238; x_wconf 85' lang='lat' dir='ltr'><strong>se-</strong></span> 
     </span>
     <span class='ocr_line' id='line_1_93' title="bbox 961 2257 1738 2293; baseline -0.004 -7"><span class='ocrx_word' id='word_1_606' title='bbox 961 2259 1094 2286; x_wconf 89' lang='lat' dir='ltr'><strong>cundum</strong></span> <span class='ocrx_word' id='word_1_607' title='bbox 1105 2258 1230 2286; x_wconf 86' lang='lat' dir='ltr'><strong>modum</strong></span> <span class='ocrx_word' id='word_1_608' title='bbox 1241 2266 1300 2285; x_wconf 82' lang='lat' dir='ltr'><strong>suae</strong></span> <span class='ocrx_word' id='word_1_609' title='bbox 1313 2258 1474 2293; x_wconf 76' lang='lat' dir='ltr'><strong>parvitatis,</strong></span> <span class='ocrx_word' id='word_1_610' title='bbox 1488 2260 1519 2284; x_wconf 86' lang='lat' dir='ltr'><strong>ut</strong></span> <span class='ocrx_word' id='word_1_611' title='bbox 1532 2257 1672 2293; x_wconf 85' lang='lat' dir='ltr'><strong>possibile</strong></span> <span class='ocrx_word' id='word_1_612' title='bbox 1686 2260 1738 2290; x_wconf 86' lang='lat' dir='ltr'><strong>cst,</strong></span> 
     </span>
     <span class='ocr_line' id='line_1_94' title="bbox 960 2303 1739 2339; baseline -0.004 -6"><span class='ocrx_word' id='word_1_613' title='bbox 960 2305 1128 2333; x_wconf 84' lang='lat' dir='ltr'><strong>Trinitatem</strong></span> <span class='ocrx_word' id='word_1_614' title='bbox 1148 2304 1350 2332; x_wconf 86' lang='lat' dir='ltr'><strong>beatissimam</strong></span> <span class='ocrx_word' id='word_1_615' title='bbox 1373 2304 1474 2332; x_wconf 91' lang='lat' dir='ltr'><strong>nititur</strong></span> <span class='ocrx_word' id='word_1_616' title='bbox 1495 2303 1603 2331; x_wconf 86' lang='lat' dir='ltr'><strong>imitari</strong></span> <span class='ocrx_word' id='word_1_617' title='bbox 1627 2313 1633 2330; x_wconf 91' lang='lat'><strong>:</strong></span> <span class='ocrx_word' id='word_1_618' title='bbox 1656 2304 1739 2339; x_wconf 89' lang='lat' dir='ltr'><strong>quod</strong></span> 
     </span>
     <span class='ocr_line' id='line_1_95' title="bbox 962 2350 1739 2387; baseline -0.003 -9"><span class='ocrx_word' id='word_1_619' title='bbox 962 2352 1058 2387; x_wconf 83' lang='lat' dir='ltr'><strong>primo</strong></span> <span class='ocrx_word' id='word_1_620' title='bbox 1074 2351 1115 2379; x_wconf 88' lang='lat' dir='ltr'><strong>ibi</strong></span> <span class='ocrx_word' id='word_1_621' title='bbox 1130 2351 1197 2385; x_wconf 88' lang='lat' dir='ltr'><strong>erit,</strong></span> <span class='ocrx_word' id='word_1_622' title='bbox 1214 2351 1250 2378; x_wconf 87' lang='lat' dir='ltr'><strong>de</strong></span> <span class='ocrx_word' id='word_1_623' title='bbox 1266 2351 1330 2386; x_wconf 82' lang='lat' dir='ltr'><strong>ipso</strong></span> <span class='ocrx_word' id='word_1_624' title='bbox 1355 2351 1394 2378; x_wconf 84' lang='lat' dir='ltr'><strong>ad</strong></span> <span class='ocrx_word' id='word_1_625' title='bbox 1415 2359 1506 2386; x_wconf 86' lang='lat' dir='ltr'><strong>quem</strong></span> <span class='ocrx_word' id='word_1_626' title='bbox 1525 2350 1617 2377; x_wconf 85' lang='lat' dir='ltr'><strong>tendit</strong></span> <span class='ocrx_word' id='word_1_627' title='bbox 1637 2350 1739 2385; x_wconf 85' lang='lat' dir='ltr'><strong>aliqua</strong></span> 
     </span>
     <span class='ocr_line' id='line_1_96' title="bbox 962 2397 1739 2433; baseline -0.003 -8"><span class='ocrx_word' id='word_1_628' title='bbox 962 2397 1120 2433; x_wconf 72' lang='lat' dir='ltr'><strong>cogitando</strong></span> <span class='ocrx_word' id='word_1_629' title='bbox 1133 2418 1142 2432; x_wconf 92' lang='lat'><em>‚</em></span> <span class='ocrx_word' id='word_1_630' title='bbox 1157 2397 1205 2424; x_wconf 80' lang='lat' dir='ltr'><strong>vel</strong></span> <span class='ocrx_word' id='word_1_631' title='bbox 1225 2397 1416 2431; x_wconf 77' lang='lat' dir='ltr'><strong>intelligenda</strong></span> <span class='ocrx_word' id='word_1_632' title='bbox 1430 2397 1533 2424; x_wconf 88' lang='lat' dir='ltr'><strong>notitia</strong></span> <span class='ocrx_word' id='word_1_633' title='bbox 1544 2417 1553 2431; x_wconf 93' lang='lat'><strong>,</strong></span> <span class='ocrx_word' id='word_1_634' title='bbox 1580 2399 1739 2431; x_wconf 84' lang='lat' dir='ltr'><strong>antequam</strong></span> 
     </span>
     <span class='ocr_line' id='line_1_97' title="bbox 962 2442 1738 2479; baseline -0.003 -8"><span class='ocrx_word' id='word_1_635' title='bbox 962 2445 1072 2472; x_wconf 87' lang='lat' dir='ltr'><strong>amoris</strong></span> <span class='ocrx_word' id='word_1_636' title='bbox 1085 2443 1232 2472; x_wconf 82' lang='lat' dir='ltr'><strong>desiderio</strong></span> <span class='ocrx_word' id='word_1_637' title='bbox 1244 2444 1275 2471; x_wconf 92' lang='lat' dir='ltr'><strong>in</strong></span> <span class='ocrx_word' id='word_1_638' title='bbox 1287 2443 1385 2479; x_wconf 84' lang='lat' dir='ltr'><strong>ipsum</strong></span> <span class='ocrx_word' id='word_1_639' title='bbox 1396 2443 1487 2479; x_wconf 82' lang='lat' dir='ltr'><strong>possit</strong></span> <span class='ocrx_word' id='word_1_640' title='bbox 1499 2442 1659 2479; x_wconf 84' lang='lat' dir='ltr'><strong>aspirando</strong></span> <span class='ocrx_word' id='word_1_641' title='bbox 1670 2450 1738 2470; x_wconf 87' lang='lat' dir='ltr'><strong>cou-</strong></span> 
     </span>
     <span class='ocr_line' id='line_1_98' title="bbox 962 2490 1739 2525; baseline -0.003 -7"><span class='ocrx_word' id='word_1_642' title='bbox 962 2499 1104 2525; x_wconf 79' lang='lat' dir='ltr'><strong>surgcre:</strong></span> <span class='ocrx_word' id='word_1_643' title='bbox 1125 2498 1198 2525; x_wconf 78' lang='lat' dir='ltr'><strong>ergo</strong></span> <span class='ocrx_word' id='word_1_644' title='bbox 1222 2490 1381 2525; x_wconf 78' lang='lat' dir='ltr'><strong>cogitando</strong></span> <span class='ocrx_word' id='word_1_645' title='bbox 1404 2497 1598 2525; x_wconf 80' lang='lat' dir='ltr'><strong>cognoscere,</strong></span> <span class='ocrx_word' id='word_1_646' title='bbox 1622 2497 1739 2524; x_wconf 86' lang='lat' dir='ltr'><strong>semper</strong></span> 
     </span>
     <span class='ocr_line' id='line_1_99' title="bbox 961 2536 1434 2572; baseline -0.002 -7"><span class='ocrx_word' id='word_1_647' title='bbox 961 2537 1099 2572; x_wconf 60' lang='lat' dir='ltr'><strong>praecedit</strong></span> <span class='ocrx_word' id='word_1_648' title='bbox 1114 2536 1302 2565; x_wconf 80' lang='lat' dir='ltr'><strong>affectionem</strong></span> <span class='ocrx_word' id='word_1_649' title='bbox 1315 2537 1434 2564; x_wconf 82' lang='lat' dir='ltr'><strong>amoris.</strong></span> 
     </span>
    </p>
   </div>
   <div class='ocr_carea' id='block_1_8' title="bbox 1754 1006 1861 1124">
    <p class='ocr_par' dir='ltr' id='par_1_12' title="bbox 1774 1006 1846 1031">
     <span class='ocr_line' id='line_1_100' title="bbox 1774 1006 1846 1031; baseline -0.014 -6"><span class='ocrx_word' id='word_1_650' title='bbox 1774 1006 1846 1031; x_wconf 74' lang='lat' dir='ltr'><strong>Argu—</strong></span> 
     </span>
    </p>

    <p class='ocr_par' dir='ltr' id='par_1_13' title="bbox 1771 1037 1845 1056">
     <span class='ocr_line' id='line_1_101' title="bbox 1771 1037 1845 1056; baseline 0 -1"><span class='ocrx_word' id='word_1_651' title='bbox 1771 1037 1845 1056; x_wconf 79' lang='lat' dir='ltr'><strong>menta</strong></span> 
     </span>
    </p>

    <p class='ocr_par' dir='ltr' id='par_1_14' title="bbox 1754 1066 1861 1124">
     <span class='ocr_line' id='line_1_102' title="bbox 1773 1066 1842 1092; baseline 0 -6"><span class='ocrx_word' id='word_1_652' title='bbox 1773 1066 1842 1092; x_wconf 71' lang='lat' dir='ltr'><strong>partis</strong></span> 
     </span>
     <span class='ocr_line' id='line_1_103' title="bbox 1754 1097 1861 1124; baseline 0.009 -7"><span class='ocrx_word' id='word_1_653' title='bbox 1754 1097 1861 1124; x_wconf 67' lang='lat' dir='ltr'><strong>negativa</strong></span> 
     </span>
    </p>
   </div>
   <div class='ocr_carea' id='block_1_9' title="bbox 1781 1141 1863 1166">
    <p class='ocr_par' dir='ltr' id='par_1_15' title="bbox 1781 1141 1863 1166">
     <span class='ocr_line' id='line_1_104' title="bbox 1781 1141 1863 1166; baseline 0.012 -6"><span class='ocrx_word' id='word_1_654' title='bbox 1781 1141 1836 1166; x_wconf 74' lang='lat' dir='ltr'><strong>Arg.</strong></span> <span class='ocrx_word' id='word_1_655' title='bbox 1844 1141 1863 1161; x_wconf 89' lang='lat'><strong>1.</strong></span> 
     </span>
    </p>
   </div>
   <div class='ocr_carea' id='block_1_10' title="bbox 1769 1380 1861 1407">
    <p class='ocr_par' dir='ltr' id='par_1_16' title="bbox 1769 1380 1861 1407">
     <span class='ocr_line' id='line_1_105' title="bbox 1769 1380 1861 1407; baseline 0 -7"><span class='ocrx_word' id='word_1_656' title='bbox 1769 1381 1821 1407; x_wconf 81' lang='lat' dir='ltr'><strong>Arg.</strong></span> <span class='ocrx_word' id='word_1_657' title='bbox 1833 1380 1861 1400; x_wconf 87' lang='lat'><strong>11.</strong></span> 
     </span>
    </p>
   </div>
   <div class='ocr_carea' id='block_1_11' title="bbox 1755 1666 1861 1691">
    <p class='ocr_par' dir='ltr' id='par_1_17' title="bbox 1755 1666 1861 1691">
     <span class='ocr_line' id='line_1_106' title="bbox 1755 1666 1861 1691; baseline -0.009 -6"><span class='ocrx_word' id='word_1_658' title='bbox 1755 1667 1806 1691; x_wconf 74' lang='lat' dir='ltr'><strong>Arg.</strong></span> <span class='ocrx_word' id='word_1_659' title='bbox 1820 1666 1861 1688; x_wconf 80' lang='grc' dir='ltr'><strong>ιιι,</strong></span> 
     </span>
    </p>
   </div>
   <div class='ocr_carea' id='block_1_12' title="bbox 998 2582 1858 2621">
    <p class='ocr_par' dir='ltr' id='par_1_18' title="bbox 998 2582 1858 2621">
     <span class='ocr_line' id='line_1_107' title="bbox 998 2582 1858 2621; baseline -0.002 -10"><span class='ocrx_word' id='word_1_660' title='bbox 998 2586 1078 2618; x_wconf 84' lang='lat' dir='ltr'><strong>Item,</strong></span> <span class='ocrx_word' id='word_1_661' title='bbox 1090 2583 1256 2611; x_wconf 86' lang='lat' dir='ltr'><strong>secundum</strong></span> <span class='ocrx_word' id='word_1_662' title='bbox 1271 2583 1353 2619; x_wconf 85' lang='lat' dir='ltr'><strong>quod</strong></span> <span class='ocrx_word' id='word_1_663' title='bbox 1365 2583 1436 2610; x_wconf 87' lang='lat' dir='ltr'><strong>dicit</strong></span> <span class='ocrx_word' id='word_1_664' title='bbox 1450 2583 1554 2610; x_wconf 82' lang='lat' dir='ltr'><strong>beatus</strong></span> <span class='ocrx_word' id='word_1_665' title='bbox 1570 2582 1737 2618; x_wconf 66' lang='lat' dir='ltr'><strong>Dionysius,</strong></span> <span class='ocrx_word' id='word_1_666' title='bbox 1753 2597 1805 2621; x_wconf 43' lang='lat' dir='ltr'>Arg.</span> <span class='ocrx_word' id='word_1_667' title='bbox 1821 2596 1858 2615; x_wconf 53' lang='grc' dir='ltr'><strong>ιγ,</strong></span> 
     </span>
    </p>
   </div>
   <div class='ocr_carea' id='block_1_13' title="bbox 963 2629 1739 2712">
    <p class='ocr_par' dir='ltr' id='par_1_19' title="bbox 963 2629 1739 2712">
     <span class='ocr_line' id='line_1_108' title="bbox 963 2629 1739 2666; baseline -0.003 -8"><span class='ocrx_word' id='word_1_668' title='bbox 963 2631 1090 2658; x_wconf 82' lang='lat' dir='ltr'><strong>Ecclesia</strong></span> <span class='ocrx_word' id='word_1_669' title='bbox 1099 2630 1230 2658; x_wconf 86' lang='lat' dir='ltr'><strong>militans</strong></span> <span class='ocrx_word' id='word_1_670' title='bbox 1246 2630 1385 2662; x_wconf 84' lang='lat' dir='ltr'><strong>imitatur,</strong></span> <span class='ocrx_word' id='word_1_671' title='bbox 1398 2629 1563 2657; x_wconf 84' lang='lat' dir='ltr'><strong>secuudum</strong></span> <span class='ocrx_word' id='word_1_672' title='bbox 1574 2629 1657 2665; x_wconf 85' lang='lat' dir='ltr'><strong>quod</strong></span> <span class='ocrx_word' id='word_1_673' title='bbox 1672 2637 1739 2666; x_wconf 88' lang='lat' dir='ltr'><strong>pos-</strong></span> 
     </span>
     <span class='ocr_line' id='line_1_109' title="bbox 963 2676 1737 2712; baseline 0 -9"><span class='ocrx_word' id='word_1_674' title='bbox 963 2677 1048 2704; x_wconf 88' lang='lat' dir='ltr'><strong>sibile</strong></span> <span class='ocrx_word' id='word_1_675' title='bbox 1063 2679 1119 2712; x_wconf 89' lang='lat' dir='ltr'><strong>est,</strong></span> <span class='ocrx_word' id='word_1_676' title='bbox 1136 2676 1294 2704; x_wconf 84' lang='lat' dir='ltr'><strong>Ecclesiam</strong></span> <span class='ocrx_word' id='word_1_677' title='bbox 1309 2676 1541 2712; x_wconf 75' lang='lat' dir='ltr'><strong>tritunphantem</strong></span> <span class='ocrx_word' id='word_1_678' title='bbox 1558 2684 1565 2703; x_wconf 88' lang='lat'>:</span> <span class='ocrx_word' id='word_1_679' title='bbox 1581 2683 1651 2711; x_wconf 85' lang='lat' dir='ltr'><strong>ergo</strong></span> <span class='ocrx_word' id='word_1_680' title='bbox 1673 2676 1737 2704; x_wconf 83' lang='lat' dir='ltr'><strong>ani-</strong></span> 
     </span>
    </p>
   </div>
  </div>
 </body>
</html>
