2004 3037
136 206 198 239 504

176 271 365 310 «Dereliquit
385 270 530 301 Dominus
553 268 724 305 Ezechiam,
737 269 772 298 ut
793 269 918 299 tentare-

137 323 202 356 tur,
216 320 246 349 et
257 321 330 348 nota
341 318 448 348 fierent
468 317 572 347 omnia
595 324 664 354 quae
683 317 768 346 erant
780 315 812 344 in
825 314 918 345 corde

138 368 218 404 eJus,
228 376 244 395 n
260 365 385 404 quando
395 367 541 395 venerunt
554 364 651 393 nuntii
664 363 744 400 regis
757 362 919 400 Babylonis

139 414 180 444 ad
193 421 278 449 eum,
289 414 313 443 11
327 414 464 449 Paralip„
481 420 521 446 u,
534 419 630 441 xxxxi.

171 462 333 498 Postquam
345 460 453 490 'tobias
472 459 570 489 fuerat
588 459 769 493 excaecatus,
785 457 862 493 Tob„
876 465 900 486 n
909 477 919 494 ,

139 507 248 537 dicitur
271 507 313 537 ibi
339 517 347 537 ι
365 516 380 535 α
399 508 479 536 lianc
503 508 605 536 autem
630 505 825 534 tentationem
848 503 921 533 ideo

139 554 274 593 permisit
287 554 406 584 evenire
419 554 479 590 illi,
493 555 528 582 ut
540 552 668 590 posteris
681 552 803 581 daretur
819 559 922 581 exem-

139 603 226 640 plum
243 602 392 640 patientiae
407 602 481 639 ejus.
497 611 512 629 n

177 650 254 679 Dixit
266 650 367 679 Iudith
379 650 508 686 loquens
523 649 562 678 de
577 648 647 678 filiis
657 647 764 683 Israel,
777 654 855 684 quos
867 645 922 676 illo

142 699 276 735 tempore
290 696 463 727 Holofernes
477 696 629 726 destruere
648 695 799 731 cogitabat
813 703 821 724 ε
839 705 854 722 ι
867 695 924 723 Me-

141 753 242 774 mores
256 753 320 774 esse
335 744 446 774 debent
458 743 615 781 quomodo
629 743 730 772 tentati
743 745 812 771 sunt
824 743 924 779 patres

142 791 252 828 nostri,
265 793 299 821 ut
307 791 519 829 probarentur,
529 790 554 820 si
563 798 634 820 vere
643 790 778 820 colerent
792 790 896 819 Deum.
906 798 922 816 ι

142 839 264 875 Iudith„
281 847 342 869 vm.

180 889 303 925 Propter
325 887 514 924 gravissimas
535 885 707 923 passiones,
722 891 798 921 quas
819 890 926 920 passus

145 936 188 965 est
201 937 320 964 sanctus
333 934 406 970 Job,
421 934 541 963 dicebat
554 933 618 970 ipse
633 932 671 961 de
686 932 786 969 seipso
803 939 811 960 :
829 939 844 957 α
858 931 927 959 Pro·

144 981 229 1011 bavit
241 990 291 1011 me
306 982 392 1018 quasi
407 989 532 1017 aurum,
547 979 632 1017 quod
653 986 709 1016 per
728 979 831 1015 ignem
848 980 927 1007 tran-

145 1028 190 1057 sit.
207 1039 222 1056 v»
236 1029 295 1065 Job,
308 1036 392 1058 xxm.

181 1076 302 1105 Petebat
324 1075 420 1104 David
442 1084 461 1105 a
482 1074 626 1110 Domino,
646 1073 749 1103 dicens
766 1083 776 1102 ε
798 1083 813 1100 ι(
830 1072 928 1102 Proba

148 1130 208 1159 me,
225 1123 366 1159 Domine,
376 1126 405 1151 et
418 1124 498 1152 tenta
513 1130 574 1157 me,
588 1132 602 1150 »
620 1123 688 1157 etc.‚
703 1121 790 1154 Psal„
804 1128 875 1149 xxv.

183 1170 350 1199 Ambulans
365 1170 507 1199 Dominus
520 1171 604 1199 lesus
618 1177 708 1205 super
731 1176 826 1205 aquas
843 1166 931 1203 jussit

148 1218 266 1245 Petrum
288 1217 391 1246 venire
415 1217 455 1246 ad
479 1225 510 1246 se
525 1227 534 1254 3
553 1226 567 1243 a
581 1216 685 1246 videns
709 1223 782 1245 vero
806 1215 930 1244 ventum

149 1264 284 1293 validum
298 1264 413 1300 timuit,
429 1275 444 1292 ιι
460 1266 527 1300 ete.‚
543 1264 655 1297 Matth„
671 1271 731 1293 xiv.

186 1311 262 1340 Dixit
274 1311 415 1340 Dominus
425 1311 465 1340 ad
476 1311 645 1348 Philippum
658 1319 666 1339 :
681 1320 694 1337 «
705 1309 786 1339 Unde
797 1317 931 1339 ememus

151 1367 254 1396 panes,
269 1359 301 1387 ut
314 1358 496 1387 manducent
510 1358 529 1386 ii
545 1359 580 1395 (α)
591 1359 604 1386 ⁶?
619 1358 679 1387 lloc
699 1360 799 1388 autem
813 1357 933 1387 dicebat

152 1407 269 1435 tentans
283 1414 368 1443 eum,
384 1416 399 1433 n
416 1407 509 1439 Joan„
522 1414 564 1435 v1.

412 1499 557 1536 CAPUT
579 1499 671 1535 XIV.

263 1575 340 1608 Quod
358 1574 434 1603 homo
452 1582 504 1602 non
523 1574 596 1602 debet
616 1575 718 1602 tentare
737 1574 830 1601 Deum.

192 1645 341 1674 Abraham
356 1643 526 1681 ingrediens
539 1645 700 1680 AEgyptum
718 1642 881 1679 prudenter
895 1644 936 1671 ta-

157 1692 215 1721 cuit
229 1693 332 1721 Saram
347 1700 409 1720 csse
423 1699 549 1720 uxorem
564 1698 648 1719 suam
658 1711 667 1725 ‚
686 1698 723 1718 nc
738 1690 762 1718 si
776 1690 834 1718 hoc
850 1689 938 1718 dixis-

158 1741 218 1775 set,
233 1739 364 1775 seipsum
389 1740 417 1766 ct
437 1738 521 1766 illam
543 1737 705 1765 discrimini
725 1737 938 1771 commisisset,

159 1787 262 1819 Genes„
279 1794 328 1814 xii.
345 1786 443 1814 Simile
458 1785 540 1819 tecit,
557 1785 634 1817 Gen„
652 1791 705 1819 xx3
720 1786 747 1812 et
762 1785 842 1811 isaac
857 1783 938 1811 simi-

158 1834 240 1869 liter,
257 1834 333 1868 Gen„
348 1841 430 1861 xxvi.
448 1832 506 1860 Nisi
526 1833 627 1860 autem
641 1831 682 1858 sic
697 1830 830 1865 fecisset,
847 1831 939 1858 Deum

161 1880 390 1918 quodammodo
405 1881 561 1915 tentasset,
578 1877 744 1906 secundum
763 1877 848 1914 quod
869 1877 940 1906 dicit

160 1928 351 1964 Augustinus.

197 1975 361 2004 Multotiens
376 1975 561 2003 tentaverunt
575 1973 628 2001 filii
643 1972 730 2002 lsrael
740 1972 898 2001 Dominum
911 1971 940 2000 in

163 2022 294 2058 deserto,
305 2024 337 2050 ut
349 2022 472 2056 dicitur,
485 2023 580 2056 Num„
595 2029 653 2049 xiv.

199 2069 331 2106 superati
346 2069 377 2097 in
389 2069 469 2097 bollo
484 2068 536 2096 filii
553 2068 669 2097 israela
684 2067 843 2102 Philistaeis,
859 2066 942 2094 dixe-

165 2120 232 2145 runt
248 2126 254 2145 :
274 2126 287 2143 t<
301 2118 397 2150 Quare
416 2115 560 2152 percussit
578 2123 633 2143 nos
659 2116 734 2142 Deus
758 2121 860 2141 coram
880 2114 943 2141 Phi-

165 2164 262 2192 listoeis
279 2165 293 2191 ἰ)
308 2174 321 2190 »
339 2165 372 2192 Et
392 2166 461 2191 tunc
482 2162 631 2191 duxerunt
651 2169 752 2190 arcam
770 2160 884 2188 Domini
904 2160 944 2188 ad

165 2211 316 2247 praelium,
335 2219 401 2246 quae
425 2211 510 2246 capta
533 2209 600 2244 suit,
621 2211 649 2236 et
667 2209 710 2236 illi
729 2215 840 2243 magna
853 2207 944 2244 plaga

166 2257 306 2293 percussi.
324 2259 333 2285 l
349 2259 425 2292 neq..
442 2264 482 2285 rv.

201 2304 317 2334 Sciebat
331 2304 425 2332 David
446 2312 476 2332 se
491 2310 554 2332 esse
569 2303 723 2331 inunctum
737 2303 768 2330 in
782 2309 902 2337 regem,
918 2304 946 2331 et

167 2352 251 2389 quod
278 2350 402 2379 deberet
425 2358 528 2386 regere
553 2352 622 2386 post
648 2349 789 2383 Saulem,
805 2349 890 2384 juxta
913 2347 945 2376 id

166 2399 251 2435 quod
264 2397 442 2434 promiserat
459 2397 486 2425 ei
502 2396 619 2425 Samuel
638 2405 644 2424 :
660 2404 722 2424 non
743 2398 842 2424 tamen
865 2403 946 2423 com-

167 2446 303 2474 mittebat
316 2453 346 2473 se
362 2444 544 2480 discrimini,
559 2443 613 2472 sed
627 2442 754 2471 faciebat
769 2442 808 2470 ad
823 2442 867 2469 sui
884 2450 946 2470 cus-

167 2493 292 2528 todiam,
307 2491 393 2528 quod
407 2491 545 2519 debebat.
563 2492 660 2525 lReq.‚
674 2497 743 2522 xxii,
755 2491 784 2517 et
795 2489 944 2524 deinceps.

204 2541 277 2567 Cum
291 2539 431 2567 immanis
450 2537 539 2575 piscis
554 2537 707 2566 invasisset
727 2535 869 2571 Tobiam,
884 2543 946 2564 non

169 2586 334 2622 expectavit
356 2585 440 2622 quod
464 2585 596 2622 Angelus
623 2592 692 2613 eum
720 2584 877 2619 liberaret,
895 2583 947 2619 qui

202 2686 235 2716 ((ι)
253 2686 327 2717 Vulg.
343 2685 379 2709 hi.
396 2698 421 2703 —
441 2685 472 2715 (b)
487 2685 562 2716 Vulg.
584 2686 688 2709 Annua-1
704 2702 711 2714 ,
727 2683 802 2709 etsie
816 2682 947 2715 deinceps.

754 199 890 234 BIBLIA
909 196 1141 234 PAUPERUM.

972 268 1035 297 tam
1047 265 1191 295 velociter
1209 264 1269 295 hoc
1285 265 1385 296 facere
1405 265 1550 304 potuisset
1555 275 1566 303 3
1579 266 1635 296 sed
1648 273 1754 304 appre-

972 313 1076 343 hendit
1085 311 1263 343 branchiam
1273 312 1353 350 ejus,
1363 313 1394 342 et
1405 312 1496 343 traxit
1507 320 1578 343 eum
1587 312 1619 342 in
1630 312 1752 344 siccum.

976 362 1050 396 Tob..
1065 369 1106 390 vr.

1010 408 1092 439 osias
1103 407 1203 437 statuit
1216 415 1287 437 cum
1299 407 1433 445 populo,
1445 409 1480 437 ut
1499 408 1654 438 transactis
1667 408 1756 446 quin-

975 465 1035 494 que
1050 457 1173 492 diebus,
1187 456 1245 485 nisi
1258 456 1374 485 veniret
1388 456 1590 493 adjutorium,
1605 456 1758 485 traderent

980 513 1010 533 se
1017 504 1210 541 Holopherni.
1217 503 1293 532 Dixit
1304 506 1404 532 autem
1413 503 1514 532 Judiih
1525 503 1706 541 presbyteris
1714 503 1757 532 ci·

975 551 1094 580 vitatis:
1114 562 1128 577 α
1141 553 1175 580 Et
1193 551 1246 588 qui
1269 551 1337 580 estis
1359 559 1433 585 vos,
1448 551 1501 588 qui
1522 551 1640 579 tentatis
1660 549 1758 579 Domi·

976 599 1074 628 num?
1095 600 1161 628 Non
1181 601 1225 628 est
1246 599 1300 627 iste
1322 607 1421 627 sermo
1445 598 1498 635 qui
1521 598 1758 628 misericordiam

976 649 1141 684 provocet,
1156 658 1170 674 η
1187 648 1254 682 ete.‚
1270 647 1380 680 suaith,
1393 654 1457 675 vm.

1011 688 1149 723 Teutalus
1163 694 1306 722 Dominus
1320 702 1339 722 a
1352 693 1477 723 diabolo
1487 715 1496 729 ‚
1511 695 1545 722 ut
1562 693 1626 731 ipse
1640 692 1678 722 de
1691 693 1758 731 pin-

977 741 1086 770 naculo
1096 740 1200 777 templi
1212 748 1243 769 se
1257 741 1469 777 praecipitaret,
1479 741 1653 778 respondit:
1667 750 1682 767 α
1695 741 1759 769 Non

978 788 1107 817 tentabis
1122 788 1281 816 Dominum
1295 790 1396 823 tuum,
1411 798 1426 815 n
1450 790 1626 825 potestatem
1645 788 1760 818 habens

979 835 1065 866 aliter
1079 835 1269 865 descendere.
1284 837 1400 872 Mami„
1415 843 1456 872 iv,
1470 838 1499 865 et
1511 837 1589 872 Luc„
1603 843 1642 865 w.

1014 883 1151 912 Pharisoei
1164 883 1302 912 volentes
1312 884 1411 913 Jesum
1425 891 1532 920 capere
1555 883 1587 912 in
1606 891 1760 920 sermone,

979 929 1114 959 fecerunt
1137 930 1176 959 ab
1201 938 1239 959 co
1265 931 1374 968 quaeri,
1399 932 1501 959 utrum
1525 930 1627 960 liceret
1653 931 1764 960 tributa

981 977 1047 1006 dari
1062 978 1182 1013 Caesari,
1199 985 1238 1006 an
1251 986 1323 1007 non.
1340 988 1355 1004 α
1367 978 1492 1015 Cognita
1513 980 1612 1006 autem
1631 978 1763 1015 nequitia

982 1031 1104 1059 corum,
1117 1026 1199 1053 Jesus
1213 1025 1254 1053 ait
1269 1034 1277 1054 :
1292 1025 1370 1059 Quid
1393 1033 1442 1054 me
1464 1025 1602 1061 tentatis,
1624 1024 1764 1062 hypocri-

982 1072 1042 1100 tae?
1056 1082 1071 1099 ι’
1088 1074 1156 1106 ete.‚
1173 1072 1285 1104 March„
1301 1080 1373 1100 xxii.

1019 1119 1093 1147 Cum
1104 1119 1236 1154 ejecisset
1250 1118 1434 1148 daemonium
1447 1118 1589 1148 Dominus
1594 1139 1605 1154 ,
1619 1119 1648 1148 et
1660 1118 1764 1156 quue-

983 1167 1064 1195 retur
1078 1167 1194 1200 mutus,
1212 1175 1227 1192 α
1248 1165 1374 1202 quidam
1397 1168 1562 1202 tentantes,
1587 1166 1706 1203 signum
1726 1165 1765 1196 de

984 1213 1060 1241 coelo
1074 1212 1247 1250 quaerebant
1261 1213 1300 1241 ab
1315 1221 1351 1242 eo
1363 1234 1373 1248 ,
1388 1223 1403 1240 w
1420 1214 1497 1248 Luc„
1511 1221 1552 1242 xi.

1023 1261 1099 1288 Dure
1114 1260 1296 1297 increpando
1306 1281 1316 1295 ,
1331 1260 1407 1290 dixit
1420 1262 1521 1289 Petrus
1535 1259 1665 1297 Saphirae
1679 1259 1766 1289 uxori

986 1307 1104 1336 Ananim
1121 1317 1128 1336 ι
1146 1318 1160 1334 «ι
1175 1307 1253 1342 Quid
1273 1308 1413 1336 convenit
1435 1307 1523 1337 vobis
1546 1309 1659 1337 tentare
1675 1307 1765 1345 Spiri-

986 1355 1050 1384 tum
1065 1355 1205 1383 Domini?
1219 1365 1232 1382 η
1249 1355 1325 1390 Act,
1336 1362 1367 1384 v.

1024 1403 1063 1430 De
1077 1410 1108 1430 re
1124 1410 1215 1438 quam
1230 1402 1326 1438 potuit
1341 1410 1394 1439 per
1406 1401 1572 1431 humanam
1593 1401 1769 1432 industriam

989 1449 1098 1478 Paulus
1110 1449 1222 1485 tacere,
1236 1449 1358 1478 nolebat
1371 1449 1515 1478 miracula
1528 1452 1675 1485 expetere.
1686 1449 1769 1478 Unde

990 1497 1072 1533 apud
1091 1499 1280 1531 Damascum,
1301 1505 1370 1525 cum
1384 1497 1594 1525 insidiarentur
1609 1497 1636 1524 ei
1657 1496 1749 1524 Judoei
1761 1516 1770 1530 ‚

990 1543 1058 1572 fecit
1072 1552 1125 1580 per
1139 1552 1258 1572 murum
1274 1544 1304 1572 in
1318 1546 1419 1580 sporta
1433 1552 1462 1572 se
1476 1544 1594 1579 dimitti,
1607 1553 1621 1569 υ
1636 1545 1712 1579 Act„
1729 1551 1768 1572 ix.

1026 1592 1112 1626 item,
1135 1600 1203 1620 cum
1227 1591 1298 1620 loris
1317 1592 1406 1619 vellet
1425 1592 1562 1620 tribunus
1586 1600 1654 1620 eum
1676 1591 1770 1620 facere

992 1638 1124 1675 torqueri
1149 1653 1157 1673 ‚
1184 1638 1258 1667 dixit
1293 1647 1324 1667 se
1351 1647 1414 1668 esse
1444 1639 1541 1668 civem
1579 1640 1770 1673 Romanum,

992 1687 1068 1721 Act.‚
1084 1694 1153 1714 xxii.

1029 1736 1139 1762 Rursus
1154 1733 1228 1761 dixit
1250 1741 1282 1761 se
1304 1740 1367 1762 esse
1387 1731 1584 1767 Phariszeum‚
1598 1733 1630 1760 ut
1650 1733 1774 1769 poneret

996 1780 1210 1809 dissensionem
1234 1780 1309 1808 inter
1330 1779 1465 1815 Judoeos,
1486 1780 1563 1815 Act„
1584 1787 1668 1808 xxiu.
1683 1781 1774 1814 Item,

996 1835 1065 1856 cum
1089 1827 1213 1855 haberet
1239 1827 1376 1863 iniquum
1397 1826 1545 1862 judicem,
1563 1826 1707 1856 Caesarem
1720 1833 1774 1863 ap-

995 1874 1116 1912 pellavit
1126 1895 1136 1910 ‚
1152 1875 1226 1908 Act..
1239 1882 1308 1904 xxv.

1251 1968 1413 2003 CAPUT
1441 1968 1520 2003 XV.

1320 2041 1359 2069 De
1379 2041 1456 2069 Volo.

1033 2110 1125 2139 Jacob
1153 2109 1266 2137 vadens
1295 2109 1332 2138 ad
1360 2109 1484 2137 domum
1510 2109 1610 2138 Laban
1637 2109 1778 2139 avunculi

1001 2157 1063 2192 sui,
1085 2158 1153 2194 post
1173 2159 1320 2185 ostensam
1343 2156 1400 2185 sibi
1424 2165 1441 2184 a
1465 2157 1590 2185 Domino
1614 2157 1778 2193 visionem,

1001 2206 1105 2233 votum
1124 2204 1206 2232 vovit
1229 2204 1330 2232 dicens
1347 2212 1354 2232 ε
1374 2213 1388 2230 «
1401 2203 1430 2232 Si
1452 2204 1594 2233 Dominus
1608 2203 1693 2233 fuerit
1715 2211 1779 2232 me-

1001 2259 1091 2286 cum,
1105 2261 1120 2278 »
1137 2253 1203 2287 ete.‚
1221 2251 1299 2285 Gen„
1313 2258 1363 2279 xx.

1038 2301 1099 2328 Rex
1117 2299 1195 2328 Arad
1218 2299 1362 2335 pugnavit
1386 2300 1489 2327 contra
1511 2299 1615 2334 lsrael,
1636 2299 1665 2326 ct
1687 2297 1780 2327 victor

1003 2347 1128 2377 existens
1157 2347 1221 2375 tulit
1246 2354 1283 2374 cx
1311 2354 1347 2374 eo
1370 2346 1504 2382 praedam
1520 2356 1526 2374 :
1543 2348 1572 2374 at
1594 2345 1683 2374 lsrael
1709 2346 1780 2374 voto

1002 2402 1033 2423 se
1061 2393 1206 2429 obligavit
1234 2393 1381 2428 Domino,
1408 2395 1436 2421 ct
1463 2394 1567 2429 postea
1594 2392 1663 2420 vicit
1693 2399 1780 2426 eum,

1003 2442 1099 2476 Num„
1114 2449 1173 2470 nr.

1039 2490 1225 2524 Pugnaturus
1253 2487 1355 2523 seplile
1384 2489 1487 2515 contra
1516 2486 1594 2514 filios
1622 2488 1718 2514 Amon
1735 2485 1780 2522 (t),

1005 2537 1078 2565 dixit
1103 2546 1143 2564 z«
1168 2535 1195 2563 Si
1218 2535 1374 2563 tradideris
1398 2535 1476 2563 filios
1504 2535 1597 2563 Amon
1622 2533 1653 2561 in
1675 2541 1782 2562 manus

1004 2592 1096 2619 meas,
1108 2592 1123 2610 1)
1134 2585 1200 2617 ete.‚
1220 2582 1321 2615 Judic„
1338 2590 1377 2615 xi,

1040 2629 1141 2659 Oravit
1164 2630 1257 2657 Deum
1279 2633 1362 2658 Anna
1382 2629 1457 2657 flens
1481 2627 1617 2664 largiter,
1637 2628 1666 2656 et
1678 2628 1783 2655 votum

1006 2677 1103 2712 vovit,
1119 2676 1221 2705 dicens
1237 2685 1244 2704 :
1264 2684 1279 2702 «
1291 2677 1415 2705 Domine
1435 2674 1618 2705 exercituum
1630 2695 1639 2709 ‚
1655 2673 1678 2702 si
1694 2673 1783 2702 dede-
