2004 3037
133 526 228 551 Pauper-

120 557 171 578 tntis
185 555 227 577 tria

119 588 186 609 bona.

243 265 303 296 288

241 331 348 368 putant
359 338 425 360 rem
446 330 604 360 minimam
621 331 649 359 et
661 329 770 364 vilem,
786 328 858 366 quia
870 329 903 357 in
915 328 1000 357 'ccelo
1010 349 1020 364 ,

241 380 275 406 ut
302 378 416 407 dictum
437 379 501 413 est,
525 377 637 407 habent
657 376 760 406 sedem
783 378 812 404 et
834 376 1022 404 mansionem

242 434 338 454 suam.
353 427 426 454 Nam
441 425 512 454 dicit
525 425 683 462 Apostolus
693 424 724 452 in
734 431 863 461 persona
876 431 982 452 eorum
992 423 1019 451 ¹:

241 473 342 501 Nostra
355 474 522 502 conversatio
536 474 567 500 in
582 473 654 500 coelis
669 475 719 500 est.

277 521 349 548 ltem
362 522 444 555 nota,
460 519 544 556 quod
557 527 672 556 pauper
685 518 777 547 habet
791 518 846 546 tria
860 518 953 553 bona,
964 518 1021 546 sci-

240 567 309 596 licet
341 568 435 596 vitam
461 567 694 602 securissimam,
718 569 850 595 mentem
874 565 1021 602 quietissi-

241 623 323 643 mam
333 636 342 650 ,
369 617 398 644 et
418 617 531 643 vestem
553 614 781 644 nobilissimam.
810 613 908 642 Primo
932 613 1022 649 igitur

240 669 387 699 pauperes
403 661 515 690 suntin
529 661 591 690 vita
611 661 798 689 securissima
818 659 933 695 securi,
949 659 1022 696 quia

239 711 361 745 propter
369 707 406 744 (a)
419 710 625 745 paupertatem
634 716 695 737 non
704 709 863 736 moventur
875 707 950 742 lites,
958 714 1021 734 non

240 755 380 784 timentur
394 755 482 790 fures,
494 763 555 783 non
565 755 765 783 formidantur
774 763 877 783 rerum
891 755 1019 790 tempes-

241 804 329 837 tates;
344 802 399 830 sed
414 802 520 830 divites
534 802 623 838 hujus
637 802 744 830 mundi
760 801 903 830 sustinent
917 808 1021 829 omnes

240 850 309 879 istas
323 850 539 878 tribulationes.
557 850 637 878 Unde
652 850 682 877 in
698 849 795 885 figura
808 849 912 884 hujus,
927 847 999 876 Cain
1010 869 1019 880 ,

240 897 292 934 qui
311 897 520 934 interpretatur
537 899 684 933 possessio,
703 895 835 924 habebat
859 896 948 932 caput
965 896 1021 922 tre-

241 944 358 972 mulum
369 965 378 979 ,
393 946 421 972 et
435 943 582 980 significat
595 943 722 971 divitum
738 950 856 977 curam,
872 944 900 970 et
914 941 1022 970 sollici·

240 991 376 1019 tudinem
400 998 571 1019 avarorum.
593 989 730 1018 seeundo
751 997 899 1026 pauperes
921 991 1020 1017 mente

240 1039 308 1066 sunt
327 1037 439 1074 quieti,
457 1040 485 1066 et
498 1045 516 1066 a
531 1037 623 1074 spinis
639 1036 811 1064 divitiarum
832 1036 956 1064 minime
978 1035 1021 1064 la-

240 1086 348 1121 cerati,
364 1088 392 1114 et
405 1085 444 1113 ab
460 1093 563 1113 earum
586 1084 720 1121 pondere
736 1084 839 1118 liberi,
861 1085 889 1112 et
905 1084 944 1111 ab
969 1091 1019 1111 ea-

239 1141 307 1162 rum
320 1133 527 1170 inquinatione
545 1133 661 1162 mundi.
685 1135 757 1161 Nam
780 1132 889 1160 divitiae
910 1131 1021 1159 faciunt

240 1181 295 1209 ista
309 1181 364 1209 tria
378 1181 458 1209 mala
474 1190 480 1208 :
498 1181 580 1209 bona
595 1179 746 1216 siquidem
761 1179 939 1216 temporalia
954 1187 1022 1214 pos-

240 1236 320 1256 sessa
333 1231 472 1262 onerant,
489 1230 588 1256 amata
602 1227 774 1263 inquinant,
791 1229 819 1254 et
833 1226 942 1254 amissa
956 1234 1021 1253 cru-

240 1275 336 1309 ciant,
350 1276 383 1302 ut
398 1275 467 1302 dicit
482 1276 492 1291 ²
514 1274 689 1302 Bernartius.
706 1273 787 1301 Unde
801 1273 832 1301 in
847 1273 943 1308 figura
959 1273 1020 1308 spi-

239 1321 352 1350 ritualis
362 1321 479 1358 quietis,
490 1329 582 1357 quam
590 1320 702 1348 habent
713 1328 872 1356 pauperes,
883 1321 912 1347 et
922 1319 1020 1347 anxie-

240 1368 319 1404 tatis,
340 1377 406 1404 quae
424 1368 604 1396 concomitat
619 1366 656 1404 (b)
673 1367 808 1401 divitias,
824 1367 913 1394 lsrael
929 1375 946 1394 a
962 1368 1020 1394 Deo

240 1415 354 1452 accepit
367 1415 527 1443 sabbatum
541 1437 548 1450 ‚
562 1415 594 1442 id
610 1418 653 1442 est
664 1436 671 1448 ,
687 1414 834 1450 quietem,
851 1415 878 1441 et
893 1413 1020 1450 AEgyptii

239 1463 400 1491 anxietates
415 1465 443 1490 et
457 1470 542 1490 curas
553 1483 562 1496 ‚
583 1463 616 1489 ut
629 1461 700 1489 dicit
714 1461 872 1496 Gregorius
886 1462 907 1488 ³.
931 1462 1021 1496 Prop-

239 1512 282 1538 ter
296 1509 352 1538 hoc
372 1509 479 1537 dicitur
502 1508 541 1536 ad
561 1508 696 1536 Hebroeos
711 1508 720 1524 θ
737 1516 743 1535 :
764 1509 941 1542 Relinquitur
961 1507 1021 1535 sab-

241 1558 388 1585 bathismus
401 1557 500 1592 populo
516 1557 572 1583 Dei.
592 1555 686 1583 Tertio
700 1556 768 1582 sunt
780 1562 926 1590 pauperes
942 1557 1021 1582 veste

240 1603 358 1638 decori,
375 1603 407 1631 id
429 1605 488 1637 est,
510 1602 662 1630 honestate
687 1601 849 1637 conspicui.
877 1601 946 1629 Ideo
970 1602 1021 1629 Sa-

239 1651 324 1687 piens
335 1650 432 1686 jungit
446 1650 502 1678 ista
515 1649 575 1677 duo
588 1658 594 1676 :
609 1651 774 1684 Paupertas,
790 1648 886 1684 inquit
900 1649 921 1681 ⁸,
935 1651 961 1675 et
977 1648 1022 1675 Ιιο-

239 1701 330 1725 neslas
355 1707 371 1725 a
395 1700 447 1725 Deo
471 1700 557 1724 sunt:
577 1696 648 1732 quia
670 1696 699 1723 in
719 1696 829 1723 semitis
853 1703 1021 1731 pauperum

793 259 937 293 DIAETAE
956 259 1123 292 SALUTIS
1143 258 1221 292 TIT.
1244 259 1296 292 lv.

1079 335 1172 365 quam
1180 335 1266 364 reges
1275 349 1284 364 ,
1295 334 1444 364 pauperes
1458 326 1496 355 de
1507 334 1620 364 prope,
1635 327 1664 356 et
1676 326 1781 357 divites
1792 335 1856 357 ma-

1079 382 1133 411 gos
1147 375 1186 403 ab
1201 375 1326 404 Oriente.
1351 373 1488 402 Secundo
1503 375 1665 411 paupertas
1678 377 1723 403 est
1741 382 1856 404 summe

1079 423 1234 459 coaequata
1247 422 1324 450 eoelo
1349 431 1356 449 x
1371 423 1400 449 et
1416 429 1506 450 causa
1516 422 1562 450 est
1573 441 1583 456 ,
1600 421 1672 458 quia
1685 423 1729 450 est
1741 429 1856 451 summe

1078 469 1242 505 elongataa
1253 469 1367 497 mundo
1379 476 1514 505 :pauper
1527 467 1608 496 enim
1622 476 1738 496 summe
1748 467 1857 497 coelum

1077 516 1311 552 appropinquat,
1327 515 1399 552 quia
1413 515 1516 544 omnia
1527 515 1682 543 mundana
1691 516 1856 544 conculcat.

1078 563 1158 592 Sicut
1168 563 1306 592 videmus
1316 583 1325 598 ,
1337 562 1420 600 quod
1430 562 1481 591 ille
1495 562 1548 599 qui
1560 562 1625 590 vult
1635 562 1693 590 alte
1704 562 1857 598 attingere,

1077 609 1241 638 scabellum
1253 609 1406 638 consuevit
1413 609 1469 638 sub
1478 609 1606 646 pedibus
1616 608 1716 637 locare
1722 618 1730 644 3
1739 608 1859 645 sicpau-

1076 664 1131 693 per
1142 665 1234 685 manu
1246 657 1340 692 tangit
1349 656 1469 690 coelum,
1480 656 1551 693 quia
1562 656 1600 684 de
1615 655 1756 684 omnibus
1771 657 1858 683 terre-

1077 703 1133 739 nis,
1144 703 1362 732 contemnendo
1371 705 1400 731 et
1414 703 1631 738 conculcando,
1638 702 1707 731 facit
1715 701 1772 731 sibi
1785 709 1856 738 qua-

1077 751 1100 778 si
1109 750 1165 779 sub
1176 750 1306 786 pedibus
1316 749 1492 785 scabellum,
1501 750 1585 785 Juxta
1595 750 1671 778 illud
1681 751 1858 778 Deuterono-

1077 797 1129 825 mii
1140 798 1150 815 ⁷
1159 805 1166 824 ε
1179 798 1273 825 Omnis
1281 798 1353 825 locus
1362 805 1440 832 quem
1449 798 1594 825 calcaverit
1605 805 1653 833 pes
1663 799 1759 829 vester,
1769 800 1857 824 vester

1077 846 1139 872 erit.
1151 843 1247 871 Tertio
1261 846 1420 880 paupertas
1432 845 1476 872 est
1484 834 1601 871 sumine
1612 843 1762 871 cumulata
1774 842 1856 871 omni

1077 890 1159 918 bono
1168 900 1176 925 ;
1188 890 1300 927 optime
1315 890 1395 918 enim
1405 889 1683 918 seitthcsaurizare:
1698 890 1858 926 propterea

1077 938 1157 965 enim
1172 937 1292 965 dimittit
1309 940 1417 966 terram
1436 937 1540 974 talpis,
1565 936 1597 965 id
1621 939 1664 965 est
1687 936 1804 972 avaris,
1823 935 1858 964 fi-

1077 993 1160 1013 mum
1175 984 1291 1021 porcis,
1316 985 1348 1012 id
1367 987 1409 1012 est
1423 984 1603 1018 immundis,
1625 983 1781 1020 pulverem
1797 991 1857 1012 ser-

1076 1031 1229 1067 pentibus,
1244 1031 1275 1059 id
1291 1034 1352 1066 est,
1367 1032 1520 1068 superbis,
1532 1031 1617 1067 juxta
1638 1031 1714 1059 illud
1729 1032 1809 1059 Isaioe
1820 1031 1831 1048 ⁸
1847 1039 1855 1059 :

1076 1079 1201 1114 Serpeuti
1213 1080 1305 1114 pulvis
1318 1081 1400 1114 panis
1416 1079 1482 1113 ejus.
1503 1081 1569 1115 lpsa
1583 1079 1663 1106 enim
1678 1078 1858 1114 dedignatur

1076 1125 1182 1153 fimum
1197 1125 1306 1154 stabuli
1321 1125 1432 1154 habere
1448 1126 1515 1154 loco
1530 1125 1670 1153 thesauri.
1687 1125 1786 1153 Eimus
1799 1126 1857 1152 sta-

1076 1173 1140 1200 buli
1163 1175 1231 1200 sunt
1252 1173 1361 1200 divitiae
1382 1173 1470 1208 hujus
1490 1172 1611 1208 mundi;
1635 1172 1707 1209 quia
1726 1171 1858 1200 mundus

1077 1222 1120 1247 est
1133 1219 1284 1247 stabulum
1294 1241 1301 1254 ‚
1319 1219 1350 1247 id
1365 1222 1408 1247 est
1421 1219 1504 1247 locus
1516 1219 1722 1254 jumentorum
1735 1239 1742 1252 ,
1759 1219 1787 1246 et
1799 1217 1856 1246 ho-

1077 1267 1192 1294 minum
1213 1267 1392 1295 bestialium.
1416 1268 1480 1302 ipsa
1495 1266 1574 1293 enim
1589 1265 1671 1294 bona
1689 1263 1858 1292 immobilia

1076 1314 1182 1341 retinet
1193 1335 1200 1348 ,
1216 1314 1247 1341 id
1263 1316 1305 1341 est
1326 1313 1456 1342 coelestia
1470 1323 1477 1348 3
1493 1316 1521 1341 et
1535 1313 1678 1349 dispergit
1696 1312 1778 1340 bona
1792 1319 1857 1340 mo-

1076 1360 1167 1395 bilia,
1182 1361 1214 1388 id
1229 1363 1285 1395 est,
1301 1361 1403 1389 omnia
1418 1362 1553 1388 terrena:
1571 1359 1654 1396 quod
1669 1358 1815 1395 liguratur
1826 1358 1858 1386 in

1078 1408 1189 1441 Genesi,
1201 1407 1253 1436 uhi
1267 1407 1375 1435 dieitur
1385 1408 1405 1441 ⁹,
1421 1406 1513 1444 quod'
1520 1407 1671 1435 Abraham
1681 1405 1765 1434 dedit
1778 1406 1858 1433 lsaac

1076 1454 1178 1482 onmia
1193 1463 1259 1490 quae
1273 1454 1461 1491 possidebat,
1484 1456 1512 1483 et
1530 1453 1598 1481 filiis
1623 1452 1858 1481 concubinarum

1076 1500 1200 1536 largitus
1214 1503 1257 1529 est
1273 1509 1408 1529 munera.

1313 1596 1338 1630 C
1354 1596 1384 1629 Λ
1398 1595 1424 1628 Ρ
1440 1594 1468 1628 U
1482 1595 1509 1628 T
1552 1595 1562 1628 1
1578 1594 1621 1628 V.

1370 1669 1408 1695 De
1429 1667 1571 1694 castitate.

1113 1739 1151 1765 De
1166 1737 1295 1764 castitate
1305 1739 1375 1763 nota
1385 1735 1550 1771 specialiter
1563 1735 1618 1762 tria
1628 1743 1635 1761 :
1647 1734 1762 1761 castitas
1777 1733 1857 1761 enim
1892 1744 1923 1763 no
1934 1749 1980 1764 en.

1077 1787 1119 1812 est
1131 1785 1240 1812 florens
1252 1783 1327 1810 sicut
1337 1782 1433 1810 lilium
1446 1782 1520 1809 inter
1532 1781 1648 1817 spinas3
1661 1780 1751 1808 habet
1761 1780 1857 1807 lilium
1872 1775 1979 1826 2⁵5:ng

1077 1830 1300 1867 incorruptibile
1310 1852 1318 1865 ‚
1330 1829 1419 1857 habet
1433 1828 1562 1865 pretium
1574 1827 1788 1863 impretiabile,
1805 1828 1857 1855 ha·
1886 1837 1964 1863 prmi-

1077 1879 1127 1906 l›et
1141 1878 1245 1906 folium
1273 1875 1492 1912 insuperabile,
1518 1874 1609 1902 habet
1632 1874 1760 1910 pretium
1782 1874 1858 1902 inter
1885 1874 1935 1894 ΡΜ·

1077 1933 1228 1961 gemmas,
1243 1927 1270 1952 et
1286 1926 1363 1952 tenet
1377 1922 1486 1949 solium
1500 1929 1590 1957 super
1604 1920 1713 1949 stellas.

1113 1972 1209 2000 Primo
1225 1979 1297 2006 ergo
1321 1970 1437 1998 castitas
1461 1970 1504 1996 est
1523 1968 1632 1996 ssorens
1653 1968 1727 1995 sicut
1745 1967 1856 2001 lilium;

1077 2027 1148 2047 naui
1163 2018 1270 2046 dicitur
1284 2017 1314 2045 in
1329 2018 1448 2046 Canticis
1460 2016 1498 2042 ¹⁰:
1515 2016 1590 2043 Sicut
1607 2016 1697 2042 lilium
1713 2017 1786 2043 inter
1801 2015 1859 2049 spi-

1077 2075 1143 2097 nas,
1173 2067 1212 2093 sic
1231 2067 1320 2092 amica
1338 2073 1396 2091 mea
1416 2065 1486 2090 inter
1508 2063 1591 2096 filias.
1614 2062 1646 2089 Et
1668 2063 1755 2095 nota,
1775 2060 1859 2097 quod

1078 2113 1108 2141 in
1124 2113 1186 2140 lilio
1202 2115 1270 2140 sunt
1284 2120 1335 2139 sex
1351 2111 1421 2139 solia
1437 2109 1515 2137 nivei
1528 2108 1647 2143 coloris,
1657 2110 1684 2136 et
1698 2116 1749 2135 sex
1765 2115 1857 2142 grana

1078 2160 1159 2188 aurei
1176 2159 1284 2187 coloris
1302 2168 1309 2186 :
1326 2167 1375 2186 sex
1393 2157 1463 2185 folia
1479 2157 1566 2184 nivea
1580 2154 1746 2190 significant
1761 2154 1857 2181 earnis

1078 2207 1250 2243 pudicitiam
1264 2217 1271 2241 ;
1290 2209 1317 2234 et
1330 2214 1380 2233 sex
1394 2212 1487 2240 grana
1501 2211 1591 2231 aurea
1606 2202 1756 2237 signifiant
1776 2208 1857 2229 men-

1078 2255 1113 2281 tis
1128 2254 1314 2281 munditiam.
1337 2252 1433 2279 Primo
1449 2258 1520 2286 ergo
1536 2251 1567 2278 in
1581 2249 1643 2277 lilio
1659 2251 1727 2277 sunt
1745 2256 1796 2276 sex
1810 2247 1855 2275 so·
1897 2259 1938 2278 s„
1948 2257 1976 2278 „d

1078 2301 1132 2335 lia,
1149 2301 1178 2328 in
1194 2300 1303 2336 quibus
1318 2300 1483 2334 figurantur
1497 2305 1548 2325 sex
1564 2297 1603 2325 ad
1618 2296 1792 2333 pudicitiam
1806 2303 1855 2323 ne·
1880 2289 1966 2324 9⁰⁶³&-

1079 2347 1213 2375 eessaria.
1235 2346 1364 2374 Primum
1386 2345 1490 2372 folium
1511 2346 1554 2371 est
1575 2343 1633 2371 cibi
1657 2346 1684 2371 et
1702 2345 1789 2378 potus
1807 2349 1855 2369 so·
1870 2323 1974 2373 ἓὲἒωῗξ,

241 1745 351 1773 relucet
370 1743 560 1780 spiritualiter
574 1743 677 1771 Christi
693 1743 811 1778 signum
822 1764 829 1777 ‚
847 1742 884 1769 ‹le
900 1750 960 1777 quo
976 1741 1021 1768 ‹li-

242 1793 316 1819 citur
331 1793 360 1819 in
376 1792 446 1818 Luca
458 1791 468 1807 θ
485 1800 491 1818 :
509 1792 545 1818 Et
562 1791 591 1817 in
612 1792 719 1824 siquam
743 1791 787 1816 rui
808 1789 1018 1816 contradicetur.

242 1841 274 1867 Et
288 1841 374 1872 nota,
393 1837 476 1874 quod
496 1837 604 1872 triplex
619 1836 672 1864 fuit
687 1836 806 1871 signum
825 1835 947 1869 Christi,
974 1834 1021 1862 cui

242 1885 452 1914 contradicitur
467 1893 484 1912 a
499 1883 620 1911 (liversis
634 1882 817 1910 amatoribus
831 1881 945 1909 mundi.
963 1881 1021 1908 Pri-

241 1941 323 1961 mum
339 1932 392 1960 suit
407 1933 566 1968 paupertas
577 1952 584 1965 ,
602 1930 647 1958 cui
663 1929 873 1957 contradicitur
889 1928 926 1956 ab
949 1936 1021 1955 ava-

241 1980 300 2015 ris;
323 1978 488 2007 secundum
513 1978 566 2005 suit
587 1977 720 2011 castitas,
742 1977 788 2003 eui
812 1975 1022 2003 contradicitur

241 2027 280 2055 ab
291 2025 469 2060 immundis;
484 2027 511 2052 et
523 2024 638 2052 tertium
650 2023 703 2051 fuit
717 2023 878 2056 humilitas,
889 2022 935 2050 eui
951 2030 1021 2049 eon-

242 2073 393 2101 tradicitur
408 2081 425 2100 a
440 2071 586 2108 superbis.

120 2134 173 2155 Tria
185 2134 227 2155 alia
278 2123 348 2149 ltem
361 2123 443 2154 nota,
459 2119 542 2156 quod
557 2120 714 2154 paupertas
730 2117 788 2144 alia
803 2117 858 2144 tria
874 2117 955 2144 bona
970 2116 1022 2143 ha-

127 2172 219 2203 pauper-
243 2169 311 2203 bet3
329 2170 370 2195 est
384 2167 464 2194 enim
487 2167 646 2201 paupertas
668 2172 783 2191 summe
800 2163 913 2191 Christo
929 2170 1022 2198 copu-

142 2202 207 2251 iffi}
243 2215 301 2243 lata
312 2236 320 2248 ,
336 2214 422 2242 bonis
445 2220 559 2240 summe
584 2211 750 2245 cumulata,
767 2213 794 2238 et
810 2209 893 2237 eoelis
907 2217 1022 2237 summe

244 2263 404 2297 coaequata.
436 2260 533 2287 Primo
558 2266 628 2293 ergo
656 2260 815 2293 paupertas
840 2258 881 2285 est
906 2263 1022 2283 summe

243 2308 355 2336 Christo
383 2306 537 2342 copulata:
563 2305 653 2332 habet
674 2305 753 2331 enim
775 2305 849 2331 Deus
875 2310 1022 2339 pauperes

244 2355 328 2391 quasi
344 2353 502 2381 familiares
517 2354 544 2379 et
559 2351 737 2379 domesticos
750 2372 757 2383 ,
774 2353 800 2378 et
817 2351 921 2378 divites
937 2349 1023 2385 quasi

244 2402 362 2437 ignotos
376 2402 403 2428 et
415 2402 580 2426 extraneos.
593 2397 673 2424 Unde
685 2398 715 2424 in
726 2398 822 2431 figura
834 2398 932 2432 hujus,
945 2396 1025 2423 Chri-

244 2451 304 2476 stus
319 2448 349 2476 in
376 2449 441 2475 ortu
460 2453 513 2473 suo
539 2444 619 2480 prius
635 2444 751 2472 vocavit
766 2452 912 2479 pauperes
932 2451 1023 2479 quam

245 2496 366 2530 divites,
381 2493 541 2530 piscatores
561 2499 653 2526 quam
669 2494 846 2518 mercatores
860 2512 866 2522 ,
890 2492 1024 2526 pastores

278 2558 283 2570 ¹
303 2555 408 2586 Philip„
431 2559 469 2584 111,
489 2554 528 2576 ⁸20.
547 2565 576 2569 —
597 2552 604 2565 ²
621 2552 706 2581 Rern„
730 2558 807 2574 serm.
828 2550 857 2574 de
873 2551 975 2575 Conver.
991 2550 1026 2574 aci

246 2593 346 2620 Cleric..
361 2599 382 2616 c.
400 2596 452 2619 ΧΠ,
468 2591 493 2613 et
510 2594 586 2612 serm.
607 2587 638 2611 de
655 2588 763 2618 quinque
778 2587 898 2618 neqotiat.
914 2588 937 2609 et
953 2587 1023 2617 quin-

244 2636 289 2660 quc
304 2629 410 2658 reyion„
428 2627 487 2649 unte
506 2624 573 2648 med.
585 2636 616 2640 —
627 2623 635 2636 ³
651 2624 736 2653 Greg„
752 2622 852 2649 illorul..
874 2622 916 2645 lib.
933 2622 1023 2652 ΧΥΙΙΙ,

246 2672 267 2688 c.
284 2670 344 2694 xxv,
360 2666 417 2687 unte
433 2661 503 2686 med.
514 2673 544 2678 —
559 2660 568 2676 ⁶
579 2659 663 2688 Helm,
679 2660 749 2687 1v,9.
763 2672 793 2676 --
805 2659 814 2675 ⁵
826 2658 915 2687 Eccli„
931 2663 969 2687 xi,
986 2659 1022 2682 lli.

246 2713 276 2717 —-
291 2701 300 2715 ὃ
314 2699 521 2729 Luc.,11‚84.—
535 2697 546 2714 7
562 2696 696 2724 Dent..x1‚
714 2696 751 2719 24.
768 2708 792 2712 -
810 2694 820 2711 ⁸
833 2695 891 2724 lsa„
907 2699 966 2723 ων,
982 2695 1022 2717 25.

247 2749 273 2753 -
288 2737 297 2751 ⁹
314 2736 385 2766 Gen„
401 2740 462 2763 xxv,
475 2734 498 2763 5,
514 2734 538 2756 6.
553 2744 583 2750 -
599 2732 619 2748 ¹⁰
634 2731 716 2761 Cant„
733 2737 763 2761 11,
779 2734 802 2755 2.
819 2743 847 2749 -
864 2731 882 2747 ¹¹
903 2729 1021 2759 Hieron„

1079 2395 1198 2428 brietas,
1220 2393 1300 2421 unde
1317 2393 1387 2420 dicit
1403 2393 1599 2428 Hieronymus
1616 2391 1634 2409 ¹¹
1649 2400 1656 2419 ι
1675 2401 1688 2416 «
1705 2391 1792 2425 Virgo
1808 2389 1854 2417 fu-

1078 2442 1137 2477 giat
1152 2441 1256 2468 vinum
1266 2462 1274 2475 ‚.
1291 2443 1321 2468 ut
1336 2448 1493 2467 venenum.
1506 2449 1520 2465 n
1534 2441 1607 2467 Nam
1622 2438 1725 2465 vinum
1741 2439 1768 2464 et
1783 2436 1856 2464 ado-

1078 2488 1217 2516 lescentia
1259 2489 1300 2514 est
1334 2487 1444 2522 duplex
1480 2485 1652 2513 incendium
1682 2483 1852 2520 voluptatis.

1079 2535 1159 2563 Unde
1181 2535 1211 2562 in
1234 2535 1385 2561 Proverbiis
1403 2533 1509 2560 dicitur
1524 2533 1544 2549 ¹²
1561 2541 1567 2559 z
1586 2532 1735 2558 Luxuriosa
1756 2538 1798 2558 res
1816 2532 1854 2557 est

1078 2585 1180 2614 riuum
1196 2583 1223 2609 et
1237 2581 1268 2608 in
1280 2582 1374 2608 Genesi
1386 2580 1493 2608 dicitur
1505 2579 1535 2613 ¹³,
1551 2578 1634 2614 quod
1648 2578 1719 2606 Loth
1733 2578 1855 2613 propter

1078 2649 1112 2673 (ul
1129 2649 1255 2677 Eustoch.,
1270 2648 1344 2678 epist.
1360 2653 1430 2677 xxil,
1452 2646 1527 2677 louge
1541 2648 1598 2670 aute
1614 2645 1682 2669 med.
1693 2658 1725 2663 —
1738 2645 1757 2661 ¹²
1772 2645 1854 2674 Pron„

1078 2693 1121 2715 xx,
1143 2688 1163 2709 1.
1178 2697 1209 2703 —-
1225 2685 1242 2700 ¹³
1257 2684 1328 2714 Gen„
1344 2689 1400 2713 xix,
1415 2685 1452 2707 33.

1110 2728 1145 2759 (α)
1155 2727 1216 2752 Coet.
1224 2726 1285 2751 edit.
1293 2733 1349 2757 per.
1357 2739 1388 2744 —
1397 2725 1431 2756 (ὁ)
1439 2723 1581 2749 anxietates
1588 2730 1645 2755 quae
1653 2721 1851 2748 communicant.
