2004 3037
883 231 1013 269 CAPUT
1037 236 1144 270 XLIV·

200 314 219 336 a
238 305 513 344 pseudo-apostolis
532 305 734 341 sustinebant,
754 306 783 335 et
796 305 903 342 :ipsum
920 312 984 334 non

201 353 355 383 habebant
379 354 411 383 in
438 355 520 383 tanta
547 354 731 390 reverentia,
755 353 789 382 ut
814 352 983 389 debebant,

202 402 225 430 11
237 401 311 436 cor„
322 409 373 430 rx:
390 410 404 429 «
416 401 604 437 Sustinetis,»
621 401 728 438 inquit,
746 400 870 437 «siquis
883 408 938 428 vos
952 400 984 428 in

202 449 373 477 servitutem
397 449 522 485 redigit,
538 449 562 477 si
577 449 644 486 quis
664 449 804 483 devorat,
820 448 843 476 si
860 447 926 484 quis
938 456 985 475 ac-

203 496 289 533 cipit,
308 507 323 524 »
350 499 404 526 etc.
430 498 516 532 Item,
533 504 576 525 xu
593 505 599 524 :
626 505 640 524 «
660 498 723 532 Ego
743 495 836 524 debui
857 503 875 523 a
897 495 985 523 vobis

204 543 409 572 commendari
415 553 424 580 3
446 543 523 572 nihil
536 544 616 572 enim
631 543 730 572 minus
745 542 801 572 feci
816 542 855 571 ab
870 542 917 578 iis,
933 542 985 579 qui

203 594 271 620 sunt
291 600 381 628 supra
393 591 520 620 modum
536 591 674 628 apostoli.
688 601 703 618 n

240 639 355 668 Galatas
370 639 484 674 acriter,
501 641 529 668 et
545 638 668 674 fortiter,
684 639 711 667 et
725 638 874 667 ferventer
889 638 987 673 arguit

203 694 294 722 supra
303 686 371 722 hoc,
387 687 472 723 quod
483 688 551 723 post
560 687 715 722 acceptam
729 685 883 714 veritatem
894 687 986 713 Evan-

203 733 272 769 gelii
287 733 430 762 volebant
444 733 484 762 ad
499 733 756 762 circumcisionem
777 735 807 761 et
825 732 987 762 observan-

203 780 259 809 tias
272 781 386 817 legales
399 781 519 817 reverti,
543 782 616 817 Gal„
632 790 663 810 111
680 791 687 809 :
707 791 720 808 <‹
734 782 757 810 0
778 780 918 810 insensati
933 782 987 810 Ga-

203 829 280 865 latae,
298 830 365 866 quis
379 838 433 858 vos
447 830 603 859 fascinavit
617 831 631 858 ‘2
644 840 657 857 >³
676 831 730 858 etc.

240 877 382 906 Audierat
399 877 558 914 Apostolus
573 877 722 914 quosdam
744 877 781 905 de
800 876 987 905 Thessaloni-

205 925 343 953 censibus
371 925 527 954 ambulare
549 925 698 961 inquiete,
717 924 792 953 nihil
815 926 987 961 operantes,

205 972 259 1001 sed
274 972 390 1001 curiose
401 975 523 1009 agentes
539 983 545 1001 :
562 973 675 1002 idcirco
691 973 801 1009 corripi
814 972 888 1001 tales
903 980 989 1001 man-

205 1019 299 1056 davit,
313 1021 325 1049 1
338 1022 359 1049 T
359 1021 468 1055 hessal„
485 1029 527 1050 ιιι.

203 1168 210 1182 s
452 1136 595 1171 CAPUT
618 1136 738 1172 xmv.

292 1224 330 1251 De
344 1224 525 1259 compassione
543 1223 666 1252 habenda
685 1223 723 1252 ad
738 1224 904 1260 proximum.

244 1304 372 1333 Audiens
386 1305 537 1333 Abraham
548 1307 669 1342 captum
685 1313 748 1334 esse
762 1305 836 1333 Loth
849 1306 991 1342 nepotem

208 1360 307 1387 suum,
316 1352 448 1381 celeriter
458 1355 486 1381 et
495 1353 627 1381 valenter
634 1354 778 1382 succurrit
786 1354 823 1389 ei,
840 1354 894 1381 Gen
902 1375 918 1389 .,
926 1361 989 1381 xiv.

244 1400 351 1430 Ruben
366 1402 393 1429 et
411 1400 502 1428 Judas
520 1401 697 1429 resistebant
716 1401 828 1429 caeteris
851 1400 992 1429 fratribus

207 1448 378 1477 volentibus
404 1449 541 1477 occidere
563 1449 688 1485 ioseph,
714 1451 741 1477 et
761 1449 899 1485 quamvis
923 1457 992 1477 eum

208 1504 271 1524 non
284 1497 458 1525 reduxerint
472 1497 512 1525 ad
532 1499 659 1533 patrem,
682 1499 782 1525 tamen
799 1496 898 1525 minus
913 1496 992 1525 male

209 1546 309 1573 actum
324 1546 366 1572 est
380 1545 417 1579 ei,
433 1545 512 1579 Gen„
527 1552 637 1573 xxxvn.

245 1592 366 1620 Gedeon
390 1592 574 1628 compatiens
594 1599 696 1620 secum
718 1591 866 1627 fatigatis,
890 1591 994 1628 petivit

208 1647 319 1676 panem
334 1648 389 1675 pro
403 1639 454 1674 eis,
469 1639 573 1671 Judic„
589 1647 654 1667 vm.

245 1687 323 1716 Licet
335 1686 389 1714 filii
402 1686 556 1723 Benjamin
566 1686 645 1714 filios
654 1685 741 1714 lsrael
758 1685 931 1721 gravissime
947 1686 993 1714 of-

209 1733 371 1762 fendissent
381 1756 390 1769 ,
416 1736 517 1762 tamen
545 1735 669 1770 propter
692 1733 814 1762 illorum
843 1733 994 1762 excidium

210 1789 315 1810 omnes
330 1781 445 1811 elevata
465 1789 539 1810 voce
555 1781 673 1810 ululatu
696 1789 810 1817 magno
834 1781 995 1818 fleverunt,

208 1829 312 1863 sudio„
326 1837 389 1856 xm.

245 1876 378 1911 Lugebat
395 1874 514 1903 Samuel
534 1875 622 1912 Saul,
634 1875 704 1905 licet
719 1884 788 1905 eum
802 1884 820 1906 a
833 1878 893 1906 Deo
909 1876 996 1906 sciret

209 1923 387 1959 projectum,
403 1923 413 1950 1
428 1923 505 1957 Rea„
521 1931 571 1950 xv.

247 1969 436 2006 Compatiens
446 1969 540 1997 David
550 1969 635 1997 lassis
650 1969 748 2005 sociis,
760 1971 811 2006 qui
826 1971 865 1999 ad
876 1971 995 1999 bellum

211 2018 253 2047 ire
262 2026 322 2046 non
332 2019 467 2053 potuere,
477 2017 636 2052 constituit,
648 2018 734 2054 quod
743 2026 832 2054 aequa
841 2021 917 2047 esset
926 2027 995 2055 pars

213 2065 416 2094 descendentis
432 2065 471 2093 ad
486 2065 634 2101 praelium,
646 2067 674 2093 et
686 2066 866 2094 remanentis
880 2066 920 2094 ad
935 2074 996 2095 sar-

214 2113 305 2148 cinas,
322 2114 333 2141 I
347 2115 459 2148 Requm,
474 2120 545 2140 xxx.

250 2160 348 2188 Doluit
363 2160 457 2188 David
473 2159 509 2187 de
525 2159 674 2187 occisione
689 2159 821 2188 Absalon
832 2181 841 2196 ,
863 2160 931 2188 licet
947 2160 997 2188 ille

215 2208 344 2237 multum
355 2207 528 2236 offendisset
538 2216 607 2235 eum
613 2217 622 2243 ,-
634 2207 686 2235 sed
695 2207 807 2235 sciebat
820 2215 889 2235 eum
903 2208 998 2237 David

215 2255 246 2284 in
261 2256 360 2283 anima
376 2263 438 2284 csse
453 2255 639 2289 damnatum,
656 2256 677 2283 11
691 2256 770 2290 Rey„
786 2263 870 2283 xv111.

251 2303 345 2331 David
367 2303 398 2330 in
417 2304 531 2330 tantum
551 2302 648 2330 doluit
671 2302 708 2329 de
733 2302 924 2338 percussione
943 2310 998 2338 po-

215 2350 297 2388 puli,
313 2350 397 2387 quod
412 2350 496 2386 petiit
509 2350 549 2378 ab
565 2349 679 2386 Angelo
694 2349 808 2386 percuti
822 2349 890 2379 loco
908 2349 998 2385 illius,

216 2400 239 2428 ll
251 2400 328 2433 Κεφ,
345 2406 426 2426 xxiv.

252 2446 329 2473 Elias
348 2444 479 2480 benigne
500 2445 615 2480 accepit
632 2445 727 2473 verba
746 2445 879 2473 mulieris
900 2445 999 2473 viduae

217 2494 287 2522 satis
300 2494 387 2528 dura,
399 2495 426 2521 et
443 2501 498 2528 pro
511 2492 574 2520 filio
589 2492 651 2528 ejus
660 2495 791 2527 mortuo,
807 2492 905 2520 dolori
919 2493 1000 2521 illius

219 2541 412 2577 compatiens,
428 2539 587 2568 efficaciter
602 2539 709 2574 oravit,
726 2541 760 2568 111
778 2541 856 2574 ch„
872 2548 943 2568 xvn.

255 2590 328 2616 Cum
337 2588 454 2616 Jezabel
468 2587 616 2615 occideret
629 2587 789 2623 prophetas
803 2587 931 2622 Domini,
943 2587 1001 2615 Ab·

221 2636 285 2664 dias
298 2635 454 2664 abscondit
469 2637 588 2663 centum
611 2643 648 2663 ex
662 2634 712 2671 iis,
729 2638 758 2664 et
772 2635 852 2672 pavit
867 2643 919 2663 eos
935 2635 999 2663 die-

219 2683 277 2712 bus
291 2683 402 2718 multis,
418 2685 451 2712 111
465 2685 543 2718 Ray„
559 2690 641 2710 xvxii.

256 2731 304 2760 Pie
319 2738 492 2766 compassus
499 2730 553 2759 fuit
566 2729 677 2759 Eliseus
691 2729 790 2758 viduae
804 2729 912 2758 debitis
925 2729 1002 2759 obii-

1764 243 1817 274 541

1041 307 1126 341 gatae,
1148 306 1176 334 et
1196 306 1400 342 augmentavit
1415 306 1441 336 ei
1463 307 1620 337 modicum
1643 308 1718 345 olei,
1739 310 1824 347 quod

1041 353 1183 389 habebat,
1199 354 1234 383 IV
1248 355 1326 389 Rea,
1341 362 1380 383 ιν.

1077 402 1142 429 Non
1157 401 1255 430 solum
1265 410 1320 438 pro
1331 402 1528 438 praesentibus
1540 403 1627 432 malis
1642 405 1826 442 compatien-

1043 448 1117 477 dum
1132 450 1175 477 est
1188 449 1345 486 proximis,
1361 450 1414 478 sed
1424 450 1512 478 etiam
1526 459 1581 487 pro
1597 452 1702 480 futuris
1719 462 1726 481 :
1743 453 1824 482 unde

1043 497 1175 533 Eliseus,
1200 497 1307 525 videns
1322 498 1423 533 Asael,
1440 498 1491 534 qui
1514 499 1595 526 mala
1617 498 1748 528 facturus
1763 503 1826 530 erat

1042 543 1112 572 filiis
1127 544 1227 579 Israel,
1243 545 1331 581 coepit
1344 545 1426 580 flere,
1441 547 1476 574 lv
1490 547 1568 581 Rea„
1584 555 1643 575 vm.

1079 592 1152 620 Cum
1172 592 1319 628 cepissent
1336 592 1390 620 filii
1412 593 1501 620 lsrael
1525 593 1561 621 de
1581 594 1652 622 viris
1671 595 1748 623 suda
1770 595 1826 624 du-

1044 640 1127 667 centa
1144 639 1240 668 millia
1259 639 1420 667 mulierum
1437 642 1466 668 et
1483 649 1664 677 puerorum,
1685 650 1826 679 peperce-

1043 687 1112 714 runt
1131 686 1189 721 eis,
1210 689 1238 714 et
1257 687 1377 715 vestitos
1396 689 1484 724 atque
1503 688 1625 717 refectos
1643 689 1683 717 ad
1704 691 1828 727 propria

1043 733 1231 769 remiserunt,
1247 734 1258 762 1
1273 735 1381 769 Paral„
1395 743 1500 763 xxvin.

1080 781 1210 809 Audiens
1234 781 1391 810 Nehemias
1413 782 1616 811 miserabilem
1636 785 1745 812 statum
1760 785 1829 814 civi-

1044 828 1109 857 tatis
1124 829 1297 863 Jerusalem,
1313 829 1395 857 flevit
1414 829 1521 858 diebus
1536 830 1648 867 multis,
1665 834 1693 860 et
1706 832 1829 861 tandem

1045 876 1205 904 consilium
1229 876 1367 904 adhibuit
1389 879 1417 906 et
1437 877 1582 907 auxilium
1608 881 1828 916 opportunum,

1044 925 1167 958 Nehem„
1182 932 1193 952 1
1207 926 1235 952 et
1250 932 1280 952 11.

1081 972 1155 999 Cum
1176 973 1316 1007 regnaret
1339 972 1562 1008 Sennacherib,
1588 976 1616 1002 et
1638 974 1717 1003 filios
1740 975 1830 1004 Israel

1046 1028 1154 1049 exosos
1172 1020 1314 1055 haberet,
1329 1021 1436 1049 Tobias
1452 1022 1598 1058 pergebat
1618 1023 1751 1059 quotidie
1775 1032 1830 1060 per

1047 1076 1170 1096 omnem
1185 1068 1450 1104 congregationem
1464 1077 1561 1103 suam,
1577 1071 1604 1097 et
1618 1070 1832 1100 consolabatur

1047 1124 1115 1150 eos,
1145 1115 1307 1144 esurientes
1333 1116 1451 1151 alebat,
1478 1116 1628 1153 nudisque
1654 1118 1830 1147 vestimenta

1046 1162 1217 1199 praebebat,
1234 1164 1261 1191 et
1280 1163 1405 1191 mortuis
1421 1165 1510 1200 atque
1526 1164 1630 1192 occisis
1645 1165 1830 1201 sepulturam

1047 1209 1189 1238 sollicitus
1201 1210 1370 1246 exhibebat,
1382 1211 1459 1244 Tob„
1474 1219 1494 1240 1.
1510 1214 1592 1248 Item,
1604 1221 1636 1248 ιι,
1651 1213 1779 1241 habetur
1793 1213 1830 1242 de

1048 1257 1168 1286 eodem.

1083 1306 1222 1340 Magnam
1238 1306 1478 1343 compassionem
1493 1306 1626 1336 habehat
1641 1310 1758 1336 sanctus
1775 1309 1831 1337 Job

1048 1352 1087 1380 ad
1097 1353 1262 1388 proximos,
1276 1353 1328 1389 qui
1342 1353 1461 1381 dicebat
1476 1363 1483 1382 x
1499 1364 1511 1380 ι(
1522 1354 1608 1383 Auris
1621 1355 1747 1383 audiens
1759 1356 1832 1384 bea-

1049 1400 1180 1428 tificabat
1189 1408 1248 1436 me,
1260 1409 1296 1428 eo
1312 1401 1396 1437 quod
1411 1401 1585 1430 liberassem
1600 1411 1765 1439 pauperem
1780 1412 1834 1431 vo-

1049 1447 1237 1483 ciferantem,
1255 1450 1282 1476 et
1302 1448 1464 1484 pupillum,
1480 1448 1528 1476 cui
1542 1457 1604 1476 non
1626 1452 1687 1478 erat
1702 1451 1830 1486 adjutor.

1047 1495 1217 1523 Benedictio
1232 1495 1355 1531 perituri
1378 1495 1518 1524 ventebat
1540 1504 1629 1532 super
1650 1505 1716 1533 me,
1734 1499 1761 1525 et
1781 1505 1833 1526 cor

1048 1542 1147 1570 viduae
1164 1542 1333 1572 consolatus
1350 1551 1435 1577 sum,
1448 1553 1462 1569 »
1482 1545 1536 1572 etc.
1559 1545 1622 1579 Job,
1642 1552 1734 1580 xxm,
1751 1547 1779 1574 Η
1805 1547 1833 1573 et

1049 1598 1112 1627 seq.

1085 1639 1200 1674 Regina
1229 1639 1330 1667 Esther
1341 1659 1351 1673 ,
1383 1638 1519 1667 nuntiata
1546 1639 1660 1667 crudeli
1688 1641 1833 1669 sententia

1049 1689 1151 1714 contra
1170 1686 1319 1722 populum
1339 1694 1427 1713 suum
1442 1686 1514 1720 lata,
1529 1695 1591 1714 non
1613 1687 1698 1715 aliter
1720 1696 1833 1717 assum-

1049 1734 1108 1770 psit
1119 1734 1293 1769 negotium,
1309 1741 1402 1770 quam
1417 1733 1441 1762 si
1462 1733 1565 1762 fuisset
1578 1742 1639 1762 una
1654 1734 1691 1762 de
1706 1735 1833 1771 populo,

1049 1781 1119 1810 licet
1134 1784 1209 1809 esset
1224 1781 1260 1809 de
1276 1790 1307 1809 se
1322 1789 1438 1816 secura,
1462 1783 1607 1818 tanquam
1630 1790 1742 1818 sponsa
1755 1783 1834 1820 regis

1051 1828 1171 1863 dilecta,
1186 1830 1276 1865 Esth.,
1291 1837 1343 1857 vu.

1087 1877 1247 1905 Audientes
1261 1878 1320 1905 tres
1333 1876 1421 1904 amici
1435 1877 1491 1906 Job
1507 1885 1597 1905 omne
1610 1877 1737 1913 malum,
1752 1878 1834 1915 quod

1051 1925 1206 1953 accidisset
1219 1925 1244 1952 ei
1253 1946 1263 1960 ,
1277 1927 1423 1953 venerunt
1447 1927 1478 1952 ut
1497 1924 1724 1953 consolarentur
1744 1934 1813 1954 eum
1822 1947 1833 1962 ,

1050 1973 1120 2007 Iob„
1134 1980 1165 2000 11.
1181 1972 1238 2000 Sed
1251 1974 1349 2000 tamen
1361 1980 1422 2000 non
1437 1972 1632 2007 intelligentes
1643 1981 1765 2002 causam
1774 1982 1835 2002 suae

1052 2019 1235 2054 afflictionis,
1251 2019 1371 2060 fuerunt
1386 2019 1411 2046 ei
1427 2021 1531 2055 postea
1545 2020 1674 2047 onerosi.

1086 2068 1152 2095 Non
1164 2066 1264 2097 solum
1275 2066 1360 2101 justis
1374 2066 1405 2093 in
1420 2066 1578 2094 afflictione
1593 2067 1697 2103 positis
1712 2076 1834 2105 compa-

1052 2114 1188 2142 tiendum
1201 2115 1253 2148 est,
1269 2113 1322 2141 sed
1338 2113 1426 2141 etiam
1440 2114 1647 2150 peccatoribus
1660 2117 1688 2143 et
1701 2115 1834 2151 injustis:

1052 2161 1132 2189 unde
1146 2161 1263 2189 dicebat
1277 2161 1382 2195 Isaias,
1397 2163 1520 2197 propter
1535 2161 1765 2190 destructionem
1780 2164 1835 2192 Ba-

1051 2208 1172 2244 bylonis
1189 2217 1196 2236 :
1216 2217 1230 2234 ι(
1242 2207 1356 2244 Repleti
1375 2210 1443 2236 sunt
1456 2208 1553 2237 lumbi
1575 2209 1634 2237 mei
1653 2209 1767 2242 dolore,
1786 2219 1836 2239 an-

1054 2255 1150 2291 gustia
1164 2255 1297 2292 possedit
1320 2263 1388 2291 me,
1409 2256 1485 2284 sicut
1508 2257 1645 2292 angustia
1665 2257 1834 2294 parturien-

1053 2303 1100 2338 tis,
1111 2313 1125 2330 »
1143 2305 1199 2331 etc.
1214 2303 1285 2337 1sa.‚
1300 2311 1361 2337 xxi,
1377 2303 1405 2332 3.

1090 2350 1200 2379 Videns
1221 2350 1253 2378 in
1280 2350 1386 2387 spirim
1414 2350 1496 2379 idem
1521 2351 1610 2379 Isaias
1636 2352 1836 2381 calamitatem

1054 2399 1300 2434 superventuram
1320 2397 1434 2434 populo
1454 2406 1530 2434 suo,
1551 2399 1689 2428 dicebat:
1710 2410 1724 2426 α
1745 2402 1836 2435 Rece-

1055 2445 1114 2473 dite
1133 2453 1152 2473 a
1169 2453 1233 2480 me,
1250 2453 1352 2473 amare
1371 2445 1470 2481 fleb03
1490 2446 1583 2474 nolite
1602 2447 1789 2482 incumbere,
1805 2449 1838 2476 ut

1055 2491 1252 2521 consolemini
1277 2500 1325 2520 me
1353 2501 1443 2529 super
1472 2493 1607 2523 vastitate
1635 2493 1704 2522 filiae
1731 2493 1837 2531 populi

1055 2540 1125 2569 mei.
1141 2550 1155 2567 n
1173 2541 1242 2574 1sa.,
1255 2547 1327 2574 xxu,
1342 2541 1370 2567 4.

1091 2587 1199 2617 Dolens
1213 2586 1415 2615 Abdemelech
1429 2587 1578 2624 AEthiops,
1600 2587 1683 2624 quod
1695 2588 1838 2618 Jeremias

1056 2635 1202 2672 propheta
1215 2634 1322 2662 missus
1337 2635 1400 2662 erat
1413 2635 1444 2662 in
1456 2634 1566 2669 lacum,
1578 2634 1609 2663 in
1623 2644 1685 2672 quo
1699 2644 1761 2664 non
1776 2638 1838 2666 erat

1057 2691 1152 2720 aqua,
1168 2682 1221 2710 sed
1235 2681 1345 2716 lutum,
1360 2682 1533 2717 procuravit
1546 2682 1628 2718 apud
1648 2692 1766 2720 regem,
1781 2684 1836 2712 sci-

1057 2730 1126 2759 licet
1138 2731 1171 2758 ut
1184 2729 1349 2758 extraheret
1358 2729 1455 2758 illum.
1465 2730 1572 2766 Jerem„
1587 2738 1711 2760 xxxvlu.
