2004 3037
744 259 794 292 DE
815 257 1016 292 PEGCATIS.
1039 257 1128 291 CAP.
1151 257 1205 290 111.

171 332 218 359 cut
229 338 316 359 emens
326 349 336 365 ‚
356 331 396 358 sic
414 329 462 357 ille
479 329 528 364 qui
544 327 658 361 vendin
678 327 750 364 quia
764 326 875 355 scilicet
889 328 949 356 tam

171 379 309 414 peccator
329 383 422 414 quam
442 374 581 404 diabolus
599 374 630 402 in
649 375 816 403 mercatura
836 373 949 411 peccati

173 426 216 453 est
231 424 381 461 deceptus.
905 425 909 428 ”

208 472 318 506 Quarto
329 470 484 507 peccatum
495 469 538 497 est
550 467 625 496 sicut
637 467 762 496 taberna
774 467 903 503 diaboli,
919 468 950 496 in

173 526 233 555 qua
244 517 346 546 vendit
357 517 460 546 vinum
473 515 634 552 voluptatis
646 515 677 543 in
689 515 804 544 mundo
817 523 872 552 pro
885 522 952 551 pre-

172 566 213 594 tio
228 565 333 594 animae
346 573 352 592 :
369 565 397 592 et
412 563 486 592 sicut
500 563 685 591 tabernarius
699 563 784 599 ponit
797 564 854 591 tres
869 562 952 591 taxil-

172 612 218 641 los
232 611 264 640 in
278 611 401 640 taberna
411 631 420 646 ,
441 609 551 647 quibus
566 611 748 646 occupantur
762 609 873 638 ribaldi
885 619 893 645 ;
910 609 951 637 sic

173 658 311 687 diabolus
324 658 355 686 in
369 657 492 686 taberna
506 657 619 694 peccati
640 657 724 693 ponit
739 664 794 693 pro
810 656 950 689 ribaldiS,

172 705 204 734 id
219 707 278 741 est,
301 713 357 742 pro
379 704 563 733 amatoribus
585 703 765 741 voluptatis,
788 705 847 731 tres
868 703 952 731 taxil-

171 751 236 788 los,
260 752 292 780 id
315 753 374 787 est,
408 753 467 780 tres
490 751 741 787 concupiscentias
763 751 952 786 mundanas,

173 799 210 827 de
233 799 342 835 quibus
364 798 491 827 habetur
514 798 545 826 in
567 799 701 826 Joanne¹
724 807 730 825 :
758 798 952 833 Concupiscen-

174 848 215 874 tia
230 847 338 882 carnis,
363 847 580 882 concupiscentia
601 846 756 880 oculorum,
781 847 806 873 et
825 845 953 880 superbia

173 895 247 922 vitoe.

209 939 316 975 Quinto
339 940 493 976 peccatum
519 941 562 967 est
585 939 659 967 sicut
681 939 770 967 ludus
794 939 952 974 aleatoris,

174 987 227 1023 qui
240 986 332 1022 vulgo
347 986 454 1014 dieitur
467 985 557 1014 ludus
567 985 710 1021 corrigiae.
726 987 799 1014 Nam
815 986 890 1014 sicut
901 985 951 1014 ille

174 1033 265 1062 falsus
280 1033 402 1067 aleator,
418 1032 450 1060 id
465 1034 527 1068 est,
546 1032 718 1068 corrigiator
731 1032 875 1068 permittit
888 1032 954 1061 illos

173 1080 309 1108 homines
323 1079 354 1106 in
367 1079 514 1115 principio
536 1079 652 1115 aliquid
666 1079 775 1107 lucrari
789 1100 798 1113 ,
814 1081 842 1107 et
856 1079 955 1107 finali-

174 1128 216 1155 ter
230 1126 324 1155 aufert
337 1128 365 1154 et
378 1127 532 1162 recuperat
546 1127 640 1154 totum
657 1126 740 1162 quod
755 1126 910 1161 amiserat,
927 1128 955 1154 et

175 1182 242 1202 cum
253 1173 311 1201 hoc
322 1173 453 1201 lucratur
465 1173 502 1201 ab
516 1173 557 1201 eis
570 1173 720 1209 quidquid
730 1173 852 1207 habent,
866 1173 955 1201 etiam

174 1221 357 1257 quandoque
371 1222 484 1255 vestes3
505 1221 547 1248 sic
563 1221 720 1256 diaboluS,
742 1224 885 1257 tanquam
900 1221 954 1249 sal-

174 1276 223 1296 sus
234 1268 356 1302 aleator,
373 1267 514 1304 permittit
526 1271 714 1304 peccatorem
727 1268 758 1295 in
769 1268 871 1304 aliquo
883 1270 955 1296 tem-

174 1314 271 1352 porali
285 1315 471 1351 prosperari,
492 1315 546 1343 sed
565 1315 693 1343 finaliter
715 1315 810 1343 aufert
824 1316 956 1344 animam

175 1364 203 1390 et
225 1369 353 1398 corpus,
375 1362 519 1397 gratiam,
544 1364 571 1390 et
592 1362 719 1398 gloriam
739 1363 955 1399 temporalem,

175 1410 203 1437 et
216 1408 419 1437 substantiam.
443 1410 550 1437 Contra
569 1409 654 1445 quod
673 1410 744 1438 Sara
760 1410 954 1445 gloriabatur,

176 1455 295 1483 dicens²
310 1465 316 1483 :
336 1457 482 1491 Nunquam
496 1464 553 1483 cum
568 1456 723 1484 ludentibus
736 1458 833 1484 miscui
848 1465 888 1485 me
899 1478 906 1488 ,
925 1456 955 1484 id

176 1504 235 1536 est,
252 1510 322 1530 cum
337 1502 524 1530 daemonibus
538 1503 600 1531 sive
615 1503 806 1531 aleatoribus.

211 1550 297 1577 Sexto
311 1552 465 1585 peccatum
487 1551 529 1577 est
549 1550 623 1577 sicut
636 1552 714 1581 rete,
737 1551 765 1577 et
783 1550 857 1577 sicut
870 1549 956 1585 virga

176 1596 337 1630 inviscata;
356 1604 428 1623 nam
450 1596 524 1624 sieut
537 1596 625 1632 piscis
639 1596 670 1624 in
685 1597 816 1631 retibus,
837 1605 868 1625 se
892 1597 955 1632 agi-

177 1643 266 1672 tando
278 1664 286 1677 ,
302 1651 332 1671 se
347 1643 416 1679 plus
430 1643 574 1678 involvit,
597 1646 624 1671 et
641 1644 701 1672 avis
716 1644 783 1680 plus
798 1644 956 1672 ambulans

175 1699 228 1726 per
240 1690 356 1726 virgam
367 1690 541 1718 inviscatam
555 1689 659 1718 fortius
674 1698 705 1718 se
721 1691 810 1727 capit,
825 1691 866 1719 sic
889 1699 957 1727 pec-

176 1739 257 1766 cator
270 1737 367 1772 magis
388 1737 544 1772 elongatur
558 1745 576 1765 a
593 1739 652 1765 Deo
664 1759 672 1772 ,
692 1740 719 1766 et
742 1738 868 1766 strictius
888 1738 956 1766 illa-

176 1786 302 1820 queatur
315 1792 333 1812 a
347 1783 488 1819 Diabolo,
505 1784 576 1820 quia
591 1784 628 1812 de
644 1785 695 1813 tali
711 1785 817 1813 dicitur
828 1786 838 1802 ⁸
852 1794 858 1813 :
877 1787 957 1813 Tene-

177 1832 251 1858 bitur
262 1832 362 1866 planta
376 1832 453 1859 illius
468 1833 573 1867 laqueo.

212 1879 340 1915 Septimo
364 1881 518 1915 peccatum
541 1881 584 1907 est
607 1879 681 1908 sicut
700 1880 872 1915 vinculum,
895 1888 956 1916 quo

178 1925 294 1953 ducitur
315 1934 422 1961 porcus
439 1926 478 1954 ad
492 1927 651 1954 macellum
662 1947 671 1961 ,
694 1929 721 1955 et
739 1927 795 1955 bos
815 1927 854 1955 ad
875 1927 957 1955 victi-

178 1980 258 2000 mam
269 1992 278 2005 ,
296 1974 323 1999 et
338 1980 397 2008 quo
413 1973 521 2007 ligatur
536 1974 614 2001 falco
629 1974 668 2001 ad
684 1974 827 2010 perticam
839 1995 847 2009 ‚
869 1976 896 2002 et
918 1975 957 2002 si-

178 2019 238 2047 mia
259 2019 299 2046 ad
312 2020 458 2047 truncum.
471 2019 549 2048 Sicut
571 2020 650 2048 enim
671 2020 822 2055 carnifex,
846 2021 956 2049 ducens

178 2074 314 2102 porcum,
332 2074 393 2093 non
408 2065 523 2101 stringit
536 2066 624 2094 nimis
638 2067 748 2102 pedem
763 2067 836 2102 ejus,
851 2075 888 2094 ne
901 2068 958 2096 cla-

178 2115 256 2147 met;
276 2113 317 2140 sic
339 2112 478 2140 diabolus
499 2121 561 2141 non
580 2113 693 2149 stringit
713 2113 800 2141 nimis
819 2116 952 2149 peccato-

177 2168 240 2188 rem
258 2167 311 2195 per
330 2159 526 2195 temporalem
548 2160 775 2194 adversitatem,
798 2169 835 2188 ne
851 2161 958 2189 clamet

177 2216 230 2244 per
246 2208 461 2236 confessionem
481 2208 530 2235 vel
550 2208 736 2243 orationem,
755 2210 787 2236 ut
807 2209 847 2236 sic
869 2208 958 2236 ducat

178 2264 247 2283 eum
261 2255 384 2282 liberius
399 2255 438 2282 ad
453 2254 614 2282 macellum
634 2255 786 2283 infernale.
811 2255 891 2282 Unde
911 2255 957 2282 di-

178 2302 292 2330 citur'v:
316 2303 445 2336 lquorat,
470 2301 542 2336 quod
564 2302 600 2329 acl
620 2303 728 2329 vincula
749 2303 847 2329 stultus
870 2303 958 2329 trahi-

179 2353 224 2377 tur
235 2349 281 2385 (b).
299 2349 380 2382 Item,
395 2348 470 2376 sicut
483 2348 539 2375 bos
554 2348 661 2383 ligatus
675 2356 736 2376 non
753 2349 838 2376 sentit
853 2357 883 2376 se
895 2357 957 2376 esse

179 2395 302 2430 ligatum
314 2417 322 2429 ‚
347 2395 470 2431 quando
495 2395 612 2423 ducitur
635 2396 674 2423 ad
698 2396 857 2424 macellum
869 2417 876 2430 ,
901 2395 957 2423 nisi

180 2442 302 2477 quando
316 2442 380 2469 vult
393 2441 494 2477 fugere
509 2450 516 2469 :
530 2441 612 2477 item,
628 2443 702 2470 sicut
717 2443 802 2471 simia
816 2450 877 2470 non
893 2450 958 2470 sen-

180 2488 212 2516 tit
223 2497 253 2516 se
275 2496 337 2516 esse
357 2488 480 2523 ligatam
491 2509 500 2522 ,
516 2488 571 2515 nisi
587 2496 655 2516 cum
669 2490 732 2517 vult
754 2489 879 2525 pilotam
895 2497 911 2516 a
927 2497 957 2517 se

180 2543 332 2563 removere
345 2545 352 2571 3
374 2543 429 2563 nec
444 2535 521 2563 falco
529 2556 539 2570 ,
555 2535 611 2563 nisi
626 2544 695 2564 cum
711 2536 775 2564 vult
790 2537 826 2564 de
846 2536 958 2572 pertica

181 2581 303 2610 volare:
326 2582 366 2610 sic
386 2584 524 2618 peccator
541 2590 602 2610 non
617 2583 703 2610 sentit
719 2583 872 2611 vinculum
887 2591 957 2618 pec-

182 2628 257 2663 cati,
279 2628 351 2656 dum
371 2630 519 2665 perpetrat
533 2630 560 2657 et
578 2629 608 2657 in
629 2632 749 2666 peceato
768 2631 955 2666 perseverat;

215 2692 220 2704 ¹
238 2691 246 2714 l
261 2691 342 2720 loun„
358 2697 388 2720 11,
403 2693 441 2715 16.
457 2705 483 2709 —
498 2692 506 2706 ²
522 2692 587 2721 Tob„
599 2698 639 2723 111,
656 2694 733 2717 17.—
747 2694 756 2708 ³
769 2693 823 2724 Job,
840 2699 917 2723 xviii,
933 2695 956 2718 9.

183 2738 213 2745 —-
232 2726 242 2743 ¹·
262 2726 344 2759 Prov.,
365 2731 417 2757 vu,
439 2728 462 2751 2.
479 2740 510 2745 —
528 2728 536 2742 ⁵
558 2729 595 2754 Ex
614 2729 690 2760 Aug„
708 2728 738 2753 de
758 2729 819 2754 Gen.
839 2729 873 2754 ad
892 2729 957 2760 litt..

1726 256 1782 287 251

1003 326 1057 355 sed
1075 328 1144 354 tunc
1162 326 1284 355 vincula
1305 325 1410 362 sentit,
1434 332 1503 354 cum
1525 325 1628 354 anima
1648 323 1750 352 infelix
1767 330 1787 352 a

1004 381 1130 410 corpore
1144 373 1265 402 recedit.

1259 467 1428 502 CAPUT
1461 467 1531 501 ΙΙΙ.

1298 540 1337 568 De
1355 539 1496 575 Superbia,

1042 609 1189 646 Superbia
1204 610 1247 638 est
1261 610 1271 627 ¹⁵
1284 609 1380 638 libido
1397 607 1590 643 dominandi,
1606 608 1654 636 vel
1675 608 1788 644 appeti·

1006 659 1051 685 tus
1065 656 1194 693 propriae
1211 656 1400 684 excellentiae.
1425 657 1464 684 De
1480 664 1540 692 qua
1554 657 1626 684 nota
1648 655 1704 683 tria
1719 664 1725 682 :
1743 657 1787 691 ty-

1005 712 1089 740 pum,
1104 711 1195 739 quem
1209 703 1340 739 praesert;
1356 703 1469 738 foetum,
1486 711 1578 739 quem
1600 702 1731 738 prosert3
1761 703 1789 730 et

1006 750 1161 788 damnum,
1178 750 1263 787 quod
1278 750 1375 779 infert.
1392 749 1538 786 Superbia
1552 749 1652 786 igitur,
1667 757 1733 785 quae
1748 751 1790 777 est

1004 797 1136 834 primum
1150 799 1177 826 et
1191 797 1375 834 principale,
1397 805 1431 825 ac
1452 797 1576 833 capitale
1591 796 1713 830 vitium,
1733 796 1788 824 ha-

1006 844 1056 872 bet
1069 844 1263 881 multiplicem
1282 846 1388 881 typum
1409 844 1440 872 in
1459 845 1584 879 natura,
1600 845 1628 872 et
1648 844 1679 872 in
1694 843 1790 880 Scrip-

1005 893 1085 927 tura,
1101 891 1149 919 cui
1164 900 1299 927 congrue
1316 893 1519 928 eomparatur.

1042 940 1236 975 comparatur
1250 939 1349 975 primo
1372 941 1462 967 vento
1477 940 1599 975 propter
1619 938 1695 972 tria,
1718 937 1789 974 quia
1826 944 1910 963 Novem

1006 987 1112 1014 ventus
1126 986 1270 1022 extinguit
1283 986 1397 1020 lucem,
1412 987 1440 1013 et
1465 985 1592 1013 exsiccat
1613 993 1732 1019 rorem,
1758 986 1786 1012 et
1807 979 1903 1026 ffiffiss]

1007 1033 1143 1061 exsufflat
1160 1033 1315 1069 pulverem
1332 1042 1338 1060 :
1357 1033 1398 1060 sic
1412 1032 1552 1068 superbia
1576 1031 1720 1067 extinguit
1743 1031 1789 1059 lu·
1817 1042 1894 1072 super-

1009 1088 1075 1108 cem
1090 1079 1240 1115 sapientiae
1248 1100 1257 1114 ,
1278 1079 1404 1108 exsiccat
1417 1087 1516 1107 rorem
1530 1079 1629 1115 gratiae
1638 1099 1648 1113 ,
1664 1079 1790 1106 exsiccat
1803 1067 1854 1090 ¹³¹³·

1007 1126 1057 1154 vel
1078 1127 1213 1154 exsufflat
1236 1126 1391 1163 pulverem
1412 1126 1549 1154 vanitatis
1565 1125 1746 1161 mundanae3
1763 1127 1791 1154 et

1008 1173 1077 1201 ideo
1093 1181 1161 1201 cum
1176 1174 1268 1201 homo
1284 1173 1320 1201 sit
1338 1173 1438 1210 pulvis
1461 1181 1497 1201 ex
1518 1180 1571 1200 sua
1593 1172 1763 1201 conditione
1776 1194 1785 1208 ,

1006 1220 1091 1254 juxta
1105 1220 1181 1248 illud
1192 1221 1203 1236 θ
1215 1229 1221 1247 :
1234 1221 1325 1248 Pulvis
1339 1228 1381 1254 es,
1401 1222 1426 1247 et
1441 1221 1470 1247 z'n
1483 1220 1620 1255 pulverem
1634 1221 1790 1248 reverteris:

1009 1267 1104 1302 magis
1130 1267 1280 1294 timendus
1306 1268 1347 1294 est
1373 1268 1477 1294 ventus
1501 1266 1648 1302 superbias
1678 1266 1709 1294 in
1733 1267 1792 1295 alto

1010 1322 1102 1350 quam
1119 1313 1150 1341 in
1173 1314 1280 1349 basso,
1300 1314 1332 1341 id
1353 1315 1413 1349 est,
1438 1314 1469 1342 in
1493 1315 1570 1342 statu
1594 1313 1794 1350 praelationis,

1010 1369 1102 1397 quam
1118 1361 1309 1396 subjectionis
1322 1369 1327 1387 :
1346 1361 1418 1397 quia
1432 1363 1547 1396 ventus,
1563 1361 1587 1389 si
1602 1361 1632 1388 in
1651 1361 1712 1390 alto
1726 1361 1794 1397 pul-

1010 1415 1114 1435 verem
1130 1407 1296 1442 inveniret,
1321 1408 1405 1436 citius
1429 1408 1617 1443 exsufflaret,
1643 1408 1714 1444 quia
1732 1415 1796 1443 per-

1012 1456 1080 1488 flant
1097 1456 1233 1482 altissima
1245 1457 1336 1487 venti,
1354 1457 1386 1482 ut
1400 1455 1471 1483 dicit
1489 1456 1587 1483 Poeta.

1046 1502 1181 1530 Secundo
1197 1504 1387 1538 comparatur
1402 1502 1542 1538 superbia
1553 1502 1647 1536 fumo,
1661 1502 1741 1538 quia,
1758 1502 1795 1529 si-

1011 1551 1059 1577 cut
1079 1548 1178 1576 fumus
1202 1549 1298 1584 magis
1319 1549 1508 1576 ascendendo
1542 1549 1656 1583 deficit,
1679 1549 1720 1576 sic
1742 1557 1791 1576 su-

1010 1596 1139 1632 perbus,
1162 1596 1230 1632 plus
1254 1595 1412 1629 exaltatus,
1436 1596 1504 1632 plus
1524 1595 1690 1630 evanescit,
1709 1596 1795 1631 juxta

1011 1644 1087 1672 illud
1098 1645 1107 1661 ⁷
1121 1654 1128 1672 :
1147 1645 1213 1672 Moat
1226 1647 1257 1671 ut
1272 1645 1442 1678 honorificati
1454 1645 1560 1677 fuerint
1575 1646 1600 1670 et
1615 1644 1741 1677 exaltati,
1752 1643 1796 1670 de-

1010 1692 1128 1725 ficientes
1144 1691 1368 1726 quemadmodum
1382 1692 1473 1724 fumus
1488 1690 1623 1725 deficient.

1046 1737 1140 1766 Tertio
1157 1740 1347 1774 comparatur
1368 1737 1462 1773 palere
1477 1739 1598 1773 propter
1623 1736 1774 1764 levitatem
1786 1757 1796 1771 ,

1012 1787 1040 1812 et
1053 1785 1298 1820 inconstantiam,
1316 1787 1342 1812 et
1358 1784 1506 1812 desectum
1520 1784 1632 1812 valoris
1644 1806 1651 1816 ,
1670 1783 1743 1820 quia
1759 1783 1797 1810 si-

1013 1834 1062 1859 cut
1076 1833 1192 1859 torrens
1206 1832 1294 1860 trahit
1314 1832 1417 1868 paleas
1436 1833 1463 1859 et
1477 1831 1532 1858 ista
1553 1830 1631 1858 levia
1650 1830 1690 1858 ad
1705 1831 1795 1858 Ocea-

1012 1887 1099 1913 num,
1115 1879 1156 1906 sic
1169 1880 1285 1906 torrens
1297 1878 1467 1906 tentationis
1480 1878 1568 1906 trahit
1578 1886 1679 1905 secum
1688 1885 1794 1911 vanos,

1012 1934 1073 1954 non
1088 1925 1216 1953 humiles
1230 1946 1239 1960 ,
1257 1925 1295 1953 ad
1312 1933 1458 1953 oceanum
1472 1924 1588 1952 inferni.

1048 1974 1156 2006 Quarto
1173 1974 1362 2008 comparatur
1375 1972 1458 2000 stillae
1474 1980 1605 2008 aquosae,
1620 1979 1686 2007 quae
1700 1970 1793 2005 inflat,

1014 2021 1041 2047 et
1057 2020 1153 2047 statim
1168 2019 1360 2054 adnihilatur,
1386 2020 1414 2046 et
1426 2020 1531 2046 vesicae
1544 2040 1552 2052 ,
1575 2026 1641 2054 quae
1657 2026 1728 2046 mox
1743 2018 1794 2045 de-

1013 2066 1090 2099 ficit,
1108 2066 1180 2093 dum
1202 2068 1301 2093 tamen
1322 2073 1378 2092 acu
1398 2067 1570 2101 pungatur:
1587 2064 1627 2091 sie
1649 2065 1795 2100 superbus

1013 2121 1084 2140 mox
1100 2112 1234 2140 inflando
1249 2112 1365 2147 deficit,
1382 2114 1410 2139 et
1424 2113 1551 2148 punctus
1567 2111 1687 2140 modica
1700 2111 1794 2147 febre,

1014 2159 1062 2186 vel
1075 2158 1281 2194 tribulatione,
1296 2158 1488 2186 adnihilatur.

1049 2205 1155 2239 Quinto
1172 2208 1361 2242 comparatur
1375 2213 1512 2240 araneae,
1539 2205 1610 2241 quia
1633 2205 1708 2232 sicut
1731 2212 1795 2233 ara-

1014 2261 1070 2281 nea
1085 2261 1115 2280 se
1131 2252 1273 2280 eviscerat
1288 2253 1414 2280 texendo
1431 2252 1539 2287 telam,
1560 2254 1592 2280 ut
1607 2259 1724 2279 muscas
1746 2260 1795 2280 ca-

1013 2300 1093 2335 piat3
1110 2300 1150 2327 sic
1171 2300 1316 2336 superbus
1340 2300 1440 2336 perdit
1463 2299 1594 2327 animam
1609 2320 1618 2333 ,
1642 2300 1675 2326 ut
1699 2298 1795 2334 capiat

1013 2346 1136 2374 laudem
1149 2347 1322 2375 humanam.
1338 2347 1418 2374 Unde
1434 2346 1540 2374 dicitur
1550 2347 1574 2374 δε
1595 2346 1672 2373 Telas
1687 2353 1795 2373 araneae

1016 2396 1170 2422 texuerunt.
1415 2423 1419 2426 Δ

1051 2442 1136 2469 Sexto
1151 2443 1336 2477 comparatur
1350 2441 1468 2475 feretro,
1481 2440 1552 2476 quia
1565 2440 1638 2467 sicut
1652 2439 1792 2466 feretrum

1014 2489 1083 2516 tunc
1097 2488 1195 2516 solum
1210 2490 1341 2522 ornatur,
1357 2496 1425 2515 cum
1446 2489 1581 2515 mortuus
1600 2487 1631 2513 in
1651 2494 1686 2513 eo
1708 2485 1796 2521 pom*-

1014 2537 1070 2571 tur3
1087 2536 1127 2564 sic
1142 2536 1207 2571 viri,
1226 2538 1253 2564 et
1267 2536 1406 2564 mulieres
1420 2535 1584 2572 praecipue,
1600 2536 1670 2561 tunc
1686 2536 1793 2562 ornant

1013 2582 1154 2611 feretrum
1178 2583 1311 2619 corporis
1331 2583 1376 2611 sui
1395 2592 1448 2619 per
1471 2582 1651 2610 exteriorum
1665 2581 1792 2609 vestium

1014 2649 1056 2673 lib.
1068 2650 1135 2680 V111,
1149 2657 1170 2673 c.
1186 2656 1240 2680 xlv,
1252 2657 1278 2674 n.
1290 2651 1334 2680 313
1352 2651 1381 2674 de
1396 2649 1599 2678 Civit.Dez',1ib.
1616 2649 1683 2679 Xiv,
1695 2655 1718 2672 c.
1731 2653 1789 2672 xm.

1015 2687 1063 2703 —-⁶
1079 2686 1150 2715 Gen„
1165 2692 1206 2716 111,
1223 2687 1292 2710 19.—
1305 2686 1387 2710 ⁷Psal.
1407 2691 1496 2717 xxxvr,
1518 2685 1607 2710 2o.—⁸
1619 2685 1680 2717 lsa„
1697 2690 1750 2715 ux,
1768 2685 1790 2707 5.

1046 2728 1078 2758 (α)
1094 2728 1170 2759 Vulg.
1188 2727 1316 2753 trahatur.
