2004 3037
758 228 901 262 SUMMA
922 230 972 262 DE
995 230 1201 263 ESSENTIA.

171 300 257 330 saule
280 300 386 336 legitur
409 302 418 318 ¹
441 301 602 336 poem‘tuisse
623 300 730 332 Deum,
753 297 826 333 quod
852 299 952 326 consti-

171 349 266 376 tuisset
288 355 347 375 eum
363 355 469 382 ream,
491 345 539 374 vel
564 345 639 373 sicut
659 352 738 373 nunc
761 344 899 373 videmus
919 345 951 372 in

169 394 285 431 populo
299 393 484 429 Judaeorum,
497 392 564 429 qui,
577 400 645 420 cum
659 393 734 420 esset
747 391 877 428 populus
888 391 949 427 Dei,

170 442 210 470 ob
225 441 407 479 impietatem
429 448 515 469 suam
532 439 626 468 factus
648 442 691 468 est
710 439 742 467 in
762 447 949 476 synagogam

168 490 290 518 Satanoe.
308 490 347 516 De
361 487 442 516 malo
455 495 527 516 vero
542 487 573 515 in
586 487 704 516 bonum
723 486 829 515 accidit
845 487 876 515 in
891 495 948 523 po-

168 536 240 572 pulo
255 535 403 571 gentium,
417 534 470 571 qui
484 535 552 562 ante
566 542 628 562 non
642 533 772 570 populus
788 533 853 569 Dei,
868 541 948 562 nunc

168 585 266 611 autem
286 590 340 619 per
361 582 487 617 gratiam
511 580 615 609 Christi
630 581 760 617 populus
784 580 834 608 Dei
854 580 948 608 factus

168 631 219 658 est.
244 631 303 658 Hoc
327 629 438 666 quippe
461 628 577 663 modo,
599 627 716 656 occulto
739 627 789 655 Dei
812 627 945 663 judicio,

166 678 179 705 J
182 676 256 704 udas
271 676 320 704 Dei
332 675 481 712 proditor,
488 675 526 703 de
534 675 719 711 apostolatus
727 674 823 710 gradu
832 674 946 710 lapsus,

166 723 197 751 in
217 723 324 752 inferni
341 722 516 751 barathrum
529 722 682 750 demersus
698 723 755 756 est;
771 721 848 749 latro
860 729 944 757 vero,

164 772 233 807 post
255 770 368 798 crimen
390 769 573 807 rapacitatis,
590 769 628 797 de
648 776 734 797 cruce
759 768 799 796 ad
823 768 944 796 Paradi-

164 825 231 845 sum
245 817 403 845 translatus
427 818 478 845 est.
502 817 581 844 Hanc
605 824 726 852 quoque
749 815 944 843 mutationem

165 864 203 892 de
217 864 298 892 bono
314 864 353 892 ad
368 863 497 898 malum,
514 863 589 891 sieut
614 862 725 890 dictum
746 864 788 890 est
810 862 847 890 de
862 862 943 890 malo

165 911 204 939 ad
218 911 348 945 bonum,
364 910 448 947 quod
462 910 578 938 occulto
591 910 731 945 justoque
743 908 856 945 Judicio
874 909 943 943 Dei,

164 957 224 987 sive
238 966 291 994 per
311 957 497 986 severitatem
514 956 633 993 justitiae
653 965 732 990 suae,
746 956 807 984 sive
822 964 876 992 per
890 956 943 984 mi-

163 1004 356 1032 sericordiam
366 1004 429 1040 ejus
443 1003 510 1039 fiat,
519 1003 727 1040 poenitentiam
739 1003 788 1031 Dei
804 1003 940 1031 dicimus.

162 1051 249 1085 Quod
273 1050 438 1087 expressius
459 1050 490 1078 in
512 1050 590 1078 libro
613 1049 765 1078 Hieremiae
789 1050 941 1086 prophetoe

162 1098 306 1134 scriptum
318 1099 370 1126 est.

197 1146 261 1173 Non
283 1144 425 1181 poenitere
452 1144 517 1179 Dei,
542 1145 585 1172 est
609 1145 715 1172 statuta
738 1144 822 1172 nullo
846 1144 939 1172 modo

160 1194 289 1226 mutare,
305 1192 338 1218 ut
353 1193 395 1219 est
415 1191 493 1219 illud
513 1191 544 1219 in
559 1191 675 1219 Psalmo
689 1200 696 1219 :
711 1192 821 1219 Juravz’t
843 1192 938 1218 Domi-

158 1247 223 1271 nus,
239 1241 264 1266 et
289 1246 342 1266 non
365 1239 505 1273 poem'tebit
521 1246 596 1272 eum,
616 1238 647 1265 id
672 1239 715 1265 est
736 1239 820 1265 Pater
841 1238 880 1265 ad
895 1238 940 1265 Fi-

156 1285 232 1313 lium
248 1295 254 1312 :
270 1288 300 1313 tu
315 1293 340 1313 es
353 1285 481 1313 Sacerdos
500 1286 530 1312 in
545 1287 676 1312 aeternum
698 1285 842 1312 secundum
865 1285 938 1312 ordi-

155 1340 215 1359 nem
227 1331 431 1360 Melchisedech.
448 1331 592 1359 Sacerdos
615 1331 664 1359 Dei
679 1331 770 1359 Patris
785 1331 880 1359 dietus
896 1334 939 1360 est

155 1378 245 1407 Filius
274 1378 338 1413 Dei,
368 1386 431 1406 non
458 1378 625 1406 secundum
654 1378 854 1415 divinitatem,
884 1379 938 1407 sed

155 1425 322 1453 secundum
342 1425 573 1459 humanitatem,
589 1425 620 1452 in
643 1433 704 1461 qua
718 1433 748 1452 se
774 1434 829 1461 pro
849 1426 937 1454 nobis

155 1480 209 1508 per
223 1471 394 1508 passionem
412 1473 439 1499 et
457 1473 586 1499 mortem
607 1472 638 1499 in
653 1472 834 1508 acceptabile
849 1473 937 1501 sacri-

155 1518 257 1546 ficium
270 1520 328 1546 Deo
346 1518 421 1546 Patri
436 1518 554 1553 obtulit,
571 1519 604 1546 ut
617 1518 680 1554 ipse
696 1520 771 1546 esset
785 1519 937 1555 sacerdos,

156 1565 209 1601 qui
224 1567 252 1593 et
267 1565 456 1593 sacrificium.

38 1622 143 1643 Oblivisci
193 1612 331 1640 Oblivisci
347 1612 453 1640 dicitur
473 1614 563 1647 Deus,
586 1621 654 1640 eum
676 1612 860 1649 quibusdam
882 1613 937 1641 im-

192 1675 197 1688 ¹
213 1675 220 1698 l
238 1675 305 1705 Κεφ,
321 1680 364 1705 XV,
383 1676 419 1698 11.
434 1688 465 1692 —
476 1675 486 1690 2
498 1675 567 1700 Psal.
584 1681 635 1706 eix,
652 1677 716 1699 4.—
729 1675 737 1689 ³
748 1676 849 1707 Jerem„
863 1684 936 1708 xxm,

158 1711 238 1734 203—
252 1710 260 1724 ⁴
276 1709 345 1734 Psal.
362 1716 443 1742 xmu,
459 1711 498 1734 23.

1750 240 1788 269 59

1006 298 1064 334 piis
1078 300 1107 327 et
1127 301 1334 336 peccatoribus
1354 309 1416 331 non
1439 302 1595 331 miseretur
1611 311 1618 330 ε
1634 303 1718 339 quod
1734 304 1788 332 uti-

1007 353 1065 381 que
1090 354 1152 374 non
1176 347 1245 376 facit
1268 355 1322 384 per
1343 349 1563 384 crudelitatem,
1587 357 1654 386 quae
1674 350 1705 378 in
1727 352 1785 379 Deo

1005 400 1067 420 non
1081 395 1139 428 est,
1151 394 1204 422 sed
1219 402 1273 430 pcr
1288 395 1438 424 occultum
1450 396 1625 433 justumque
1637 397 1785 433 judicium

1004 448 1102 468 suum.

1041 488 1182 517 indurare
1214 489 1322 517 dicitur
1353 490 1426 518 Deus
1462 491 1665 526 quorumdam
1694 493 1785 522 corda

1003 535 1154 563 malorum
1169 557 1178 570 ,
1207 535 1283 564 sieut
1314 536 1352 564 de
1384 537 1537 565 Pharaone
1571 546 1639 574 rege
1668 541 1784 576 AEgypti

1003 582 1146 618 scriptum
1166 584 1208 611 est
1224 591 1230 610 :
1246 591 1309 611 non
1330 583 1413 619 quod
1434 584 1623 620 omnipotens
1643 587 1717 614 Deus
1731 595 1785 623 per

1002 629 1166 665 potentIam
1189 637 1275 657 suam
1298 638 1402 658 eorum
1428 631 1520 659 corda
1542 631 1680 666 induret,
1701 634 1784 669 quod

1002 675 1129 712 impium
1143 678 1186 704 est
1200 676 1240 704 ita
1251 676 1385 712 credere3
1398 677 1462 713 sed,
1476 678 1663 714 exigentibus
1679 688 1783 708 eorum

1002 722 1096 759 culpis
1106 744 1114 758 ‚
1133 731 1201 751 cum
1217 723 1325 752 duritia
1340 724 1449 759 cordis,
1465 733 1557 761 quam
1573 726 1629 762 ipsi
1645 726 1703 754 sibi
1717 735 1782 755 om-

1000 769 1051 798 nia
1065 770 1145 798 mala
1164 771 1366 806 perpetrando
1389 771 1534 807 nutriant,
1551 781 1612 801 non
1628 773 1759 802 aufertur
1770 796 1780 809 ,

999 816 1127 851 videtur,
1143 817 1230 853 quasi
1244 817 1311 845 illos
1325 818 1388 854 ipse
1404 818 1532 854 induret,
1548 820 1632 856 quod
1643 820 1723 856 justo
1735 821 1780 857 ju-

1000 863 1078 891 dicio
1090 864 1222 892 indurati
1238 866 1314 893 sunt.

1036 912 1167 940 Dormire
1183 912 1232 940 Dei
1249 915 1300 948 est,
1317 921 1385 941 cum
1396 914 1564 949 unigenitus
1579 915 1667 943 Filius
1679 916 1778 950 Patris,

999 959 1029 986 in
1053 961 1205 996 assumpta
1226 968 1328 995 carne,
1348 969 1403 997 pro
1427 961 1515 989 nobis
1538 963 1616 990 mori
1640 962 1778 998 dignatus

998 1006 1142 1042 est.Cujus
1153 1015 1234 1035 mors
1243 1009 1320 1035 recte
1333 1007 1429 1036 dulcis
1440 1017 1562 1036 somnus
1572 1009 1731 1045 praedictus
1741 1010 1775 1046 (a)

998 1055 1054 1087 est,
1075 1053 1140 1089 ipso
1160 1053 1274 1082 dicente
1298 1063 1352 1091 per
1375 1055 1532 1084 Jeremiam
1555 1056 1733 1092 prophetam
1747 1057 1775 1084 ³:

996 1100 1059 1128 Ideo
1075 1102 1155 1135 quasi
1171 1102 1203 1128 de
1223 1109 1312 1129 somno
1329 1104 1465 1130 eaecitatus
1479 1103 1512 1138 (b)
1528 1111 1601 1138 sum,
1619 1106 1644 1131 et
1659 1104 1734 1137 vidi,
1752 1108 1777 1132 et

996 1154 1103 1175 somnus
1111 1155 1184 1174 meus
1195 1148 1281 1175 dulcis
1290 1150 1328 1176 est
1336 1149 1414 1176 mihi.
1427 1148 1516 1177 Aliter
1527 1149 1657 1178 dormire
1670 1151 1776 1179 dicitur

996 1194 1080 1227 Deus,
1101 1201 1169 1221 cum
1183 1193 1258 1221 fides
1273 1194 1353 1230 ejus,
1370 1195 1446 1222 inter
1460 1196 1671 1232 prosperitates
1687 1197 1776 1232 hujus

995 1239 1121 1273 mundi,
1144 1242 1172 1267 et
1194 1240 1270 1268 intra
1297 1241 1499 1277 quorumdam
1525 1242 1617 1270 corda
1640 1242 1775 1271 fidelium

994 1293 1056 1313 non
1081 1286 1200 1322 vigilat,
1224 1287 1277 1315 sed
1303 1287 1424 1316 dormit.
1454 1290 1534 1316 Hanc
1563 1289 1775 1319 dormitionem

993 1332 1056 1368 ipse
1083 1335 1165 1361 Jesus
1198 1334 1375 1369 significavit
1394 1356 1403 1370 ‚
1433 1343 1502 1363 cum
1529 1336 1560 1363 in
1592 1337 1668 1364 mari
1701 1337 1775 1365 inter

993 1378 1104 1407 fructus
1119 1381 1209 1408 maris
1230 1381 1382 1409 dormivit.
1400 1382 1452 1410 Vel
1473 1385 1549 1411 certe
1565 1383 1696 1412 dormire
1707 1406 1716 1418 ,
1733 1388 1775 1412 est

993 1427 1088 1454 anxiis
1103 1427 1186 1455 tarde
1200 1428 1379 1464 subvenire,
1394 1429 1468 1457 sicut
1480 1432 1522 1457 est
1534 1430 1565 1457 ln
1580 1430 1732 1460 Psalmista
1742 1433 1750 1448 ⁰
1765 1442 1770 1460 :

992 1474 1114 1508 Exurge,
1132 1483 1215 1509 quare
1230 1475 1365 1503 obdormis
1375 1497 1384 1509 ,
1397 1478 1508 1504 Domine
1520 1480 1533 1503 ί)

1028 1520 1155 1556 Vigilate
1185 1522 1253 1556 Dei,
1284 1524 1327 1550 est
1356 1522 1387 1550 in
1416 1523 1620 1551 defensionem
1649 1533 1772 1553 suorum

992 1567 1172 1601 electorum,
1192 1570 1220 1596 et
1240 1568 1385 1597 ultionem
1404 1570 1610 1606 inimicorum,
1626 1580 1656 1599 se
1675 1573 1771 1600 mani-

991 1613 1098 1642 festum
1113 1614 1326 1643 demonstrare.

1022 1677 1058 1708 (α)
1081 1678 1138 1708 Ley.
1154 1679 1222 1702 recte
1238 1680 1360 1710 tanquam
1376 1679 1456 1705 dulcis
1470 1688 1577 1705 somnus
1591 1682 1722 1713 praedicta.
1741 1697 1770 1702 -

993 1712 1022 1744 (ὁ)
1040 1713 1114 1744 Vulg.
1130 1715 1273 1738 suscitatus.

1799 502 1905 523 indurare

1795 923 1895 945 Dormire

1788 1532 1891 1559 vigilare.
