2004 3037
720 246 1053 282 CONFESSIONALE.
1075 249 1164 283 cAP.
1188 251 1240 284 ΙΙΙ.

412 354 594 380 PARTICULA
611 353 723 379 xxxin.

207 411 243 436 Dc
259 411 410 443 poenitentia
423 411 488 444 ejus,
503 410 547 443 qui
561 409 672 436 scienter
689 409 780 434 salsum
793 409 870 442 jurat,
885 409 928 434 vel

399 447 478 472 ulium
489 447 577 479 jurare
592 445 730 477 compellit.

213 508 360 545 Vigesima
369 508 510 544 secunda,
523 507 684 545 quaestione
695 506 799 543 quinta
809 515 837 534 z«
848 506 876 535 Si
890 506 956 543 quis

178 555 330 584 convictus
342 555 429 584 fuerit
441 555 514 583 alios
525 554 564 582 ad
578 554 652 583 falsa
663 553 843 588 testimonia,
855 553 904 582 vel
917 553 956 582 ad

177 602 308 640 perjuria
321 601 482 635 attraxisse,
498 601 546 630 vel
560 609 750 638 quacumque
765 600 956 637 corruptione

177 649 358 685 sollicitasse,
371 649 434 686 ipse
450 648 574 685 quidem
592 656 687 685 usque
701 648 744 683 „ad
765 648 876 676 exitum
890 648 957 676 vitae

177 703 240 724 non
263 696 471 724 communicet.
492 695 525 724 Hi
545 703 634 731 vero,
656 695 707 732 qui
728 695 755 723 ei
777 695 808 723 in
824 695 956 732 perjurio

177 743 359 771 consensisse
382 743 564 780 probantur,
588 744 692 780 postea
717 743 756 771 ab
776 743 858 771 omni
879 743 957 771 testi-

177 789 279 818 monio
302 791 370 818 sunt
392 790 567 818 removendi
585 791 603 823 ¹,
627 792 654 818 et
673 789 838 818 secundum
860 789 957 825 legem

177 836 300 866 infamia
314 837 506 866 notabuntur.
523 847 536 863 »
554 839 618 866 Haec
633 845 740 866 canon.

414 926 597 951 PARTICULA
615 926 728 951 XXXlV.

180 987 216 1010 ne
231 986 383 1017 pcenitentia
397 986 465 1018 ejus,
480 986 523 1018 qui
546 986 574 1010 in
590 985 704 1010 dicendis
722 985 793 1011 horis
811 986 853 1011 vel
869 987 958 1012 officiis

211 1022 303 1047 divinis
331 1030 346 1047 a
378 1022 582 1054 metropolitanae
615 1022 801 1047 consuetudine
830 1023 959 1055 discrepat

210 1059 336 1083 ecclcsiae.

215 1122 397 1151 Duodecimn
419 1121 623 1156 distinctione,
651 1129 687 1150 ex
714 1122 846 1151 Concilio
873 1123 957 1151 Tole-

181 1172 248 1198 tano
264 1178 293 1199 xi
303 1172 330 1198 2:
347 1180 360 1196 «
374 1171 411 1198 De
425 1170 481 1204 his,
493 1169 545 1206 qui
561 1170 663 1197 contra
674 1169 858 1197 voluntatem
868 1172 960 1206 Apos-

179 1218 232 1246 toli
253 1217 500 1246 circumferuntur
515 1217 597 1245 omni
611 1219 699 1245 vento
720 1217 880 1252 doctrinm,
895 1218 960 1254 pla-

180 1265 240 1293 cuit
253 1265 321 1293 huic
336 1267 436 1293 sancto
459 1264 601 1299 concilio,
620 1266 653 1292 ut
667 1264 902 1301 metropolItanae
916 1273 959 1292 se-

180 1313 225 1341 dis
241 1313 411 1341 auctoritate
427 1313 532 1346 coacti,
546 1312 779 1348 uniuscujusque
795 1312 958 1348 provinciee

179 1360 272 1395 cives,
287 1362 475 1396 rectoresque
491 1359 682 1388 ecclesiarum
694 1367 789 1387 unum
804 1359 959 1387 eumdem-

179 1416 238 1444 que
253 1407 283 1435 in
297 1407 453 1443 psallendo
467 1408 586 1434 teneant
598 1406 734 1441 modum,
751 1415 842 1442 quem
854 1407 884 1434 in
899 1415 959 1435 me-

179 1455 359 1491 tropolitana
379 1455 448 1482 sede
474 1453 669 1489 cognoverint
693 1454 874 1488 institutum,
904 1462 959 1481 nec

179 1502 281 1538 aliqua
296 1501 463 1530 diversitate
479 1501 622 1537 cujusque
638 1500 750 1528 ordinis
768 1501 817 1528 vel
838 1501 927 1529 officii
942 1510 959 1530 a

178 1549 407 1585 metropolitana
430 1548 501 1576 sede
525 1548 674 1584 patiantur
698 1556 728 1575 se
754 1547 893 1583 disjungi.
915 1548 958 1576 Sic

180 1597 258 1624 enim
278 1596 391 1632 justum
415 1597 470 1630 est,
492 1596 524 1622 ut
546 1595 616 1622 inde
638 1594 843 1631 unusquisque
862 1598 959 1624 sumat

178 1643 297 1678 regulas
320 1641 492 1678 magisterii,
514 1642 595 1669 unde
620 1642 742 1670 honoris
762 1643 958 1671 consecratio—

178 1698 248 1718 nem
263 1689 383 1725 accipit,
400 1691 432 1717 ut
445 1689 530 1724 juxta
544 1689 695 1724 majorum
713 1689 845 1724 decreta,
862 1691 956 1726 sedes,

179 1745 245 1773 quae
261 1736 420 1772 unicuique
433 1735 625 1763 sacerdotalis
638 1735 788 1771 dignitatis
799 1738 841 1764 est
854 1739 958 1771 mater,

179 1785 380 1813 eeclesiasticae
395 1783 544 1820 dignitatis
555 1784 603 1811 vel
619 1784 742 1812 rationis
754 1784 789 1812 sit
804 1784 957 1819 magistra.

179 1831 343 1860 Abbatihus
364 1839 433 1859 sane
448 1831 570 1858 indultis
587 1830 709 1865 officiis,
725 1839 791 1867 quse
809 1831 893 1866 juxta
908 1840 959 1859 vo-

179 1878 322 1906 luntatem
337 1878 382 1905 sui
398 1878 529 1914 episcopi
544 1877 717 1912 regulariter
731 1878 789 1905 illis
805 1879 958 1915 implenda

180 1927 261 1958 sunt,
278 1926 381 1952 caetera
396 1924 493 1952 officia
508 1916 629 1960 publica
640 1925 664 1958 ³,
683 1925 715 1952 id
735 1927 791 1959 est,
807 1934 959 1962 vesperaS,

179 1971 353 2005 matutinas,
372 1971 432 1999 sive
451 1971 572 1999 missam
593 1971 676 1999 aliter
693 1980 784 2008 quam
803 1972 833 1999 in
852 1973 958 2008 princi-

179 2018 239 2055 pali
254 2018 378 2046 ccclesia
397 2018 547 2046 celebrare
567 2026 628 2045 non
645 2018 742 2046 liceat.
759 2020 888 2055 Quisque
905 2028 958 2048 au-

180 2068 238 2093 tem
262 2066 370 2093 horum
393 2065 580 2092 decretorum
600 2065 728 2092 violator
742 2066 885 2101 (extiterit,
907 2076 959 2095 sex

179 2113 333 2141 mensibus
351 2120 369 2140 a
384 2112 593 2139 communione
608 2111 740 2148 privatus
756 2113 837 2149 apud
852 2117 958 2142 metro-

179 2159 346 2195 politanum
361 2159 415 2186 sub
431 2158 608 2194 poenitentiae
623 2166 747 2186 censura
763 2162 882 2188 maneat
897 2169 959 2188 cor-

179 2206 338 2241 rigendus,
367 2207 511 2242 quatenus
535 2205 616 2242 apud
644 2205 728 2234 illum
756 2209 783 2234 et
808 2208 959 2242 proetcritze

180 2252 419 2289 transgressionis
439 2252 558 2288 culpam
576 2252 716 2288 lacrymis
731 2253 839 2288 diluat,
861 2256 889 2282 ct
908 2262 959 2282 ne-

181 2301 338 2328 cessariam
353 2299 521 2327 officiorum
537 2299 703 2327 doctrinam
717 2300 846 2328 studiose
862 2302 959 2329 addis-

181 2349 236 2375 cat.
251 2347 311 2375 Sub
327 2347 381 2374 ista
396 2355 466 2382 ergo
481 2346 584 2382 regula
600 2346 773 2383 discipliure,
784 2356 846 2375 non
860 2349 958 2376 solum

180 2394 425 2429 metropolitanus
444 2393 531 2420 totius
546 2393 707 2429 provincias
727 2402 787 2422 sure
806 2395 960 2430 pontifices

181 2440 229 2467 vel
244 2440 411 2468 sacerdotes
427 2440 582 2475 astringat,
598 2441 651 2468 sed
671 2441 759 2469 etiam
774 2443 868 2470 caeteri
884 2443 959 2478 epis-

183 2487 250 2523 copi
265 2487 412 2522 subJectos
427 2487 483 2514 sibi
499 2487 690 2514 ecclesiarum
704 2490 832 2516 rectores
846 2489 960 2517 obtem-

182 2540 285 2568 perare
300 2534 346 2562 his
360 2534 591 2562 institutionibus
607 2537 725 2570 cogant.
742 2546 755 2562 ))
773 2537 836 2564 ilaec
851 2545 958 2565 canon.

215 2619 225 2635 5
250 2619 332 2643 Etiam
361 2622 417 2651 post
445 2621 622 2652 poenitentiam
644 2622 770 2653 privatam
788 2642 795 2653 ,
820 2624 961 2649 secuudum

184 2655 323 2685 quosdam,
339 2658 427 2686 quaest.
446 2663 466 2687 1,
483 2658 642 2689 tal'cwuque.
656 2671 685 2674 —
704 2659 711 2672 ²
727 2659 798 2683 szc.
822 2659 897 2683 Tolee.
924 2667 960 2688 M,

185 2697 241 2714 can.
260 2693 283 2714 3.
299 2704 330 2707 ——
350 2692 358 2704 ³
379 2692 478 2716 scilicet
495 2693 646 2717 clericorum
661 2695 831 2724 saeeularium,
850 2703 960 2726 quorum

184 2725 269 2750 officia
289 2726 390 2757 publica
409 2730 474 2751 sunt.
493 2741 518 2745 —
539 2729 543 2742 ⁵
564 2728 637 2754 Cone,
660 2729 736 2755 Tolet.
757 2736 794 2760 Xi,
814 2738 870 2754 can.
889 2733 912 2755 8.
933 2745 958 2749 -

1731 252 1790 282 375

1253 356 1391 382 PARTICU
1397 357 1435 381 LA
1453 356 1554 382 XXXV.

1058 411 1095 436 De
1112 412 1265 443 poenitentia
1288 412 1419 444 episcopi,
1437 412 1480 444 qui
1503 411 1690 437 correctionem
1713 411 1744 436 de

1161 448 1303 473 simoniaca
1318 448 1466 473 venditione
1483 447 1634 472 dissimulat.

1046 508 1163 544 Prima,
1183 509 1344 546 quaestione
1367 508 1484 545 prima,
1501 517 1536 536 ex
1564 507 1690 536 concilio
1711 507 1792 536 Tole-

1010 557 1080 583 tano
1096 563 1124 583 xi
1135 556 1163 584 ¹‘:
1177 566 1190 582 «
1206 556 1358 593 Quidquid
1371 555 1528 584 invisibilis
1542 555 1642 591 gratiae
1657 554 1792 583 consola-

1010 602 1090 630 tione
1114 602 1268 638 tribuitur,
1283 611 1439 640 nunquam
1463 602 1639 640 quaestibus,
1659 601 1707 630 vel
1729 602 1792 638 qui—

1011 649 1142 678 buslibet
1168 650 1297 686 praemiis
1328 650 1497 679 venundari
1529 649 1648 686 penitus
1681 649 1791 684 debet,

1012 697 1127 725 dicente
1143 697 1268 726 Domino
1287 698 1297 716 ‘⁵
1315 707 1321 726 :
1345 698 1421 731 Quod
1443 700 1530 733 gyratis
1553 699 1711 733 accepistis,
1728 705 1792 732 qra-

1012 746 1048 772 τίς
1064 745 1144 778 ἀαιε;
1161 746 1189 772 et
1203 745 1271 773 ideo
1287 745 1470 782 quicumque
1489 745 1632 781 deinceps
1651 743 1682 772 iu
1701 743 1794 772 eccle·

1012 791 1128 819 siastico
1143 791 1248 820 ordine
1264 792 1449 828 constitutus,
1467 793 1517 820 aut
1533 800 1589 828 pro
1606 790 1794 827 baptizandis

1012 838 1284 875 consignandisque
1297 838 1452 874 fidelibus,
1465 841 1516 867 aut
1530 838 1689 867 collatione
1704 837 1794 865 chris-

1012 886 1114 921 matis,
1135 887 1184 915 vel
1209 886 1450 923 promotionibus
1478 886 1647 922 graduum,
1669 885 1795 921 praemia

1013 933 1152 970 quaelibet
1165 934 1213 962 vel
1227 933 1338 970 pretia,
1352 933 1410 961 nisi
1425 933 1590 962 voluntarie
1605 932 1722 967 oblata,
1738 940 1794 968 pro

1012 981 1187 1017 hujusmodi
1210 982 1372 1010 ambitione
1394 981 1576 1018 susceperit,
1601 980 1744 1017 equidem
1770 979 1794 1008 si

1013 1029 1121 1056 sciente
1139 1029 1198 1057 loci
1218 1029 1374 1066 episcopo,
1389 1029 1447 1057 tale
1463 1028 1677 1065 quodcumque
1693 1035 1710 1055 a
1724 1026 1795 1054 sub-

1014 1076 1081 1104 ditis
1103 1078 1306 1113 perpetratum
1320 1076 1423 1111 fuerit,
1439 1076 1521 1104 idem
1541 1075 1700 1112 episcopus
1719 1075 1794 1102 duo-

1013 1124 1070 1151 bus
1104 1123 1258 1151 mensibus
1287 1122 1588 1151 excommunicationi
1621 1122 1772 1157 subjaceat
1784 1143 1794 1156 ,

1012 1179 1068 1207 pro
1084 1179 1119 1199 eo
1136 1171 1220 1207 quod
1240 1171 1312 1198 scita
1332 1170 1413 1198 mala
1428 1170 1571 1204 contexit,
1587 1170 1614 1197 et
1634 1169 1793 1197 correctio-

1013 1226 1084 1246 nem
1102 1218 1300 1246 necessariam
1319 1226 1381 1246 non
1403 1217 1550 1245 adhibuit.
1570 1216 1598 1244 Si
1613 1218 1711 1244 autem
1726 1223 1795 1243 suo-

1013 1273 1081 1293 rum
1105 1265 1274 1301 quispiam,
1298 1265 1407 1293 eodem
1426 1263 1589 1298 nesciente,
1615 1271 1670 1299 pro
1694 1270 1797 1299 supra·-

1015 1312 1099 1340 dictis
1114 1312 1329 1349 quodcumque
1350 1311 1486 1348 capitulis
1509 1309 1718 1346 accipiendum
1738 1309 1796 1336 sibi

1015 1368 1077 1387 csse
1093 1359 1268 1393 crediderit,
1284 1359 1308 1386 si
1327 1359 1484 1395 presbyter
1499 1359 1556 1391 est,
1573 1358 1701 1393 quatuor
1716 1364 1796 1384 men-

1014 1408 1091 1436 sium
1115 1407 1422 1435 excommunicatione
1450 1406 1618 1442 plcctatur3
1642 1405 1666 1432 si
1695 1405 1796 1433 diaco-

1013 1462 1083 1490 nus,
1104 1455 1211 1489 trium3
1228 1454 1429 1482 subdiaconus
1452 1461 1521 1481 vero
1536 1453 1585 1480 vel
1605 1451 1729 1480 clericus
1750 1451 1796 1479 his

1015 1501 1226 1538 cupiditatibus
1248 1500 1379 1529 serviens
1394 1522 1402 1535 ,
1428 1500 1608 1536 competenti
1631 1507 1742 1535 pcena,
1769 1501 1796 1526 ct

1015 1548 1116 1576 debita
1150 1547 1458 1576 excommunicatione
1489 1546 1664 1584 plectendus
1699 1547 1750 1574 cst.
1778 1555 1792 1571 n

1015 1596 1078 1623 Haec
1103 1603 1211 1623 canon.

1254 1660 1433 1684 PARTICULA
1452 1660 1564 1684 xxxvl.

1014 1723 1052 1746 Dc
1067 1721 1219 1753 poenitentia
1234 1721 1348 1752 episcopi
1363 1721 1406 1752 qui
1421 1720 1522 1745 ordinat
1538 1720 1659 1745 clericum
1677 1720 1794 1745 invitum.

1050 1784 1379 1820 septuagesimaquarta
1394 1784 1599 1818 distinetione,
1617 1791 1653 1811 ex
1668 1783 1795 1811 concilio

1014 1832 1216 1860 Aurelianensi
1239 1832 1248 1848 ⁶
1271 1841 1277 1859 :
1296 1832 1480 1868 «Episcopus
1503 1832 1554 1867 qui
1579 1831 1721 1865 invitum,
1746 1832 1796 1858 aut

1013 1879 1229 1907 reclamantem
1256 1879 1266 1896 ⁷
1302 1880 1440 1906 ordinare
1476 1877 1715 1915 praesumpserit,
1743 1885 1797 1905 an—

1014 1927 1097 1954 nuali
1118 1926 1297 1962 poenitentia}
1321 1926 1478 1960 subditus,
1494 1925 1592 1953 Missas
1615 1925 1711 1953 facere
1734 1932 1795 1952 non

1014 1975 1182 2009 praesumat.
1200 1984 1213 2000 u
1232 1974 1295 2000 Haec
1310 1980 1416 2000 canon.

1251 2053 1431 2078 PARTlCt'LA
1450 2053 1574 2077 xxxvn.

1198 2107 1234 2130 De
1250 2106 1402 2137 pmnitentia
1417 2106 1606 2137 sortilegorum.

1051 2163 1160 2196 Extra„
1176 2162 1212 2190 dc
1238 2163 1383 2198 Sortileg.,
1400 2171 1436 2190 ex
1457 2163 1644 2190 Poenz‘ccntt'alt‘
1664 2162 1797 2190 Theodo-

1015 2208 1039 2236 ri
1057 2218 1063 2236 :
1084 2219 1097 2234 ι(
1110 2211 1141 2237 ln
1164 2209 1271 2237 tabulis
1292 2210 1339 2237 vel
1360 2209 1528 2244 codicibus,
1545 2211 1595 2237 aut
1615 2209 1695 2244 aliis,
1718 2211 1796 2236 sorte

1014 2255 1093 2283 furta
1116 2264 1178 2283 non
1202 2258 1269 2284 sunt
1292 2256 1471 2293 requirenda
1487 2277 1496 2291 ,
1520 2264 1575 2284 nec
1598 2256 1797 2284 divinationes

1016 2302 1130 2338 aliquas
1145 2303 1175 2330 in
1190 2303 1340 2340 aliquibus
1355 2304 1445 2331 rebus
1461 2304 1527 2340 quis
1543 2303 1702 2332 observare
1717 2312 1794 2340 prze-

1015 2352 1121 2378 sumat.
1141 2351 1196 2384 Qui
1219 2353 1318 2390 autem
1340 2352 1443 2378 contra
1466 2351 1580 2386 feeerit,
1596 2351 1796 2387 quadraginta

1018 2396 1080 2425 dies
1095 2398 1245 2433 poeniteat.
1262 2408 1275 2425 »
1294 2399 1358 2426 lIaec
1375 2406 1479 2426 canon.

1251 2478 1429 2502 PARTlCL‘LA
1450 2478 1585 2502 xxxvnl.

1095 2531 1130 2555 De
1148 2532 1299 2562 pceuiteutia
1314 2532 1369 2563 ejus
1385 2532 1428 2563 qui
1442 2532 1512 2556 videt
1529 2532 1555 2555 in
1570 2531 1716 2555 astrolabio.

1054 2589 1161 2623 Extra„
1179 2588 1215 2616 dc
1235 2588 1382 2624 Sortileg.,
1403 2588 1567 2617 Alexander
1592 2589 1637 2622 111,
1655 2588 1798 2616 ‹zradensi

1018 2664 1028 2680 5
1043 2662 1143 2693 Mami„
1165 2669 1197 2693 x,
1217 2664 1239 2687 8.
1259 2676 1285 2679 -
1303 2664 1311 2677 ὓ
1329 2664 1400 2687 Cone.
1417 2662 1549 2686 Aurelian.
1567 2675 1596 2679 -
1616 2662 1624 2677 7
1642 2662 1743 2686 Scilicet
1759 2662 1798 2685 vel

1017 2699 1101 2730 aliquo
1115 2699 1163 2722 alio
1175 2699 1277 2729 iudicio,
1292 2705 1368 2730 quani
1383 2706 1454 2729 voce,
1469 2697 1623 2722 contrariam
1639 2698 1798 2722 voluntatem

1019 2734 1209 2758 ostendentem.
