<?xml version="1.0" encoding="UTF-8"?>
<!DOCTYPE html PUBLIC "-//W3C//DTD XHTML 1.0 Transitional//EN"
    "http://www.w3.org/TR/xhtml1/DTD/xhtml1-transitional.dtd">
<html xmlns="http://www.w3.org/1999/xhtml" xml:lang="en" lang="en">
 <head>
  <title>
</title>
<meta http-equiv="Content-Type" content="text/html;charset=utf-8" />
  <meta name='ocr-system' content='tesseract 3.04.00' />
  <meta name='ocr-capabilities' content='ocr_page ocr_carea ocr_par ocr_line ocrx_word'/>
</head>
<body>
  <div class='ocr_page' id='page_1' title='image "./operaomniasixtiv08bonauoft/operaomniasixtiv08bonauoft_0455.png"; bbox 0 0 2004 3037; ppageno 0'>
   <div class='ocr_carea' id='block_1_1' title="bbox 18 1720 126 1834">
    <p class='ocr_par' dir='ltr' id='par_1_1' title="bbox 18 1720 126 1834">
     <span class='ocr_line' id='line_1_1' title="bbox 19 1720 126 1741; baseline 0 -1"><span class='ocrx_word' id='word_1_1' title='bbox 19 1720 67 1741; x_wconf 80' lang='lat' dir='ltr'><strong>Vita</strong></span> <span class='ocrx_word' id='word_1_2' title='bbox 75 1725 126 1740; x_wconf 83' lang='lat' dir='ltr'><strong>con-</strong></span> 
     </span>
     <span class='ocr_line' id='line_1_2' title="bbox 18 1751 126 1777; baseline -0.009 -5"><span class='ocrx_word' id='word_1_3' title='bbox 18 1751 126 1777; x_wconf 80' lang='lat' dir='ltr'><strong>templati-</strong></span> 
     </span>
     <span class='ocr_line' id='line_1_3' title="bbox 28 1783 115 1803; baseline 0 -1"><span class='ocrx_word' id='word_1_4' title='bbox 28 1788 56 1802; x_wconf 72' lang='grc' dir='ltr'><strong>νει</strong></span> <span class='ocrx_word' id='word_1_5' title='bbox 68 1783 115 1803; x_wconf 84' lang='lat' dir='ltr'><strong>Deo</strong></span> 
     </span>
     <span class='ocr_line' id='line_1_4' title="bbox 28 1813 111 1834; baseline 0 -1"><span class='ocrx_word' id='word_1_6' title='bbox 28 1813 111 1834; x_wconf 85' lang='lat' dir='ltr'><strong>unitur.</strong></span> 
     </span>
    </p>
   </div>
   <div class='ocr_carea' id='block_1_2' title="bbox 631 241 1221 277">
    <p class='ocr_par' dir='ltr' id='par_1_2' title="bbox 631 241 1221 277">
     <span class='ocr_line' id='line_1_5' title="bbox 631 241 1221 277; baseline -0.005 0"><span class='ocrx_word' id='word_1_7' title='bbox 631 244 682 277; x_wconf 87' lang='lat' dir='ltr'><strong>DE</strong></span> <span class='ocrx_word' id='word_1_8' title='bbox 702 242 845 276; x_wconf 84' lang='lat' dir='ltr'>TERTIO</span> <span class='ocrx_word' id='word_1_9' title='bbox 865 241 1035 275; x_wconf 85' lang='lat' dir='ltr'><strong>ITlNERE.</strong></span> <span class='ocrx_word' id='word_1_10' title='bbox 1061 241 1160 274; x_wconf 91' lang='lat' dir='ltr'><strong>DIST.</strong></span> <span class='ocrx_word' id='word_1_11' title='bbox 1184 242 1221 274; x_wconf 87' lang='lat' dir='ltr'><strong>V.</strong></span> 
     </span>
    </p>
   </div>
   <div class='ocr_carea' id='block_1_3' title="bbox 124 311 923 2547">
    <p class='ocr_par' dir='ltr' id='par_1_3' title="bbox 124 311 904 489">
     <span class='ocr_line' id='line_1_6' title="bbox 124 311 901 349; baseline -0.004 -7"><span class='ocrx_word' id='word_1_12' title='bbox 124 312 182 348; x_wconf 88' lang='lat' dir='ltr'><strong>tio,</strong></span> <span class='ocrx_word' id='word_1_13' title='bbox 197 320 263 349; x_wconf 75' lang='lat' dir='ltr'><strong>quae</strong></span> <span class='ocrx_word' id='word_1_14' title='bbox 277 313 319 341; x_wconf 88' lang='lat' dir='ltr'><strong>est</strong></span> <span class='ocrx_word' id='word_1_15' title='bbox 332 311 486 341; x_wconf 83' lang='lat' dir='ltr'>intendere</span> <span class='ocrx_word' id='word_1_16' title='bbox 501 313 529 340; x_wconf 91' lang='lat' dir='ltr'><strong>et</strong></span> <span class='ocrx_word' id='word_1_17' title='bbox 542 319 673 349; x_wconf 80' lang='lat' dir='ltr'><strong>quoerere</strong></span> <span class='ocrx_word' id='word_1_18' title='bbox 695 312 791 340; x_wconf 89' lang='lat' dir='ltr'><strong>solum</strong></span> <span class='ocrx_word' id='word_1_19' title='bbox 809 313 901 340; x_wconf 87' lang='lat' dir='ltr'><strong>Deum</strong></span> 
     </span>
     <span class='ocr_line' id='line_1_7' title="bbox 125 358 904 396; baseline -0.003 -8"><span class='ocrx_word' id='word_1_20' title='bbox 125 361 247 396; x_wconf 78' lang='lat' dir='ltr'><strong>propter</strong></span> <span class='ocrx_word' id='word_1_21' title='bbox 274 359 371 396; x_wconf 82' lang='lat' dir='ltr'><strong>ipsum</strong></span> <span class='ocrx_word' id='word_1_22' title='bbox 402 359 499 388; x_wconf 93' lang='lat' dir='ltr'><strong>solum</strong></span> <span class='ocrx_word' id='word_1_23' title='bbox 519 381 529 395; x_wconf 91' lang='lat'><strong>,</strong></span> <span class='ocrx_word' id='word_1_24' title='bbox 559 358 642 396; x_wconf 85' lang='lat' dir='ltr'><strong>quod</strong></span> <span class='ocrx_word' id='word_1_25' title='bbox 673 359 830 395; x_wconf 87' lang='lat' dir='ltr'><strong>proprium</strong></span> <span class='ocrx_word' id='word_1_26' title='bbox 860 359 904 386; x_wconf 86' lang='lat' dir='ltr'><strong>est</strong></span> 
     </span>
     <span class='ocr_line' id='line_1_8' title="bbox 126 404 901 442; baseline -0.003 -8"><span class='ocrx_word' id='word_1_27' title='bbox 126 414 257 442; x_wconf 81' lang='lat' dir='ltr'><strong>sponsae,</strong></span> <span class='ocrx_word' id='word_1_28' title='bbox 272 417 286 433; x_wconf 84' lang='lat'>»</span> <span class='ocrx_word' id='word_1_29' title='bbox 302 408 368 441; x_wconf 65' lang='lat' dir='ltr'><strong>etc„</strong></span> <span class='ocrx_word' id='word_1_30' title='bbox 384 408 416 435; x_wconf 91' lang='lat' dir='ltr'><strong>ut</strong></span> <span class='ocrx_word' id='word_1_31' title='bbox 435 406 548 435; x_wconf 88' lang='lat' dir='ltr'><strong>dictum</strong></span> <span class='ocrx_word' id='word_1_32' title='bbox 566 407 609 434; x_wconf 87' lang='lat' dir='ltr'><strong>est</strong></span> <span class='ocrx_word' id='word_1_33' title='bbox 629 413 733 442; x_wconf 86' lang='lat' dir='ltr'><strong>supra,</strong></span> <span class='ocrx_word' id='word_1_34' title='bbox 750 405 782 433; x_wconf 92' lang='lat' dir='ltr'><strong>in</strong></span> <span class='ocrx_word' id='word_1_35' title='bbox 803 404 901 441; x_wconf 80' lang='lat' dir='ltr'><strong>primo</strong></span> 
     </span>
     <span class='ocr_line' id='line_1_9' title="bbox 126 452 528 489; baseline 0 -8"><span class='ocrx_word' id='word_1_36' title='bbox 126 453 248 489; x_wconf 82' lang='lat' dir='ltr'><strong>itinere,</strong></span> <span class='ocrx_word' id='word_1_37' title='bbox 265 453 391 482; x_wconf 89' lang='lat' dir='ltr'><strong>distinct.</strong></span> <span class='ocrx_word' id='word_1_38' title='bbox 408 453 492 482; x_wconf 87' lang='lat' dir='ltr'><strong>tertia</strong></span> <span class='ocrx_word' id='word_1_39' title='bbox 508 452 528 481; x_wconf 82' lang='lat'><strong>¹.</strong></span> 
     </span>
    </p>

    <p class='ocr_par' dir='ltr' id='par_1_4' title="bbox 127 498 917 1704">
     <span class='ocr_line' id='line_1_10' title="bbox 165 498 904 537; baseline -0.001 -10"><span class='ocrx_word' id='word_1_40' title='bbox 165 502 205 528; x_wconf 70' lang='lat' dir='ltr'><strong>Ex</strong></span> <span class='ocrx_word' id='word_1_41' title='bbox 220 508 280 537; x_wconf 86' lang='lat' dir='ltr'><strong>quo</strong></span> <span class='ocrx_word' id='word_1_42' title='bbox 295 502 388 536; x_wconf 88' lang='lat' dir='ltr'><strong>patet,</strong></span> <span class='ocrx_word' id='word_1_43' title='bbox 406 499 489 536; x_wconf 84' lang='lat' dir='ltr'><strong>quod</strong></span> <span class='ocrx_word' id='word_1_44' title='bbox 506 499 675 528; x_wconf 79' lang='lat' dir='ltr'><strong>itinerantes</strong></span> <span class='ocrx_word' id='word_1_45' title='bbox 689 499 719 527; x_wconf 91' lang='lat' dir='ltr'><strong>in</strong></span> <span class='ocrx_word' id='word_1_46' title='bbox 733 499 794 527; x_wconf 85' lang='lat' dir='ltr'><strong>vita</strong></span> <span class='ocrx_word' id='word_1_47' title='bbox 809 498 904 527; x_wconf 82' lang='lat' dir='ltr'><strong>activa</strong></span> 
     </span>
     <span class='ocr_line' id='line_1_11' title="bbox 127 545 904 583; baseline -0.003 -8"><span class='ocrx_word' id='word_1_48' title='bbox 127 547 296 583; x_wconf 78' lang='lat' dir='ltr'><strong>frequenter</strong></span> <span class='ocrx_word' id='word_1_49' title='bbox 312 546 468 575; x_wconf 84' lang='lat' dir='ltr'>turbantur</span> <span class='ocrx_word' id='word_1_50' title='bbox 477 556 486 582; x_wconf 89' lang='lat'>;</span> <span class='ocrx_word' id='word_1_51' title='bbox 503 546 556 574; x_wconf 90' lang='lat' dir='ltr'><strong>sed</strong></span> <span class='ocrx_word' id='word_1_52' title='bbox 568 546 686 582; x_wconf 85' lang='lat' dir='ltr'><strong>spiritus</strong></span> <span class='ocrx_word' id='word_1_53' title='bbox 700 546 859 574; x_wconf 82' lang='lat' dir='ltr'>ambulans</span> <span class='ocrx_word' id='word_1_54' title='bbox 874 545 904 573; x_wconf 90' lang='lat' dir='ltr'><strong>in</strong></span> 
     </span>
     <span class='ocr_line' id='line_1_12' title="bbox 129 592 906 630; baseline -0.003 -8"><span class='ocrx_word' id='word_1_55' title='bbox 129 593 284 622; x_wconf 82' lang='lat' dir='ltr'><strong>itineribus</strong></span> <span class='ocrx_word' id='word_1_56' title='bbox 302 593 369 621; x_wconf 71' lang='lat' dir='ltr'><strong>vitae</strong></span> <span class='ocrx_word' id='word_1_57' title='bbox 391 593 645 630; x_wconf 68' lang='lat' dir='ltr'><strong>contemplativae,</strong></span> <span class='ocrx_word' id='word_1_58' title='bbox 660 601 678 621; x_wconf 89' lang='lat' dir='ltr'><strong>a</strong></span> <span class='ocrx_word' id='word_1_59' title='bbox 699 594 757 621; x_wconf 91' lang='lat' dir='ltr'><strong>Deo</strong></span> <span class='ocrx_word' id='word_1_60' title='bbox 781 592 906 620; x_wconf 88' lang='lat' dir='ltr'><strong>dulciter</strong></span> 
     </span>
     <span class='ocr_line' id='line_1_13' title="bbox 130 638 905 676; baseline -0.003 -8"><span class='ocrx_word' id='word_1_61' title='bbox 130 640 298 668; x_wconf 87' lang='lat' dir='ltr'><strong>consolatur</strong></span> <span class='ocrx_word' id='word_1_62' title='bbox 311 642 378 676; x_wconf 86' lang='lat' dir='ltr'><strong>post</strong></span> <span class='ocrx_word' id='word_1_63' title='bbox 392 640 529 668; x_wconf 75' lang='lat' dir='ltr'>activam.</span> <span class='ocrx_word' id='word_1_64' title='bbox 546 639 626 668; x_wconf 85' lang='lat' dir='ltr'><strong>Unde</strong></span> <span class='ocrx_word' id='word_1_65' title='bbox 643 639 811 675; x_wconf 73' lang='lat' dir='ltr'><strong>GregoriuS,</strong></span> <span class='ocrx_word' id='word_1_66' title='bbox 827 638 905 667; x_wconf 89' lang='lat' dir='ltr'><strong>libro</strong></span> 
     </span>
     <span class='ocr_line' id='line_1_14' title="bbox 130 685 906 722; baseline -0.003 -7"><span class='ocrx_word' id='word_1_67' title='bbox 130 689 211 715; x_wconf 76' lang='lat' dir='ltr'><strong>sexto</strong></span> <span class='ocrx_word' id='word_1_68' title='bbox 233 688 425 722; x_wconf 72' lang='lat' dir='ltr'><strong>Moralium2,</strong></span> <span class='ocrx_word' id='word_1_69' title='bbox 442 686 533 714; x_wconf 86' lang='lat' dir='ltr'><strong>dicit:</strong></span> <span class='ocrx_word' id='word_1_70' title='bbox 553 697 566 712; x_wconf 90' lang='lat'>«</span> <span class='ocrx_word' id='word_1_71' title='bbox 588 686 665 720; x_wconf 84' lang='lat' dir='ltr'>Quid</span> <span class='ocrx_word' id='word_1_72' title='bbox 688 694 742 722; x_wconf 84' lang='lat' dir='ltr'><strong>per</strong></span> <span class='ocrx_word' id='word_1_73' title='bbox 766 685 906 720; x_wconf 84' lang='lat' dir='ltr'><strong>Mariam,</strong></span> 
     </span>
     <span class='ocr_line' id='line_1_15' title="bbox 131 733 907 770; baseline -0.003 -8"><span class='ocrx_word' id='word_1_74' title='bbox 131 742 196 770; x_wconf 77' lang='lat' dir='ltr'><strong>quae</strong></span> <span class='ocrx_word' id='word_1_75' title='bbox 209 734 249 762; x_wconf 88' lang='lat' dir='ltr'><strong>ad</strong></span> <span class='ocrx_word' id='word_1_76' title='bbox 262 733 354 770; x_wconf 89' lang='lat' dir='ltr'><strong>pedes</strong></span> <span class='ocrx_word' id='word_1_77' title='bbox 369 733 484 761; x_wconf 87' lang='lat' dir='ltr'><strong>Domini</strong></span> <span class='ocrx_word' id='word_1_78' title='bbox 505 733 674 768; x_wconf 85' lang='lat' dir='ltr'><strong>residebat,</strong></span> <span class='ocrx_word' id='word_1_79' title='bbox 696 733 820 761; x_wconf 87' lang='lat' dir='ltr'><strong>audiens</strong></span> <span class='ocrx_word' id='word_1_80' title='bbox 842 740 907 760; x_wconf 82' lang='lat' dir='ltr'><strong>vcr-</strong></span> 
     </span>
     <span class='ocr_line' id='line_1_16' title="bbox 130 779 908 816; baseline -0.001 -8"><span class='ocrx_word' id='word_1_81' title='bbox 130 781 205 808; x_wconf 87' lang='lat' dir='ltr'><strong>bum</strong></span> <span class='ocrx_word' id='word_1_82' title='bbox 220 779 349 816; x_wconf 82' lang='lat' dir='ltr'><strong>Domini,</strong></span> <span class='ocrx_word' id='word_1_83' title='bbox 366 780 422 808; x_wconf 90' lang='lat' dir='ltr'><strong>nisi</strong></span> <span class='ocrx_word' id='word_1_84' title='bbox 436 780 496 808; x_wconf 89' lang='lat' dir='ltr'><strong>vita</strong></span> <span class='ocrx_word' id='word_1_85' title='bbox 516 779 747 816; x_wconf 85' lang='lat' dir='ltr'><strong>contemplativa</strong></span> <span class='ocrx_word' id='word_1_86' title='bbox 768 779 908 815; x_wconf 86' lang='lat' dir='ltr'><strong>exprimi-</strong></span> 
     </span>
     <span class='ocr_line' id='line_1_17' title="bbox 131 826 907 863; baseline -0.003 -8"><span class='ocrx_word' id='word_1_87' title='bbox 131 829 191 862; x_wconf 82' lang='lat' dir='ltr'><strong>tur,</strong></span> <span class='ocrx_word' id='word_1_88' title='bbox 208 835 274 863; x_wconf 89' lang='lat' dir='ltr'><strong>quae</strong></span> <span class='ocrx_word' id='word_1_89' title='bbox 297 835 332 855; x_wconf 81' lang='lat' dir='ltr'><strong>ex</strong></span> <span class='ocrx_word' id='word_1_90' title='bbox 353 827 411 855; x_wconf 90' lang='lat' dir='ltr'><strong>hoc</strong></span> <span class='ocrx_word' id='word_1_91' title='bbox 433 835 450 855; x_wconf 89' lang='lat' dir='ltr'><strong>a</strong></span> <span class='ocrx_word' id='word_1_92' title='bbox 472 827 596 855; x_wconf 88' lang='lat' dir='ltr'><strong>Domino</strong></span> <span class='ocrx_word' id='word_1_93' title='bbox 616 826 824 855; x_wconf 84' lang='lat' dir='ltr'><strong>commendata</strong></span> <span class='ocrx_word' id='word_1_94' title='bbox 838 826 907 861; x_wconf 80' lang='lat' dir='ltr'><strong>fuit,</strong></span> 
     </span>
     <span class='ocr_line' id='line_1_18' title="bbox 133 873 910 910; baseline -0.003 -8"><span class='ocrx_word' id='word_1_95' title='bbox 133 874 204 910; x_wconf 87' lang='lat' dir='ltr'><strong>quia</strong></span> <span class='ocrx_word' id='word_1_96' title='bbox 218 875 348 909; x_wconf 84' lang='lat' dir='ltr'><strong>optimam</strong></span> <span class='ocrx_word' id='word_1_97' title='bbox 361 877 465 910; x_wconf 77' lang='lat' dir='ltr'><strong>partem</strong></span> <span class='ocrx_word' id='word_1_98' title='bbox 481 875 559 909; x_wconf 72' lang='lat' dir='ltr'><strong>eleqit</strong></span> <span class='ocrx_word' id='word_1_99' title='bbox 568 896 577 908; x_wconf 93' lang='lat'><strong>,</strong></span> <span class='ocrx_word' id='word_1_100' title='bbox 588 883 647 910; x_wconf 81' lang='lat' dir='ltr'><strong>quae</strong></span> <span class='ocrx_word' id='word_1_101' title='bbox 661 882 713 901; x_wconf 72' lang='lat' dir='ltr'><strong>non</strong></span> <span class='ocrx_word' id='word_1_102' title='bbox 728 874 865 906; x_wconf 77' lang='lat' dir='ltr'><strong>auferetur</strong></span> <span class='ocrx_word' id='word_1_103' title='bbox 877 873 910 900; x_wconf 84' lang='lat' dir='ltr'><strong>ab</strong></span> 
     </span>
     <span class='ocr_line' id='line_1_19' title="bbox 133 919 911 957; baseline -0.001 -9"><span class='ocrx_word' id='word_1_104' title='bbox 133 922 184 948; x_wconf 84' lang='lat' dir='ltr'><strong>ea?</strong></span> <span class='ocrx_word' id='word_1_105' title='bbox 197 930 210 947; x_wconf 88' lang='lat'>»</span> <span class='ocrx_word' id='word_1_106' title='bbox 229 922 299 954; x_wconf 82' lang='lat' dir='ltr'><strong>Quae</strong></span> <span class='ocrx_word' id='word_1_107' title='bbox 314 923 414 948; x_wconf 85' lang='lat' dir='ltr'><strong>autem</strong></span> <span class='ocrx_word' id='word_1_108' title='bbox 434 921 485 949; x_wconf 88' lang='lat' dir='ltr'><strong>illa</strong></span> <span class='ocrx_word' id='word_1_109' title='bbox 505 921 618 956; x_wconf 91' lang='lat' dir='ltr'><strong>optima</strong></span> <span class='ocrx_word' id='word_1_110' title='bbox 639 929 708 957; x_wconf 84' lang='lat' dir='ltr'><strong>pars</strong></span> <span class='ocrx_word' id='word_1_111' title='bbox 723 920 791 955; x_wconf 86' lang='lat' dir='ltr'><strong>fuit,</strong></span> <span class='ocrx_word' id='word_1_112' title='bbox 808 919 911 956; x_wconf 84' lang='lat' dir='ltr'><strong>quaerit</strong></span> 
     </span>
     <span class='ocr_line' id='line_1_20' title="bbox 133 967 910 1003; baseline -0.003 -7"><span class='ocrx_word' id='word_1_113' title='bbox 133 967 295 996; x_wconf 81' lang='lat' dir='ltr'><strong>Richardus</strong></span> <span class='ocrx_word' id='word_1_114' title='bbox 320 967 422 995; x_wconf 88' lang='lat' dir='ltr'><strong>dicens</strong></span> <span class='ocrx_word' id='word_1_115' title='bbox 437 969 447 985; x_wconf 80' lang='lat'>³</span> <span class='ocrx_word' id='word_1_116' title='bbox 465 977 471 996; x_wconf 93' lang='lat'><strong>:</strong></span> <span class='ocrx_word' id='word_1_117' title='bbox 497 978 510 994; x_wconf 85' lang='lat'>«</span> <span class='ocrx_word' id='word_1_118' title='bbox 530 969 599 1001; x_wconf 79' lang='lat' dir='ltr'><strong>Quae</strong></span> <span class='ocrx_word' id='word_1_119' title='bbox 620 969 663 995; x_wconf 86' lang='lat' dir='ltr'><strong>cst</strong></span> <span class='ocrx_word' id='word_1_120' title='bbox 685 975 753 1003; x_wconf 86' lang='lat' dir='ltr'><strong>pars</strong></span> <span class='ocrx_word' id='word_1_121' title='bbox 776 967 910 1003; x_wconf 87' lang='lat' dir='ltr'><strong>optima,</strong></span> 
     </span>
     <span class='ocr_line' id='line_1_21' title="bbox 134 1014 912 1050; baseline -0.001 -8"><span class='ocrx_word' id='word_1_122' title='bbox 134 1022 226 1050; x_wconf 84' lang='lat' dir='ltr'><strong>quam</strong></span> <span class='ocrx_word' id='word_1_123' title='bbox 239 1014 326 1050; x_wconf 85' lang='lat' dir='ltr'><strong>elegit</strong></span> <span class='ocrx_word' id='word_1_124' title='bbox 339 1015 442 1049; x_wconf 86' lang='lat' dir='ltr'><strong>Maria,</strong></span> <span class='ocrx_word' id='word_1_125' title='bbox 458 1014 514 1042; x_wconf 91' lang='lat' dir='ltr'><strong>nisi</strong></span> <span class='ocrx_word' id='word_1_126' title='bbox 529 1023 650 1049; x_wconf 86' lang='lat' dir='ltr'><strong>vacare,</strong></span> <span class='ocrx_word' id='word_1_127' title='bbox 665 1017 693 1042; x_wconf 88' lang='lat' dir='ltr'><strong>et</strong></span> <span class='ocrx_word' id='word_1_128' title='bbox 703 1014 804 1042; x_wconf 88' lang='lat' dir='ltr'><strong>videre</strong></span> <span class='ocrx_word' id='word_1_129' title='bbox 820 1022 912 1050; x_wconf 82' lang='lat' dir='ltr'><strong>quam</strong></span> 
     </span>
     <span class='ocr_line' id='line_1_22' title="bbox 133 1060 911 1089; baseline 0 -1"><span class='ocrx_word' id='word_1_130' title='bbox 133 1060 232 1089; x_wconf 90' lang='lat' dir='ltr'><strong>suavis</strong></span> <span class='ocrx_word' id='word_1_131' title='bbox 254 1063 297 1089; x_wconf 90' lang='lat' dir='ltr'><strong>est</strong></span> <span class='ocrx_word' id='word_1_132' title='bbox 316 1061 480 1089; x_wconf 70' lang='lat' dir='ltr'><strong>Dominus?</strong></span> <span class='ocrx_word' id='word_1_133' title='bbox 495 1063 568 1089; x_wconf 86' lang='lat' dir='ltr'><strong>Nam</strong></span> <span class='ocrx_word' id='word_1_134' title='bbox 590 1061 679 1089; x_wconf 85' lang='lat' dir='ltr'><strong>Maria</strong></span> <span class='ocrx_word' id='word_1_135' title='bbox 703 1061 807 1088; x_wconf 81' lang='lat' dir='ltr'><strong>sedens</strong></span> <span class='ocrx_word' id='word_1_136' title='bbox 828 1069 911 1088; x_wconf 89' lang='lat' dir='ltr'><strong>secus</strong></span> 
     </span>
     <span class='ocr_line' id='line_1_23' title="bbox 128 1107 913 1143; baseline 0 -8"><span class='ocrx_word' id='word_1_137' title='bbox 128 1107 225 1143; x_wconf 74' lang='lat' dir='ltr'><strong>pedes</strong></span> <span class='ocrx_word' id='word_1_138' title='bbox 241 1107 372 1142; x_wconf 89' lang='lat' dir='ltr'><strong>Domini,</strong></span> <span class='ocrx_word' id='word_1_139' title='bbox 387 1107 501 1136; x_wconf 83' lang='lat' dir='ltr'><strong>audivit</strong></span> <span class='ocrx_word' id='word_1_140' title='bbox 515 1108 643 1135; x_wconf 90' lang='lat' dir='ltr'><strong>verbum</strong></span> <span class='ocrx_word' id='word_1_141' title='bbox 657 1107 746 1135; x_wconf 91' lang='lat' dir='ltr'><strong>illius.</strong></span> <span class='ocrx_word' id='word_1_142' title='bbox 759 1108 913 1135; x_wconf 81' lang='lat' dir='ltr'><strong>Summam</strong></span> 
     </span>
     <span class='ocr_line' id='line_1_24' title="bbox 134 1153 912 1190; baseline 0 -8"><span class='ocrx_word' id='word_1_143' title='bbox 134 1153 232 1190; x_wconf 88' lang='lat' dir='ltr'><strong>itaque</strong></span> <span class='ocrx_word' id='word_1_144' title='bbox 247 1154 421 1190; x_wconf 81' lang='lat' dir='ltr'><strong>sapientiam</strong></span> <span class='ocrx_word' id='word_1_145' title='bbox 435 1154 485 1182; x_wconf 91' lang='lat' dir='ltr'><strong>Dei</strong></span> <span class='ocrx_word' id='word_1_146' title='bbox 504 1155 535 1182; x_wconf 89' lang='lat' dir='ltr'><strong>in</strong></span> <span class='ocrx_word' id='word_1_147' title='bbox 551 1162 638 1182; x_wconf 86' lang='lat' dir='ltr'><strong>carne</strong></span> <span class='ocrx_word' id='word_1_148' title='bbox 654 1154 830 1186; x_wconf 80' lang='lat' dir='ltr'><strong>latitantem,</strong></span> <span class='ocrx_word' id='word_1_149' title='bbox 846 1163 912 1190; x_wconf 85' lang='lat' dir='ltr'><strong>quae</strong></span> 
     </span>
     <span class='ocr_line' id='line_1_25' title="bbox 135 1200 914 1238; baseline -0.001 -9"><span class='ocrx_word' id='word_1_150' title='bbox 135 1201 238 1229; x_wconf 92' lang='lat' dir='ltr'><strong>oculus</strong></span> <span class='ocrx_word' id='word_1_151' title='bbox 253 1201 349 1229; x_wconf 85' lang='lat' dir='ltr'><strong>carnis</strong></span> <span class='ocrx_word' id='word_1_152' title='bbox 362 1201 463 1229; x_wconf 88' lang='lat' dir='ltr'><strong>videre</strong></span> <span class='ocrx_word' id='word_1_153' title='bbox 477 1209 539 1229; x_wconf 90' lang='lat' dir='ltr'><strong>non</strong></span> <span class='ocrx_word' id='word_1_154' title='bbox 553 1202 683 1238; x_wconf 84' lang='lat' dir='ltr'><strong>poterat,</strong></span> <span class='ocrx_word' id='word_1_155' title='bbox 700 1201 852 1229; x_wconf 88' lang='lat' dir='ltr'><strong>audiendo</strong></span> <span class='ocrx_word' id='word_1_156' title='bbox 868 1200 914 1228; x_wconf 86' lang='lat' dir='ltr'><strong>in-</strong></span> 
     </span>
     <span class='ocr_line' id='line_1_26' title="bbox 134 1247 914 1284; baseline 0 -9"><span class='ocrx_word' id='word_1_157' title='bbox 134 1248 302 1284; x_wconf 83' lang='lat' dir='ltr'><strong>telligebat,</strong></span> <span class='ocrx_word' id='word_1_158' title='bbox 319 1250 346 1276; x_wconf 91' lang='lat' dir='ltr'><strong>et</strong></span> <span class='ocrx_word' id='word_1_159' title='bbox 360 1248 554 1283; x_wconf 83' lang='lat' dir='ltr'><strong>intelligendo</strong></span> <span class='ocrx_word' id='word_1_160' title='bbox 570 1248 709 1280; x_wconf 84' lang='lat' dir='ltr'><strong>videbat,</strong></span> <span class='ocrx_word' id='word_1_161' title='bbox 728 1247 799 1284; x_wconf 87' lang='lat' dir='ltr'><strong>quia</strong></span> <span class='ocrx_word' id='word_1_162' title='bbox 814 1248 914 1275; x_wconf 89' lang='lat' dir='ltr'><strong>crede-</strong></span> 
     </span>
     <span class='ocr_line' id='line_1_27' title="bbox 135 1294 912 1328; baseline 0 -6"><span class='ocrx_word' id='word_1_163' title='bbox 135 1294 187 1322; x_wconf 85' lang='lat' dir='ltr'><strong>bat</strong></span> <span class='ocrx_word' id='word_1_164' title='bbox 202 1304 208 1322; x_wconf 93' lang='lat'>:</span> <span class='ocrx_word' id='word_1_165' title='bbox 226 1294 295 1322; x_wconf 86' lang='lat' dir='ltr'><strong>etin</strong></span> <span class='ocrx_word' id='word_1_166' title='bbox 310 1294 388 1322; x_wconf 90' lang='lat' dir='ltr'><strong>hunc</strong></span> <span class='ocrx_word' id='word_1_167' title='bbox 404 1295 530 1322; x_wconf 86' lang='lat' dir='ltr'><strong>modum</strong></span> <span class='ocrx_word' id='word_1_168' title='bbox 549 1294 682 1322; x_wconf 88' lang='lat' dir='ltr'><strong>sedendo</strong></span> <span class='ocrx_word' id='word_1_169' title='bbox 699 1296 726 1323; x_wconf 88' lang='lat' dir='ltr'><strong>et</strong></span> <span class='ocrx_word' id='word_1_170' title='bbox 742 1294 912 1328; x_wconf 88' lang='lat' dir='ltr'><strong>audiendo,</strong></span> 
     </span>
     <span class='ocr_line' id='line_1_28' title="bbox 135 1341 911 1377; baseline -0.003 -8"><span class='ocrx_word' id='word_1_171' title='bbox 135 1349 258 1369; x_wconf 72' lang='lat' dir='ltr'><strong>summae</strong></span> <span class='ocrx_word' id='word_1_172' title='bbox 291 1341 420 1369; x_wconf 85' lang='lat' dir='ltr'><strong>veritatis</strong></span> <span class='ocrx_word' id='word_1_173' title='bbox 455 1341 699 1377; x_wconf 83' lang='lat' dir='ltr'><strong>contemplationi</strong></span> <span class='ocrx_word' id='word_1_174' title='bbox 731 1342 866 1369; x_wconf 83' lang='lat' dir='ltr'><strong>vacabat.</strong></span> <span class='ocrx_word' id='word_1_175' title='bbox 899 1352 911 1367; x_wconf 69' lang='lat' dir='ltr'><em>n</em></span> 
     </span>
     <span class='ocr_line' id='line_1_29' title="bbox 135 1388 915 1425; baseline -0.001 -9"><span class='ocrx_word' id='word_1_176' title='bbox 135 1388 271 1425; x_wconf 84' lang='lat' dir='ltr'><strong>Sequitur</strong></span> <span class='ocrx_word' id='word_1_177' title='bbox 288 1397 294 1416; x_wconf 91' lang='lat'><strong>:</strong></span> <span class='ocrx_word' id='word_1_178' title='bbox 315 1398 328 1414; x_wconf 86' lang='lat'>«</span> <span class='ocrx_word' id='word_1_179' title='bbox 348 1390 411 1416; x_wconf 70' lang='lat' dir='ltr'><strong>llaec</strong></span> <span class='ocrx_word' id='word_1_180' title='bbox 435 1390 477 1416; x_wconf 83' lang='lat' dir='ltr'><strong>est</strong></span> <span class='ocrx_word' id='word_1_181' title='bbox 497 1396 566 1424; x_wconf 80' lang='lat' dir='ltr'><strong>pars</strong></span> <span class='ocrx_word' id='word_1_182' title='bbox 573 1409 582 1423; x_wconf 92' lang='lat'><strong>,</strong></span> <span class='ocrx_word' id='word_1_183' title='bbox 598 1397 664 1424; x_wconf 70' lang='lat' dir='ltr'><strong>quae</strong></span> <span class='ocrx_word' id='word_1_184' title='bbox 686 1388 784 1416; x_wconf 86' lang='lat' dir='ltr'><strong>electis</strong></span> <span class='ocrx_word' id='word_1_185' title='bbox 805 1391 832 1416; x_wconf 93' lang='lat' dir='ltr'><strong>et</strong></span> <span class='ocrx_word' id='word_1_186' title='bbox 850 1396 915 1424; x_wconf 85' lang='lat' dir='ltr'><strong>per-</strong></span> 
     </span>
     <span class='ocr_line' id='line_1_30' title="bbox 135 1435 914 1471; baseline 0 -9"><span class='ocrx_word' id='word_1_187' title='bbox 135 1435 216 1463; x_wconf 90' lang='lat' dir='ltr'><strong>fectis</strong></span> <span class='ocrx_word' id='word_1_188' title='bbox 228 1443 385 1471; x_wconf 87' lang='lat' dir='ltr'><strong>nunquam</strong></span> <span class='ocrx_word' id='word_1_189' title='bbox 400 1435 544 1469; x_wconf 81' lang='lat' dir='ltr'><strong>aufertur,</strong></span> <span class='ocrx_word' id='word_1_190' title='bbox 562 1437 589 1462; x_wconf 91' lang='lat' dir='ltr'><strong>et</strong></span> <span class='ocrx_word' id='word_1_191' title='bbox 604 1443 674 1463; x_wconf 91' lang='lat' dir='ltr'><strong>sane</strong></span> <span class='ocrx_word' id='word_1_192' title='bbox 690 1436 732 1462; x_wconf 89' lang='lat' dir='ltr'><strong>est</strong></span> <span class='ocrx_word' id='word_1_193' title='bbox 746 1435 914 1470; x_wconf 79' lang='lat' dir='ltr'><strong>negotium,</strong></span> 
     </span>
     <span class='ocr_line' id='line_1_31' title="bbox 136 1482 914 1518; baseline -0.001 -8"><span class='ocrx_word' id='word_1_194' title='bbox 136 1482 219 1518; x_wconf 86' lang='lat' dir='ltr'><strong>quod</strong></span> <span class='ocrx_word' id='word_1_195' title='bbox 234 1482 316 1510; x_wconf 84' lang='lat' dir='ltr'><strong>nullo</strong></span> <span class='ocrx_word' id='word_1_196' title='bbox 337 1482 396 1509; x_wconf 90' lang='lat' dir='ltr'><strong>fine</strong></span> <span class='ocrx_word' id='word_1_197' title='bbox 412 1482 594 1509; x_wconf 85' lang='lat' dir='ltr'><strong>terminatur.</strong></span> <span class='ocrx_word' id='word_1_198' title='bbox 611 1483 684 1509; x_wconf 88' lang='lat' dir='ltr'><strong>Nam</strong></span> <span class='ocrx_word' id='word_1_199' title='bbox 699 1482 827 1509; x_wconf 87' lang='lat' dir='ltr'><strong>veritatis</strong></span> <span class='ocrx_word' id='word_1_200' title='bbox 843 1490 914 1509; x_wconf 90' lang='lat' dir='ltr'><strong>con-</strong></span> 
     </span>
     <span class='ocr_line' id='line_1_32' title="bbox 135 1528 916 1564; baseline -0.001 -8"><span class='ocrx_word' id='word_1_201' title='bbox 135 1528 287 1564; x_wconf 86' lang='lat' dir='ltr'><strong>templatio</strong></span> <span class='ocrx_word' id='word_1_202' title='bbox 305 1529 335 1556; x_wconf 90' lang='lat' dir='ltr'><strong>in</strong></span> <span class='ocrx_word' id='word_1_203' title='bbox 353 1529 408 1557; x_wconf 86' lang='lat' dir='ltr'><strong>hac</strong></span> <span class='ocrx_word' id='word_1_204' title='bbox 432 1528 490 1555; x_wconf 86' lang='lat' dir='ltr'><strong>vita</strong></span> <span class='ocrx_word' id='word_1_205' title='bbox 512 1528 682 1563; x_wconf 77' lang='lat' dir='ltr'><strong>inchoatur,</strong></span> <span class='ocrx_word' id='word_1_206' title='bbox 698 1528 750 1556; x_wconf 87' lang='lat' dir='ltr'><strong>sed</strong></span> <span class='ocrx_word' id='word_1_207' title='bbox 766 1528 796 1555; x_wconf 91' lang='lat' dir='ltr'><strong>in</strong></span> <span class='ocrx_word' id='word_1_208' title='bbox 818 1528 916 1556; x_wconf 79' lang='lat' dir='ltr'><strong>futura</strong></span> 
     </span>
     <span class='ocr_line' id='line_1_33' title="bbox 137 1575 916 1611; baseline -0.001 -8"><span class='ocrx_word' id='word_1_209' title='bbox 137 1575 197 1604; x_wconf 86' lang='lat' dir='ltr'><strong>vita</strong></span> <span class='ocrx_word' id='word_1_210' title='bbox 219 1575 281 1611; x_wconf 85' lang='lat' dir='ltr'><strong>jugi</strong></span> <span class='ocrx_word' id='word_1_211' title='bbox 305 1575 496 1611; x_wconf 84' lang='lat' dir='ltr'><strong>perpetuitate</strong></span> <span class='ocrx_word' id='word_1_212' title='bbox 519 1575 692 1603; x_wconf 83' lang='lat' dir='ltr'><strong>celebratur.</strong></span> <span class='ocrx_word' id='word_1_213' title='bbox 716 1577 768 1602; x_wconf 88' lang='lat' dir='ltr'><strong>Per</strong></span> <span class='ocrx_word' id='word_1_214' title='bbox 788 1575 916 1602; x_wconf 87' lang='lat' dir='ltr'><strong>veritatis</strong></span> 
     </span>
     <span class='ocr_line' id='line_1_34' title="bbox 138 1622 917 1658; baseline 0 -9"><span class='ocrx_word' id='word_1_215' title='bbox 138 1630 208 1650; x_wconf 87' lang='lat' dir='ltr'><strong>sane</strong></span> <span class='ocrx_word' id='word_1_216' title='bbox 232 1622 512 1658; x_wconf 86' lang='lat' dir='ltr'><strong>contemplationem</strong></span> <span class='ocrx_word' id='word_1_217' title='bbox 535 1622 626 1650; x_wconf 86' lang='lat' dir='ltr'><strong>homo</strong></span> <span class='ocrx_word' id='word_1_218' title='bbox 653 1622 785 1650; x_wconf 88' lang='lat' dir='ltr'><strong>eruditur</strong></span> <span class='ocrx_word' id='word_1_219' title='bbox 804 1622 843 1650; x_wconf 88' lang='lat' dir='ltr'><strong>ad</strong></span> <span class='ocrx_word' id='word_1_220' title='bbox 854 1622 917 1657; x_wconf 85' lang='lat' dir='ltr'><strong>jus-</strong></span> 
     </span>
     <span class='ocr_line' id='line_1_35' title="bbox 138 1669 915 1704; baseline 0.001 -8"><span class='ocrx_word' id='word_1_221' title='bbox 138 1669 243 1703; x_wconf 85' lang='lat' dir='ltr'><strong>titiam,</strong></span> <span class='ocrx_word' id='word_1_222' title='bbox 256 1671 283 1696; x_wconf 89' lang='lat' dir='ltr'><strong>et</strong></span> <span class='ocrx_word' id='word_1_223' title='bbox 300 1671 523 1697; x_wconf 83' lang='lat' dir='ltr'><strong>consummatur</strong></span> <span class='ocrx_word' id='word_1_224' title='bbox 537 1669 575 1696; x_wconf 89' lang='lat' dir='ltr'><strong>ad</strong></span> <span class='ocrx_word' id='word_1_225' title='bbox 591 1669 729 1704; x_wconf 76' lang='lat' dir='ltr'><strong>gloriam.</strong></span> <span class='ocrx_word' id='word_1_226' title='bbox 748 1680 760 1693; x_wconf 89' lang='lat'>»</span> <span class='ocrx_word' id='word_1_227' title='bbox 774 1670 839 1696; x_wconf 74' lang='lat' dir='ltr'><strong>Haec</strong></span> <span class='ocrx_word' id='word_1_228' title='bbox 854 1669 915 1697; x_wconf 90' lang='lat' dir='ltr'><strong>ille.</strong></span> 
     </span>
    </p>

    <p class='ocr_par' dir='ltr' id='par_1_5' title="bbox 139 1715 923 2547">
     <span class='ocr_line' id='line_1_36' title="bbox 175 1715 917 1751; baseline 0.001 -9"><span class='ocrx_word' id='word_1_229' title='bbox 175 1715 310 1743; x_wconf 90' lang='lat' dir='ltr'><strong>Secundo</strong></span> <span class='ocrx_word' id='word_1_230' title='bbox 326 1715 482 1743; x_wconf 85' lang='lat' dir='ltr'><strong>videamus</strong></span> <span class='ocrx_word' id='word_1_231' title='bbox 497 1715 624 1751; x_wconf 79' lang='lat' dir='ltr'><strong>qualiter</strong></span> <span class='ocrx_word' id='word_1_232' title='bbox 634 1716 785 1743; x_wconf 82' lang='lat' dir='ltr'><strong>humanus</strong></span> <span class='ocrx_word' id='word_1_233' title='bbox 799 1716 917 1751; x_wconf 87' lang='lat' dir='ltr'><strong>spiritus</strong></span> 
     </span>
     <span class='ocr_line' id='line_1_37' title="bbox 140 1763 917 1800; baseline -0.001 -8"><span class='ocrx_word' id='word_1_234' title='bbox 140 1763 297 1792; x_wconf 84' lang='lat' dir='ltr'><strong>ambulans</strong></span> <span class='ocrx_word' id='word_1_235' title='bbox 312 1772 365 1799; x_wconf 87' lang='lat' dir='ltr'><strong>per</strong></span> <span class='ocrx_word' id='word_1_236' title='bbox 378 1764 484 1792; x_wconf 81' lang='lat' dir='ltr'><strong>itinera</strong></span> <span class='ocrx_word' id='word_1_237' title='bbox 500 1764 566 1792; x_wconf 80' lang='lat' dir='ltr'><strong>vitae</strong></span> <span class='ocrx_word' id='word_1_238' title='bbox 586 1764 821 1800; x_wconf 57' lang='lat' dir='ltr'><strong>contemplativae</strong></span> <span class='ocrx_word' id='word_1_239' title='bbox 833 1786 842 1798; x_wconf 95' lang='lat'><strong>,</strong></span> <span class='ocrx_word' id='word_1_240' title='bbox 858 1766 917 1792; x_wconf 87' lang='lat' dir='ltr'><strong>Deo</strong></span> 
     </span>
     <span class='ocr_line' id='line_1_38' title="bbox 139 1810 918 1846; baseline 0.001 -9"><span class='ocrx_word' id='word_1_241' title='bbox 139 1810 276 1838; x_wconf 79' lang='lat' dir='ltr'><strong>familiari</strong></span> <span class='ocrx_word' id='word_1_242' title='bbox 300 1810 428 1838; x_wconf 85' lang='lat' dir='ltr'><strong>amicitia</strong></span> <span class='ocrx_word' id='word_1_243' title='bbox 442 1810 554 1838; x_wconf 86' lang='lat' dir='ltr'><strong>unitur.</strong></span> <span class='ocrx_word' id='word_1_244' title='bbox 574 1812 605 1838; x_wconf 90' lang='lat' dir='ltr'><strong>ln</strong></span> <span class='ocrx_word' id='word_1_245' title='bbox 620 1812 732 1838; x_wconf 87' lang='lat' dir='ltr'><strong>Joanne</strong></span> <span class='ocrx_word' id='word_1_246' title='bbox 753 1811 833 1838; x_wconf 88' lang='lat' dir='ltr'><strong>enim</strong></span> <span class='ocrx_word' id='word_1_247' title='bbox 847 1811 918 1846; x_wconf 84' lang='lat' dir='ltr'><strong>legi-</strong></span> 
     </span>
     <span class='ocr_line' id='line_1_39' title="bbox 139 1857 918 1893; baseline 0.001 -8"><span class='ocrx_word' id='word_1_248' title='bbox 139 1858 186 1885; x_wconf 87' lang='lat' dir='ltr'><strong>tur</strong></span> <span class='ocrx_word' id='word_1_249' title='bbox 194 1857 215 1892; x_wconf 58' lang='lat'><strong>4,</strong></span> <span class='ocrx_word' id='word_1_250' title='bbox 230 1857 313 1893; x_wconf 86' lang='lat' dir='ltr'><strong>quod</strong></span> <span class='ocrx_word' id='word_1_251' title='bbox 328 1858 470 1886; x_wconf 83' lang='lat' dir='ltr'><strong>Dominus</strong></span> <span class='ocrx_word' id='word_1_252' title='bbox 490 1857 563 1885; x_wconf 76' lang='lat' dir='ltr'><strong>dixit</strong></span> <span class='ocrx_word' id='word_1_253' title='bbox 586 1859 669 1885; x_wconf 86' lang='lat' dir='ltr'><strong>Petro</strong></span> <span class='ocrx_word' id='word_1_254' title='bbox 687 1867 693 1885; x_wconf 89' lang='lat'>:</span> <span class='ocrx_word' id='word_1_255' title='bbox 711 1858 757 1885; x_wconf 72' lang='lat' dir='ltr'><strong>Sic</strong></span> <span class='ocrx_word' id='word_1_256' title='bbox 777 1859 835 1885; x_wconf 83' lang='lat' dir='ltr'><strong>volo</strong></span> <span class='ocrx_word' id='word_1_257' title='bbox 859 1867 918 1886; x_wconf 82' lang='lat' dir='ltr'><strong>eum</strong></span> 
     </span>
     <span class='ocr_line' id='line_1_40' title="bbox 140 1904 919 1940; baseline 0.003 -10"><span class='ocrx_word' id='word_1_258' title='bbox 140 1912 245 1931; x_wconf 80' lang='lat' dir='ltr'><strong>manere</strong></span> <span class='ocrx_word' id='word_1_259' title='bbox 265 1904 346 1931; x_wconf 80' lang='lat' dir='ltr'><strong>donec</strong></span> <span class='ocrx_word' id='word_1_260' title='bbox 369 1906 486 1932; x_wconf 81' lang='lat' dir='ltr'><strong>veniam.</strong></span> <span class='ocrx_word' id='word_1_261' title='bbox 513 1906 553 1932; x_wconf 83' lang='grc' dir='ltr'><strong>Τιι</strong></span> <span class='ocrx_word' id='word_1_262' title='bbox 575 1913 616 1932; x_wconf 85' lang='lat' dir='ltr'><strong>me</strong></span> <span class='ocrx_word' id='word_1_263' title='bbox 636 1913 752 1940; x_wconf 79' lang='lat' dir='ltr'><strong>sequere.</strong></span> <span class='ocrx_word' id='word_1_264' title='bbox 778 1905 832 1932; x_wconf 90' lang='lat' dir='ltr'><strong>Ubi</strong></span> <span class='ocrx_word' id='word_1_265' title='bbox 848 1905 919 1933; x_wconf 89' lang='lat' dir='ltr'><strong>dicit</strong></span> 
     </span>
     <span class='ocr_line' id='line_1_41' title="bbox 140 1950 918 1988; baseline 0.004 -11"><span class='ocrx_word' id='word_1_266' title='bbox 140 1951 317 1985; x_wconf 80' lang='lat' dir='ltr'><strong>Augustinus</strong></span> <span class='ocrx_word' id='word_1_267' title='bbox 336 1951 346 1967; x_wconf 77' lang='lat'>⁵</span> <span class='ocrx_word' id='word_1_268' title='bbox 367 1972 376 1985; x_wconf 93' lang='lat'><strong>,</strong></span> <span class='ocrx_word' id='word_1_269' title='bbox 403 1950 485 1986; x_wconf 85' lang='lat' dir='ltr'><strong>quod</strong></span> <span class='ocrx_word' id='word_1_270' title='bbox 511 1959 564 1986; x_wconf 90' lang='lat' dir='ltr'><strong>per</strong></span> <span class='ocrx_word' id='word_1_271' title='bbox 587 1951 642 1979; x_wconf 90' lang='lat' dir='ltr'><strong>hos</strong></span> <span class='ocrx_word' id='word_1_272' title='bbox 666 1951 742 1979; x_wconf 91' lang='lat' dir='ltr'><strong>duos</strong></span> <span class='ocrx_word' id='word_1_273' title='bbox 766 1952 918 1988; x_wconf 90' lang='lat' dir='ltr'><strong>apostolos</strong></span> 
     </span>
     <span class='ocr_line' id='line_1_42' title="bbox 140 1997 915 2035; baseline 0.004 -11"><span class='ocrx_word' id='word_1_274' title='bbox 140 1997 292 2032; x_wconf 84' lang='lat' dir='ltr'><strong>signantur</strong></span> <span class='ocrx_word' id='word_1_275' title='bbox 313 1997 379 2024; x_wconf 72' lang='lat' dir='ltr'><strong>duae</strong></span> <span class='ocrx_word' id='word_1_276' title='bbox 393 1997 459 2024; x_wconf 77' lang='lat' dir='ltr'><strong>vitae</strong></span> <span class='ocrx_word' id='word_1_277' title='bbox 477 2007 482 2024; x_wconf 89' lang='lat'>:</span> <span class='ocrx_word' id='word_1_278' title='bbox 499 2005 559 2025; x_wconf 88' lang='lat' dir='ltr'><strong>una</strong></span> <span class='ocrx_word' id='word_1_279' title='bbox 578 1998 671 2025; x_wconf 86' lang='lat' dir='ltr'><strong>activa</strong></span> <span class='ocrx_word' id='word_1_280' title='bbox 686 2018 692 2029; x_wconf 94' lang='lat'><strong>,</strong></span> <span class='ocrx_word' id='word_1_281' title='bbox 706 2007 760 2035; x_wconf 86' lang='lat' dir='ltr'><strong>per</strong></span> <span class='ocrx_word' id='word_1_282' title='bbox 783 2001 915 2035; x_wconf 83' lang='lat' dir='ltr'><strong>Petrum;</strong></span> 
     </span>
     <span class='ocr_line' id='line_1_43' title="bbox 140 2043 917 2081; baseline 0.004 -10"><span class='ocrx_word' id='word_1_283' title='bbox 140 2043 232 2071; x_wconf 82' lang='lat' dir='ltr'><strong>altera</strong></span> <span class='ocrx_word' id='word_1_284' title='bbox 247 2043 493 2079; x_wconf 83' lang='lat' dir='ltr'><strong>contemplativa,</strong></span> <span class='ocrx_word' id='word_1_285' title='bbox 511 2052 577 2079; x_wconf 77' lang='lat' dir='ltr'><strong>quae</strong></span> <span class='ocrx_word' id='word_1_286' title='bbox 600 2044 732 2079; x_wconf 84' lang='lat' dir='ltr'><strong>signatur</strong></span> <span class='ocrx_word' id='word_1_287' title='bbox 755 2054 808 2081; x_wconf 89' lang='lat' dir='ltr'><strong>per</strong></span> <span class='ocrx_word' id='word_1_288' title='bbox 832 2047 917 2074; x_wconf 91' lang='lat' dir='ltr'><strong>Joan-</strong></span> 
     </span>
     <span class='ocr_line' id='line_1_44' title="bbox 140 2089 918 2127; baseline 0.004 -10"><span class='ocrx_word' id='word_1_289' title='bbox 140 2098 209 2117; x_wconf 89' lang='lat' dir='ltr'><strong>nem</strong></span> <span class='ocrx_word' id='word_1_290' title='bbox 225 2089 453 2125; x_wconf 76' lang='lat' dir='ltr'><strong>Evangelistam;</strong></span> <span class='ocrx_word' id='word_1_291' title='bbox 469 2092 506 2118; x_wconf 89' lang='lat' dir='ltr'><strong>De</strong></span> <span class='ocrx_word' id='word_1_292' title='bbox 527 2092 626 2124; x_wconf 82' lang='lat' dir='ltr'><strong>Petro,</strong></span> <span class='ocrx_word' id='word_1_293' title='bbox 643 2099 696 2126; x_wconf 89' lang='lat' dir='ltr'><strong>per</strong></span> <span class='ocrx_word' id='word_1_294' title='bbox 715 2099 804 2127; x_wconf 88' lang='lat' dir='ltr'><strong>quem</strong></span> <span class='ocrx_word' id='word_1_295' title='bbox 828 2093 918 2127; x_wconf 84' lang='lat' dir='ltr'><strong>signi-</strong></span> 
     </span>
     <span class='ocr_line' id='line_1_45' title="bbox 140 2136 920 2172; baseline 0.003 -8"><span class='ocrx_word' id='word_1_296' title='bbox 140 2136 244 2165; x_wconf 87' lang='lat' dir='ltr'><strong>ficatur</strong></span> <span class='ocrx_word' id='word_1_297' title='bbox 265 2137 360 2164; x_wconf 86' lang='lat' dir='ltr'><strong>activa</strong></span> <span class='ocrx_word' id='word_1_298' title='bbox 381 2137 458 2172; x_wconf 87' lang='lat' dir='ltr'><strong>vita,</strong></span> <span class='ocrx_word' id='word_1_299' title='bbox 482 2136 556 2165; x_wconf 81' lang='lat' dir='ltr'><strong>dixit</strong></span> <span class='ocrx_word' id='word_1_300' title='bbox 577 2137 741 2165; x_wconf 84' lang='lat' dir='ltr'><strong>Dominus:</strong></span> <span class='ocrx_word' id='word_1_301' title='bbox 760 2139 798 2165; x_wconf 84' lang='grc' dir='ltr'><strong>Τιι</strong></span> <span class='ocrx_word' id='word_1_302' title='bbox 820 2147 860 2166; x_wconf 80' lang='lat' dir='ltr'><strong>me</strong></span> <span class='ocrx_word' id='word_1_303' title='bbox 882 2148 920 2167; x_wconf 85' lang='lat' dir='ltr'><strong>se-</strong></span> 
     </span>
     <span class='ocr_line' id='line_1_46' title="bbox 141 2183 921 2220; baseline 0.004 -9"><span class='ocrx_word' id='word_1_304' title='bbox 141 2192 220 2219; x_wconf 78' lang='lat' dir='ltr'><strong>quere</strong></span> <span class='ocrx_word' id='word_1_305' title='bbox 238 2191 292 2219; x_wconf 87' lang='lat' dir='ltr'><strong>per</strong></span> <span class='ocrx_word' id='word_1_306' title='bbox 314 2183 524 2218; x_wconf 85' lang='lat' dir='ltr'><strong>imitationem,</strong></span> <span class='ocrx_word' id='word_1_307' title='bbox 542 2184 719 2220; x_wconf 83' lang='lat' dir='ltr'><strong>perferendo</strong></span> <span class='ocrx_word' id='word_1_308' title='bbox 744 2185 824 2213; x_wconf 88' lang='lat' dir='ltr'><strong>mala</strong></span> <span class='ocrx_word' id='word_1_309' title='bbox 847 2187 921 2214; x_wconf 88' lang='lat' dir='ltr'><strong>tem—</strong></span> 
     </span>
     <span class='ocr_line' id='line_1_47' title="bbox 141 2230 918 2270; baseline 0.004 -12"><span class='ocrx_word' id='word_1_310' title='bbox 141 2231 270 2266; x_wconf 85' lang='lat' dir='ltr'><strong>poralia.</strong></span> <span class='ocrx_word' id='word_1_311' title='bbox 284 2232 347 2258; x_wconf 88' lang='lat' dir='ltr'><strong>Vita</strong></span> <span class='ocrx_word' id='word_1_312' title='bbox 367 2230 456 2265; x_wconf 83' lang='lat' dir='ltr'><strong>igitur</strong></span> <span class='ocrx_word' id='word_1_313' title='bbox 471 2231 565 2258; x_wconf 86' lang='lat' dir='ltr'><strong>activa</strong></span> <span class='ocrx_word' id='word_1_314' title='bbox 588 2231 663 2258; x_wconf 87' lang='lat' dir='ltr'><strong>Petri</strong></span> <span class='ocrx_word' id='word_1_315' title='bbox 679 2234 720 2258; x_wconf 84' lang='lat' dir='ltr'><strong>est</strong></span> <span class='ocrx_word' id='word_1_316' title='bbox 741 2232 771 2259; x_wconf 90' lang='lat' dir='ltr'><strong>in</strong></span> <span class='ocrx_word' id='word_1_317' title='bbox 794 2232 898 2261; x_wconf 88' lang='lat' dir='ltr'><strong>labore</strong></span> <span class='ocrx_word' id='word_1_318' title='bbox 910 2244 918 2270; x_wconf 84' lang='lat'><em>3</em></span> 
     </span>
     <span class='ocr_line' id='line_1_48' title="bbox 142 2277 918 2316; baseline 0.005 -12"><span class='ocrx_word' id='word_1_319' title='bbox 142 2277 243 2312; x_wconf 83' lang='lat' dir='ltr'><strong>altera,</strong></span> <span class='ocrx_word' id='word_1_320' title='bbox 255 2277 365 2305; x_wconf 84' lang='lat' dir='ltr'><strong>scilieet</strong></span> <span class='ocrx_word' id='word_1_321' title='bbox 379 2277 609 2313; x_wconf 85' lang='lat' dir='ltr'><strong>contemplativa</strong></span> <span class='ocrx_word' id='word_1_322' title='bbox 619 2279 750 2313; x_wconf 76' lang='lat' dir='ltr'><strong>JoanniS,</strong></span> <span class='ocrx_word' id='word_1_323' title='bbox 761 2279 792 2306; x_wconf 90' lang='lat' dir='ltr'><strong>in</strong></span> <span class='ocrx_word' id='word_1_324' title='bbox 806 2280 918 2316; x_wconf 87' lang='lat' dir='ltr'><strong>requie.</strong></span> 
     </span>
     <span class='ocr_line' id='line_1_49' title="bbox 143 2324 920 2360; baseline 0.005 -9"><span class='ocrx_word' id='word_1_325' title='bbox 143 2325 204 2352; x_wconf 88' lang='lat' dir='ltr'><strong>Una</strong></span> <span class='ocrx_word' id='word_1_326' title='bbox 223 2326 265 2352; x_wconf 88' lang='lat' dir='ltr'><strong>est</strong></span> <span class='ocrx_word' id='word_1_327' title='bbox 288 2324 319 2351; x_wconf 89' lang='lat' dir='ltr'><strong>in</strong></span> <span class='ocrx_word' id='word_1_328' title='bbox 344 2332 434 2360; x_wconf 89' lang='lat' dir='ltr'><strong>opere</strong></span> <span class='ocrx_word' id='word_1_329' title='bbox 458 2324 595 2359; x_wconf 79' lang='lat' dir='ltr'><strong>actionis,</strong></span> <span class='ocrx_word' id='word_1_330' title='bbox 616 2325 709 2353; x_wconf 87' lang='lat' dir='ltr'><strong>altera</strong></span> <span class='ocrx_word' id='word_1_331' title='bbox 732 2325 763 2353; x_wconf 90' lang='lat' dir='ltr'><strong>in</strong></span> <span class='ocrx_word' id='word_1_332' title='bbox 784 2327 920 2355; x_wconf 84' lang='lat' dir='ltr'><strong>mercede</strong></span> 
     </span>
     <span class='ocr_line' id='line_1_50' title="bbox 144 2371 921 2407; baseline 0.004 -9"><span class='ocrx_word' id='word_1_333' title='bbox 144 2371 415 2407; x_wconf 88' lang='lat' dir='ltr'><strong>contemplationis.</strong></span> <span class='ocrx_word' id='word_1_334' title='bbox 439 2371 535 2399; x_wconf 87' lang='lat' dir='ltr'><strong>Prima</strong></span> <span class='ocrx_word' id='word_1_335' title='bbox 556 2371 668 2407; x_wconf 84' lang='lat' dir='ltr'><strong>agitur,</strong></span> <span class='ocrx_word' id='word_1_336' title='bbox 687 2372 758 2399; x_wconf 91' lang='lat' dir='ltr'><strong>dum</strong></span> <span class='ocrx_word' id='word_1_337' title='bbox 780 2373 848 2401; x_wconf 86' lang='lat' dir='ltr'><strong>facit</strong></span> <span class='ocrx_word' id='word_1_338' title='bbox 870 2374 921 2402; x_wconf 87' lang='lat' dir='ltr'><strong>bo-</strong></span> 
     </span>
     <span class='ocr_line' id='line_1_51' title="bbox 144 2417 919 2454; baseline 0.004 -9"><span class='ocrx_word' id='word_1_339' title='bbox 144 2425 218 2445; x_wconf 87' lang='lat' dir='ltr'><strong>num</strong></span> <span class='ocrx_word' id='word_1_340' title='bbox 233 2419 261 2445; x_wconf 86' lang='lat' dir='ltr'><strong>et</strong></span> <span class='ocrx_word' id='word_1_341' title='bbox 275 2418 403 2446; x_wconf 85' lang='lat' dir='ltr'><strong>declinat</strong></span> <span class='ocrx_word' id='word_1_342' title='bbox 426 2426 443 2445; x_wconf 84' lang='lat' dir='ltr'><strong>a</strong></span> <span class='ocrx_word' id='word_1_343' title='bbox 466 2417 567 2452; x_wconf 84' lang='lat' dir='ltr'><strong>malo,</strong></span> <span class='ocrx_word' id='word_1_344' title='bbox 588 2427 653 2454; x_wconf 80' lang='lat' dir='ltr'><strong>quae</strong></span> <span class='ocrx_word' id='word_1_345' title='bbox 677 2420 776 2447; x_wconf 87' lang='lat' dir='ltr'><strong>tamen</strong></span> <span class='ocrx_word' id='word_1_346' title='bbox 799 2420 919 2448; x_wconf 85' lang='lat' dir='ltr'><strong>finitur:</strong></span> 
     </span>
     <span class='ocr_line' id='line_1_52' title="bbox 146 2464 922 2502; baseline 0.005 -11"><span class='ocrx_word' id='word_1_347' title='bbox 146 2464 238 2492; x_wconf 88' lang='lat' dir='ltr'><strong>altera</strong></span> <span class='ocrx_word' id='word_1_348' title='bbox 260 2473 329 2492; x_wconf 89' lang='lat' dir='ltr'><strong>vero</strong></span> <span class='ocrx_word' id='word_1_349' title='bbox 355 2464 456 2492; x_wconf 79' lang='lat' dir='ltr'><strong>finitur</strong></span> <span class='ocrx_word' id='word_1_350' title='bbox 479 2465 561 2492; x_wconf 85' lang='lat' dir='ltr'><strong>bono</strong></span> <span class='ocrx_word' id='word_1_351' title='bbox 574 2486 582 2500; x_wconf 90' lang='lat'><strong>,</strong></span> <span class='ocrx_word' id='word_1_352' title='bbox 608 2466 690 2501; x_wconf 86' lang='lat' dir='ltr'><strong>quod</strong></span> <span class='ocrx_word' id='word_1_353' title='bbox 714 2475 775 2494; x_wconf 89' lang='lat' dir='ltr'><strong>non</strong></span> <span class='ocrx_word' id='word_1_354' title='bbox 801 2468 922 2502; x_wconf 86' lang='lat' dir='ltr'><strong>finitur,</strong></span> 
     </span>
     <span class='ocr_line' id='line_1_53' title="bbox 147 2511 923 2547; baseline 0.005 -9"><span class='ocrx_word' id='word_1_355' title='bbox 147 2511 249 2539; x_wconf 82' lang='lat' dir='ltr'><strong>Christi</strong></span> <span class='ocrx_word' id='word_1_356' title='bbox 277 2511 387 2540; x_wconf 83' lang='lat' dir='ltr'><strong>seilicet</strong></span> <span class='ocrx_word' id='word_1_357' title='bbox 409 2511 515 2547; x_wconf 83' lang='lat' dir='ltr'><strong>gloria.</strong></span> <span class='ocrx_word' id='word_1_358' title='bbox 544 2513 582 2539; x_wconf 90' lang='lat' dir='ltr'><strong>De</strong></span> <span class='ocrx_word' id='word_1_359' title='bbox 611 2513 722 2541; x_wconf 88' lang='lat' dir='ltr'><strong>Joanne</strong></span> <span class='ocrx_word' id='word_1_360' title='bbox 749 2522 820 2542; x_wconf 89' lang='lat' dir='ltr'><strong>vero</strong></span> <span class='ocrx_word' id='word_1_361' title='bbox 849 2515 923 2543; x_wconf 81' lang='lat' dir='ltr'><strong>dixit</strong></span> 
     </span>
    </p>
   </div>
   <div class='ocr_carea' id='block_1_4' title="bbox 148 2595 924 2666">
    <p class='ocr_par' dir='ltr' id='par_1_6' title="bbox 148 2595 924 2666">
     <span class='ocr_line' id='line_1_54' title="bbox 184 2595 924 2631; baseline 0.008 -12"><span class='ocrx_word' id='word_1_362' title='bbox 184 2597 192 2613; x_wconf 89' lang='lat'>¹</span> <span class='ocrx_word' id='word_1_363' title='bbox 209 2595 266 2620; x_wconf 87' lang='lat' dir='ltr'><strong>Vid.</strong></span> <span class='ocrx_word' id='word_1_364' title='bbox 285 2602 351 2627; x_wconf 68' lang='lat' dir='ltr'><strong>sup„</strong></span> <span class='ocrx_word' id='word_1_365' title='bbox 369 2603 429 2627; x_wconf 77' lang='lat' dir='ltr'><strong>pag.</strong></span> <span class='ocrx_word' id='word_1_366' title='bbox 446 2598 500 2621; x_wconf 75' lang='lat'><strong>405.</strong></span> <span class='ocrx_word' id='word_1_367' title='bbox 511 2609 542 2614; x_wconf 85' lang='lat'><strong>—-</strong></span> <span class='ocrx_word' id='word_1_368' title='bbox 557 2597 565 2611; x_wconf 79' lang='lat'>²</span> <span class='ocrx_word' id='word_1_369' title='bbox 577 2598 664 2629; x_wconf 60' lang='lat' dir='ltr'><strong>Greg„</strong></span> <span class='ocrx_word' id='word_1_370' title='bbox 679 2599 723 2623; x_wconf 86' lang='lat' dir='ltr'><strong>ubi</strong></span> <span class='ocrx_word' id='word_1_371' title='bbox 738 2607 794 2630; x_wconf 85' lang='lat' dir='ltr'><strong>sup.</strong></span> <span class='ocrx_word' id='word_1_372' title='bbox 807 2607 880 2631; x_wconf 78' lang='lat' dir='ltr'><strong>prox.</strong></span> <span class='ocrx_word' id='word_1_373' title='bbox 893 2614 924 2619; x_wconf 85' lang='lat'><em>-</em></span> 
     </span>
     <span class='ocr_line' id='line_1_55' title="bbox 148 2631 923 2666; baseline 0.009 -12"><span class='ocrx_word' id='word_1_374' title='bbox 148 2631 158 2648; x_wconf 77' lang='lat'>³</span> <span class='ocrx_word' id='word_1_375' title='bbox 171 2631 301 2662; x_wconf 85' lang='lat' dir='ltr'><strong>Richard.,</strong></span> <span class='ocrx_word' id='word_1_376' title='bbox 320 2631 349 2655; x_wconf 78' lang='lat' dir='ltr'><strong>cle</strong></span> <span class='ocrx_word' id='word_1_377' title='bbox 369 2632 518 2663; x_wconf 71' lang='lat' dir='ltr'><strong>Contempl„</strong></span> <span class='ocrx_word' id='word_1_378' title='bbox 537 2632 581 2657; x_wconf 86' lang='lat' dir='ltr'><strong>lib.</strong></span> <span class='ocrx_word' id='word_1_379' title='bbox 604 2634 627 2664; x_wconf 94' lang='lat' dir='ltr'><strong>l,</strong></span> <span class='ocrx_word' id='word_1_380' title='bbox 647 2640 668 2658; x_wconf 94' lang='lat' dir='ltr'><strong>c.</strong></span> <span class='ocrx_word' id='word_1_381' title='bbox 689 2641 711 2664; x_wconf 89' lang='lat'><strong>1,</strong></span> <span class='ocrx_word' id='word_1_382' title='bbox 730 2638 789 2666; x_wconf 89' lang='lat' dir='ltr'><strong>post</strong></span> <span class='ocrx_word' id='word_1_383' title='bbox 805 2637 873 2660; x_wconf 85' lang='lat' dir='ltr'><strong>med.</strong></span> <span class='ocrx_word' id='word_1_384' title='bbox 893 2650 923 2654; x_wconf 94' lang='lat'><strong>-——</strong></span> 
     </span>
    </p>
   </div>
   <div class='ocr_carea' id='block_1_5' title="bbox 149 2667 923 2780">
    <p class='ocr_par' dir='ltr' id='par_1_7' title="bbox 149 2667 923 2780">
     <span class='ocr_line' id='line_1_56' title="bbox 149 2667 923 2703; baseline 0.009 -14"><span class='ocrx_word' id='word_1_385' title='bbox 149 2667 157 2680; x_wconf 77' lang='lat'>⁴</span> <span class='ocrx_word' id='word_1_386' title='bbox 174 2667 254 2695; x_wconf 61' lang='lat' dir='ltr'><strong>loun„</strong></span> <span class='ocrx_word' id='word_1_387' title='bbox 276 2672 337 2696; x_wconf 68' lang='lat' dir='ltr'><strong>xm,</strong></span> <span class='ocrx_word' id='word_1_388' title='bbox 359 2668 398 2690; x_wconf 81' lang='lat'><strong>21.</strong></span> <span class='ocrx_word' id='word_1_389' title='bbox 420 2680 451 2685; x_wconf 88' lang='lat'><strong>—</strong></span> <span class='ocrx_word' id='word_1_390' title='bbox 471 2668 480 2684; x_wconf 61' lang='grc' dir='ltr'><strong>ὅ</strong></span> <span class='ocrx_word' id='word_1_391' title='bbox 499 2669 574 2699; x_wconf 58' lang='lat' dir='ltr'><strong>Aug„</strong></span> <span class='ocrx_word' id='word_1_392' title='bbox 593 2669 618 2692; x_wconf 81' lang='lat' dir='ltr'><strong>in</strong></span> <span class='ocrx_word' id='word_1_393' title='bbox 639 2670 720 2699; x_wconf 57' lang='lat' dir='ltr'><strong>Jocm„</strong></span> <span class='ocrx_word' id='word_1_394' title='bbox 743 2672 816 2695; x_wconf 71' lang='lat' dir='ltr'><strong>tract.</strong></span> <span class='ocrx_word' id='word_1_395' title='bbox 835 2678 923 2703; x_wconf 76' lang='lat' dir='ltr'><strong>cxxiv,</strong></span> 
     </span>
     <span class='ocr_line' id='line_1_57' title="bbox 149 2702 922 2737; baseline 0.008 -11"><span class='ocrx_word' id='word_1_396' title='bbox 149 2709 175 2728; x_wconf 91' lang='lat' dir='ltr'><strong>n.</strong></span> <span class='ocrx_word' id='word_1_397' title='bbox 195 2704 218 2726; x_wconf 84' lang='grc'><strong>5.</strong></span> <span class='ocrx_word' id='word_1_398' title='bbox 239 2715 265 2720; x_wconf 93' lang='lat'>-</span> <span class='ocrx_word' id='word_1_399' title='bbox 290 2702 299 2716; x_wconf 79' lang='lat'><strong>³</strong></span> <span class='ocrx_word' id='word_1_400' title='bbox 321 2703 393 2732; x_wconf 72' lang='lat' dir='ltr'><strong>Gen.r</strong></span> <span class='ocrx_word' id='word_1_401' title='bbox 415 2709 503 2734; x_wconf 71' lang='lat' dir='ltr'><strong>xxxxi,</strong></span> <span class='ocrx_word' id='word_1_402' title='bbox 526 2705 565 2728; x_wconf 84' lang='lat'><strong>30.</strong></span> <span class='ocrx_word' id='word_1_403' title='bbox 588 2717 618 2722; x_wconf 91' lang='lat'><strong>—</strong></span> <span class='ocrx_word' id='word_1_404' title='bbox 640 2705 646 2719; x_wconf 92' lang='lat'>⁷</span> <span class='ocrx_word' id='word_1_405' title='bbox 669 2705 747 2737; x_wconf 67' lang='lat' dir='ltr'><strong>nug„</strong></span> <span class='ocrx_word' id='word_1_406' title='bbox 772 2707 801 2730; x_wconf 81' lang='lat' dir='ltr'><strong>de</strong></span> <span class='ocrx_word' id='word_1_407' title='bbox 824 2708 922 2732; x_wconf 78' lang='lat' dir='ltr'><strong>Claust.</strong></span> 
     </span>
     <span class='ocr_line' id='line_1_58' title="bbox 290 2755 457 2780; baseline 0.006 -3"><span class='ocrx_word' id='word_1_408' title='bbox 290 2755 366 2780; x_wconf 80' lang='grc' dir='ltr'><strong>ιόΜ.</strong></span> <span class='ocrx_word' id='word_1_409' title='bbox 391 2756 457 2780; x_wconf 75' lang='lat' dir='ltr'><strong>vul.</strong></span> 
     </span>
    </p>
   </div>
   <div class='ocr_carea' id='block_1_6' title="bbox 1672 247 1731 277">
    <p class='ocr_par' dir='ltr' id='par_1_8' title="bbox 1672 247 1731 277">
     <span class='ocr_line' id='line_1_59' title="bbox 1672 247 1731 277; baseline 0 0"><span class='ocrx_word' id='word_1_410' title='bbox 1672 247 1731 277; x_wconf 71' lang='lat'><strong>433</strong></span> 
     </span>
    </p>
   </div>
   <div class='ocr_carea' id='block_1_7' title="bbox 958 310 1748 1195">
    <p class='ocr_par' dir='ltr' id='par_1_9' title="bbox 958 310 1748 1195">
     <span class='ocr_line' id='line_1_60' title="bbox 958 310 1732 344; baseline 0.004 -7"><span class='ocrx_word' id='word_1_411' title='bbox 958 310 1100 338; x_wconf 90' lang='lat' dir='ltr'><strong>Dominus</strong></span> <span class='ocrx_word' id='word_1_412' title='bbox 1122 319 1129 338; x_wconf 79' lang='lat' dir='ltr'><em>z</em></span> <span class='ocrx_word' id='word_1_413' title='bbox 1155 310 1199 338; x_wconf 85' lang='lat' dir='ltr'><strong>Sic</strong></span> <span class='ocrx_word' id='word_1_414' title='bbox 1219 318 1278 337; x_wconf 84' lang='lat' dir='ltr'><strong>eum</strong></span> <span class='ocrx_word' id='word_1_415' title='bbox 1297 311 1355 338; x_wconf 84' lang='lat' dir='ltr'><strong>volo</strong></span> <span class='ocrx_word' id='word_1_416' title='bbox 1378 319 1498 344; x_wconf 83' lang='lat' dir='ltr'><strong>manere,</strong></span> <span class='ocrx_word' id='word_1_417' title='bbox 1516 312 1596 340; x_wconf 82' lang='lat' dir='ltr'><strong>donec</strong></span> <span class='ocrx_word' id='word_1_418' title='bbox 1615 314 1732 341; x_wconf 82' lang='lat' dir='ltr'><strong>veniam.</strong></span> 
     </span>
     <span class='ocr_line' id='line_1_61' title="bbox 958 357 1734 396; baseline 0.004 -11"><span class='ocrx_word' id='word_1_419' title='bbox 958 357 1012 385; x_wconf 91' lang='lat' dir='ltr'><strong>Ubi</strong></span> <span class='ocrx_word' id='word_1_420' title='bbox 1027 357 1099 385; x_wconf 87' lang='lat' dir='ltr'><strong>dicit</strong></span> <span class='ocrx_word' id='word_1_421' title='bbox 1118 357 1221 385; x_wconf 86' lang='lat' dir='ltr'><strong>Glossa</strong></span> <span class='ocrx_word' id='word_1_422' title='bbox 1237 366 1243 384; x_wconf 94' lang='lat'><strong>:</strong></span> <span class='ocrx_word' id='word_1_423' title='bbox 1268 367 1281 383; x_wconf 90' lang='lat'>«</span> <span class='ocrx_word' id='word_1_424' title='bbox 1299 357 1372 385; x_wconf 86' lang='lat' dir='ltr'><strong>Nolo</strong></span> <span class='ocrx_word' id='word_1_425' title='bbox 1396 365 1465 386; x_wconf 89' lang='lat' dir='ltr'><strong>eum</strong></span> <span class='ocrx_word' id='word_1_426' title='bbox 1487 366 1541 394; x_wconf 86' lang='lat' dir='ltr'><strong>per</strong></span> <span class='ocrx_word' id='word_1_427' title='bbox 1557 359 1734 396; x_wconf 87' lang='lat' dir='ltr'><strong>martyrium</strong></span> 
     </span>
     <span class='ocr_line' id='line_1_62' title="bbox 960 403 1736 441; baseline 0.005 -10"><span class='ocrx_word' id='word_1_428' title='bbox 960 411 1167 432; x_wconf 84' lang='lat' dir='ltr'><strong>consummare</strong></span> <span class='ocrx_word' id='word_1_429' title='bbox 1176 413 1184 439; x_wconf 84' lang='lat'>3</span> <span class='ocrx_word' id='word_1_430' title='bbox 1200 403 1253 432; x_wconf 84' lang='lat' dir='ltr'><strong>sed</strong></span> <span class='ocrx_word' id='word_1_431' title='bbox 1267 404 1433 440; x_wconf 84' lang='lat' dir='ltr'><strong>expectabit</strong></span> <span class='ocrx_word' id='word_1_432' title='bbox 1447 405 1597 441; x_wconf 86' lang='lat' dir='ltr'><strong>placidam</strong></span> <span class='ocrx_word' id='word_1_433' title='bbox 1616 406 1736 435; x_wconf 85' lang='lat' dir='ltr'><strong>absolu-</strong></span> 
     </span>
     <span class='ocr_line' id='line_1_63' title="bbox 960 450 1736 488; baseline 0.005 -10"><span class='ocrx_word' id='word_1_434' title='bbox 960 450 1071 478; x_wconf 86' lang='lat' dir='ltr'><strong>tionem</strong></span> <span class='ocrx_word' id='word_1_435' title='bbox 1086 451 1182 478; x_wconf 89' lang='lat' dir='ltr'><strong>carnis</strong></span> <span class='ocrx_word' id='word_1_436' title='bbox 1196 459 1268 486; x_wconf 79' lang='lat' dir='ltr'><strong>suae,</strong></span> <span class='ocrx_word' id='word_1_437' title='bbox 1283 451 1406 487; x_wconf 86' lang='lat' dir='ltr'><strong>quando</strong></span> <span class='ocrx_word' id='word_1_438' title='bbox 1427 460 1483 488; x_wconf 81' lang='lat' dir='ltr'><strong>ego</strong></span> <span class='ocrx_word' id='word_1_439' title='bbox 1503 453 1643 487; x_wconf 89' lang='lat' dir='ltr'><strong>veniens,</strong></span> <span class='ocrx_word' id='word_1_440' title='bbox 1658 453 1736 482; x_wconf 88' lang='lat' dir='ltr'><strong>reci-</strong></span> 
     </span>
     <span class='ocr_line' id='line_1_64' title="bbox 959 498 1736 534; baseline 0.005 -9"><span class='ocrx_word' id='word_1_441' title='bbox 959 498 1042 534; x_wconf 85' lang='lat' dir='ltr'><strong>piam</strong></span> <span class='ocrx_word' id='word_1_442' title='bbox 1062 506 1132 526; x_wconf 89' lang='lat' dir='ltr'><strong>eum</strong></span> <span class='ocrx_word' id='word_1_443' title='bbox 1155 498 1185 525; x_wconf 85' lang='lat' dir='ltr'><strong>in</strong></span> <span class='ocrx_word' id='word_1_444' title='bbox 1207 500 1347 526; x_wconf 79' lang='lat' dir='ltr'><strong>aeternam</strong></span> <span class='ocrx_word' id='word_1_445' title='bbox 1370 499 1593 528; x_wconf 79' lang='lat' dir='ltr'><strong>beatitudinem.</strong></span> <span class='ocrx_word' id='word_1_446' title='bbox 1618 511 1632 527; x_wconf 64' lang='lat'><strong>&gt;2</strong></span> <span class='ocrx_word' id='word_1_447' title='bbox 1655 500 1736 529; x_wconf 89' lang='lat' dir='ltr'><strong>Unde</strong></span> 
     </span>
     <span class='ocr_line' id='line_1_65' title="bbox 961 544 1737 582; baseline 0.005 -10"><span class='ocrx_word' id='word_1_448' title='bbox 961 544 1025 572; x_wconf 79' lang='lat' dir='ltr'><strong>haec</strong></span> <span class='ocrx_word' id='word_1_449' title='bbox 1045 545 1106 573; x_wconf 84' lang='lat' dir='ltr'><strong>vita</strong></span> <span class='ocrx_word' id='word_1_450' title='bbox 1129 545 1357 582; x_wconf 83' lang='lat' dir='ltr'><strong>contemplativa</strong></span> <span class='ocrx_word' id='word_1_451' title='bbox 1382 546 1429 574; x_wconf 88' lang='lat' dir='ltr'><strong>hic</strong></span> <span class='ocrx_word' id='word_1_452' title='bbox 1452 546 1628 582; x_wconf 85' lang='lat' dir='ltr'><strong>inchoatur,</strong></span> <span class='ocrx_word' id='word_1_453' title='bbox 1653 550 1681 576; x_wconf 86' lang='lat' dir='ltr'><strong>et</strong></span> <span class='ocrx_word' id='word_1_454' title='bbox 1706 548 1737 576; x_wconf 91' lang='lat' dir='ltr'><strong>in</strong></span> 
     </span>
     <span class='ocr_line' id='line_1_66' title="bbox 961 590 1738 623; baseline 0.005 -4"><span class='ocrx_word' id='word_1_455' title='bbox 961 590 1060 620; x_wconf 83' lang='lat' dir='ltr'><strong>futura</strong></span> <span class='ocrx_word' id='word_1_456' title='bbox 1075 591 1134 620; x_wconf 82' lang='lat' dir='ltr'><strong>vita</strong></span> <span class='ocrx_word' id='word_1_457' title='bbox 1146 594 1377 620; x_wconf 87' lang='lat' dir='ltr'><strong>consummatur.</strong></span> <span class='ocrx_word' id='word_1_458' title='bbox 1399 593 1478 621; x_wconf 82' lang='lat' dir='ltr'><strong>Hanc</strong></span> <span class='ocrx_word' id='word_1_459' title='bbox 1492 593 1584 622; x_wconf 89' lang='lat' dir='ltr'><strong>vitam</strong></span> <span class='ocrx_word' id='word_1_460' title='bbox 1597 595 1738 623; x_wconf 90' lang='lat' dir='ltr'><strong>Dominus</strong></span> 
     </span>
     <span class='ocr_line' id='line_1_67' title="bbox 963 638 1738 678; baseline 0.008 -13"><span class='ocrx_word' id='word_1_461' title='bbox 963 638 993 665; x_wconf 92' lang='lat' dir='ltr'><strong>in</strong></span> <span class='ocrx_word' id='word_1_462' title='bbox 1007 640 1119 666; x_wconf 89' lang='lat' dir='ltr'><strong>Joanne</strong></span> <span class='ocrx_word' id='word_1_463' title='bbox 1133 638 1298 674; x_wconf 86' lang='lat' dir='ltr'><strong>inchoavit,</strong></span> <span class='ocrx_word' id='word_1_464' title='bbox 1311 640 1433 675; x_wconf 88' lang='lat' dir='ltr'><strong>quando</strong></span> <span class='ocrx_word' id='word_1_465' title='bbox 1448 641 1597 669; x_wconf 84' lang='lat' dir='ltr'><strong>volentem</strong></span> <span class='ocrx_word' id='word_1_466' title='bbox 1612 642 1738 678; x_wconf 86' lang='lat' dir='ltr'><strong>nubere,</strong></span> 
     </span>
     <span class='ocr_line' id='line_1_68' title="bbox 964 685 1740 723; baseline 0.005 -10"><span class='ocrx_word' id='word_1_467' title='bbox 964 685 1020 713; x_wconf 88' lang='lat' dir='ltr'><strong>sibi</strong></span> <span class='ocrx_word' id='word_1_468' title='bbox 1034 685 1217 714; x_wconf 86' lang='lat' dir='ltr'><strong>familiariter</strong></span> <span class='ocrx_word' id='word_1_469' title='bbox 1238 686 1407 721; x_wconf 79' lang='lat' dir='ltr'><strong>associavit,</strong></span> <span class='ocrx_word' id='word_1_470' title='bbox 1424 696 1516 723; x_wconf 87' lang='lat' dir='ltr'><strong>quam</strong></span> <span class='ocrx_word' id='word_1_471' title='bbox 1534 688 1634 717; x_wconf 93' lang='lat' dir='ltr'><strong>multis</strong></span> <span class='ocrx_word' id='word_1_472' title='bbox 1654 688 1740 717; x_wconf 81' lang='lat' dir='ltr'><strong>fami-</strong></span> 
     </span>
     <span class='ocr_line' id='line_1_69' title="bbox 963 732 1741 770; baseline 0.006 -10"><span class='ocrx_word' id='word_1_473' title='bbox 963 732 1088 760; x_wconf 85' lang='lat' dir='ltr'><strong>liaribus</strong></span> <span class='ocrx_word' id='word_1_474' title='bbox 1116 732 1206 768; x_wconf 83' lang='lat' dir='ltr'><strong>signis</strong></span> <span class='ocrx_word' id='word_1_475' title='bbox 1238 733 1373 761; x_wconf 77' lang='lat' dir='ltr'><strong>amicitiae</strong></span> <span class='ocrx_word' id='word_1_476' title='bbox 1404 734 1617 770; x_wconf 88' lang='lat' dir='ltr'><strong>continuavit,</strong></span> <span class='ocrx_word' id='word_1_477' title='bbox 1644 735 1741 765; x_wconf 89' lang='lat' dir='ltr'><strong>donec</strong></span> 
     </span>
     <span class='ocr_line' id='line_1_70' title="bbox 966 779 1742 812; baseline 0.008 -6"><span class='ocrx_word' id='word_1_478' title='bbox 966 787 1035 807; x_wconf 89' lang='lat' dir='ltr'><strong>eum</strong></span> <span class='ocrx_word' id='word_1_479' title='bbox 1054 779 1208 808; x_wconf 85' lang='lat' dir='ltr'><strong>invitando</strong></span> <span class='ocrx_word' id='word_1_480' title='bbox 1232 780 1357 809; x_wconf 85' lang='lat' dir='ltr'><strong>dulciter</strong></span> <span class='ocrx_word' id='word_1_481' title='bbox 1376 781 1407 808; x_wconf 89' lang='lat' dir='ltr'><strong>in</strong></span> <span class='ocrx_word' id='word_1_482' title='bbox 1428 783 1536 810; x_wconf 84' lang='lat' dir='ltr'><strong>aeterna</strong></span> <span class='ocrx_word' id='word_1_483' title='bbox 1558 782 1742 812; x_wconf 82' lang='lat' dir='ltr'><strong>beatitudine</strong></span> 
     </span>
     <span class='ocr_line' id='line_1_71' title="bbox 967 827 1745 866; baseline 0.008 -13"><span class='ocrx_word' id='word_1_484' title='bbox 967 827 1194 854; x_wconf 86' lang='lat' dir='ltr'><strong>consummavit.</strong></span> <span class='ocrx_word' id='word_1_485' title='bbox 1211 828 1275 855; x_wconf 80' lang='lat' dir='ltr'><strong>llaec</strong></span> <span class='ocrx_word' id='word_1_486' title='bbox 1289 827 1349 856; x_wconf 89' lang='lat' dir='ltr'><strong>vita</strong></span> <span class='ocrx_word' id='word_1_487' title='bbox 1365 829 1596 866; x_wconf 85' lang='lat' dir='ltr'><strong>contemplativa</strong></span> <span class='ocrx_word' id='word_1_488' title='bbox 1608 832 1651 858; x_wconf 86' lang='lat' dir='ltr'><strong>est</strong></span> <span class='ocrx_word' id='word_1_489' title='bbox 1665 838 1745 859; x_wconf 88' lang='lat' dir='ltr'><strong>sum·</strong></span> 
     </span>
     <span class='ocr_line' id='line_1_72' title="bbox 967 873 1744 912; baseline 0.008 -12"><span class='ocrx_word' id='word_1_490' title='bbox 967 881 1049 901; x_wconf 91' lang='lat' dir='ltr'><strong>mum</strong></span> <span class='ocrx_word' id='word_1_491' title='bbox 1064 873 1258 909; x_wconf 83' lang='lat' dir='ltr'><strong>beneficium,</strong></span> <span class='ocrx_word' id='word_1_492' title='bbox 1273 875 1356 911; x_wconf 87' lang='lat' dir='ltr'><strong>quod</strong></span> <span class='ocrx_word' id='word_1_493' title='bbox 1370 875 1497 904; x_wconf 85' lang='lat' dir='ltr'><strong>conferri</strong></span> <span class='ocrx_word' id='word_1_494' title='bbox 1512 878 1608 912; x_wconf 88' lang='lat' dir='ltr'><strong>potest</strong></span> <span class='ocrx_word' id='word_1_495' title='bbox 1624 877 1744 906; x_wconf 79' lang='lat' dir='ltr'><strong>animae.</strong></span> 
     </span>
     <span class='ocr_line' id='line_1_73' title="bbox 967 920 1746 959; baseline 0.008 -12"><span class='ocrx_word' id='word_1_496' title='bbox 967 920 1060 947; x_wconf 85' lang='lat' dir='ltr'><strong>Habet</strong></span> <span class='ocrx_word' id='word_1_497' title='bbox 1085 921 1165 948; x_wconf 86' lang='lat' dir='ltr'><strong>enim</strong></span> <span class='ocrx_word' id='word_1_498' title='bbox 1190 921 1247 949; x_wconf 83' lang='lat' dir='ltr'><strong>sibi</strong></span> <span class='ocrx_word' id='word_1_499' title='bbox 1276 930 1407 950; x_wconf 81' lang='lat' dir='ltr'><strong>annexas</strong></span> <span class='ocrx_word' id='word_1_500' title='bbox 1435 923 1662 959; x_wconf 85' lang='lat' dir='ltr'><strong>perfectissimas</strong></span> <span class='ocrx_word' id='word_1_501' title='bbox 1677 945 1688 959; x_wconf 92' lang='lat'><strong>,</strong></span> <span class='ocrx_word' id='word_1_502' title='bbox 1719 926 1746 953; x_wconf 87' lang='lat' dir='ltr'><strong>et</strong></span> 
     </span>
     <span class='ocr_line' id='line_1_74' title="bbox 968 968 1746 1006; baseline 0.009 -13"><span class='ocrx_word' id='word_1_503' title='bbox 968 974 1143 1002; x_wconf 84' lang='lat' dir='ltr'><strong>supremas,</strong></span> <span class='ocrx_word' id='word_1_504' title='bbox 1174 970 1201 996; x_wconf 88' lang='lat' dir='ltr'><strong>et</strong></span> <span class='ocrx_word' id='word_1_505' title='bbox 1228 968 1347 996; x_wconf 87' lang='lat' dir='ltr'><strong>ultimas</strong></span> <span class='ocrx_word' id='word_1_506' title='bbox 1377 969 1584 998; x_wconf 87' lang='lat' dir='ltr'><strong>delectationes</strong></span> <span class='ocrx_word' id='word_1_507' title='bbox 1604 992 1613 1006; x_wconf 93' lang='lat'><strong>,</strong></span> <span class='ocrx_word' id='word_1_508' title='bbox 1643 979 1746 1000; x_wconf 89' lang='lat' dir='ltr'><strong>conse-</strong></span> 
     </span>
     <span class='ocr_line' id='line_1_75' title="bbox 969 1014 1744 1054; baseline 0.008 -14"><span class='ocrx_word' id='word_1_509' title='bbox 969 1016 1092 1048; x_wconf 88' lang='lat' dir='ltr'><strong>quentes</strong></span> <span class='ocrx_word' id='word_1_510' title='bbox 1106 1014 1238 1049; x_wconf 85' lang='lat' dir='ltr'><strong>virtutes,</strong></span> <span class='ocrx_word' id='word_1_511' title='bbox 1255 1015 1346 1051; x_wconf 90' lang='lat' dir='ltr'><strong>dona,</strong></span> <span class='ocrx_word' id='word_1_512' title='bbox 1362 1015 1571 1052; x_wconf 80' lang='lat' dir='ltr'><strong>beatitudines,</strong></span> <span class='ocrx_word' id='word_1_513' title='bbox 1586 1019 1614 1045; x_wconf 88' lang='lat' dir='ltr'><strong>et</strong></span> <span class='ocrx_word' id='word_1_514' title='bbox 1622 1017 1744 1054; x_wconf 88' lang='lat' dir='ltr'><strong>fructus,</strong></span> 
     </span>
     <span class='ocr_line' id='line_1_76' title="bbox 969 1060 1746 1102; baseline 0.008 -15"><span class='ocrx_word' id='word_1_515' title='bbox 969 1060 1220 1096; x_wconf 82' lang='lat' dir='ltr'><strong>magnificativaS,</strong></span> <span class='ocrx_word' id='word_1_516' title='bbox 1237 1063 1265 1089; x_wconf 89' lang='lat' dir='ltr'><strong>et</strong></span> <span class='ocrx_word' id='word_1_517' title='bbox 1287 1063 1486 1098; x_wconf 83' lang='lat' dir='ltr'><strong>contentivas,</strong></span> <span class='ocrx_word' id='word_1_518' title='bbox 1500 1066 1527 1092; x_wconf 91' lang='lat' dir='ltr'><strong>et</strong></span> <span class='ocrx_word' id='word_1_519' title='bbox 1547 1065 1675 1093; x_wconf 83' lang='lat' dir='ltr'><strong>unitivas</strong></span> <span class='ocrx_word' id='word_1_520' title='bbox 1689 1066 1746 1102; x_wconf 87' lang='lat' dir='ltr'><strong>spi-</strong></span> 
     </span>
     <span class='ocr_line' id='line_1_77' title="bbox 969 1106 1746 1146; baseline 0.008 -12"><span class='ocrx_word' id='word_1_521' title='bbox 969 1106 1041 1134; x_wconf 87' lang='lat' dir='ltr'><strong>ritus</strong></span> <span class='ocrx_word' id='word_1_522' title='bbox 1061 1108 1149 1136; x_wconf 86' lang='lat' dir='ltr'><strong>creati</strong></span> <span class='ocrx_word' id='word_1_523' title='bbox 1176 1108 1328 1137; x_wconf 83' lang='lat' dir='ltr'><strong>rationalis</strong></span> <span class='ocrx_word' id='word_1_524' title='bbox 1343 1131 1351 1144; x_wconf 96' lang='lat'><strong>,</strong></span> <span class='ocrx_word' id='word_1_525' title='bbox 1377 1112 1405 1138; x_wconf 88' lang='lat' dir='ltr'><strong>et</strong></span> <span class='ocrx_word' id='word_1_526' title='bbox 1429 1111 1478 1138; x_wconf 91' lang='lat' dir='ltr'><strong>Dei</strong></span> <span class='ocrx_word' id='word_1_527' title='bbox 1500 1111 1646 1146; x_wconf 86' lang='lat' dir='ltr'><strong>increati,</strong></span> <span class='ocrx_word' id='word_1_528' title='bbox 1665 1114 1746 1141; x_wconf 88' lang='lat' dir='ltr'><strong>tanto</strong></span> 
     </span>
     <span class='ocr_line' id='line_1_78' title="bbox 969 1153 1748 1195; baseline 0.01 -15"><span class='ocrx_word' id='word_1_529' title='bbox 969 1153 1098 1189; x_wconf 85' lang='lat' dir='ltr'><strong>felicius,</strong></span> <span class='ocrx_word' id='word_1_530' title='bbox 1115 1157 1227 1190; x_wconf 82' lang='lat' dir='ltr'><strong>quanto</strong></span> <span class='ocrx_word' id='word_1_531' title='bbox 1243 1155 1460 1192; x_wconf 86' lang='lat' dir='ltr'><strong>immediatius,</strong></span> <span class='ocrx_word' id='word_1_532' title='bbox 1475 1157 1550 1186; x_wconf 87' lang='lat' dir='ltr'><strong>sicut</strong></span> <span class='ocrx_word' id='word_1_533' title='bbox 1565 1159 1635 1187; x_wconf 87' lang='lat' dir='ltr'><strong>dicit</strong></span> <span class='ocrx_word' id='word_1_534' title='bbox 1647 1160 1748 1195; x_wconf 84' lang='lat' dir='ltr'><strong>Orige-</strong></span> 
     </span>
    </p>
   </div>
   <div class='ocr_carea' id='block_1_8' title="bbox 970 1204 1749 1285">
    <p class='ocr_par' dir='ltr' id='par_1_10' title="bbox 970 1204 1749 1285">
     <span class='ocr_line' id='line_1_79' title="bbox 970 1204 1749 1243; baseline 0.008 -14"><span class='ocrx_word' id='word_1_535' title='bbox 970 1210 1021 1229; x_wconf 87' lang='lat' dir='ltr'><strong>nes</strong></span> <span class='ocrx_word' id='word_1_536' title='bbox 1034 1224 1043 1237; x_wconf 94' lang='lat'><strong>,</strong></span> <span class='ocrx_word' id='word_1_537' title='bbox 1065 1211 1144 1238; x_wconf 74' lang='lat' dir='ltr'><strong>super</strong></span> <span class='ocrx_word' id='word_1_538' title='bbox 1163 1204 1287 1232; x_wconf 77' lang='lat' dir='ltr'><strong>Cantica.</strong></span> <span class='ocrx_word' id='word_1_539' title='bbox 1309 1204 1399 1240; x_wconf 85' lang='lat' dir='ltr'><strong>Signa</strong></span> <span class='ocrx_word' id='word_1_540' title='bbox 1421 1205 1627 1234; x_wconf 83' lang='lat' dir='ltr'><strong>familiaritatis</strong></span> <span class='ocrx_word' id='word_1_541' title='bbox 1648 1208 1749 1243; x_wconf 80' lang='lat' dir='ltr'><strong>patent</strong></span> 
     </span>
     <span class='ocr_line' id='line_1_80' title="bbox 970 1249 1186 1285; baseline 0.005 -9"><span class='ocrx_word' id='word_1_542' title='bbox 970 1249 1001 1276; x_wconf 93' lang='lat' dir='ltr'><strong>in</strong></span> <span class='ocrx_word' id='word_1_543' title='bbox 1016 1250 1186 1285; x_wconf 85' lang='lat' dir='ltr'><strong>Evangelio.</strong></span> 
     </span>
    </p>
   </div>
   <div class='ocr_carea' id='block_1_9' title="bbox 1007 1296 1871 1337">
    <p class='ocr_par' dir='ltr' id='par_1_11' title="bbox 1007 1296 1871 1337">
     <span class='ocr_line' id='line_1_81' title="bbox 1007 1296 1871 1337; baseline 0.01 -14"><span class='ocrx_word' id='word_1_544' title='bbox 1007 1296 1100 1324; x_wconf 90' lang='lat' dir='ltr'><strong>Tertio</strong></span> <span class='ocrx_word' id='word_1_545' title='bbox 1125 1297 1278 1325; x_wconf 89' lang='lat' dir='ltr'><strong>videamus</strong></span> <span class='ocrx_word' id='word_1_546' title='bbox 1289 1319 1299 1332; x_wconf 93' lang='lat'><strong>,</strong></span> <span class='ocrx_word' id='word_1_547' title='bbox 1315 1298 1443 1334; x_wconf 89' lang='lat' dir='ltr'><strong>qualiter</strong></span> <span class='ocrx_word' id='word_1_548' title='bbox 1465 1300 1583 1336; x_wconf 88' lang='lat' dir='ltr'><strong>spiritus</strong></span> <span class='ocrx_word' id='word_1_549' title='bbox 1601 1301 1749 1330; x_wconf 84' lang='lat' dir='ltr'><strong>humanus</strong></span> <span class='ocrx_word' id='word_1_550' title='bbox 1764 1312 1797 1332; x_wconf 76' lang='lat' dir='ltr'><strong>na</strong></span> <span class='ocrx_word' id='word_1_551' title='bbox 1811 1311 1871 1337; x_wconf 83' lang='lat' dir='ltr'><strong>quie-</strong></span> 
     </span>
    </p>
   </div>
   <div class='ocr_carea' id='block_1_10' title="bbox 972 1344 1748 1384">
    <p class='ocr_par' dir='ltr' id='par_1_12' title="bbox 972 1344 1748 1384">
     <span class='ocr_line' id='line_1_82' title="bbox 972 1344 1748 1384; baseline 0.006 -13"><span class='ocrx_word' id='word_1_552' title='bbox 972 1344 1130 1372; x_wconf 82' lang='lat' dir='ltr'><strong>ambulans</strong></span> <span class='ocrx_word' id='word_1_553' title='bbox 1144 1353 1197 1381; x_wconf 88' lang='lat' dir='ltr'><strong>per</strong></span> <span class='ocrx_word' id='word_1_554' title='bbox 1212 1345 1316 1373; x_wconf 85' lang='lat' dir='ltr'><strong>itinera</strong></span> <span class='ocrx_word' id='word_1_555' title='bbox 1331 1346 1396 1374; x_wconf 89' lang='lat' dir='ltr'><strong>vitae</strong></span> <span class='ocrx_word' id='word_1_556' title='bbox 1411 1347 1647 1384; x_wconf 80' lang='lat' dir='ltr'><strong>contemplativae</strong></span> <span class='ocrx_word' id='word_1_557' title='bbox 1666 1349 1748 1383; x_wconf 85' lang='lat' dir='ltr'><strong>vigili</strong></span> 
     </span>
    </p>
   </div>
   <div class='ocr_carea' id='block_1_11' title="bbox 1773 1343 1870 1395">
    <p class='ocr_par' dir='ltr' id='par_1_13' title="bbox 1773 1343 1870 1395">
     <span class='ocr_line' id='line_1_83' title="bbox 1777 1343 1856 1364; baseline 0 -2"><span class='ocrx_word' id='word_1_558' title='bbox 1777 1344 1798 1364; x_wconf 81' lang='lat' dir='ltr'><strong>te</strong></span> <span class='ocrx_word' id='word_1_559' title='bbox 1807 1343 1856 1363; x_wconf 74' lang='lat' dir='ltr'><strong>vitae</strong></span> 
     </span>
     <span class='ocr_line' id='line_1_84' title="bbox 1773 1376 1870 1395; baseline -0.01 0"><span class='ocrx_word' id='word_1_560' title='bbox 1773 1376 1870 1395; x_wconf 79' lang='lat' dir='ltr'><strong>contem-</strong></span> 
     </span>
    </p>
   </div>
   <div class='ocr_carea' id='block_1_12' title="bbox 972 1391 1860 1432">
    <p class='ocr_par' dir='ltr' id='par_1_14' title="bbox 972 1391 1860 1432">
     <span class='ocr_line' id='line_1_85' title="bbox 972 1391 1860 1432; baseline 0.01 -15"><span class='ocrx_word' id='word_1_561' title='bbox 972 1399 1078 1418; x_wconf 89' lang='lat' dir='ltr'><strong>somno</strong></span> <span class='ocrx_word' id='word_1_562' title='bbox 1095 1391 1241 1427; x_wconf 86' lang='lat' dir='ltr'><strong>quietetur</strong></span> <span class='ocrx_word' id='word_1_563' title='bbox 1258 1395 1286 1420; x_wconf 92' lang='lat' dir='ltr'><strong>et</strong></span> <span class='ocrx_word' id='word_1_564' title='bbox 1303 1393 1486 1421; x_wconf 89' lang='lat' dir='ltr'><strong>illuminetur</strong></span> <span class='ocrx_word' id='word_1_565' title='bbox 1501 1394 1537 1431; x_wconf 87' lang='lat' dir='ltr'><strong>(a)</strong></span> <span class='ocrx_word' id='word_1_566' title='bbox 1554 1397 1621 1431; x_wconf 87' lang='lat' dir='ltr'><strong>post</strong></span> <span class='ocrx_word' id='word_1_567' title='bbox 1639 1395 1748 1424; x_wconf 78' lang='lat' dir='ltr'><strong>luctam</strong></span> <span class='ocrx_word' id='word_1_568' title='bbox 1764 1406 1860 1432; x_wconf 80' lang='lat' dir='ltr'><strong>plativae.</strong></span> 
     </span>
    </p>
   </div>
   <div class='ocr_carea' id='block_1_13' title="bbox 971 1437 1753 2416">
    <p class='ocr_par' dir='ltr' id='par_1_15' title="bbox 971 1437 1753 2416">
     <span class='ocr_line' id='line_1_86' title="bbox 971 1437 1749 1477; baseline 0.008 -13"><span class='ocrx_word' id='word_1_569' title='bbox 971 1437 1038 1465; x_wconf 52' lang='lat' dir='ltr'><strong>vitre</strong></span> <span class='ocrx_word' id='word_1_570' title='bbox 1055 1438 1172 1473; x_wconf 80' lang='lat' dir='ltr'><strong>activae,</strong></span> <span class='ocrx_word' id='word_1_571' title='bbox 1183 1438 1257 1466; x_wconf 87' lang='lat' dir='ltr'><strong>sicut</strong></span> <span class='ocrx_word' id='word_1_572' title='bbox 1271 1440 1349 1475; x_wconf 83' lang='lat' dir='ltr'><strong>patet</strong></span> <span class='ocrx_word' id='word_1_573' title='bbox 1363 1440 1400 1467; x_wconf 88' lang='lat' dir='ltr'><strong>de</strong></span> <span class='ocrx_word' id='word_1_574' title='bbox 1414 1440 1520 1475; x_wconf 87' lang='lat' dir='ltr'><strong>Jacob,</strong></span> <span class='ocrx_word' id='word_1_575' title='bbox 1537 1441 1588 1477; x_wconf 88' lang='lat' dir='ltr'><strong>qui</strong></span> <span class='ocrx_word' id='word_1_576' title='bbox 1609 1444 1676 1477; x_wconf 84' lang='lat' dir='ltr'><strong>post</strong></span> <span class='ocrx_word' id='word_1_577' title='bbox 1690 1445 1749 1471; x_wconf 83' lang='lat' dir='ltr'><strong>luc·</strong></span> 
     </span>
     <span class='ocr_line' id='line_1_87' title="bbox 972 1486 1748 1522; baseline 0.008 -11"><span class='ocrx_word' id='word_1_578' title='bbox 972 1486 1032 1512; x_wconf 84' lang='lat' dir='ltr'><strong>tam</strong></span> <span class='ocrx_word' id='word_1_579' title='bbox 1048 1487 1074 1512; x_wconf 91' lang='lat' dir='ltr'><strong>et</strong></span> <span class='ocrx_word' id='word_1_580' title='bbox 1089 1493 1228 1513; x_wconf 88' lang='lat' dir='ltr'><strong>somnum</strong></span> <span class='ocrx_word' id='word_1_581' title='bbox 1244 1487 1514 1522; x_wconf 81' lang='lat' dir='ltr'><strong>contemplationis,</strong></span> <span class='ocrx_word' id='word_1_582' title='bbox 1530 1488 1633 1517; x_wconf 89' lang='lat' dir='ltr'><strong>didicit</strong></span> <span class='ocrx_word' id='word_1_583' title='bbox 1647 1489 1748 1518; x_wconf 88' lang='lat' dir='ltr'><strong>videre</strong></span> 
     </span>
     <span class='ocr_line' id='line_1_88' title="bbox 972 1531 1749 1570; baseline 0.008 -12"><span class='ocrx_word' id='word_1_584' title='bbox 972 1531 1135 1566; x_wconf 84' lang='lat' dir='ltr'><strong>spiritualia</strong></span> <span class='ocrx_word' id='word_1_585' title='bbox 1146 1553 1155 1566; x_wconf 90' lang='lat'><strong>,</strong></span> <span class='ocrx_word' id='word_1_586' title='bbox 1170 1534 1203 1560; x_wconf 86' lang='lat' dir='ltr'><strong>ut</strong></span> <span class='ocrx_word' id='word_1_587' title='bbox 1218 1533 1329 1560; x_wconf 85' lang='lat' dir='ltr'><strong>diceret</strong></span> <span class='ocrx_word' id='word_1_588' title='bbox 1341 1534 1350 1550; x_wconf 79' lang='lat'>⁶</span> <span class='ocrx_word' id='word_1_589' title='bbox 1365 1543 1370 1561; x_wconf 92' lang='lat'>:</span> <span class='ocrx_word' id='word_1_590' title='bbox 1391 1535 1458 1562; x_wconf 71' lang='lat' dir='ltr'><strong>Vidi</strong></span> <span class='ocrx_word' id='word_1_591' title='bbox 1473 1536 1616 1562; x_wconf 77' lang='lat' dir='ltr'><strong>Dominum</strong></span> <span class='ocrx_word' id='word_1_592' title='bbox 1628 1537 1700 1570; x_wconf 77' lang='lat' dir='ltr'><strong>facie</strong></span> <span class='ocrx_word' id='word_1_593' title='bbox 1714 1537 1749 1564; x_wconf 84' lang='lat' dir='ltr'><strong>ad</strong></span> 
     </span>
     <span class='ocr_line' id='line_1_89' title="bbox 972 1579 1748 1618; baseline 0.008 -13"><span class='ocrx_word' id='word_1_594' title='bbox 972 1579 1068 1611; x_wconf 80' lang='lat' dir='ltr'><strong>faciem</strong></span> <span class='ocrx_word' id='word_1_595' title='bbox 1078 1600 1086 1614; x_wconf 92' lang='lat'><strong>,</strong></span> <span class='ocrx_word' id='word_1_596' title='bbox 1104 1582 1129 1606; x_wconf 85' lang='lat' dir='ltr'><strong>et</strong></span> <span class='ocrx_word' id='word_1_597' title='bbox 1143 1580 1220 1607; x_wconf 77' lang='lat' dir='ltr'><strong>salva</strong></span> <span class='ocrx_word' id='word_1_598' title='bbox 1235 1581 1308 1612; x_wconf 75' lang='lat' dir='ltr'><strong>facta</strong></span> <span class='ocrx_word' id='word_1_599' title='bbox 1323 1582 1362 1607; x_wconf 76' lang='lat' dir='ltr'><strong>est</strong></span> <span class='ocrx_word' id='word_1_600' title='bbox 1378 1582 1471 1608; x_wconf 78' lang='lat' dir='ltr'><strong>anima</strong></span> <span class='ocrx_word' id='word_1_601' title='bbox 1485 1590 1553 1609; x_wconf 82' lang='lat' dir='ltr'><strong>mea.</strong></span> <span class='ocrx_word' id='word_1_602' title='bbox 1570 1582 1650 1610; x_wconf 86' lang='lat' dir='ltr'><strong>Unde</strong></span> <span class='ocrx_word' id='word_1_603' title='bbox 1665 1584 1748 1618; x_wconf 85' lang='lat' dir='ltr'><strong>Hugo</strong></span> 
     </span>
     <span class='ocr_line' id='line_1_90' title="bbox 974 1625 1750 1666; baseline 0.008 -15"><span class='ocrx_word' id='word_1_604' title='bbox 974 1625 1062 1652; x_wconf 83' lang='lat' dir='ltr'><strong>dicit⁷</strong></span> <span class='ocrx_word' id='word_1_605' title='bbox 1076 1634 1082 1652; x_wconf 88' lang='lat'>:</span> <span class='ocrx_word' id='word_1_606' title='bbox 1100 1635 1113 1651; x_wconf 71' lang='grc' dir='ltr'><strong>ιι</strong></span> <span class='ocrx_word' id='word_1_607' title='bbox 1128 1627 1206 1653; x_wconf 90' lang='lat' dir='ltr'><strong>Tunc</strong></span> <span class='ocrx_word' id='word_1_608' title='bbox 1222 1634 1258 1654; x_wconf 77' lang='lat' dir='ltr'><strong>ex</strong></span> <span class='ocrx_word' id='word_1_609' title='bbox 1271 1627 1361 1654; x_wconf 83' lang='lat' dir='ltr'><strong>Jacob</strong></span> <span class='ocrx_word' id='word_1_610' title='bbox 1381 1627 1414 1655; x_wconf 87' lang='lat' dir='ltr'><strong>fit</strong></span> <span class='ocrx_word' id='word_1_611' title='bbox 1428 1628 1529 1663; x_wconf 87' lang='lat' dir='ltr'><strong>lsrael,</strong></span> <span class='ocrx_word' id='word_1_612' title='bbox 1546 1629 1668 1665; x_wconf 85' lang='lat' dir='ltr'><strong>quando</strong></span> <span class='ocrx_word' id='word_1_613' title='bbox 1683 1632 1750 1666; x_wconf 90' lang='lat' dir='ltr'><strong>post</strong></span> 
     </span>
     <span class='ocr_line' id='line_1_91' title="bbox 973 1671 1750 1710; baseline 0.009 -12"><span class='ocrx_word' id='word_1_614' title='bbox 973 1671 1143 1699; x_wconf 87' lang='lat' dir='ltr'><strong>sudationes</strong></span> <span class='ocrx_word' id='word_1_615' title='bbox 1158 1672 1245 1700; x_wconf 77' lang='lat' dir='ltr'><strong>bonae</strong></span> <span class='ocrx_word' id='word_1_616' title='bbox 1259 1673 1452 1710; x_wconf 83' lang='lat' dir='ltr'><strong>operationis,</strong></span> <span class='ocrx_word' id='word_1_617' title='bbox 1468 1676 1638 1710; x_wconf 78' lang='lat' dir='ltr'><strong>pervenitur</strong></span> <span class='ocrx_word' id='word_1_618' title='bbox 1653 1676 1693 1704; x_wconf 89' lang='lat' dir='ltr'><strong>ad</strong></span> <span class='ocrx_word' id='word_1_619' title='bbox 1707 1677 1750 1705; x_wconf 90' lang='lat' dir='ltr'><strong>lu-</strong></span> 
     </span>
     <span class='ocr_line' id='line_1_92' title="bbox 974 1720 1751 1758; baseline 0.009 -13"><span class='ocrx_word' id='word_1_620' title='bbox 974 1726 1037 1746; x_wconf 80' lang='lat' dir='ltr'><strong>cem</strong></span> <span class='ocrx_word' id='word_1_621' title='bbox 1053 1720 1321 1755; x_wconf 86' lang='lat' dir='ltr'><strong>contemplationis.</strong></span> <span class='ocrx_word' id='word_1_622' title='bbox 1343 1722 1422 1749; x_wconf 91' lang='lat' dir='ltr'><strong>Tunc</strong></span> <span class='ocrx_word' id='word_1_623' title='bbox 1434 1722 1444 1738; x_wconf 79' lang='lat'>⁸</span> <span class='ocrx_word' id='word_1_624' title='bbox 1458 1724 1590 1750; x_wconf 72' lang='lat' dir='ltr'><strong>emultabz&#39;t</strong></span> <span class='ocrx_word' id='word_1_625' title='bbox 1609 1724 1709 1758; x_wconf 81' lang='lat' dir='ltr'><strong>Jacob,</strong></span> <span class='ocrx_word' id='word_1_626' title='bbox 1725 1727 1751 1752; x_wconf 78' lang='lat' dir='ltr'><strong>et</strong></span> 
     </span>
     <span class='ocr_line' id='line_1_93' title="bbox 974 1766 1749 1806; baseline 0.01 -15"><span class='ocrx_word' id='word_1_627' title='bbox 974 1766 1114 1793; x_wconf 55' lang='lat' dir='ltr'><strong>laetabitur</strong></span> <span class='ocrx_word' id='word_1_628' title='bbox 1128 1767 1223 1794; x_wconf 82' lang='lat' dir='ltr'><strong>Israel.</strong></span> <span class='ocrx_word' id='word_1_629' title='bbox 1240 1777 1253 1792; x_wconf 84' lang='lat'>»</span> <span class='ocrx_word' id='word_1_630' title='bbox 1276 1767 1366 1802; x_wconf 75' lang='lat' dir='ltr'><strong>igitur</strong></span> <span class='ocrx_word' id='word_1_631' title='bbox 1387 1777 1440 1804; x_wconf 89' lang='lat' dir='ltr'><strong>per</strong></span> <span class='ocrx_word' id='word_1_632' title='bbox 1460 1770 1549 1797; x_wconf 88' lang='lat' dir='ltr'><strong>Jacob</strong></span> <span class='ocrx_word' id='word_1_633' title='bbox 1572 1769 1749 1806; x_wconf 86' lang='lat' dir='ltr'><strong>luctantem,</strong></span> 
     </span>
     <span class='ocr_line' id='line_1_94' title="bbox 973 1812 1748 1850; baseline 0.009 -11"><span class='ocrx_word' id='word_1_634' title='bbox 973 1812 1106 1847; x_wconf 81' lang='lat' dir='ltr'><strong>signatur</strong></span> <span class='ocrx_word' id='word_1_635' title='bbox 1121 1813 1182 1841; x_wconf 78' lang='lat' dir='ltr'><strong>vita</strong></span> <span class='ocrx_word' id='word_1_636' title='bbox 1197 1814 1309 1849; x_wconf 86' lang='lat' dir='ltr'><strong>activa,</strong></span> <span class='ocrx_word' id='word_1_637' title='bbox 1322 1823 1388 1850; x_wconf 59' lang='lat' dir='ltr'><strong>quic</strong></span> <span class='ocrx_word' id='word_1_638' title='bbox 1404 1818 1507 1844; x_wconf 84' lang='lat' dir='ltr'><strong>contra</strong></span> <span class='ocrx_word' id='word_1_639' title='bbox 1522 1817 1592 1845; x_wconf 88' lang='lat' dir='ltr'><strong>vitia</strong></span> <span class='ocrx_word' id='word_1_640' title='bbox 1612 1817 1748 1846; x_wconf 86' lang='lat' dir='ltr'><strong>luctatur.</strong></span> 
     </span>
     <span class='ocr_line' id='line_1_95' title="bbox 973 1859 1751 1898; baseline 0.009 -12"><span class='ocrx_word' id='word_1_641' title='bbox 973 1859 1004 1886; x_wconf 87' lang='lat' dir='ltr'><strong>ln</strong></span> <span class='ocrx_word' id='word_1_642' title='bbox 1021 1867 1080 1895; x_wconf 91' lang='lat' dir='ltr'><strong>quo</strong></span> <span class='ocrx_word' id='word_1_643' title='bbox 1103 1859 1278 1895; x_wconf 85' lang='lat' dir='ltr'><strong>luctamine,</strong></span> <span class='ocrx_word' id='word_1_644' title='bbox 1298 1861 1350 1888; x_wconf 90' lang='lat' dir='ltr'><strong>etsi</strong></span> <span class='ocrx_word' id='word_1_645' title='bbox 1370 1862 1489 1898; x_wconf 88' lang='lat' dir='ltr'><strong>spiritus</strong></span> <span class='ocrx_word' id='word_1_646' title='bbox 1513 1871 1574 1891; x_wconf 88' lang='lat' dir='ltr'><strong>non</strong></span> <span class='ocrx_word' id='word_1_647' title='bbox 1592 1865 1751 1893; x_wconf 86' lang='lat' dir='ltr'><strong>mortifica-</strong></span> 
     </span>
     <span class='ocr_line' id='line_1_96' title="bbox 973 1906 1750 1947; baseline 0.009 -14"><span class='ocrx_word' id='word_1_648' title='bbox 973 1908 1036 1941; x_wconf 89' lang='lat' dir='ltr'><strong>tur,</strong></span> <span class='ocrx_word' id='word_1_649' title='bbox 1050 1908 1081 1934; x_wconf 92' lang='lat' dir='ltr'><strong>ut</strong></span> <span class='ocrx_word' id='word_1_650' title='bbox 1094 1906 1259 1942; x_wconf 88' lang='lat' dir='ltr'><strong>plurimum</strong></span> <span class='ocrx_word' id='word_1_651' title='bbox 1272 1909 1370 1935; x_wconf 86' lang='lat' dir='ltr'><strong>tamen</strong></span> <span class='ocrx_word' id='word_1_652' title='bbox 1382 1909 1549 1938; x_wconf 86' lang='lat' dir='ltr'><strong>infirmatur</strong></span> <span class='ocrx_word' id='word_1_653' title='bbox 1563 1913 1590 1938; x_wconf 88' lang='lat' dir='ltr'><strong>et</strong></span> <span class='ocrx_word' id='word_1_654' title='bbox 1601 1911 1750 1947; x_wconf 81' lang='lat' dir='ltr'><strong>fatigatur,</strong></span> 
     </span>
     <span class='ocr_line' id='line_1_97' title="bbox 973 1953 1751 1992; baseline 0.008 -13"><span class='ocrx_word' id='word_1_655' title='bbox 973 1954 1005 1979; x_wconf 91' lang='lat' dir='ltr'><strong>ut</strong></span> <span class='ocrx_word' id='word_1_656' title='bbox 1020 1953 1126 1981; x_wconf 82' lang='lat' dir='ltr'><strong>clamet</strong></span> <span class='ocrx_word' id='word_1_657' title='bbox 1141 1962 1209 1980; x_wconf 88' lang='lat' dir='ltr'><strong>cum</strong></span> <span class='ocrx_word' id='word_1_658' title='bbox 1225 1954 1377 1982; x_wconf 84' lang='lat' dir='ltr'><strong>Psalmista</strong></span> <span class='ocrx_word' id='word_1_659' title='bbox 1387 1956 1397 1972; x_wconf 81' lang='lat'>⁹</span> <span class='ocrx_word' id='word_1_660' title='bbox 1413 1965 1419 1983; x_wconf 93' lang='lat'>:</span> <span class='ocrx_word' id='word_1_661' title='bbox 1432 1957 1558 1990; x_wconf 76' lang='lat' dir='ltr'><strong>Afflietus</strong></span> <span class='ocrx_word' id='word_1_662' title='bbox 1572 1966 1647 1992; x_wconf 85' lang='lat' dir='ltr'><strong>sum,</strong></span> <span class='ocrx_word' id='word_1_663' title='bbox 1663 1961 1688 1985; x_wconf 79' lang='lat' dir='ltr'><strong>et</strong></span> <span class='ocrx_word' id='word_1_664' title='bbox 1704 1959 1751 1986; x_wconf 83' lang='lat' dir='ltr'><strong>hu-</strong></span> 
     </span>
     <span class='ocr_line' id='line_1_98' title="bbox 973 2000 1747 2040; baseline 0.009 -15"><span class='ocrx_word' id='word_1_665' title='bbox 973 2000 1096 2026; x_wconf 71' lang='lat' dir='ltr'><strong>miliatus</strong></span> <span class='ocrx_word' id='word_1_666' title='bbox 1111 2008 1169 2027; x_wconf 80' lang='lat' dir='ltr'><strong>sum</strong></span> <span class='ocrx_word' id='word_1_667' title='bbox 1185 2002 1276 2028; x_wconf 75' lang='lat' dir='ltr'><strong>nimis.</strong></span> <span class='ocrx_word' id='word_1_668' title='bbox 1299 2003 1352 2028; x_wconf 85' lang='lat' dir='ltr'><strong>Per</strong></span> <span class='ocrx_word' id='word_1_669' title='bbox 1376 2002 1463 2030; x_wconf 87' lang='lat' dir='ltr'><strong>lsrael</strong></span> <span class='ocrx_word' id='word_1_670' title='bbox 1484 2011 1557 2031; x_wconf 80' lang='lat' dir='ltr'><strong>vero</strong></span> <span class='ocrx_word' id='word_1_671' title='bbox 1579 2004 1747 2040; x_wconf 83' lang='lat' dir='ltr'><strong>videntem,</strong></span> 
     </span>
     <span class='ocr_line' id='line_1_99' title="bbox 972 2046 1749 2085; baseline 0.009 -13"><span class='ocrx_word' id='word_1_672' title='bbox 972 2046 1104 2081; x_wconf 84' lang='lat' dir='ltr'><strong>signatur</strong></span> <span class='ocrx_word' id='word_1_673' title='bbox 1118 2046 1179 2074; x_wconf 83' lang='lat' dir='ltr'><strong>vita</strong></span> <span class='ocrx_word' id='word_1_674' title='bbox 1199 2048 1442 2083; x_wconf 84' lang='lat' dir='ltr'><strong>contemplativa,</strong></span> <span class='ocrx_word' id='word_1_675' title='bbox 1463 2050 1534 2085; x_wconf 84' lang='lat' dir='ltr'><strong>quia</strong></span> <span class='ocrx_word' id='word_1_676' title='bbox 1559 2050 1589 2077; x_wconf 92' lang='lat' dir='ltr'><strong>in</strong></span> <span class='ocrx_word' id='word_1_677' title='bbox 1612 2051 1661 2078; x_wconf 88' lang='lat' dir='ltr'><strong>via</strong></span> <span class='ocrx_word' id='word_1_678' title='bbox 1677 2051 1749 2079; x_wconf 90' lang='lat' dir='ltr'><strong>dor-</strong></span> 
     </span>
     <span class='ocr_line' id='line_1_100' title="bbox 973 2093 1748 2135; baseline 0.009 -15"><span class='ocrx_word' id='word_1_679' title='bbox 973 2093 1084 2127; x_wconf 85' lang='lat' dir='ltr'><strong>miens,</strong></span> <span class='ocrx_word' id='word_1_680' title='bbox 1100 2094 1229 2122; x_wconf 82' lang='lat' dir='ltr'><strong>coelestia</strong></span> <span class='ocrx_word' id='word_1_681' title='bbox 1249 2095 1475 2131; x_wconf 84' lang='lat' dir='ltr'><strong>contemplatur.</strong></span> <span class='ocrx_word' id='word_1_682' title='bbox 1495 2097 1598 2130; x_wconf 81' lang='lat' dir='ltr'><strong>«Quid</strong></span> <span class='ocrx_word' id='word_1_683' title='bbox 1617 2106 1748 2135; x_wconf 87' lang='lat' dir='ltr'><strong>namque</strong></span> 
     </span>
     <span class='ocr_line' id='line_1_101' title="bbox 974 2140 1750 2181; baseline 0.009 -15"><span class='ocrx_word' id='word_1_684' title='bbox 974 2142 1016 2167; x_wconf 89' lang='lat' dir='ltr'><strong>est</strong></span> <span class='ocrx_word' id='word_1_685' title='bbox 1032 2140 1161 2168; x_wconf 84' lang='lat' dir='ltr'><strong>dormire</strong></span> <span class='ocrx_word' id='word_1_686' title='bbox 1176 2141 1207 2168; x_wconf 92' lang='lat' dir='ltr'><strong>in</strong></span> <span class='ocrx_word' id='word_1_687' title='bbox 1221 2141 1286 2175; x_wconf 83' lang='lat' dir='ltr'><strong>via,</strong></span> <span class='ocrx_word' id='word_1_688' title='bbox 1303 2142 1343 2169; x_wconf 84' lang='lat' dir='ltr'><strong>ait</strong></span> <span class='ocrx_word' id='word_1_689' title='bbox 1358 2142 1459 2170; x_wconf 87' lang='lat' dir='ltr'><strong>Glossa</strong></span> <span class='ocrx_word' id='word_1_690' title='bbox 1470 2164 1479 2177; x_wconf 94' lang='lat'><strong>,</strong></span> <span class='ocrx_word' id='word_1_691' title='bbox 1493 2143 1564 2178; x_wconf 87' lang='lat' dir='ltr'><strong>nisi,</strong></span> <span class='ocrx_word' id='word_1_692' title='bbox 1580 2144 1611 2172; x_wconf 89' lang='lat' dir='ltr'><strong>in</strong></span> <span class='ocrx_word' id='word_1_693' title='bbox 1625 2153 1750 2181; x_wconf 89' lang='lat' dir='ltr'><strong>praesen-</strong></span> 
     </span>
     <span class='ocr_line' id='line_1_102' title="bbox 974 2187 1750 2226; baseline 0.009 -13"><span class='ocrx_word' id='word_1_694' title='bbox 974 2187 1009 2213; x_wconf 89' lang='lat' dir='ltr'><strong>tis</strong></span> <span class='ocrx_word' id='word_1_695' title='bbox 1025 2187 1090 2214; x_wconf 79' lang='lat' dir='ltr'><strong>vitae</strong></span> <span class='ocrx_word' id='word_1_696' title='bbox 1109 2187 1248 2222; x_wconf 85' lang='lat' dir='ltr'><strong>transitu,</strong></span> <span class='ocrx_word' id='word_1_697' title='bbox 1266 2196 1283 2216; x_wconf 85' lang='lat' dir='ltr'><strong>a</strong></span> <span class='ocrx_word' id='word_1_698' title='bbox 1297 2197 1397 2216; x_wconf 86' lang='lat' dir='ltr'><strong>rerum</strong></span> <span class='ocrx_word' id='word_1_699' title='bbox 1417 2191 1628 2226; x_wconf 85' lang='lat' dir='ltr'><strong>temporalium</strong></span> <span class='ocrx_word' id='word_1_700' title='bbox 1648 2200 1750 2220; x_wconf 88' lang='lat' dir='ltr'><strong>amore</strong></span> 
     </span>
     <span class='ocr_line' id='line_1_103' title="bbox 975 2233 1752 2268; baseline 0.01 -8"><span class='ocrx_word' id='word_1_701' title='bbox 975 2233 1139 2261; x_wconf 81' lang='lat' dir='ltr'><strong>labentium</strong></span> <span class='ocrx_word' id='word_1_702' title='bbox 1147 2255 1157 2268; x_wconf 84' lang='lat'><strong>,</strong></span> <span class='ocrx_word' id='word_1_703' title='bbox 1168 2235 1272 2262; x_wconf 89' lang='lat' dir='ltr'><strong>oculos</strong></span> <span class='ocrx_word' id='word_1_704' title='bbox 1283 2236 1390 2264; x_wconf 86' lang='lat' dir='ltr'><strong>mentis</strong></span> <span class='ocrx_word' id='word_1_705' title='bbox 1402 2237 1539 2265; x_wconf 80' lang='lat' dir='ltr'><strong>claudere</strong></span> <span class='ocrx_word' id='word_1_706' title='bbox 1551 2239 1564 2266; x_wconf 71' lang='lat'><strong>‘3</strong></span> <span class='ocrx_word' id='word_1_707' title='bbox 1575 2239 1632 2267; x_wconf 83' lang='lat' dir='ltr'><strong>Hos</strong></span> <span class='ocrx_word' id='word_1_708' title='bbox 1647 2239 1752 2268; x_wconf 87' lang='lat' dir='ltr'><strong>oculos</strong></span> 
     </span>
     <span class='ocr_line' id='line_1_104' title="bbox 976 2281 1751 2321; baseline 0.012 -15"><span class='ocrx_word' id='word_1_709' title='bbox 976 2281 1222 2316; x_wconf 78' lang='lat' dir='ltr'><strong>concupiscentiae</strong></span> <span class='ocrx_word' id='word_1_710' title='bbox 1245 2283 1362 2318; x_wconf 84' lang='lat' dir='ltr'><strong>aperuit</strong></span> <span class='ocrx_word' id='word_1_711' title='bbox 1386 2283 1540 2320; x_wconf 84' lang='lat' dir='ltr'><strong>diabolus,</strong></span> <span class='ocrx_word' id='word_1_712' title='bbox 1565 2294 1641 2321; x_wconf 90' lang='lat' dir='ltr'><strong>quos</strong></span> <span class='ocrx_word' id='word_1_713' title='bbox 1664 2286 1751 2315; x_wconf 88' lang='lat' dir='ltr'><strong>inno-</strong></span> 
     </span>
     <span class='ocr_line' id='line_1_105' title="bbox 977 2327 1752 2362; baseline 0.01 -8"><span class='ocrx_word' id='word_1_714' title='bbox 977 2327 1071 2355; x_wconf 85' lang='lat' dir='ltr'><strong>centia</strong></span> <span class='ocrx_word' id='word_1_715' title='bbox 1086 2328 1202 2356; x_wconf 82' lang='lat' dir='ltr'><strong>clausos</strong></span> <span class='ocrx_word' id='word_1_716' title='bbox 1216 2330 1342 2358; x_wconf 89' lang='lat' dir='ltr'><strong>tenuit.»</strong></span> <span class='ocrx_word' id='word_1_717' title='bbox 1356 2332 1420 2358; x_wconf 80' lang='lat' dir='ltr'><strong>l-leec</strong></span> <span class='ocrx_word' id='word_1_718' title='bbox 1436 2331 1547 2360; x_wconf 85' lang='lat' dir='ltr'><strong>Glossa.</strong></span> <span class='ocrx_word' id='word_1_719' title='bbox 1563 2334 1617 2361; x_wconf 88' lang='lat' dir='ltr'><strong>lste</strong></span> <span class='ocrx_word' id='word_1_720' title='bbox 1630 2341 1752 2362; x_wconf 88' lang='lat' dir='ltr'><strong>somnus</strong></span> 
     </span>
     <span class='ocr_line' id='line_1_106' title="bbox 977 2375 1753 2416; baseline 0.01 -15"><span class='ocrx_word' id='word_1_721' title='bbox 977 2375 1090 2402; x_wconf 84' lang='lat' dir='ltr'><strong>tantum</strong></span> <span class='ocrx_word' id='word_1_722' title='bbox 1109 2375 1206 2411; x_wconf 86' lang='lat' dir='ltr'><strong>placet</strong></span> <span class='ocrx_word' id='word_1_723' title='bbox 1219 2378 1295 2411; x_wconf 88' lang='lat' dir='ltr'><strong>Deo,</strong></span> <span class='ocrx_word' id='word_1_724' title='bbox 1310 2382 1342 2404; x_wconf 89' lang='lat' dir='ltr'><strong>ut</strong></span> <span class='ocrx_word' id='word_1_725' title='bbox 1363 2385 1430 2405; x_wconf 88' lang='lat' dir='ltr'><strong>cum</strong></span> <span class='ocrx_word' id='word_1_726' title='bbox 1450 2380 1660 2408; x_wconf 83' lang='lat' dir='ltr'><strong>contestatione</strong></span> <span class='ocrx_word' id='word_1_727' title='bbox 1672 2381 1753 2416; x_wconf 82' lang='lat' dir='ltr'><strong>jura-</strong></span> 
     </span>
    </p>
   </div>
   <div class='ocr_carea' id='block_1_14' title="bbox 977 2417 1798 2457">
    <p class='ocr_par' dir='ltr' id='par_1_16' title="bbox 977 2417 1798 2457">
     <span class='ocr_line' id='line_1_107' title="bbox 977 2417 1798 2457; baseline 0.01 -9"><span class='ocrx_word' id='word_1_728' title='bbox 977 2421 1068 2448; x_wconf 88' lang='lat' dir='ltr'><strong>menti</strong></span> <span class='ocrx_word' id='word_1_729' title='bbox 1085 2422 1243 2457; x_wconf 87' lang='lat' dir='ltr'><strong>prohibeat</strong></span> <span class='ocrx_word' id='word_1_730' title='bbox 1262 2423 1334 2451; x_wconf 91' lang='lat' dir='ltr'><strong>tales</strong></span> <span class='ocrx_word' id='word_1_731' title='bbox 1354 2425 1472 2452; x_wconf 74' lang='lat' dir='ltr'><strong>excitari</strong></span> <span class='ocrx_word' id='word_1_732' title='bbox 1487 2433 1504 2453; x_wconf 84' lang='lat' dir='ltr'><strong>a</strong></span> <span class='ocrx_word' id='word_1_733' title='bbox 1520 2434 1626 2454; x_wconf 91' lang='lat' dir='ltr'><strong>somno</strong></span> <span class='ocrx_word' id='word_1_734' title='bbox 1652 2427 1703 2455; x_wconf 88' lang='lat' dir='ltr'><strong>tali</strong></span> <span class='ocrx_word' id='word_1_735' title='bbox 1727 2430 1754 2455; x_wconf 91' lang='lat' dir='ltr'><strong>et</strong></span> <span class='ocrx_word' id='word_1_736' title='bbox 1796 2417 1798 2419; x_wconf 26' lang='grc' dir='ltr'>Ι</span> 
     </span>
    </p>
   </div>
   <div class='ocr_carea' id='block_1_15' title="bbox 977 2468 1753 2509">
    <p class='ocr_par' dir='ltr' id='par_1_17' title="bbox 977 2468 1753 2509">
     <span class='ocr_line' id='line_1_108' title="bbox 977 2468 1753 2509; baseline 0.01 -15"><span class='ocrx_word' id='word_1_737' title='bbox 977 2468 1162 2503; x_wconf 82' lang='lat' dir='ltr'><strong>pausatione,</strong></span> <span class='ocrx_word' id='word_1_738' title='bbox 1176 2469 1277 2497; x_wconf 88' lang='lat' dir='ltr'><strong>dicens</strong></span> <span class='ocrx_word' id='word_1_739' title='bbox 1292 2470 1329 2505; x_wconf 81' lang='lat' dir='ltr'><strong>(b)</strong></span> <span class='ocrx_word' id='word_1_740' title='bbox 1345 2472 1574 2508; x_wconf 84' lang='lat' dir='ltr'><strong>contemplativa</strong></span> <span class='ocrx_word' id='word_1_741' title='bbox 1588 2474 1608 2490; x_wconf 94' lang='lat'><strong>¹⁰</strong></span> <span class='ocrx_word' id='word_1_742' title='bbox 1624 2483 1630 2501; x_wconf 92' lang='lat'>:</span> <span class='ocrx_word' id='word_1_743' title='bbox 1647 2473 1753 2509; x_wconf 82' lang='lat' dir='ltr'><strong>Adjuro</strong></span> 
     </span>
    </p>
   </div>
   <div class='ocr_carea' id='block_1_16' title="bbox 978 2553 1755 2624">
    <p class='ocr_par' dir='ltr' id='par_1_18' title="bbox 978 2553 1755 2624">
     <span class='ocr_line' id='line_1_109' title="bbox 978 2553 1755 2589; baseline 0.008 -12"><span class='ocrx_word' id='word_1_744' title='bbox 978 2554 1074 2582; x_wconf 53' lang='lat' dir='ltr'><strong>sinim„</strong></span> <span class='ocrx_word' id='word_1_745' title='bbox 1095 2553 1138 2578; x_wconf 85' lang='lat' dir='ltr'><strong>lib.</strong></span> <span class='ocrx_word' id='word_1_746' title='bbox 1160 2554 1203 2584; x_wconf 81' lang='lat' dir='ltr'><strong>lV,</strong></span> <span class='ocrx_word' id='word_1_747' title='bbox 1219 2561 1241 2578; x_wconf 85' lang='lat' dir='ltr'><strong>c.</strong></span> <span class='ocrx_word' id='word_1_748' title='bbox 1256 2560 1326 2586; x_wconf 77' lang='lat' dir='ltr'><strong>xxn,</strong></span> <span class='ocrx_word' id='word_1_749' title='bbox 1341 2556 1367 2579; x_wconf 88' lang='lat' dir='ltr'><strong>in</strong></span> <span class='ocrx_word' id='word_1_750' title='bbox 1384 2556 1428 2580; x_wconf 78' lang='lat' dir='ltr'><strong>tiu.</strong></span> <span class='ocrx_word' id='word_1_751' title='bbox 1441 2569 1473 2574; x_wconf 92' lang='lat'>—</span> <span class='ocrx_word' id='word_1_752' title='bbox 1493 2559 1500 2571; x_wconf 49' lang='grc' dir='ltr'>ὃ</span> <span class='ocrx_word' id='word_1_753' title='bbox 1514 2558 1580 2582; x_wconf 77' lang='lat' dir='ltr'><strong>Psal.</strong></span> <span class='ocrx_word' id='word_1_754' title='bbox 1601 2564 1662 2589; x_wconf 77' lang='lat' dir='ltr'><strong>xm,</strong></span> <span class='ocrx_word' id='word_1_755' title='bbox 1684 2560 1706 2583; x_wconf 85' lang='lat'><strong>7.</strong></span> <span class='ocrx_word' id='word_1_756' title='bbox 1724 2572 1755 2578; x_wconf 91' lang='lat'><em>-</em></span> 
     </span>
     <span class='ocr_line' id='line_1_110' title="bbox 979 2590 1584 2624; baseline 0.01 -12"><span class='ocrx_word' id='word_1_757' title='bbox 979 2591 987 2602; x_wconf 57' lang='lat'><strong>2&#39;</strong></span> <span class='ocrx_word' id='word_1_758' title='bbox 1004 2590 1071 2615; x_wconf 73' lang='lat' dir='ltr'><strong>Psal.</strong></span> <span class='ocrx_word' id='word_1_759' title='bbox 1088 2596 1186 2621; x_wconf 78' lang='lat' dir='ltr'><strong>xxxvii,</strong></span> <span class='ocrx_word' id='word_1_760' title='bbox 1202 2592 1224 2614; x_wconf 89' lang='grc'><strong>9.</strong></span> <span class='ocrx_word' id='word_1_761' title='bbox 1237 2603 1267 2608; x_wconf 91' lang='grc'>-</span> <span class='ocrx_word' id='word_1_762' title='bbox 1284 2591 1302 2606; x_wconf 87' lang='lat'><strong>¹⁰</strong></span> <span class='ocrx_word' id='word_1_763' title='bbox 1313 2592 1398 2621; x_wconf 70' lang='lat' dir='ltr'><strong>Cant..</strong></span> <span class='ocrx_word' id='word_1_764' title='bbox 1414 2599 1443 2623; x_wconf 85' lang='lat'><strong>11,</strong></span> <span class='ocrx_word' id='word_1_765' title='bbox 1459 2594 1486 2624; x_wconf 69' lang='lat'><strong>75</strong></span> <span class='ocrx_word' id='word_1_766' title='bbox 1506 2599 1544 2623; x_wconf 78' lang='lat'><strong>111,</strong></span> <span class='ocrx_word' id='word_1_767' title='bbox 1562 2596 1584 2618; x_wconf 84' lang='lat'><strong>5.</strong></span> 
     </span>
    </p>
   </div>
   <div class='ocr_carea' id='block_1_17' title="bbox 980 2637 1758 2739">
    <p class='ocr_par' dir='ltr' id='par_1_19' title="bbox 980 2637 1758 2739">
     <span class='ocr_line' id='line_1_111' title="bbox 1012 2637 1757 2673; baseline 0.009 -14"><span class='ocrx_word' id='word_1_768' title='bbox 1012 2637 1043 2667; x_wconf 78' lang='lat' dir='ltr'><strong>(a)</strong></span> <span class='ocrx_word' id='word_1_769' title='bbox 1061 2637 1121 2661; x_wconf 71' lang='lat' dir='ltr'><strong>Coel.</strong></span> <span class='ocrx_word' id='word_1_770' title='bbox 1140 2637 1200 2660; x_wconf 67' lang='lat' dir='ltr'><strong>edif-</strong></span> <span class='ocrx_word' id='word_1_771' title='bbox 1216 2637 1343 2668; x_wconf 62' lang='lat' dir='ltr'><strong>quIc’tatur</strong></span> <span class='ocrx_word' id='word_1_772' title='bbox 1359 2641 1383 2662; x_wconf 87' lang='lat' dir='ltr'><strong>et</strong></span> <span class='ocrx_word' id='word_1_773' title='bbox 1397 2639 1561 2663; x_wconf 86' lang='lat' dir='ltr'><strong>illuminatur.</strong></span> <span class='ocrx_word' id='word_1_774' title='bbox 1573 2653 1604 2658; x_wconf 87' lang='lat'><strong>·-</strong></span> <span class='ocrx_word' id='word_1_775' title='bbox 1619 2641 1652 2671; x_wconf 80' lang='grc' dir='ltr'><strong>(ὁ)</strong></span> <span class='ocrx_word' id='word_1_776' title='bbox 1668 2641 1757 2673; x_wconf 80' lang='lat' dir='ltr'><strong>Suppl.</strong></span> 
     </span>
     <span class='ocr_line' id='line_1_112' title="bbox 980 2672 1758 2709; baseline 0.01 -15"><span class='ocrx_word' id='word_1_777' title='bbox 980 2672 1021 2701; x_wconf 83' lang='lat' dir='ltr'><strong>de,</strong></span> <span class='ocrx_word' id='word_1_778' title='bbox 1037 2673 1087 2695; x_wconf 75' lang='lat' dir='ltr'><strong>nisi</strong></span> <span class='ocrx_word' id='word_1_779' title='bbox 1107 2674 1245 2703; x_wconf 67' lang='lat' dir='ltr'><strong>transferas</strong></span> <span class='ocrx_word' id='word_1_780' title='bbox 1264 2673 1307 2697; x_wconf 78' lang='lat' dir='ltr'><strong>hoc</strong></span> <span class='ocrx_word' id='word_1_781' title='bbox 1326 2674 1396 2698; x_wconf 82' lang='lat' dir='ltr'><strong>modo</strong></span> <span class='ocrx_word' id='word_1_782' title='bbox 1411 2683 1419 2698; x_wconf 89' lang='lat'><em>:</em></span> <span class='ocrx_word' id='word_1_783' title='bbox 1437 2676 1586 2705; x_wconf 79' lang='lat' dir='ltr'><strong>pausatione</strong></span> <span class='ocrx_word' id='word_1_784' title='bbox 1602 2678 1758 2709; x_wconf 81' lang='lat' dir='ltr'><strong>contempla-</strong></span> 
     </span>
     <span class='ocr_line' id='line_1_113' title="bbox 980 2708 1150 2739; baseline 0.006 -7"><span class='ocrx_word' id='word_1_785' title='bbox 980 2708 1041 2739; x_wconf 78' lang='lat' dir='ltr'><strong>tiva,</strong></span> <span class='ocrx_word' id='word_1_786' title='bbox 1054 2708 1150 2734; x_wconf 82' lang='lat' dir='ltr'><strong>dicens.</strong></span> 
     </span>
    </p>
   </div>
   <div class='ocr_carea' id='block_1_18' title="bbox 1579 2758 1618 2788">
    <p class='ocr_par' dir='ltr' id='par_1_20' title="bbox 1579 2758 1618 2788">
     <span class='ocr_line' id='line_1_114' title="bbox 1579 2758 1618 2788; baseline 0 0"><span class='ocrx_word' id='word_1_787' title='bbox 1579 2758 1618 2788; x_wconf 63' lang='lat'><strong>⁹28</strong></span> 
     </span>
    </p>
   </div>
  </div>
 </body>
</html>
