2004 3037
271 251 331 282 400

271 316 370 346 adhue
384 315 462 346 circa
481 314 576 344 multa
596 316 640 345 est
659 315 822 351 occupata,
836 313 906 343 licet
926 315 1050 351 propter

268 365 372 393 Deum.
380 362 462 391 Unde
471 362 649 398 Bernardus,
658 361 712 390 ubi
721 368 824 397 supra,
835 361 921 390 dicit:
935 371 949 388 «
958 362 1049 390 Porro

268 410 300 439 in
311 410 396 439 aliud
408 409 531 439 tendere
545 417 639 446 quam
652 409 684 437 in
704 410 807 444 Deum,
821 410 851 437 et
863 409 964 437 tamen
977 416 1048 445 pro-

267 459 332 494 pter
345 458 450 493 Deum,
464 464 528 485 non
538 456 632 484 otium
645 455 752 489 Mariae,
761 455 816 484 sed
827 455 944 484 Marthae
956 463 1049 491 nego—

267 503 344 532 tium
357 505 409 532 est.
431 503 515 532 Absit
532 504 643 537 autem,
658 503 692 531 ut
711 510 778 539 quoe
797 502 972 538 hujusmodi
994 504 1047 538 est,

268 551 437 588 quidquam
459 549 587 579 dixerim
608 549 692 579 illam
705 549 817 578 habere
832 549 977 585 deforme,
991 557 1048 578 nec

267 599 368 627 tamen
376 597 416 626 ad
424 597 589 634 perfectum
598 596 811 625 affirmaverim
817 597 986 633 pervenisse
997 596 1049 625 de-

267 645 355 681 coris,
365 644 477 682 quippe
489 644 562 682 quia
575 643 674 672 adhuc
682 644 802 672 sollicita
816 646 866 679 est,
877 645 906 672 et
919 644 1048 672 turbatur

266 701 330 730 erqa
341 694 474 729 plurima,
488 694 517 721 et
532 699 595 721 non
608 691 706 728 potest
718 691 905 719 terrenorum
926 692 1047 720 actuum

265 741 315 770 vel
334 740 415 770 tenui
432 740 557 777 pulvere
578 748 641 769 non
663 739 781 776 aspergi
802 749 809 768 ;
835 747 927 775 quem
946 740 1046 768 tamen

264 788 351 818 facile
364 788 485 825 citoque
505 787 639 823 deterget
651 787 683 815 in
696 787 771 816 hora
788 787 896 815 sanctae
913 786 1047 815 devotio-

264 835 330 871 nis,
347 835 397 864 vel
417 834 622 869 dormitionis,
643 835 724 863 casta
743 833 885 869 intentio,
909 835 940 862 et
957 833 1046 862 bonae

265 884 450 914 conscientiae
471 883 664 920 interrogatio
685 883 725 911 ad
748 883 878 911 Deum.»
895 883 960 911 Haec
981 884 1046 911 Ber-

264 931 377 961 nardus
390 939 479 969 super
493 930 622 960 Cantica.

298 979 407 1014 Quinto
420 977 543 1007 intentio
559 977 699 1014 quaedam
722 978 766 1006 est
785 977 884 1012 recta,
898 976 1025 1013 simplex
1035 998 1044 1013 ,

265 1028 293 1056 et
305 1026 402 1063 magis
416 1025 603 1060 immediata,
626 1026 655 1053 et
669 1025 762 1053 odore
781 1023 850 1052 finis
863 1024 964 1052 oeterni
980 1024 1045 1053 dul-

264 1071 334 1101 citer
347 1070 463 1104 allecta,
483 1079 550 1108 quae
565 1072 608 1099 est
621 1069 936 1106 contemplativorum,
950 1071 979 1098 et
992 1069 1045 1099 illa

263 1118 400 1156 procedit
412 1125 450 1147 ex
468 1117 620 1146 voluntate
637 1117 706 1144 finis
723 1116 824 1145 aeterni
843 1116 980 1146 affectiva
993 1125 1044 1146 ex-

262 1165 504 1203 perimentaliter.
514 1163 757 1201 Experimentalis
768 1163 849 1192 enim
860 1163 937 1193 odor
947 1164 1044 1193 ultimi

263 1214 330 1242 finis
342 1213 444 1242 omnia
453 1212 512 1241 alia
526 1212 628 1248 aliquo
642 1211 736 1240 modo
751 1213 940 1239 contemnere
954 1211 1041 1240 facit:

264 1270 301 1291 ex
315 1270 375 1299 quo
390 1261 585 1290 intentionem
597 1260 628 1288 in
641 1259 726 1288 nullo
741 1259 802 1288 alio
816 1259 876 1287 fine
892 1259 1044 1296 quiescere

263 1309 342 1344 facit,
359 1308 412 1337 sed
427 1316 504 1344 eam,
520 1308 666 1344 quantum
680 1307 787 1343 potest,
797 1306 903 1335 ultimo
920 1306 972 1334 fini
987 1307 1044 1335 im-

263 1356 392 1385 mediate
416 1356 489 1384 unit.
511 1355 583 1383 Dicit
606 1355 685 1383 enim
710 1355 794 1390 nugo
811 1354 830 1390 ¹,
846 1354 932 1391 quod
955 1362 1043 1391 expe-

263 1404 368 1433 rientia
387 1405 429 1433 est
443 1405 537 1432 mater
562 1403 610 1431 vel
624 1403 764 1439 magistra
784 1402 1001 1439 intelligentioe‚
1016 1405 1044 1431 et

263 1451 347 1488 quod
362 1450 412 1480 ille
427 1451 536 1488 optime
555 1450 708 1478 veritatem
723 1449 816 1484 novit,
833 1449 885 1486 qui
900 1457 967 1478 eam
981 1457 1043 1478 non

263 1498 413 1535 cupiendo
423 1498 534 1532 solum,
549 1497 700 1526 sedetiam
710 1497 857 1533 gustando
869 1499 897 1524 ct
905 1497 1042 1526 faciendo

264 1545 377 1574 didicit.
398 1546 430 1574 ln
453 1544 504 1573 tali
528 1544 608 1573 enim
629 1544 810 1581 experientia
834 1544 957 1573 intentio
982 1553 1043 1574 non

263 1592 414 1628 ambulat,
440 1591 493 1620 sed
515 1592 600 1628 quasi
624 1591 723 1620 currit.
745 1593 778 1619 111
799 1592 923 1627 odorem,
947 1592 1043 1629 inquit

263 1640 377 1676 Sponsa
388 1640 412 1674 ⁸²,
427 1646 563 1667 curremus
578 1642 775 1674 unquentorum
790 1642 907 1667 tuorum.
923 1640 988 1668 llaec
1000 1640 1043 1668 in—

262 1687 353 1715 tentio
377 1686 471 1715 tendit
494 1686 524 1714 in
548 1686 706 1714 Dominum
731 1685 829 1714 solum
853 1686 1022 1715 immediate
1033 1709 1042 1722 ,

263 1734 408 1769 quantum
422 1735 528 1769 potest,
545 1735 572 1761 et
588 1735 709 1769 propter
723 1733 840 1768 ipsu1n;
858 1733 910 1761 sed
929 1735 962 1761 ut
976 1734 1042 1769 plu-

262 1780 320 1808 ries
343 1788 403 1808 non
426 1780 553 1808 totaliter
577 1781 698 1815 propter
724 1780 823 1814 ipsum
851 1779 963 1814 solum,
989 1780 1043 1808 sed

264 1827 352 1855 etiam
368 1827 471 1863 quaerit
492 1828 613 1862 propter
632 1834 662 1853 se
678 1826 816 1854 delectari
837 1828 864 1853 et
880 1826 1040 1862 consolari,

263 1874 392 1902 retinens
404 1873 503 1901 adhuc
515 1872 629 1909 aliquid
644 1872 681 1900 de
696 1873 829 1908 proprio,
846 1875 878 1901 ut
892 1873 963 1902 dicit
978 1875 1043 1902 Ber-

264 1921 375 1950 nardus
392 1931 398 1949 :
416 1923 443 1949 et
467 1921 535 1948 ideo
556 1920 621 1948 talis
642 1920 764 1948 intentio
785 1920 881 1949 divisa
900 1922 952 1949 est.
969 1921 1044 1949 Talis

266 1967 373 1996 clamat
385 1975 453 1996 cum
467 1967 570 1996 Petro³
586 1976 592 1995 t
610 1968 676 1995 Eece
698 1975 745 1994 uos
765 1968 923 2002 reliquimus
942 1970 1042 2003 omnia,

265 2017 388 2043 obsecuti
402 2023 493 2042 sumus
515 2017 557 2046 te,-
578 2014 646 2049 qm‘cl
669 2022 730 2049 eruo
746 2016 796 2041 eri!
810 2015 884 2041 uobis
895 2017 909 2042 ἵ)
928 2016 960 2042 Et
975 2023 1043 2044 cum

266 2062 417 2091 Psalmista
429 2062 439 2078 δ
456 2071 463 2090 ;
480 2062 616 2089 Ιιισίίηαυὶ
630 2069 674 2088 cor
689 2061 821 2088 mezcmacl
835 2062 1043 2096 faciendasjns-

267 2111 428 2145 tificatz'ones
450 2112 511 2136 tuas
533 2110 563 2135 in
585 2111 728 2143 ‹recl-num,
750 2111 863 2143 propter
887 2110 1044 2137 retributio-

266 2165 333 2184 nem.
360 2158 455 2189 Quam
478 2157 577 2183 tamen
603 2155 797 2183 intentionem
821 2156 963 2183 Dominus
983 2164 1045 2184 non

265 2202 474 2239 reprehendit,
498 2202 568 2238 quia
593 2210 654 2230 non
670 2202 872 2238 principaliter
893 2203 1045 2238 quau-ebat

266 2249 443 2283 mercedem,
459 2249 511 2276 scd
527 2248 642 2277 Domini
666 2249 859 2284 voluntatem,
877 2257 945 2278 eum
958 2251 1043 2279 multi

265 2296 337 2325 tales
349 2296 406 2323 sint
420 2298 449 2323 in
463 2297 570 2323 reterna
586 2296 661 2323 domo
677 2299 686 2315 ⁵
701 2297 805 2323 Patris.

300 2345 386 2372 Sexto
397 2343 518 2371 intentio
528 2342 666 2379 quaedam
679 2344 722 2370 est
736 2343 919 2379 immediata,
929 2345 1044 2381 simpli-

265 2392 361 2426 ficata,
378 2392 406 2418 et
421 2390 568 2424 deificata,
592 2391 620 2417 ct
640 2397 741 2418 amore
764 2390 832 2418 finis
849 2392 948 2419 {eterni
973 2394 1044 2421 tola-

264 2439 331 2467 liter
346 2439 476 2466 attracta.
493 2438 525 2464 Et
539 2436 601 2463 hzrc
617 2438 658 2463 est
672 2436 827 2464 beatorum
846 2437 875 2464 in
895 2439 1001 2474 patria,
1018 2441 1045 2467 et

266 2485 334 2514 inde
358 2484 480 2513 intentio
506 2483 538 2511 fit
553 2483 673 2511 intentio
696 2485 824 2519 aeterna,
845 2487 872 2513 et
897 2485 1011 2515 elicitur
1026 2495 1044 2515 a

266 2533 416 2561 voluntate
427 2531 562 2560 affectata
573 2529 923 2560 deir01·mite1·.[›eificatio
932 2536 1042 2569 autem,

266 2582 298 2608 ut
312 2579 382 2608 dicit
396 2577 560 2607 Bernardus
574 2577 596 2612 ⁶,
611 2576 684 2605 nihil
693 2577 833 2614 relinquit
847 2578 877 2607 in
892 2579 1043 2609 voluntate

300 2656 307 2671 ¹
326 2655 402 2686 Hug,
422 2660 497 2685 super
517 2660 575 2684 cap.
589 2653 653 2683 sept.
670 2653 758 2684 Anqel.
778 2654 857 2684 Hier„
873 2654 916 2679 lib.
941 2657 995 2680 Vl!-
1014 2669 1044 2674 --

266 2691 277 2707 ²
294 2690 378 2719 Germ,
396 2696 415 2720 1,
432 2693 453 2714 1.
475 2702 502 2707 —
522 2689 532 2705 ⁸
545 2688 647 2717 Matth„
662 2694 723 2718 xix,
739 2690 778 2713 27.
792 2702 824 2707 —
842 2691 850 2703 ⁴
865 2690 933 2715 Psal.
953 2698 1042 2723 cxviii,

271 2727 322 2750 112.
338 2739 367 2744 -
381 2727 390 2743 ⁵
406 2727 473 2754 Lae,
490 2731 533 2756 xv,
552 2725 589 2749 Π.
601 2737 632 2744 --
645 2725 655 2742 ⁰
671 2726 757 2756 Rern„
775 2726 805 2750 <le
818 2726 893 2758 diliq-
912 2729 971 2759 Deo,
987 2730 1045 2760 post

682 246 733 278 DE
754 245 912 281 SEPTEM
933 245 1160 280 lTINERlBUS
1179 246 1470 280 AETERNITA'I'IS.

1106 314 1274 344 admixtum
1289 314 1341 344 vel
1352 313 1522 351 proprium,
1541 313 1596 343 sed
1608 315 1706 344 totum
1719 315 1883 352 perimen-

1105 362 1218 392 tionem
1231 361 1332 398 dirigit
1344 361 1377 390 in
1390 363 1493 390 Deum.
1507 361 1591 390 Unde
1604 361 1678 390 dicit
1689 361 1807 392 ibidem
1818 363 1882 393 sic:

1108 418 1123 436 α
1145 411 1168 439 Ο
1185 417 1263 447 pura
1285 411 1314 437 et
1336 408 1478 437 defaeeata
1499 408 1622 437 intentio
1645 409 1824 446 voluntatis,
1845 419 1882 440 eo

1105 458 1182 485 certe
1195 456 1363 485 defaecatior
1376 458 1405 484 et
1413 455 1530 492 purior,
1539 455 1648 492 quoin
1657 463 1694 485 ea
1707 456 1745 485 de
1758 457 1882 494 proprio

1104 503 1179 532 nihil
1190 504 1254 539 jam
1269 503 1435 532 admixtum
1451 502 1644 540 relinquitur;
1660 511 1697 531 eo
1720 504 1842 532 suavior
1855 505 1885 533 et

1105 551 1233 584 dulcior,
1243 559 1305 587 quo
1318 552 1414 579 totum
1423 550 1560 579 divinum
1570 552 1614 578 est
1623 550 1709 587 quod
1718 551 1841 580 sentitur
1849 552 1857 580 l
1865 561 1881 579 n

1104 599 1151 627 Sic
1158 598 1236 628 affici
1251 598 1384 627 deificari
1394 600 1438 626 est
1448 607 1455 626 ε
1467 598 1509 626 sie
1518 606 1640 626 omnem
1646 599 1718 626 tunc
1727 598 1759 627 in
1764 599 1883 635 sanetis,

1103 645 1156 683 qui
1169 646 1282 674 suntin
1296 645 1409 682 patria,
1424 645 1590 674 humanam
1604 645 1793 674 affectionem
1806 653 1884 682 quo-

1103 693 1175 722 dam
1186 693 1332 722 ineffabili
1345 692 1439 721 modo
1452 700 1572 722 necesse
1587 694 1632 721 est
1645 693 1809 729 quiescere,
1823 694 1852 722 et
1865 701 1883 722 a

1102 740 1260 776 semetipsa
1271 739 1446 776 liquescere,
1459 741 1548 776 atque
1558 739 1589 768 in
1598 740 1648 768 Dei
1663 740 1782 776 penitus
1791 742 1884 769 trans-

1101 787 1224 816 formari
1237 786 1441 822 voluntateri-13
1457 786 1594 824 alioquin
1607 787 1764 823 quomodo
1779 788 1882 817 omnia

1102 833 1134 862 in
1148 833 1291 862 omnibus
1313 833 1369 862 erit
1391 834 1476 869 Deus,
1491 833 1516 862 si
1530 833 1561 861 in
1574 833 1697 862 homine
1711 833 1828 870 aliquid
1843 834 1880 863 de

1100 881 1223 910 homine
1237 881 1400 918 supererit?
1415 880 1544 909 Manebit
1558 880 1683 917 quidem
1697 881 1880 917 substantia,

1101 928 1155 957 sed
1175 928 1207 956 in
1225 928 1285 957 alia
1305 928 1412 964 forma,
1435 928 1467 956 in
1487 927 1547 956 alia
1561 927 1674 964 gloria,
1690 927 1811 964 aliaque
1823 935 1881 964 po-

1101 976 1201 1004 tentia.
1217 977 1251 1004 Et
1262 976 1381 1004 videtur
1393 976 1501 1004 sentire
1517 975 1683 1004 Bernardus
1695 975 1755 1004 hoc
1769 976 1881 1012 impos-

1101 1023 1186 1052 sibile
1206 1023 1282 1059 fieri,
1303 1023 1360 1051 nisi
1374 1025 1442 1060 post
1454 1023 1687 1059 resumptionem
1706 1030 1877 1059 corporum,

1103 1079 1118 1096 ιι
1129 1078 1199 1099 cum
1212 1071 1293 1100 beati
1307 1071 1416 1106 adhuc,
1434 1072 1502 1100 ante
1513 1070 1749 1107 resumptionem
1768 1078 1878 1107 corpo-

1100 1125 1179 1153 rum,
1201 1118 1350 1147 desiderio
1365 1118 1494 1147 naturali
1508 1119 1650 1155 appetant
1663 1117 1805 1146 unionem
1816 1125 1879 1145 cor-

1099 1173 1209 1201 porum
1230 1173 1363 1194 suorum.
1381 1175 1395 1192 n
1414 1166 1478 1208 ll-aec
1491 1165 1667 1194 Bet-nardus.
1689 1165 1772 1193 Idem
1792 1164 1878 1192 sentit

1099 1213 1280 1249 Augustinus
1290 1213 1328 1241 de
1342 1213 1475 1250 appetitu
1484 1219 1658 1249 corporum,
1666 1213 1700 1240 ut
1705 1212 1787 1248 patet
1799 1210 1877 1239 libro

1101 1259 1281 1289 duodecimo
1295 1267 1376 1296 super
1389 1260 1512 1289 Genesim
1522 1260 1542 1288 ⁷.

1327 1376 1568 1412 DISTINCTIO
1591 1376 1651 1412 lv.

1157 1465 1208 1493 Pcr
1228 1472 1288 1500 quae
1310 1465 1407 1500 siqua,
1430 1466 1503 1492 recta
1526 1466 1550 1492 et
1572 1464 1687 1500 simple-z·
1709 1465 1824 1492 intentio

1394 1511 1580 1545 coynoscatur.

1135 1595 1243 1628 Quarto
1261 1593 1425 1621 videndum
1440 1595 1483 1621 est
1503 1601 1557 1629 per
1571 1601 1637 1630 quae
1652 1594 1737 1630 signa
1755 1597 1836 1624 recta
1851 1597 1880 1624 et

1099 1641 1226 1677 simplex
1247 1640 1370 1668 intentio
1389 1642 1596 1676 cognoscatur.
1621 1641 1706 1670 Circa
1727 1642 1811 1678 quod
1825 1650 1878 1671 no-

1100 1688 1223 1716 tandum
1238 1689 1290 1722 est,
1303 1687 1385 1723 quod
1398 1687 1487 1722 hujus
1502 1687 1668 1716 intentionis
1682 1688 1783 1724 aliqua
1793 1689 1878 1724 signa

1099 1736 1166 1762 sunt
1192 1734 1277 1769 quasi
1299 1733 1464 1768 exteriora,
1488 1736 1517 1761 et
1537 1734 1638 1769 quoad
1666 1734 1821 1770 homines3
1851 1739 1878 1764 et

1099 1780 1240 1817 quaedam
1268 1780 1407 1808 interiora
1419 1800 1428 1814 ,
1457 1782 1484 1808 et
1520 1781 1623 1816 quoad
1655 1781 1874 1810 conscientiam.

1099 1828 1189 1863 Signa
1213 1834 1285 1862 ergo
1310 1827 1455 1855 exteriora
1470 1829 1556 1855 rectae
1575 1829 1603 1855 et
1625 1827 1767 1864 simplicis
1782 1829 1876 1857 inten-

1099 1875 1196 1910 tionis,
1208 1874 1372 1903 secundum
1381 1874 1538 1909 origenem
1548 1876 1746 1910 exponentem
1759 1875 1835 1904 illud
1846 1877 1856 1893 ⁸
1868 1881 1874 1899 :

1099 1921 1185 1954 Quam
1195 1922 1304 1956 pulchri
1313 1924 1375 1948 sunt
1388 1928 1494 1955 gressus
1508 1922 1560 1953 tui,
1571 1922 1639 1956 etc.‚
1655 1924 1723 1949 sunt
1731 1922 1876 1958 quinque.

1099 1970 1235 2004 Loquens
1250 1975 1321 2003 ergo
1332 1967 1370 1995 de
1384 1967 1478 1995 multa
1488 1966 1710 2003 pulchritudine
1721 1975 1877 2004 gressuum

1099 2014 1352 2048 intentionalium‚
1375 2014 1471 2042 dicit:
1489 2023 1503 2040 «
1525 2015 1638 2050 Sponsa
1661 2015 1790 2043 calceata
1810 2015 1877 2052 pul-

1099 2062 1243 2090 cherrime
1273 2061 1382 2089 incedit
1411 2061 1496 2097 quasi
1519 2061 1680 2089 rectissima
1706 2061 1876 2090 intentione.

1099 2110 1166 2137 Post
1190 2111 1360 2137 sanctorum
1381 2107 1519 2143 exempla
1534 2107 1643 2135 incedit
1659 2108 1803 2144 calceata;
1826 2109 1879 2137 sed

1099 2155 1255 2192 hypocrita
1265 2155 1348 2183 nudo
1364 2154 1441 2191 pede
1456 2154 1577 2189 incedit,
1590 2154 1660 2190 quia
1677 2156 1767 2183 Deum
1781 2156 1879 2192 sequi-

1099 2204 1146 2231 tur
1160 2205 1299 2239 corrupta
1317 2202 1480 2230 intentione
1496 2209 1503 2228 :
1519 2204 1599 2229 caret
1620 2201 1700 2229 enim
1715 2203 1878 2239 exemplari

1099 2251 1176 2287 pelle
1193 2259 1200 2278 z
1217 2252 1343 2286 utraque
1362 2251 1463 2277 tamen
1479 2256 1515 2276 ex
1529 2248 1673 2277 fructibus
1687 2249 1747 2276 suis
1767 2257 1878 2284 cogno-

1099 2299 1197 2326 scitur.
1208 2307 1221 2322 »
1232 2299 1263 2325 Et
1277 2295 1410 2333 ponitibi
1425 2295 1557 2331 quinque
1573 2296 1657 2331 signa
1671 2298 1756 2324 rectae
1769 2298 1797 2323 et
1810 2297 1878 2323 sim-

1098 2345 1183 2381 plicis
1201 2343 1390 2377 intentionis,
1410 2349 1464 2379 per
1485 2351 1552 2379 qua:
1567 2342 1609 2371 illi
1631 2343 1669 2371 ab
1692 2343 1752 2371 istis
1771 2342 1875 2371 distin-

1099 2393 1239 2428 guuntur.

1134 2439 1265 2468 Primum
1275 2438 1393 2473 signum
1403 2439 1444 2465 est
1454 2437 1593 2465 humanoe
1604 2436 1702 2464 laudis
1711 2436 1875 2473 detestatio,

1100 2489 1128 2515 et
1142 2486 1192 2514 Dei
1210 2485 1396 2521 glorificatio.
1422 2484 1504 2512 Unde
1525 2483 1658 2511 Salvator
1670 2484 1681 2501 ⁹
1697 2492 1703 2511 :
1721 2484 1785 2512 Cum
1804 2486 1876 2518 facis

1099 2534 1299 2567 eleemosynam,
1313 2532 1372 2559 noli
1385 2531 1449 2559 tuba
1464 2537 1557 2558 canere
1571 2532 1633 2557 ante
1656 2532 1691 2564 te,
1712 2532 1781 2558 sicut
1795 2532 1875 2566 hypo-

1098 2582 1173 2608 critoe
1199 2580 1316 2612 faciunt.
1346 2579 1386 2607 De
1412 2578 1471 2606 hoc
1495 2576 1566 2605 dicit
1580 2576 1808 2613 Chrysostomus
1828 2578 1872 2605 ¹⁰:

1099 2655 1167 2681 med.
1195 2667 1207 2671 -
1229 2655 1235 2669 ’
1251 2654 1327 2685 Aug„
1344 2652 1376 2677 dc
1391 2651 1478 2677 Genes.
1493 2651 1526 2675 ad
1538 2651 1598 2682 litt„
1617 2651 1660 2676 lib.
1679 2652 1740 2682 ΧΗ,
1754 2659 1777 2676 c.
1794 2657 1872 2676 xxxv.

1099 2704 1129 2710 -
1145 2691 1156 2707 ⁸
1175 2690 1259 2719 Cant„
1277 2695 1328 2720 vn,
1345 2690 1367 2712 t.
1381 2700 1413 2706 -
1426 2687 1436 2705 ⁸
1448 2687 1549 2717 Mutela,
1564 2693 1601 2719 vi,
1615 2688 1638 2712 2.
1652 2699 1682 2706 -
1699 2688 1717 2704 ¹⁰
1731 2687 1872 2719 Chrysost.,

1100 2728 1125 2752 in
1139 2725 1240 2756 Mami„
1256 2725 1326 2749 hom,
1343 2729 1399 2749 xix.
