2004 3037
68 1134 130 1155 Filia

50 1165 146 1186 avaritias

73 1198 125 1217 suut

48 1227 140 1248 ‘duode-

46 1258 97 1279 cim.

46 2448 88 2465 Sex
106 2451 152 2465 ace-

47 2477 87 2496 diae
96 2482 153 2496 com-

52 2508 145 2533 paratio-

752 211 800 244 DE
824 210 1022 243 PECCATIS.
1046 211 1133 244 CAP.
1157 213 1223 246 Vll.

170 281 310 318 Ephraim
332 283 521 318 fructificans,
549 280 599 310 vel
623 287 758 315 crescens,
786 281 814 308 et
843 279 952 315 figurat

169 336 312 364 avarum,
327 326 380 366 qui
399 330 443 358 est
463 335 596 357 crescens
610 325 783 364 (Ephraim),
797 326 830 355 id
845 328 905 361 est,
920 326 951 354 in

170 374 279 404 divitiis
288 386 297 411 3
326 377 355 404 et
373 378 416 404 est
434 377 592 409 Mammas,
608 373 680 410 quia
698 373 811 401 scilicet
829 372 952 401 oblivis-

170 422 245 452 citur
266 423 396 460 propriae
424 421 535 450 salutis.
564 421 673 450 Octavo
699 419 769 448 facit
795 419 951 448 hominem

170 469 384 506 angustiosum,
411 477 483 498 nam
513 467 621 496 dicitur
649 467 680 495 in
705 466 879 495 Ecclesiaste
906 466 913 482 ¹
943 475 949 493 :

169 517 255 546 Labor
267 518 411 546 stultorum
425 517 549 551 affligens
565 523 617 543 eos.
635 514 704 543 ldeo
719 513 829 542 divitias
845 513 950 541 dicun-

169 565 217 592 tur
237 563 329 600 spinae
351 562 382 591 in
404 564 473 590 Luca
492 563 523 598 ²,
548 562 619 598 quia
642 561 774 589 cruciant
793 559 950 596 possiden-

169 613 228 646 tes,
251 610 325 639 sicut
346 609 483 638 videmus
508 608 591 645 quod
614 608 700 644 spina
729 607 760 635 in
787 607 866 644 pede
888 615 950 636 non

168 657 236 686 sinit
257 657 411 686 hominem
432 655 530 692 quiete
546 655 687 683 dormire.
705 657 789 683 Nono
809 653 879 682 facit
893 654 950 682 ho-

168 704 280 733 minem
304 705 554 740 tempestuosum
581 709 738 738 nunquam
766 701 847 729 enim
869 701 951 737 cupi—

168 751 236 786 dus,
247 751 296 779 vel
312 759 418 780 avarus
432 752 530 787 potest
542 750 665 784 habere,
681 757 736 776 nec
752 748 782 776 in
797 747 950 776 conscien-

167 798 225 834 tia,
243 805 298 826 nec
312 797 343 825 in
357 797 449 826 domo
470 796 593 833 propria
607 804 723 832 pacem.
747 795 828 823 Unde
844 794 950 823 dicitur

166 844 199 874 in
222 844 388 873 Proverbiis
412 845 422 861 ³
449 853 455 872 :
485 843 633 871 conturbat
656 843 764 870 domum
785 850 880 877 suam,
903 843 951 877 qui

167 895 285 921 sectatur
310 893 470 920 avaritiam.
493 892 540 919 Est
561 890 641 918 enim
664 889 729 918 talis
755 889 829 917 sicut
851 889 949 923 canu,

168 939 220 976 qui
241 939 314 968 dum
334 939 413 967 rodit
440 947 489 973 os,
514 938 648 966 irascitur
676 937 757 965 omni
787 935 950 972 appropin-

168 986 271 1023 quanti
285 987 353 1020 sibi,
368 986 430 1014 sive
446 986 482 1013 sit
492 986 659 1019 extremm,
675 984 736 1011 sive
750 986 838 1011 notus
855 992 861 1011 :
879 982 950 1019 quia

167 1033 259 1069 vulgo
273 1033 396 1067 dicitur,
418 1032 500 1069 quod
522 1031 602 1060 canis
625 1039 687 1059 non
709 1030 774 1058 vult
788 1030 905 1058 socium
920 1029 950 1057 in

167 1080 306 1117 coquina.

202 1127 281 1156 Filiae
295 1129 394 1156 autem
410 1126 541 1155 avaritiae
559 1128 627 1153 sunt
642 1125 803 1153 duodecim
816 1146 823 1158 ,
837 1124 949 1152 scilicet

167 1183 268 1208 usura,
281 1175 398 1211 rapina,
412 1173 614 1206 latrocinium,
625 1172 714 1200 tallIae
728 1172 853 1207 injustae,
868 1171 949 1199 fraus

167 1222 403 1258 negotiatorum,
419 1221 552 1257 deceptio
569 1220 799 1254 advocatorum,
815 1218 948 1254 acceptio

167 1277 345 1303 munerum,
367 1267 495 1296 simonia
518 1275 574 1304 pro
603 1266 793 1303 promotione
821 1274 947 1293 consan-

166 1316 355 1352 guineorum,
365 1317 487 1351 peccata
501 1313 752 1348 anachoritarum,
766 1313 797 1340 id
813 1314 866 1347 est,
882 1313 948 1341 illo-

164 1370 233 1391 rum
251 1363 302 1399 qui
321 1363 536 1398 promoventur
554 1361 656 1388 favore
672 1363 699 1388 ct
714 1360 846 1396 potentia
867 1360 948 1395 prin-

165 1409 266 1446 cipum
276 1431 285 1444 ,
300 1409 381 1437 fraus
396 1410 594 1436 mercatorum
605 1429 611 1441 ,
628 1407 751 1435 avaritia
766 1406 903 1441 scientiae,
920 1409 948 1434 et

163 1456 304 1492 iniquitas
317 1457 461 1484 lusorum.
474 1457 529 1483 Ista
540 1455 618 1483 enim
629 1456 760 1490 peccata,
775 1462 841 1489 quae
856 1462 946 1488 gene-

163 1505 209 1532 rat
222 1503 345 1532 avaritia
355 1524 362 1535 ,
377 1502 544 1538 figurantur
563 1509 616 1537 per
638 1500 800 1528 duodecim
815 1500 906 1527 duces
922 1501 946 1534 ⁶,

163 1560 240 1588 quos
252 1552 356 1580 ismael
377 1550 538 1586 generavit.
556 1548 659 1577 {smael
674 1548 756 1576 enim
772 1550 833 1575 erat
848 1547 946 1574 idolo-

162 1598 247 1632 latra,
272 1600 300 1626 et
324 1597 432 1632 figurat
457 1604 599 1628 avarum,
617 1595 654 1623 de
684 1603 745 1630 quo
777 1593 883 1621 dicitur
907 1594 945 1621 ad

163 1644 303 1682 Ephesios
318 1645 327 1661 ⁵
344 1653 350 1672 :
371 1644 503 1671 Avaritia
524 1646 561 1670 est
583 1643 717 1670 idolorum
734 1643 860 1668 servieus.
883 1640 945 1668 Filii

162 1692 226 1727 ejus
240 1693 317 1720 recte
333 1690 470 1719 dicuntur
485 1690 585 1723 duces,
601 1688 672 1724 quia
692 1688 751 1716 fere
766 1690 842 1715 totus
857 1695 944 1715 mun·

163 1739 219 1767 dus
233 1739 345 1774 regitur
359 1740 387 1766 et
411 1737 528 1765 ducitur
544 1736 604 1764 istis
625 1735 785 1763 duodecim
802 1734 944 1770 peccatis,

164 1793 230 1822 quae
244 1794 281 1814 ex
299 1784 423 1814 avaritia
437 1785 607 1812 nascuntur.
632 1784 704 1810 Nam
720 1782 790 1809 dicit
805 1781 893 1809 isaias
909 1782 919 1797 ὃ
936 1789 942 1808 ;

165 1833 260 1860 Omnes
271 1834 300 1859 ιή
314 1833 388 1859 viem
401 1839 476 1859 suam
487 1831 701 1863 declinaverunt,
713 1830 896 1863 unusquisque
910 1828 946 1855 ad

163 1880 326 1913 avaritiam,
346 1887 363 1906 α
381 1886 483 1906 summo
505 1885 586 1912 usque
608 1877 645 1903 ad
664 1877 850 1903 novissimum.
867 1876 899 1902 Et
913 1874 944 1901 in

164 1925 308 1953 Hieremia
321 1924 426 1952 dieitur
437 1924 457 1959 ⁷,
474 1924 556 1960 quod
571 1932 587 1951 α
598 1924 700 1950 minori
711 1930 795 1957 usquc
809 1923 845 1949 eal
860 1922 943 1956 majo-

163 1979 217 1999 rem
232 1979 320 1999 omnes
337 1972 461 1998 auaritiae
471 1971 589 1998 student.

374 2096 377 2099 .
417 2063 576 2097 CAPUT
610 2063 692 2095 vll.

470 2137 506 2162 De
525 2135 640 2162 Acedi'a.

201 2207 310 2236 Acedia
331 2207 373 2234 est
393 2213 503 2242 parvus
521 2212 605 2232 amor
624 2203 716 2237 boni,
731 2211 799 2230 cum
813 2202 901 2230 taedio
916 2204 944 2230 et

165 2254 334 2283 inordinata
361 2252 453 2281 animi
481 2251 611 2285 tristitia,
641 2252 669 2278 et
695 2249 877 2286 impatientia
902 2249 944 2276 rei

166 2302 283 2330 divinae.
299 2303 337 2329 De
353 2299 455 2328 acedia
474 2301 545 2327 nota
563 2297 728 2334 specialiter
742 2297 814 2330 tria,
834 2296 945 2323 scilicet

165 2351 271 2385 typum
283 2347 501 2384 turpissimum,
517 2345 662 2372 damnum
676 2343 899 2378 gravissimum,
917 2344 945 2369 et

166 2397 284 2430 partum
297 2394 483 2422 vilissimum.

202 2441 310 2469 Acedia
323 2441 414 2469 habet
431 2439 539 2467 multas
554 2438 678 2473 figuras,
696 2440 724 2465 et
738 2436 944 2464 similitudines

168 2488 362 2516 detestandas.
385 2486 482 2515 Primo
504 2486 693 2520 comparatur
721 2483 824 2511 acedia
849 2483 944 2511 salici-

168 2534 234 2568 buS,
260 2542 326 2570 quae
353 2535 421 2561 sunt
441 2532 564 2560 arbores
584 2531 779 2565 infructuosae,
795 2532 822 2557 et
845 2530 943 2557 solum

202 2610 210 2626 ¹
226 2608 317 2638 Eccle„
331 2614 357 2638 x,
374 2609 411 2632 15.
424 2621 455 2625 —
474 2607 482 2621 ²
500 2607 569 2635 Luc„
585 2612 649 2636 vni,
669 2607 706 2629 15.
724 2618 755 2623 —
773 2605 783 2622 ³
796 2605 883 2636 Pron,
898 2610 942 2635 xv,

168 2646 206 2668 27.
219 2657 246 2662 —
259 2644 270 2661 ¹·
280 2644 354 2674 Gen„
367 2649 434 2673 xvix,
448 2644 488 2666 20.
499 2655 531 2660 --
541 2643 550 2656 ³
562 2641 666 2672 Ephes„
678 2646 704 2672 v,
719 2641 742 2665 3.
753 2654 785 2659 —
795 2640 805 2657 Β
814 2641 874 2669 Ira„
889 2647 943 2672 Lvi,

169 2683 206 2705 11.
220 2681 268 2697 -7
284 2680 383 2707 jerem„
400 2680 533 2706 VI,13.—-
549 2679 558 2692 ⁶
572 2677 626 2707 Iob,
642 2677 737 2707 XL,¹17.
749 2690 780 2694 -
791 2678 799 2690 ‘³
812 2676 901 2706 Ecclz'„
917 2683 941 2706 x,

306 2733 380 2755 TOM.
402 2732 469 2754 VIII.

1732 220 1791 250 257

1007 278 1120 308 faciunt
1139 280 1279 309 umbram
1295 290 1301 309 :
1322 282 1364 310 sic
1378 282 1510 312 acediosi
1531 285 1559 312 et
1573 284 1660 313 otiosi
1672 285 1790 314 nullum

1007 325 1120 355 faciunt
1133 326 1276 363 fructum,
1289 328 1343 358 sed
1357 329 1455 358 solum
1467 330 1607 360 umbram
1621 331 1745 361 diabolo
1759 334 1790 362 et

1008 373 1206 409 refrigerium.
1224 375 1306 404 Unde
1322 375 1429 404 dicitur
1443 377 1481 405 de
1496 377 1619 407 diabolo
1638 378 1670 407 in
1683 379 1740 408 Job
1754 380 1766 398 ⁸
1781 389 1788 408 :

1011 419 1186 449 circumdant
1201 430 1271 457 eum,
1282 421 1391 451 scilicet
1401 423 1566 460 diabolum,
1580 427 1674 454 salices
1687 427 1791 460 infruc-

1010 469 1102 494 tucsoe.
1128 468 1264 496 Secundo
1289 471 1478 506 comparatur
1499 471 1604 500 acedia
1626 472 1700 501 febri
1721 473 1790 502 hec-

1009 513 1091 549 ticae,
1116 515 1164 543 vel
1191 515 1360 552 phthisicae,
1386 517 1433 545 vel
1454 517 1548 553 1assoe,
1576 519 1626 547 vel
1638 519 1790 556 paralysi.

1009 560 1110 589 Febris
1124 562 1238 590 hectica
1252 562 1300 591 vel
1310 563 1465 599 phthisica,
1475 563 1508 592 fit
1519 572 1555 593 ex
1565 567 1791 602 consumptione

1007 606 1143 636 humoris
1163 609 1328 638 naturalis:
1349 609 1390 638 sic
1410 611 1514 640 acedia
1537 611 1583 647 fit,
1600 612 1672 648 quia
1693 612 1792 642 deficit

1008 654 1118 683 humor
1134 655 1242 684 divinae
1262 656 1445 693 dilectionis,
1466 660 1494 686 et
1513 658 1690 687 devotionis.
1707 660 1791 689 Simi-

1008 701 1074 730 liter
1088 702 1164 731 febri
1179 703 1265 732 lassae
1281 706 1471 741 comparatur
1480 715 1488 741 ;
1501 714 1571 734 nam
1585 706 1676 735 febris
1688 707 1791 743 hujiis-

1008 749 1093 777 modi
1109 750 1159 778 vix
1178 753 1229 779 aut
1248 760 1403 788 nunquam
1419 755 1552 789 curatur;
1568 753 1609 781 sic
1626 753 1728 789 piger,
1743 755 1792 783 vel

1009 796 1136 831 otiosus,
1156 806 1224 826 cum
1245 799 1281 827 sit
1301 799 1526 836 semimortuus,
1550 800 1601 828 vix
1623 800 1789 837 corrigitur.

1007 845 1057 872 Est
1070 844 1150 872 enim
1169 845 1315 882 languor,
1333 847 1370 874 de
1387 855 1448 883 quo
1464 847 1572 876 dicitur
1589 847 1620 876 in
1635 849 1791 878 Ecclesias-

1008 890 1068 919 tico
1082 891 1092 907 ⁹
1109 901 1115 919 x
1133 893 1258 927 Languor
1272 895 1409 928 proliaeior
1427 897 1523 928 gravat
1542 895 1685 923 medicum.
1707 896 1791 924 Com·

1007 940 1131 973 paratur
1141 940 1229 967 etiam
1244 940 1387 976 paralysi,
1399 949 1467 977 quae
1481 941 1550 969 facit
1559 942 1695 970 membra
1707 941 1792 972 arida

1008 987 1036 1013 et
1050 985 1240 1021 impotentia,
1254 986 1296 1015 sic
1310 987 1414 1015 acedia
1427 988 1599 1025 saeitpcdes
1615 988 1791 1026 impotentes

1009 1032 1048 1059 ad
1056 1032 1286 1068 ambulandum,
1296 1042 1402 1062 manus
1411 1035 1450 1062 ad
1458 1036 1655 1072 operandum,
1665 1039 1692 1065 et
1701 1045 1792 1066 mem-

1007 1079 1063 1107 bra
1092 1080 1194 1108 omnia
1220 1081 1259 1108 ad
1283 1081 1419 1109 laborem
1442 1082 1621 1118 poenitentiae
1644 1084 1790 1113 sustinen-

1008 1125 1090 1154 dum.
1117 1128 1197 1155 Unde
1227 1128 1265 1156 de
1292 1128 1400 1156 talibus
1426 1129 1533 1158 dicitur
1562 1130 1593 1158 in
1608 1131 1724 1159 Psalmo
1745 1132 1765 1149 ¹⁰
1781 1141 1788 1159 ε

1006 1174 1106 1201 Manus
1121 1174 1198 1201 habet
1208 1195 1217 1208 ,
1232 1178 1257 1202 et
1280 1184 1334 1202 non
1348 1177 1520 1211 palpabunt‚·
1534 1177 1615 1212 pedes
1630 1178 1745 1213 habent,
1762 1183 1788 1207 et

1005 1227 1058 1247 uon
1085 1221 1269 1253 ambulabunt,
1296 1223 1391 1250 Tertio
1419 1225 1610 1259 eomparatur
1637 1225 1788 1254 Adonibe-

1004 1267 1085 1302 zeeh,
1101 1268 1137 1295 de
1153 1276 1213 1304 quo
1232 1268 1338 1297 dicitur
1354 1270 1390 1304 ¹¹,
1406 1271 1489 1306 quod
1505 1272 1670 1307 amputavit
1682 1281 1789 1302 manus

1005 1315 1033 1342 et
1048 1314 1140 1350 pedes
1155 1316 1340 1351 septuaginta
1350 1317 1481 1352 regibus,
1491 1318 1700 1348 Adonibezech
1709 1319 1788 1348 enim

1004 1361 1213 1397 interpretatur
1240 1364 1393 1391 dominator
1416 1367 1562 1400 egestatis,
1589 1368 1616 1394 et
1641 1366 1789 1402 significat

1004 1408 1156 1444 acediam,
1174 1418 1239 1445 quae
1261 1409 1330 1438 facit
1355 1410 1491 1438 subditos
1517 1420 1588 1440 suos
1614 1416 1733 1448 egentes
1760 1418 1788 1442 et

1003 1454 1127 1491 inopes:
1142 1464 1213 1484 nam
1229 1457 1335 1485 dicitur
1349 1458 1380 1485 in
1394 1458 1561 1486 Proverbiis
1578 1460 1597 1476 ¹²
1611 1468 1617 1487 :
1636 1461 1787 1495 qustatem

1003 1504 1114 1537 operata
1140 1506 1178 1530 est
1201 1512 1296 1530 manus
1323 1506 1450 1539 remissit,
1480 1505 1511 1532 id
1539 1509 1582 1534 est
1608 1507 1703 1542 pigra.
1732 1509 1786 1536 Iste

1003 1548 1211 1577 Adonibczech
1226 1552 1359 1586 amputat
1377 1559 1484 1579 manus
1505 1555 1533 1579 et
1547 1552 1639 1588 pedes
1654 1554 1784 1590 regibus,

1003 1595 1083 1631 quia,
1100 1596 1139 1623 ad
1154 1595 1297 1632 litteram,
1314 1606 1399 1633 reges
1414 1600 1441 1625 et
1457 1599 1571 1634 praelati
1586 1600 1691 1628 volunt
1705 1601 1785 1630 vive-

1001 1649 1032 1669 re
1047 1650 1126 1670 nunc
1143 1643 1238 1671 otiosi.
1255 1644 1307 1671 Vel
1326 1653 1400 1679 reyes
1419 1645 1558 1674 dicuntur
1573 1647 1628 1674 viri
1643 1648 1783 1683 religiosi,

998 1688 1082 1723 juxta
1098 1689 1175 1717 illud
1198 1691 1391 1719 Ecclesiastici
1414 1692 1434 1709 ¹³
1452 1701 1458 1719 ε
1476 1693 1531 1725 Qui
1550 1696 1632 1728 unguis
1651 1703 1724 1729 reyes
1747 1696 1784 1723 ad

998 1738 1197 1771 poenz'tentz'wn.
1223 1737 1363 1773 Religiosi
1389 1738 1512 1774 quidem
1534 1740 1676 1768 deberent
1699 1750 1731 1769 se
1756 1745 1784 1770 et

1001 1782 1076 1810 alios
1091 1791 1193 1818 regere
1208 1793 1261 1820 per
1276 1784 1367 1812 vitam
1381 1788 1409 1813 et
1423 1786 1605 1822 doctrinam5
1621 1788 1674 1815 sed
1689 1788 1782 1825 aliqui

999 1828 1112 1857 habent
1125 1839 1230 1858 manus
1245 1834 1272 1859 et
1282 1832 1373 1867 pedes
1386 1835 1553 1868 amputatos
1568 1842 1621 1870 per
1635 1835 1780 1863 acediam.

1000 1877 1110 1910 Quarto
1130 1881 1319 1914 eomparatur
1339 1879 1451 1906 otiosus
1466 1880 1531 1907 cani
1552 1880 1709 1910 famelico:
1730 1882 1783 1910 hu-

997 1924 1129 1958 jusmodi
1145 1925 1224 1953 enim
1239 1926 1323 1961 piger
1338 1928 1365 1953 et
1380 1927 1491 1954 otiosus
1506 1927 1545 1955 ad
1559 1928 1687 1956 modum
1701 1930 1782 1957 canis

1000 1971 1108 2006 esurit,
1133 1974 1160 1999 et
1187 1980 1291 2000 omnes
1320 1981 1423 2001 sensus
1448 1974 1646 2003 universalem
1670 1976 1780 2004 famem

998 2017 1251 2054 patiuntur,juxta
1261 2020 1336 2047 illud
1347 2020 1454 2047 Psalmi
1469 2021 1502 2047 ³⁵:
1518 2022 1623 2048 Famem
1636 2024 1780 2057 patientur

999 2067 1030 2090 ut
1044 2073 1121 2091 canes
1135 2075 1143 2091 .·
1166 2073 1198 2092 os
1219 2066 1298 2093 enim
1314 2066 1377 2101 ejus
1396 2067 1487 2094 esurit
1505 2068 1618 2095 cibaria
1638 2068 1779 2104 delicata,

999 2110 1101 2145 lingua
1122 2112 1214 2139 verba
1232 2120 1325 2146 vana,
1344 2122 1451 2140 manus
1470 2114 1556 2149 vilia,
1573 2123 1624 2142 cor
1637 2115 1777 2151 honores,

1000 2157 1080 2185 auris
1097 2166 1245 2193 rumoreS,
1262 2162 1290 2187 et
1313 2160 1392 2187 oculi
1411 2160 1564 2189 vanitates.
1582 2162 1651 2189 Ideo
1672 2162 1779 2191 dicitur

999 2203 1030 2231 in
1042 2204 1208 2232 Proverbiis
1218 2205 1247 2233 ¹⁵:
1259 2207 1399 2234 Desideria
1411 2207 1534 2235 occidunt
1543 2209 1778 2243 pz‘flrum.Quinto

1000 2254 1189 2287 comparatur
1210 2253 1321 2280 otiosus
1338 2253 1386 2281 vel
1408 2254 1492 2289 piger
1512 2254 1606 2290 ferro,
1629 2258 1727 2291 terrae,
1751 2259 1779 2284 et

999 2305 1094 2333 aquae,
1111 2301 1138 2325 et
1152 2299 1235 2334 vesti,
1248 2300 1376 2328 scholari
1387 2301 1557 2336 negligenti,
1567 2301 1680 2329 homini
1691 2304 1778 2330 stanti

1000 2346 1027 2372 et
1040 2353 1100 2372 non
1115 2346 1298 2373 ambulanti:
1316 2346 1375 2374 istis
1390 2347 1469 2374 enim
1483 2356 1534 2374 sex
1549 2348 1654 2376 eadem
1664 2350 1776 2377 ratione

998 2391 1163 2427 adaptatur.
1176 2394 1295 2420 Ferrum
1311 2394 1442 2429 quidem,
1457 2394 1540 2430 quod
1552 2403 1613 2422 non
1628 2397 1776 2430 tractatur,

999 2438 1055 2466 cito
1071 2439 1268 2474 rubiginatur.
1288 2442 1374 2468 Terra
1391 2449 1456 2476 quae
1472 2449 1532 2468 non
1548 2442 1667 2476 colitur,
1683 2442 1777 2470 malas

998 2484 1106 2513 herbas
1127 2489 1256 2521 generat.
1280 2490 1364 2523 Aqua
1383 2496 1449 2523 quae
1467 2495 1527 2515 non
1548 2490 1698 2522 movetur,
1719 2489 1776 2516 cito

1000 2534 1207 2568 corrumpitur.
1223 2533 1312 2561 Vestis
1327 2542 1395 2570 quae
1410 2543 1471 2562 non
1486 2536 1634 2570 portetur,
1651 2535 1687 2562 de
1699 2535 1777 2564 facili

1002 2608 1038 2630 Η.
1051 2620 1081 2624 —
1094 2608 1113 2624 ¹⁰
1124 2607 1195 2632 Psal.
1211 2614 1286 2638 exui,
1299 2609 1322 2631 7.
1333 2621 1362 2626 —
1379 2610 1396 2625 ¹¹
1406 2609 1499 2639 Judic„
1516 2615 1533 2639 1,
1546 2611 1570 2632 7.
1581 2622 1612 2626 —
1627 2610 1643 2624 ¹²
1657 2610 1737 2639 Ρνου.,
1750 2617 1775 2641 x,

1000 2643 1060 2665 4.—
1072 2643 1088 2657 ‘³
1098 2643 1189 2674 Eecli„
1201 2650 1296 2673 xm'iii,
1307 2645 1330 2668 8.
1340 2658 1370 2662 —
1383 2644 1403 2661 ’Β
1415 2645 1483 2668 Psal.
1496 2651 1569 2672 Lv111,
1582 2646 1607 2669 ’1.
1619 2658 1650 2663 -
1664 2646 1683 2662 ¹⁵
1694 2646 1775 2677 Prov..

1000 2684 1056 2707 xxi,
1071 2680 1110 2703 25.

1600 2729 1635 2756 17
