2004 3037
775 228 957 268 QUAESTIO
982 229 1032 262 ΠΝ
1039 230 1112 263 lCA.
1711 243 1744 272 54

142 300 284 330 tationem
297 299 450 337 praeviam,
465 299 518 328 scd
531 306 585 336 per
599 297 721 327 affectus
735 297 916 326 desiderium

142 347 230 376 habet
243 346 404 384 aspirando
419 353 606 381 consurgere.

179 394 235 423 Sed
249 393 427 428 notandum,
441 392 525 429 quod
535 392 591 420 ista
601 391 745 428 sapientia
756 391 816 419 alio
827 391 920 419 modo

142 441 312 477 intelligitur
327 441 358 468 in
372 439 612 476 proficientibus,
629 438 714 466 aliter
728 438 759 466 in
774 437 918 474 perfectis.

143 487 329 516 proficientes
352 486 432 514 enim
455 493 574 514 necesse
601 485 713 513 habeut
739 493 770 512 se
793 492 920 521 purgare

142 542 196 570 per
213 533 294 562 viam
313 541 379 569 quae
400 532 479 560 dicta
498 534 556 567 est,
578 531 688 560 scilicet
704 539 757 567 per
771 530 922 558 humilita-

143 582 216 616 tem,
241 581 269 609 et
292 579 511 615 cognitionem,
542 581 570 607 et
593 577 844 606 illuminationem
869 585 922 613 per

142 626 269 663 modum
289 625 445 660 orationis,
467 627 495 654 et
514 627 617 662 postea
637 624 856 661 aliquantulum
872 632 922 651 co-

144 673 265 709 gitando
292 672 348 709 ipsi
373 674 432 701 Deo
454 672 582 708 desuper
602 670 798 699 inflammanti
819 678 922 699 occur-

143 727 222 755 rere,
238 727 300 747 non
319 721 419 747 tamen
432 718 606 747 meditando
622 718 659 746 de
682 719 756 752 Deo,
770 717 817 745 vel
832 725 922 753 ange-

143 765 197 800 lis,
211 768 244 794 ut
259 765 370 794 dictum
385 767 428 794 est
434 775 442 801 ;
462 765 516 793 sed
535 764 742 800 consurgendo
759 763 924 792 secundum

143 812 226 847 illam
240 813 321 841 viam
335 821 402 849 quae
416 812 586 840 immediate
606 811 739 847 sequitur
753 811 834 838 viam
853 819 924 846 pur-

143 859 283 895 gativam,
293 859 324 887 in
339 858 522 894 expositione
533 858 641 886 minori
656 858 693 886 de
709 859 790 886 Pater·
804 860 893 884 noster
905 857 924 890 ¹,

144 913 209 942 quae
224 908 266 934 est
280 907 375 934 oratio
396 905 426 933 in
447 905 551 942 spiritu
566 907 594 932 et
615 905 745 932 veritate.
771 904 827 933 Sed
842 906 924 940 post-

143 961 235 989 quam
250 952 372 981 affectus
389 960 419 980 se
436 952 602 980 exercendo
618 951 796 986 diuturnius,
812 951 861 979 vel
876 959 926 979 co-

143 999 276 1035 gitando,
289 999 456 1026 secundum
468 998 552 1034 quod
566 998 608 1026 ibi
622 997 740 1032 dicitur,
756 997 926 1033 diligentius

143 1055 174 1074 se
190 1046 331 1081 erexerit,
346 1048 416 1074 tunc
433 1045 588 1073 dimittitur
603 1045 699 1073 omnis
714 1045 864 1080 cogitatio,
878 1045 927 1072 vel

144 1093 312 1128 meditatio,
337 1095 365 1120 et
387 1093 486 1121 solum
511 1100 565 1128 per
590 1092 700 1120 amoris
729 1092 925 1127 desiderium,

144 1139 390 1176 quotiescumque
403 1139 483 1173 vult,
498 1139 545 1166 vel
569 1139 606 1166 de
627 1139 692 1173 die,
708 1139 756 1166 vel
771 1139 808 1167 de
823 1141 925 1173 nocte,

144 1186 222 1214 intus
236 1186 284 1214 vel
299 1187 394 1221 extra,
412 1185 451 1213 ad
465 1185 631 1213 unitionem
651 1185 744 1221 ipsius
765 1185 864 1213 dilecti
879 1193 926 1213 so-

147 1233 211 1261 lum
225 1233 375 1269 aspirans,
391 1232 507 1260 animus
522 1232 724 1267 consurgentis
739 1241 768 1259 sc
785 1232 883 1267 erigit,
901 1234 929 1260 et

145 1279 188 1308 ibi
206 1279 315 1308 amoris
330 1279 446 1307 affectio
462 1279 601 1315 praecedit
616 1279 825 1314 cogitationem
834 1288 842 1314 ;
858 1287 929 1306 nam

146 1326 223 1354 illud
245 1326 328 1362 quod
349 1326 436 1354 sentit
455 1325 589 1360 affectus,
609 1333 678 1353 vere
693 1325 830 1361 intelligit
844 1325 929 1353 intel-

147 1373 258 1401 lectus:
280 1375 307 1401 et
328 1373 402 1400 sicut
416 1373 528 1400 dictum
548 1375 590 1400 est
610 1373 647 1400 de
668 1372 928 1408 contemplatione,

148 1419 232 1456 quod
249 1419 361 1454 duplex
377 1421 434 1454 est,
454 1427 515 1447 una
531 1427 597 1455 quae
618 1419 766 1453 ascendit,
789 1419 848 1446 alia
862 1427 929 1454 quae

150 1466 319 1501 descendit3
335 1466 376 1493 sic
391 1466 422 1493 in
434 1465 588 1493 affectione
605 1466 728 1499 a1noris;
746 1473 816 1493 nam
830 1473 931 1493 secun-

150 1513 223 1540 dum
235 1513 316 1540 viam
332 1512 538 1540 scholasticam
553 1520 619 1548 quae
635 1512 713 1540 dicta
728 1514 780 1546 est,
796 1511 930 1539 ascendi-

151 1561 198 1587 tur
213 1559 252 1587 ab
270 1559 460 1586 inferioribus
475 1559 615 1586 creaturis
630 1567 723 1594 usque
739 1559 778 1586 ad
793 1558 931 1586 affectum

151 1605 280 1633 amoris:
297 1605 327 1632 in
343 1605 487 1641 sapientia
502 1607 601 1633 autem
612 1605 737 1641 mystica
751 1605 931 1632 contrarium

152 1654 211 1680 est:
228 1660 298 1680 nam
313 1652 362 1680 ille
377 1660 465 1680 verus
480 1660 576 1686 amor,
594 1652 645 1687 qui
661 1654 702 1680 est
714 1652 835 1688 Spiritus
850 1659 932 1680 sanc-

152 1700 214 1733 tus,
235 1698 319 1726 tertia
339 1706 467 1734 persona
485 1699 516 1725 in
536 1698 661 1732 divinis,
682 1698 786 1726 ultima
799 1700 932 1734 respectu

153 1745 265 1773 ordinis
286 1753 498 1781 personarum,
515 1745 603 1772 nobis
619 1747 662 1772 est
681 1745 889 1781 propinquior,
907 1747 934 1772 et

153 1792 250 1828 prima
261 1792 292 1819 in
305 1791 545 1820 consurrectione
557 1791 693 1819 affectiva
702 1792 733 1819 in
744 1793 844 1819 Deum.
853 1791 932 1819 Unde

153 1838 215 1875 ipse
234 1839 358 1875 Spiritus
378 1841 495 1867 sanctus
514 1847 568 1875 per
589 1839 690 1874 ignem
711 1839 821 1867 amoris
841 1839 934 1874 tangit

154 1886 182 1912 et
203 1885 369 1913 inflammat
392 1893 564 1921 supremum
585 1885 727 1913 affectivae
750 1886 881 1921 apicem,
907 1887 935 1912 et

154 1931 356 1965 indicibiliter,
371 1932 433 1959 sine
454 1932 537 1960 omni
551 1932 731 1967 cogitatione
744 1932 791 1959 vel
812 1932 934 1960 rationis

156 1977 346 2012 discretione,
367 1978 406 2005 ad
426 1986 456 2006 se
476 1978 572 2006 trahit.
590 1978 671 2006 Unde
690 1979 764 2006 sicut
784 1979 860 2014 lapis
879 1987 933 2006 suo

155 2024 288 2060 pondere
304 2024 437 2058 trahitur,
455 2026 481 2052 et
495 2024 585 2052 fertur
604 2025 775 2052 naturaliter
795 2025 832 2053 ad
847 2034 934 2052 suum

157 2074 292 2098 centrum
306 2070 438 2104 inferius,
450 2070 490 2097 sic
507 2078 584 2106 apex
598 2071 719 2098 affectus
735 2079 788 2098 suo
803 2071 936 2106 pondere

157 2119 184 2145 et
199 2116 370 2150 directione,
385 2116 571 2151 immediate,
593 2119 621 2144 et
637 2117 699 2144 sine
722 2117 846 2152 obliqua
862 2117 936 2144 obli-

157 2164 313 2199 quatione,
335 2163 448 2198 absque
469 2162 551 2190 omni
572 2162 700 2198 praevia,
722 2163 771 2190 vel
785 2163 935 2190 concomi-

158 2212 234 2238 tante
249 2209 442 2244 cogitatione,
461 2217 578 2236 sursum
592 2209 683 2236 fertur
697 2209 727 2236 in
739 2210 839 2237 Deum.
856 2209 936 2236 Unde

158 2256 210 2284 illa
223 2256 364 2292 potentia,
380 2263 447 2291 quae
462 2258 503 2283 est
519 2255 655 2290 affectus,
672 2259 700 2283 et
721 2263 893 2291 supremum
907 2255 937 2282 in

159 2303 262 2338 spiritu
274 2302 414 2336 hominis,
427 2302 544 2337 Spiritui
556 2304 656 2329 sancto
672 2302 842 2329 immediate
858 2310 937 2329 amo-

160 2350 199 2377 ris
214 2349 333 2376 vinculo
353 2350 395 2376 est
413 2348 544 2375 unibilis.
562 2350 594 2375 Et
611 2349 672 2376 haec
689 2349 834 2384 potentia,
850 2350 882 2375 ut
897 2351 939 2376 est

161 2403 333 2432 supremum
352 2396 383 2422 in
404 2394 522 2430 spiritu,
547 2395 631 2430 quasi
647 2395 684 2422 ab
701 2395 840 2422 omnibus
855 2395 939 2430 igno-

161 2444 253 2476 ratur,
268 2441 324 2469 nisi
340 2441 378 2468 ab
393 2441 450 2468 illis
464 2441 494 2468 in
509 2441 618 2476 quibus
634 2441 672 2468 ab
687 2441 756 2476 igne
768 2440 863 2469 Sancti
879 2441 940 2476 Spi-

162 2489 234 2515 ritus
248 2488 375 2515 mediate
390 2487 510 2515 affectus
519 2487 648 2521 tangitur
663 2489 691 2514 et
702 2490 848 2514 movetur.
859 2487 939 2514 Unde

165 2534 319 2570 Dionysius
333 2534 410 2561 hanc
432 2533 570 2561 virtutem
587 2536 673 2561 vocat
692 2533 861 2561 immediate
876 2542 941 2561 mo-

165 2582 225 2607 tam
240 2588 257 2607 a
272 2580 379 2615 Spiritu
400 2582 518 2613 sancto,
537 2581 565 2606 et
585 2579 748 2607 secundum
767 2580 852 2607 istam
872 2588 941 2615 pro-

167 2626 244 2654 cedit
263 2628 322 2654 tota
343 2626 408 2662 ipsa
428 2627 546 2660 Mystica
567 2627 725 2660 Theoloqia,
746 2628 774 2653 et
795 2626 864 2653 dicit
879 2626 939 2654 sic:

170 2682 185 2698 α
198 2673 245 2700 Est
261 2674 289 2699 et
302 2679 381 2700 nunc
399 2672 487 2700 nobis
508 2672 556 2700 lex
571 2671 768 2707 praedefinita,
790 2672 942 2700 veritatem

975 297 1012 326 de
1026 299 1084 327 Deo
1100 298 1210 328 docens
1227 308 1282 329 nos
1296 309 1480 339 asseverare,
1495 311 1557 333 non
1577 305 1608 334 in
1628 313 1751 342 persua-

974 345 1110 374 sibilibus
1132 347 1269 376 humanae
1285 349 1321 385 (a)
1341 350 1491 386 sapientire
1511 353 1628 388 verbis,
1651 354 1704 382 sed
1721 356 1752 384 in

976 392 1226 423 demonstratione
1236 403 1252 423 a
1263 396 1380 432 Spiritu,
1391 405 1474 426 more
1485 399 1684 429 theorIcarum
1694 401 1753 430 vir-

976 441 1086 474 tutum,
1112 441 1277 470 seeundum
1306 451 1398 479 quam
1430 444 1620 475 ineffabiliter
1647 448 1753 484 ignite,

975 486 1163 515 ineffabiliter
1181 490 1210 516 et
1227 488 1328 524 Ignote
1349 491 1569 528 conjungimur,
1589 495 1754 523 secundum

977 534 1133 562 meliorem
1156 537 1263 563 nostrae
1282 536 1487 566 intellectualis
1508 540 1621 569 virtutis
1641 544 1669 570 et
1685 551 1755 579 ope-

976 580 1098 609 rationis
1112 581 1293 617 unionem‚»
1312 586 1365 611 etc.
1383 584 1463 612 Unde
1483 587 1646 615 secundum
1670 588 1755 617 istam

977 627 1116 655 virtutem
1130 630 1242 657 motam
1254 637 1271 657 a
1283 630 1390 666 Spiritu
1405 634 1516 668 sancto,
1533 633 1704 663 immediate
1716 638 1758 664 est

978 673 1072 702 multo
1086 675 1182 710 major
1193 675 1230 703 de
1244 678 1302 705 Deo
1316 678 1457 713 cognitio,
1469 687 1561 715 quam
1572 688 1626 716 per
1638 689 1758 710 omnem

978 719 1174 757 intellectum,
1200 723 1248 750 vel
1276 723 1423 753 rationem
1446 725 1661 762 investigando.
1680 729 1759 757 Unde

978 767 1110 802 primum
1130 769 1260 805 tangitur
1282 779 1439 807 supremus
1461 781 1538 809 apex
1556 774 1693 810 aflectus,
1716 784 1760 803 se-

981 814 1113 842 cundum
1128 823 1217 851 quen]
1234 820 1372 846 movetur
1386 827 1439 854 per
1457 820 1598 849 ardorem
1612 821 1642 849 in
1657 823 1759 857 Deum,

981 863 1009 889 et
1026 870 1061 889 ex
1075 861 1131 890 isto
1149 865 1284 892 contactu
1302 865 1480 902 relinquitur
1504 867 1535 894 in
1550 870 1647 896 mente
1668 869 1760 897 veris-

981 908 1056 936 sima
1085 909 1214 945 cognitio
1243 911 1407 940 intellectus
1424 922 1430 940 :
1461 921 1532 941 nam
1560 914 1636 942 illud
1663 915 1761 944 solum

982 955 1065 990 quod
1087 956 1173 984 sentit
1195 956 1232 985 de
1252 957 1376 993 divinis,
1394 960 1546 988 verissime
1566 962 1763 998 apprehendit

981 1001 1160 1038 intellectus,
1175 1006 1207 1032 ut
1227 1004 1333 1032 dicitur
1356 1006 1387 1032 in
1409 1006 1467 1034 fine
1488 1007 1625 1044 principii
1639 1009 1764 1043 Mysticoe

984 1049 1131 1084 leeoloqz‘ae
1146 1050 1204 1078 sic:
1226 1061 1239 1076 ι(
1254 1053 1306 1079 Per
1320 1052 1485 1080 unitionem
1499 1053 1676 1089 dilectionis,
1695 1064 1762 1092 quae

983 1097 1026 1123 est
1040 1096 1175 1124 affectiva
1194 1105 1271 1126 verae
1283 1099 1476 1134 cognitionis,
1492 1101 1592 1129 unitur
1606 1103 1663 1130 Deo
1679 1103 1764 1130 intel-

982 1141 1294 1179 lectualiterignoto,»
1314 1148 1367 1174 etc.
1388 1148 1429 1174 Ex
1453 1153 1513 1182 qua
1527 1148 1614 1176 etiam
1630 1149 1764 1177 unitione

983 1188 1136 1224 ingenium
1157 1190 1197 1217 ad
1225 1191 1431 1227 investiganda
1452 1195 1569 1222 occulta
1591 1195 1765 1224 mirabiliter

985 1235 1131 1268 clarescit,
1148 1244 1201 1272 per
1221 1237 1298 1265 hanc
1314 1239 1403 1267 etiam
1417 1239 1612 1276 imaginaria,
1629 1244 1656 1269 et
1670 1243 1765 1278 phan-

984 1283 1086 1311 tastica
1103 1283 1323 1320 dirumpuntur,
1345 1294 1398 1321 per
1419 1287 1496 1315 hanc
1518 1289 1606 1316 etiam
1625 1297 1766 1318 sensuum

986 1329 1166 1357 exteriorum
1191 1330 1373 1360 inordinatio
1398 1334 1482 1369 quasi
1502 1335 1637 1370 quodam
1658 1337 1766 1365 retina-

986 1377 1053 1405 culo
1068 1377 1200 1406 interiori
1214 1379 1388 1415 refrenatur,
1402 1389 1496 1418 usque
1513 1383 1601 1410 etiam
1616 1384 1655 1411 ad
1670 1384 1766 1411 carnis

987 1424 1214 1460 sensualitatem,
1232 1427 1453 1462 corruptionem
1468 1437 1629 1464 corporum
1649 1431 1767 1466 pestife-

986 1477 1089 1498 rorum
1105 1471 1314 1500 mortificando
1330 1473 1450 1502 affectus
1465 1475 1524 1510 ibi,
1540 1476 1631 1511 ignite
1646 1478 1766 1505 affectus

986 1516 1152 1545 redundat:
1179 1527 1248 1546 nam
1274 1522 1385 1554 quanto
1412 1529 1495 1548 mens
1517 1522 1584 1557 plus
1605 1524 1766 1559 aspirando

988 1563 1121 1598 erigitur,
1149 1567 1229 1592 tanto
1254 1565 1320 1601 plus
1353 1567 1524 1595 debilitatur
1552 1569 1644 1604 ipsius
1672 1571 1767 1598 carnis

988 1609 1064 1637 male
1075 1610 1285 1639 inflammantis
1294 1614 1454 1648 corruptio.
1466 1616 1517 1642 Per
1526 1615 1583 1642 hoc
1592 1624 1646 1651 pro
1658 1624 1767 1651 magna

987 1659 1069 1692 parte
1084 1657 1265 1692 scholastici,
1287 1661 1315 1686 et
1335 1659 1450 1695 mystici
1466 1661 1596 1689 doctoris
1615 1662 1767 1690 diversitas

987 1706 1068 1738 patet
1088 1713 1094 1731 ;
1131 1712 1201 1732 nam
1234 1705 1399 1733 secundum
1437 1707 1571 1735 diversos
1603 1708 1767 1737 intellectus

989 1750 1141 1786 utriusque
1156 1751 1323 1786 procedunt
1338 1756 1522 1788 argumenta.

1026 1798 1107 1824 Nunc
1133 1798 1378 1833 respondendum
1401 1802 1444 1828 est
1471 1801 1510 1828 ad
1533 1802 1661 1829 rationes
1687 1803 1768 1839 prius

988 1842 1089 1870 factas.
1110 1843 1154 1872 Ad
1168 1844 1300 1879 primum
1321 1845 1502 1881 dicendum,
1519 1849 1602 1883 quod
1621 1849 1698 1877 illud
1713 1859 1719 1877 ι
1736 1851 1767 1877 In

990 1890 1165 1917 meditatione
1178 1899 1236 1917 mea
1251 1891 1403 1919 eoeardescet
1417 1894 1501 1927 iqm's,
1516 1896 1582 1928 etc.‚
1597 1895 1768 1931 intelligitur

990 1935 1021 1963 in
1034 1936 1266 1972 proficientibus,
1284 1938 1354 1973 quia
1364 1938 1393 1965 in
1405 1939 1512 1967 talibus
1522 1941 1658 1969 nondum
1671 1942 1768 1971 adhuc

991 1982 1081 2010 ardor
1100 1983 1210 2011 amoris
1232 1984 1366 2011 abundat
1384 1994 1390 2012 :
1415 1988 1535 2021 propter
1561 1987 1617 2015 hoc
1633 1991 1767 2024 oportet,

991 2029 1071 2064 quod
1085 2029 1304 2065 aliquantulum
1328 2031 1448 2059 affectus
1470 2033 1642 2061 meditando
1666 2043 1769 2063 secun-

992 2075 1065 2102 dum
1085 2075 1168 2102 illam
1182 2076 1262 2103 viam
1273 2097 1281 2110 ,
1299 2085 1365 2112 quae
1380 2078 1458 2105 dicta
1474 2080 1516 2105 est
1535 2079 1566 2106 in
1585 2081 1769 2115 expositione

993 2121 1100 2148 minori
1125 2122 1283 2149 Dominicae
1308 2123 1464 2158 orationis,
1490 2133 1551 2152 non
1571 2128 1670 2154 autem
1693 2129 1771 2163 cogi—

993 2167 1084 2194 tando
1104 2168 1140 2194 de
1157 2168 1285 2203 angelis,
1302 2169 1339 2196 de
1353 2171 1625 2207 supercoelestibus,
1643 2174 1680 2201 de
1697 2176 1769 2210 Deo,

993 2213 1042 2241 vel
1051 2213 1087 2241 de
1096 2214 1242 2249 Trinitate,
1254 2215 1402 2243 efficacius
1413 2218 1562 2253 excitetur,
1575 2220 1658 2255 quod
1673 2222 1771 2249 tamen

994 2260 1025 2287 in
1050 2260 1133 2288 tertio
1155 2262 1228 2288 statu
1251 2261 1282 2288 in
1306 2262 1354 2290 via
1378 2263 1482 2291 unitivi
1510 2266 1619 2293 amoris
1642 2268 1771 2302 perfecto

992 2307 1054 2341 Jam
1069 2307 1193 2335 excitato
1211 2308 1348 2343 cogitatio
1372 2310 1403 2344 (b)
1422 2311 1530 2345 proevia
1551 2312 1677 2340 dimittit.
1694 2314 1772 2342 Sicut

995 2353 1131 2381 videmus
1155 2354 1186 2381 in
1203 2355 1361 2389 pontibus,
1380 2357 1463 2392 quod
1483 2357 1513 2384 in
1532 2359 1629 2393 pontis
1648 2360 1772 2389 aedifica-

995 2399 1074 2428 tione
1093 2400 1174 2435 ligna
1188 2401 1338 2436 lapidibus
1359 2406 1579 2439 supponuntur,
1596 2408 1698 2440 postea
1710 2408 1787 2442 jam,

997 2448 1163 2474 constructo
1179 2447 1303 2475 aedificio
1315 2469 1323 2482 ,
1340 2449 1417 2476 muri
1432 2449 1541 2485 lapidei
1556 2451 1691 2480 firmitate
1706 2462 1772 2488 per-

996 2492 1081 2527 fecta,
1099 2495 1203 2521 cuncta
1218 2493 1299 2528 ligna
1314 2498 1489 2523 amoventur
1508 2506 1513 2524 ι
1533 2498 1603 2532 quia
1617 2499 1678 2526 sine
1693 2499 1774 2535 ipso-

997 2547 1064 2566 rum
1090 2540 1235 2575 obsequio
1264 2542 1408 2570 structura
1436 2543 1513 2571 muri
1541 2544 1651 2579 lapidei
1679 2549 1775 2581 potest

998 2587 1128 2621 perstare
1152 2586 1324 2614 immobilis.
1348 2588 1392 2615 Sic
1408 2588 1495 2616 etiam
1513 2589 1560 2616 hic
1575 2590 1605 2617 in
1619 2592 1775 2626 proficien-

1033 2644 1039 2659 ¹
1057 2643 1113 2667 Vid.
1129 2651 1197 2674 sup.,
1212 2652 1237 2674 p.
1257 2646 1285 2668 20
1301 2647 1324 2669 et
1340 2653 1394 2676 seq.
1407 2659 1436 2663 —
1454 2647 1486 2676 (a)
1504 2647 1562 2671 Caet.
1578 2648 1639 2672 edit.
1656 2657 1773 2675 summm.

1000 2691 1029 2696 -
1045 2678 1079 2709 (b)
1094 2680 1149 2709 Leq.
1165 2680 1286 2710 perfecta,
1299 2681 1352 2711 jam
1368 2682 1475 2706 excitata
1491 2684 1653 2713 cogitatione.

1805 1821 1836 1841 M
1850 1822 1865 1839 1.
