2004 3037
268 311 328 342 628

287 379 370 411 item,
377 375 454 410 Gen„
460 380 565 408 xxxix,
573 373 588 400 5
598 369 786 401 :nnenedixit
794 368 937 398 Dominus
946 366 1052 396 domui

267 423 396 462 AEgyptii
413 424 536 460 propter
555 420 677 457 loseph,
690 421 719 448 et
732 416 950 454 multiplicavit,
964 425 979 443 n
995 417 1050 444 etc.

304 474 380 501 Bene
394 470 449 499 fuit
470 468 634 498 associatus
654 465 746 495 Jacob
758 486 768 502 ,
789 464 843 502 qui
857 463 946 498 dixit,
967 461 1052 495 Gen„

267 527 364 554 xxxv,
384 520 400 546 5
414 526 422 546 :
441 526 455 543 α
470 516 624 546 Faciamus
638 513 730 542 altare
743 511 882 546 Domino,
896 509 949 547 qui
963 517 1053 538 exau-

269 565 344 595 divit
355 572 403 593 me
415 564 446 592 in
461 562 510 592 die
525 560 728 590 tribulationis
741 567 826 594 meae,
843 559 872 587 et
885 556 940 586 fuit
953 556 1052 586 socius

268 611 382 642 itineris
392 611 461 640 mei.
477 620 492 636 ι)

307 669 320 685 ιι
331 657 455 686 Servivit
468 655 556 685 lsrael
571 654 695 683 Domino
711 652 823 682 cunctis
843 650 950 680 diebus
964 651 1052 678 Josue

269 709 299 737 et
308 707 471 740 seniorum,
487 704 538 742 qui
551 705 696 732 noverant
707 700 810 730 omnia
820 706 913 736 opera
924 697 1052 732 Domini,

269 763 336 792 qum
350 754 460 782 fecerat
472 752 503 780 in
519 749 617 780 lsrael.
635 760 649 776 ι»
664 751 731 781 Jos..
749 755 831 782 xxiv,
844 748 888 774 31.

305 801 369 830 Filii
385 802 446 829 Dan
462 799 604 835 ceperunt
623 795 705 830 Lais,
725 797 754 823 et
774 793 912 822 homines
935 790 1053 820 occide-

269 851 349 882 runt,
361 847 454 884 «quia
462 853 531 874 cum
542 843 626 872 nullo
641 836 799 871 hominum
805 839 959 868 habebant
973 838 1054 875 quic-

269 904 362 933 quam
375 892 556 922 societatis.»
573 891 677 924 Juilic„
691 896 774 922 xvin,
792 889 838 921 27,
853 888 898 914 28.

306 945 348 971 Ex
361 943 444 978 parte
459 938 555 968 Saulis
570 937 652 966 missi
673 936 791 964 lictores
813 933 853 963 ad
873 932 1053 970 capiendum

271 990 363 1019 David
379 990 545 1016 morantem
559 993 628 1013 cum
646 982 782 1012 Samuele
798 983 826 1009 et
840 981 907 1009 aliis
920 979 1053 1017 prophe-

269 1039 321 1073 tiS‚
337 1035 516 1073 prophetare
540 1033 711 1067 corpernnt;
727 1029 807 1057 venit
829 1028 917 1062 Saul,
935 1029 964 1056 et
984 1033 1053 1062 pro-

270 1075 402 1121 plsctavit
413 1082 501 1110 ctiam
514 1081 576 1116 ipse
590 1087 659 1106 curn
675 1077 726 1105 cis.
741 1077 750 1105 l
764 1078 842 1110 neq„
857 1083 918 1102 xrx.

307 1132 427 1167 Propter
439 1129 585 1157 honorem
599 1124 739 1160 ,iosaphat
753 1122 832 1158 regis
848 1123 860 1150 J
866 1121 925 1149 uda
935 1142 943 1155 ,
961 1121 1054 1148 Deum

271 1178 405 1212 colentis,
418 1176 528 1205 istis-eus
542 1172 689 1210 propheta
699 1169 868 1207 impetravit
881 1176 975 1205 aquas
987 1166 1052 1195 dari

271 1225 432 1259 exercitui,
456 1223 486 1251 in
508 1230 569 1259 quo
591 1222 674 1249 erant
696 1218 757 1247 duo
781 1217 832 1246 alii
854 1216 926 1245 maii
950 1222 1054 1250 reges,

271 1276 303 1303 lv
319 1275 455 1307 Rey.,1u.

306 1319 446 1349 nomines
467 1319 560 1346 Deum
580 1315 715 1342 timentes
740 1310 863 1339 volebat
885 1316 986 1337 secum
1001 1307 1054 1335 ba-

271 1369 342 1397 bere
356 1366 463 1395 Tobias
483 1364 512 1392 in
528 1361 678 1395 convivio,
696 1360 776 1391 Tob.,
791 1366 821 1385 ιι.
838 1359 872 1384 nt
886 1356 943 1384 hoc
956 1355 1054 1391 ipsum

272 1414 374 1444 docuit
388 1413 484 1440 tilium
506 1418 606 1444 suum,
622 1408 702 1439 Tob..
719 1414 768 1440 iv,
784 1407 836 1433 ¹8:
855 1413 869 1430 ει
884 1402 949 1431 Noli
968 1410 1054 1430 man-

273 1463 381 1491 ducare
406 1468 474 1488 cum
500 1455 717 1494 peccatoribus,
737 1464 750 1480 »
778 1454 834 1480 ctc.
860 1450 942 1479 tdem
965 1449 1055 1477 ctimn

273 1510 429 1544 diligenter
449 1505 544 1533 voluit
568 1503 662 1536 scire,
685 1508 753 1529 cum
778 1506 839 1535 quo
866 1498 959 1525 iturus
981 1498 1055 1524 esset

273 1556 352 1583 iilius
367 1562 449 1587 suus,
465 1553 542 1586 Tota,
556 1559 586 1578 v.

310 1603 429 1632 Dicebat
439 1603 507 1629 Sara
518 1607 594 1627 uxor
603 1596 700 1626 'robioe
715 1593 859 1623 iunioris:
872 1602 886 1618 u
896 1593 1055 1627 Nunquam

274 1660 343 1679 cum
362 1648 534 1677 ludentibus
549 1644 653 1674 miscui
670 1651 728 1677 mc,
745 1648 842 1676 neque
857 1646 925 1667 cuin
941 1637 986 1673 iis,
1003 1637 1055 1673 qui

274 1700 305 1727 in
329 1698 445 1726 levitate
470 1693 688 1725 ambulabant,
711 1687 888 1726 participem
911 1692 959 1714 me
982 1692 1056 1721 prie-

275 1746 337 1774 bui.
354 1757 366 1770 ιι
386 1745 461 1776 Tua,
478 1750 520 1776 ιιι,
540 1742 581 1768 17.

310 1791 417 1820 Audito
429 1788 540 1817 crudeli
553 1785 695 1814 mandato
706 1783 795 1818 regis,
807 1781 891 1819 quod
902 1778 1056 1808 debebant

275 1839 398 1868 interfici
418 1835 513 1864 cuncti
528 1833 675 1869 sapientes
691 1830 867 1865 Babylonis,
885 1826 985 1856 Daniel
1005 1825 1056 1852 ivit

275 1886 314 1915 ad
338 1884 435 1912 socios
463 1890 534 1909 suos
544 1901 552 1915 ,
579 1882 610 1907 ut
640 1879 804 1914 quaererent
830 1874 918 1903 simul
945 1871 1056 1900 miseri-

273 1933 409 1962 cordiam
425 1940 443 1959 a
458 1928 600 1962 Domino;
621 1927 649 1953 ct
666 1924 796 1953 revelata
818 1926 861 1950 est
880 1923 965 1950 nocte
981 1919 1056 1947 visio

276 1979 403 2014 Danieli,
428 1977 507 2006 nndc
520 1997 527 2010 ,
550 1973 706 2002 occasione
732 1970 858 1998 Danielis
886 1967 962 1996 servi
986 1966 1055 2000 Dei,

274 2026 407 2064 pepercit
446 2032 496 2052 rex
537 2021 632 2056 magis
664 2018 848 2055 sapientibus
885 2013 1055 2050 Babylonis.

277 2077 344 2103 Dan.
353 2095 361 2109 ,
379 2082 407 2100 ιι.

312 2124 379 2151 Post
394 2120 510 2148 obitum
525 2117 607 2146 ludoe
619 2114 787 2148 Machabaei,
805 2111 987 2140 emerserunt
1002 2107 1058 2136 ini-

276 2170 340 2207 qui,
355 2170 382 2196 ct
393 2168 468 2195 sacta
483 2168 525 2193 cst
540 2165 632 2192 sames
645 2162 757 2195 valida,
768 2163 795 2188 ct
811 2158 920 2194 impios
935 2155 1059 2184 instituit

276 2215 435 2245 Bacchides
454 2212 593 2241 dominos
609 2209 738 2244 regionis
750 2228 757 2239 ,
773 2210 800 2234 ct
815 2207 890 2233 sacta
910 2207 952 2232 cst
967 2202 1058 2230 tribu-

276 2265 346 2292 latio
358 2270 468 2296 magna
479 2261 507 2287 in
519 2258 625 2287 lsi-aet:
643 2265 708 2292 quie
725 2254 826 2282 onmia
842 2251 921 2279 mala
936 2249 1057 2278 forsitan

277 2319 338 2338 non
354 2309 474 2336 fuissent
485 2329 491 2338 ,
507 2306 530 2332 si
547 2305 645 2333 adbuc
660 2302 767 2331 iudam
783 2299 896 2328 socium
910 2300 946 2333 ,ct
961 2296 1059 2324 domi-

277 2366 350 2386 num
365 2355 545 2385 habuissent.
563 2354 572 2380 l
589 2352 694 2383 ›nv-ln,
711 2358 751 2377 tx.

314 2407 386 2433 Cum
402 2402 515 2438 primus
527 2399 647 2426 illorum
662 2398 774 2432 scptcm
790 2394 912 2420 fratrum
926 2391 955 2418 in
971 2393 1059 2417 sarta-

279 2453 346 2488 ginc
366 2451 539 2481 torreretur,
555 2444 648 2473 cwtcri
669 2451 736 2470 cum
757 2445 850 2469 matre
871 2439 911 2466 ad
933 2437 1060 2465 morien-

280 2501 353 2528 dum
368 2498 478 2526 sortiter
493 2504 522 2523 sc
539 2493 744 2522 hortabantur.
764 2492 783 2518 it
801 2488 902 2518 Mucii..
919 2494 968 2513 vn.

315 2545 457 2574 Venit-bat
482 2542 572 2570 ludas
600 2538 782 2568 Mat-habiens
813 2535 852 2562 ad
881 2532 1058 2569 capiendum

279 2591 483 2630 scythopolim
506 2589 652 2617 civitatem
667 2596 674 2620 ;
702 2584 754 2612 scd
778 2584 899 2619 propter
924 2579 1058 2612 indicos,

280 2642 330 2677 qui
346 2641 424 2667 intus
445 2637 638 2668 habitabant,
661 2640 730 2667 erga
752 2638 828 2667 quos
850 2626 1059 2664 Scythopotnae

280 2687 401 2722 benigni
422 2687 521 2719 erant,
536 2682 609 2711 nihii
624 2681 665 2709 eis
680 2679 751 2707 mali
766 2677 852 2710 secit3
874 2675 934 2702 imo
950 2675 1059 2709 gratias

280 2743 370 2770 agens
384 2735 515 2761 hortatus
530 2734 572 2759 est
591 2730 627 2756 (lc
649 2731 752 2755 cartoro
773 2732 843 2759 erga
864 2730 957 2758 genus
972 2729 1060 2749 suum

280 2783 427 2816 benignos
438 2788 509 2808 csse.
527 2780 546 2806 lt
560 2778 662 2809 Mat-h„
679 2783 729 2802 xn.

884 299 1022 335 BIBLIA
1042 297 1274 332 PAUPERIJM.

1143 365 1293 401 Quamdiu
1310 365 1367 395 fuit
1378 366 1481 395 Petrus
1494 373 1564 396 cum
1580 365 1743 403 Apostolis,
1757 367 1887 397 multum

1105 412 1160 441 fuit
1172 412 1278 442 firmus
1290 414 1320 441 et
1332 420 1454 441 securus
1461 422 1470 449 ;
1486 413 1540 442 sed
1558 412 1682 450 quando
1695 413 1752 442 fuit
1763 414 1796 443 in
1809 414 1886 444 atrio

1106 459 1216 488 summi
1242 459 1406 488 sacerdotis
1431 468 1502 488 cum
1529 459 1670 488 ministris
1701 459 1782 489 illius
1809 460 1887 490 calo-

1105 506 1218 536 i'aciens
1224 514 1256 535 se
1266 506 1426 542 adigam,
1437 507 1530 536 Deum
1540 514 1651 542 negare
1661 507 1760 544 coepit.
1770 508 1887 543 natm„

1106 561 1173 583 xxvi
1179 563 1187 589 ;
1203 555 1303 589 Marc„
1319 561 1384 588 xiv;
1405 553 1483 589 Luc„
1497 561 1575 589 xxn3
1589 555 1681 590 Joan„
1695 562 1777 584 xviii.

1125 600 1244 640 ,Statim
1259 600 1382 638 quando
1397 609 1492 629 caecus
1506 602 1592 628 natus
1606 608 1625 629 a
1639 601 1764 630 Domino
1779 601 1889 630 illumi-

1106 649 1193 676 natus
1201 647 1266 683 fuit,
1278 650 1361 676 extra
1370 648 1562 684 Synagogam
1576 655 1594 675 a
1603 647 1754 676 Pharisoeis
1765 648 1888 684 eJectus,

1107 702 1126 723 a
1138 695 1270 730 benigno
1285 694 1410 724 Domino
1419 695 1487 723 Jesu
1499 694 1575 723 inter
1588 702 1659 723 suos
1667 694 1772 723 fideles
1785 702 1888 732 recep-

1108 744 1154 771 tus
1168 744 1219 770 est.
1235 743 1327 776 Joan„
1342 749 1381 770 ix.

1143 790 1219 818 Cum
1232 790 1330 816 essent
1343 787 1481 825 discipuli
1502 795 1608 816 omnes
1624 788 1735 825 pariter
1749 796 1887 826 perseve-

1107 837 1205 864 rantes
1228 834 1409 864 unanimiter
1432 835 1463 863 in
1485 834 1638 870 oratione,
1659 836 1740 864 venit
1765 836 1888 873 Spiritus

1108 884 1226 910 sanctus
1237 882 1266 909 in
1278 890 1342 916 eos,
1351 885 1380 910 et
1390 881 1473 918 ipsos
1482 881 1724 910 inaestimabiliter
1735 882 1890 912 roboravit

1108 930 1137 957 ct
1151 928 1262 957 docuit.
1278 931 1388 963 Act.‚n.

1144 977 1183 1003 De
1198 975 1353 1011 fidelibus,
1368 975 1419 1012 qui
1435 977 1519 1004 erant
1531 975 1562 1004 in
1576 975 1705 1004 Ecclesia
1725 976 1888 1012 primitiva,

1109 1023 1232 1056 dicitur,
1255 1024 1318 1051 Ace.
1330 1044 1339 1058 ,
1356 1031 1394 1058 ιι,
1413 1025 1449 1052 ⁴4
1466 1032 1473 1052 z
1499 1033 1512 1051 u
1530 1024 1638 1052 Omnes
1659 1024 1711 1060 qui
1726 1024 1890 1052 credebant

1109 1073 1194 1099 erant
1207 1071 1327 1106 pariter,
1343 1074 1371 1099 et
1384 1070 1537 1099 habebant
1551 1071 1652 1099 omnia
1667 1070 1839 1099 communia
1847 1080 1856 1106 ;
1872 1081 1886 1098 i»

1109 1118 1258 1154 sequitur,
1275 1119 1327 1152 46,
1340 1119 1375 1145 ⁴7
1392 1127 1398 1146 :
1425 1128 1439 1144 ιι
1458 1118 1622 1146 Sumebant
1640 1118 1741 1146 cibum
1759 1118 1789 1146 in
1807 1117 1890 1146 oxul-

1110 1165 1218 1194 tatione
1252 1166 1281 1193 ct
1312 1164 1500 1201 simplicitate
1530 1163 1630 1193 cordis
1642 1185 1651 1200 ‚
1684 1164 1890 1193 collaudantes

1110 1213 1218 1247 Deum,
1238 1214 1266 1241 et
1291 1212 1434 1241 habentes
1461 1212 1588 1247 gratiam
1617 1211 1657 1240 ad
1683 1219 1804 1240 omnem
1825 1211 1889 1248 ple-

1109 1258 1190 1287 bem.
1211 1269 1225 1284 n

1146 1307 1213 1334 Post
1240 1305 1471 1334 conversionem
1498 1313 1584 1334 suam
1612 1305 1718 1335 saulus
1733 1325 1742 1339 ,
1771 1304 1892 1333 veniens

1111 1352 1363 1389 Hierosolymam,
1379 1352 1512 1381 tentabat
1528 1361 1558 1380 sc
1569 1353 1694 1389 jungere
1718 1350 1888 1388 discipulis,

1111 1401 1140 1428 et
1161 1407 1266 1428 omnes
1288 1399 1434 1428 timebant
1457 1407 1543 1434 eum,
1558 1407 1620 1428 non
1635 1398 1789 1428 credentes
1803 1397 1887 1434 quod

1111 1450 1185 1475 essct
1206 1446 1379 1484 discipulus.
1402 1446 1552 1475 Barnabas
1566 1447 1787 1483 apprehensum
1801 1445 1888 1473 illum

1111 1494 1196 1522 duxit
1211 1493 1251 1522 ad
1266 1493 1440 1531 Apostolos,
1452 1496 1507 1522 etc.
1522 1494 1598 1528 Act„
1610 1501 1650 1527 ix,
1664 1494 1707 1526 26,
1725 1494 1770 1521 27.

1147 1541 1285 1570 tlomincs
1299 1541 1450 1577 quierant
1469 1548 1537 1569 cum
1558 1540 1648 1568 Paulo
1674 1539 1704 1567 in
1724 1539 1794 1567 navi
1819 1541 1891 1567 tein-

1111 1596 1185 1625 pore
1203 1588 1385 1624 gravissima.¹
1408 1588 1604 1624 tempestatis,
1623 1586 1779 1616 occasione
1801 1586 1892 1622 ipsius

1113 1634 1212 1671 Pauli,
1229 1644 1321 1672 quein
1334 1634 1488 1663 habebant
1499 1642 1600 1663 secum
1610 1655 1619 1669 ‚
1634 1634 1754 1662 fuerunt
1767 1632 1891 1667 salvati;

1112 1691 1182 1712 nam
1197 1683 1273 1712 dixit
1285 1682 1414 1719 Angelus
1429 1682 1546 1711 Domini
1562 1691 1570 1710 ε
1587 1691 1601 1708 u
1614 1683 1686 1710 Ecce
1702 1680 1826 1710 donavit
1840 1679 1891 1708 tibi

1113 1732 1188 1759 Deus
1201 1738 1306 1759 omncs
1321 1729 1374 1766 qui
1389 1730 1532 1766 navigant
1546 1731 1652 1758 tecum.
1666 1739 1680 1755 i»
1698 1729 1774 1763 Ata,
1790 1735 1871 1757 xxvn
1882 1748 1891 1762 ,

1111 1779 1156 1807 23.

1367 1826 1510 1860 CAPUT
1535 1825 1636 1859 CXX.

1329 1900 1366 1926 De
1384 1900 1510 1927 societate
1529 1898 1671 1926 malorum.

1150 1965 1311 1994 Salubriter
1333 1966 1423 1994 exivit
1445 1965 1593 1994 Abraham
1612 1965 1648 1993 dc
1669 1965 1824 2001 chaldim,
1840 1966 1892 1993 ubi

1115 2015 1197 2042 erant
1214 2013 1351 2042 homines
1367 2014 1497 2049 corrupti
1514 2013 1685 2041 idololatria
1696 2035 1704 2048 ,
1721 2014 1827 2048 Genes„
1842 2021 1892 2048 κη

1114 2061 1194 2089 unde
1208 2064 1312 2098 postea
1326 2061 1384 2089 hoc
1398 2061 1497 2097 ipsum
1517 2069 1572 2097 pro
1591 2061 1739 2089 beneficio
1753 2060 1894 2089 Dominus

1115 2108 1140 2136 ei
1157 2111 1372 2136 commemorat
1384 2127 1391 2139 ,
1406 2109 1508 2135 dicens
1525 2117 1531 2135 ;
1555 2117 1570 2134 ιι
1586 2109 1647 2143 Ego
1665 2107 1826 2143 Dominus,
1842 2107 1894 2143 qui

1115 2155 1205 2184 eduxi
1221 2158 1248 2183 tc
1263 2155 1300 2183 dc
1316 2156 1352 2183 Ur
1363 2155 1580 2183 Chaldaeorum.
1598 2166 1611 2180 »
1635 2156 1714 2190 Gen„
1724 2162 1774 2190 xv,
1787 2156 1814 2182 7.

1151 2203 1215 2231 Non
1229 2202 1328 2230 solum
1347 2210 1471 2238 corpore
1481 2223 1488 2236 ,
1505 2202 1558 2230 scd
1572 2202 1661 2230 etiam
1675 2201 1852 2237 cogitatione
1867 2203 1896 2230 et

1116 2250 1271 2278 affcctione
1294 2252 1337 2278 cst
1361 2251 1456 2287 patria
1480 2250 1695 2286 relinquenda,
1718 2250 1798 2278 unde
1821 2249 1896 2277 dixit

1116 2296 1258 2325 Dominus
1273 2297 1311 2325 ad
1327 2297 1496 2331 Abraham,
1513 2305 1581 2325 cum
1593 2297 1656 2333 jam
1678 2305 1802 2333 corpore
1822 2296 1896 2325 exis—

1116 2347 1160 2372 sct
1175 2353 1181 2372 ε
1202 2355 1214 2369 α
1230 2344 1374 2380 Egrederc
1399 2343 1436 2373 de
1462 2347 1538 2373 terra
1554 2347 1624 2379 tua,
1636 2355 1650 2371 ι»
1668 2347 1723 2373 etc.
1741 2346 1819 2379 Gen„
1837 2351 1896 2378 111,

1117 2393 1143 2420 1.
1158 2393 1230 2420 Nota
1244 2392 1458 2428 promissiones
1473 2392 1515 2420 ibi
1528 2392 1628 2420 saetas.

1153 2439 1291 2473 Quandiu
1305 2439 1359 2467 suit
1374 2439 1524 2468 Abraham
1550 2448 1618 2467 cum
1641 2438 1787 2476 perversis
1800 2438 1897 2467 homi·

1119 2486 1208 2514 nibus
1223 2485 1253 2513 in
1271 2486 1307 2514 Ur
1322 2486 1546 2522 Chaldaeorum,
1562 2494 1623 2514 non
1639 2486 1745 2521 legitur
1759 2485 1785 2513 ei
1801 2486 1898 2514 Domi-

1118 2541 1173 2561 nus
1198 2533 1387 2569 apparuisse,
1409 2533 1477 2561 licet
1502 2534 1600 2561 bonus
1623 2533 1711 2560 fuisse
1737 2532 1895 2566 crcdatur5

1117 2580 1169 2608 sed
1185 2584 1343 2616 postquam
1363 2581 1432 2609 inde
1454 2581 1560 2614 exivit,
1579 2579 1728 2608 multoties
1746 2579 1800 2608 suit
1823 2579 1898 2608 divi-

1117 2627 1163 2655 nis
1184 2627 1424 2663 apparitionibus
1437 2629 1580 2657 visitatus.
1605 2628 1684 2662 Gen.,
1699 2636 1756 2663 xii,
1772 2636 1821 2663 xv,
1834 2635 1896 2656 xvn

1118 2676 1147 2702 ct
1160 2682 1242 2702 xvnt.

1154 2722 1275 2758 injurias
1290 2725 1317 2751 ct
1330 2723 1461 2758 jacturas
1472 2730 1576 2759 passus
1590 2724 1632 2750 est
1643 2722 1714 2750 Loth
1729 2729 1746 2750 a
1761 2722 1896 2758 pessimis

1119 2770 1292 2805 Sodomitis,
1310 2780 1379 2799 cum
1401 2771 1510 2807 quibus
1531 2770 1700 2804 habitabat,
1716 2770 1763 2797 vel
1786 2770 1895 2805 impio-
