2004 3037
230 221 291 253 624

266 288 340 318 Cum
353 289 454 318 autem
464 294 521 326 per
527 286 711 319 miraculum
718 288 810 326 virgoe
818 291 919 320 Aaron
929 298 1012 320 com-

229 334 390 372 pescuisset
403 342 456 365 eos
471 334 630 372 Dominus,
650 335 808 367 dixerunt:
827 346 842 365 α
855 339 929 367 Ecce
941 345 1012 367 con-

229 381 340 418 sumpti
359 389 480 418 sumus,
499 390 605 412 omnes
626 384 805 422 perivimus,
826 384 1011 422 quicumque

229 427 344 458 accedit
369 429 410 458 ad
432 428 660 460 tabernaculum
682 431 816 468 Domini,
840 431 977 462 moritur.
993 442 1008 460 n

227 476 323 510 Num„
333 483 406 511 nn,
421 478 479 505 ¹24
485 478 513 506 3.

263 522 388 552 Ulterius
400 524 598 561 procedentes
611 527 758 555 venerunt
776 526 816 555 ad
833 534 928 564 aquas
942 534 1012 556 con-

227 569 428 607 tradictionis,
451 571 506 601 ubi
530 572 626 602 taliter
643 573 756 610 jurgati
778 576 846 603 sunt
867 574 1012 604 adversus

227 617 348 654 Moysen
366 619 395 647 et
412 620 529 656 Aaron,
550 620 636 658 quod
657 620 747 650 etiam
761 621 819 659 ipsi
837 621 928 650 diffisi
942 624 1011 652 sunt

227 663 266 693 de
288 663 391 694 divina
409 665 540 695 virtute:
561 669 685 705 propter
700 668 739 705 (a)
760 668 845 705 quod
865 671 894 698 et
914 669 1011 706 puniti

226 713 296 740 sunt
309 719 328 741 a
341 712 478 742 Domino.
493 715 588 751 Num,
603 723 653 744 xx.

261 759 366 788 Postea
387 759 549 790 fornicatus
574 763 618 790 est
641 762 775 800 populus
795 770 865 792 eum
889 763 1010 792 filiabus

225 805 327 842 Moab,
343 814 410 843 quae
423 811 609 838 vocaverunt
622 817 674 844 eos
688 809 728 838 ad
741 809 887 839 sacrificia
900 817 965 846 sua,
981 813 1010 840 et

225 851 356 882 initiatus
372 855 416 882 est
430 855 520 884 lsrael
533 855 728 892 Beelphegor,
747 858 775 885 et
794 856 935 894 praecepit
952 858 1009 886 Do-

224 899 324 929 minus
342 901 493 938 principes
511 903 654 940 suspendi
675 905 778 932 contra
796 904 894 933 solem
908 903 939 932 in
952 912 1008 942 pa-

224 947 330 976 tibulo.
345 949 443 983 Num„
456 957 524 978 xxv.

260 995 334 1024 Cum
354 995 508 1025 liberasset
531 996 652 1026 Gedeon
675 998 826 1034 populum
855 999 945 1028 lsrael
970 999 1008 1029 de

223 1049 316 1070 manu
333 1042 466 1079 Madian,
485 1045 513 1072 et
530 1044 687 1073 occidisset
704 1045 798 1074 Zebee
814 1048 843 1074 et
855 1046 1006 1083 salmana,

224 1088 362 1118 dixerunt
376 1097 481 1118 omnes
492 1090 548 1119 viri
565 1091 652 1120 israel
667 1091 706 1120 ad
723 1100 808 1121 eum:
819 1102 834 1120 (ι
849 1094 1007 1123 Dominare

222 1136 331 1172 nostri,
345 1138 377 1165 tu
393 1139 422 1166 et
435 1137 488 1166 filii
503 1138 562 1173 tui,
578 1150 592 1164 »
609 1140 664 1167 etc.
680 1141 746 1176 ipso
762 1142 863 1169 tamen
875 1144 1005 1177 mortuo,

222 1190 290 1212 cum
301 1183 424 1213 haberet
437 1185 625 1222 septuaginta
636 1186 727 1222 filios,
740 1187 860 1216 nullum
871 1188 1006 1226 accipere

221 1234 409 1260 curaverunt.
424 1233 530 1267 Judtc„
545 1241 606 1261 vni.

257 1278 376 1306 Samuel
390 1279 538 1316 propheta
551 1279 690 1309 liberavit
704 1281 853 1319 populum
867 1283 955 1312 lsrael
967 1283 1005 1313 de

221 1332 313 1353 manu
328 1325 514 1361 Philisthiim,
528 1330 556 1356 ct
569 1330 755 1365 recuperavit
770 1330 859 1358 urbes
873 1339 948 1368 quas
963 1331 1006 1359 illi

221 1372 405 1402 abstulerant
427 1374 536 1403 israeli.
557 1377 662 1405 Postea
683 1378 857 1413 congregati
875 1382 958 1414 sunt,
977 1382 1006 1408 et

220 1420 369 1456 petierunt
389 1421 446 1450 sibi
467 1430 569 1457 regem
592 1423 730 1452 constitui
749 1427 854 1454 contra
866 1425 1004 1456 volunta—

220 1468 279 1495 tem
293 1468 448 1497 Samuelis
466 1471 474 1498 l
491 1471 570 1505 Ιίες]υ
584 1479 623 1499 vn
638 1474 666 1500 et
680 1480 741 1500 viu.

254 1515 394 1549 Quamvis
410 1517 503 1545 David
518 1517 559 1546 ita
572 1518 650 1547 benc
664 1519 814 1556 populum
827 1521 959 1556 rexisset,
975 1523 1004 1550 et

218 1563 260 1590 tot
280 1562 418 1591 victorias
443 1564 611 1601 habuisset,
634 1569 734 1595 tamen
755 1568 824 1596 satis
846 1569 903 1597 cito
926 1569 1003 1598 sacta

218 1611 261 1637 est
277 1610 444 1646 conjuratio
463 1612 566 1641 valida
581 1617 684 1642 contra
705 1622 789 1650 eum,
809 1615 1002 1653 populusque

217 1663 338 1685 currens
352 1659 517 1694 augebatur
532 1668 600 1688 cum
617 1661 770 1696 Absalom,
786 1664 805 1691 ΙΙ
822 1664 899 1698 lteq„
915 1671 963 1691 xv.

252 1705 391 1734 Nondum
406 1715 478 1736 vero
494 1708 623 1737 redierat
638 1709 731 1737 David
749 1710 779 1738 in
801 1711 1000 1748 Hierusalem,

217 1752 245 1779 et
259 1753 389 1789 populus
403 1755 536 1783 certatim
551 1764 621 1784 eum
637 1756 708 1784 illuc
718 1757 840 1786 volebat
855 1758 999 1788 reducere

217 1806 285 1827 cum
299 1800 428 1837 honore3
449 1802 502 1830 sed
516 1811 572 1838 pro
588 1811 624 1832 eo
645 1804 729 1840 quod
747 1805 801 1832 viri
817 1805 893 1833 Juda
908 1806 1000 1834 locuti

216 1849 285 1874 sunt
297 1855 364 1875 cum
378 1848 437 1876 illis
452 1849 490 1877 de
507 1850 612 1878 decem
627 1851 774 1885 tribubus,
789 1855 942 1887 separatus
957 1856 999 1881 est

217 1895 315 1922 omnis
335 1896 423 1924 lsrael
439 1904 457 1925 a
476 1897 580 1932 David,
595 1901 772 1935 secutusque
788 1901 831 1928 est
845 1900 953 1928 Sebam
967 1900 1000 1928 fi-

216 1940 290 1969 lium
302 1942 416 1971 Bochri.
431 1945 452 1972 11
467 1944 542 1980 lieo„
557 1953 608 1973 xx.

252 1989 311 2017 Sub
322 1989 492 2026 Salomone,
504 1992 557 2020 filii
574 1993 661 2021 lsrael
674 1994 885 2030 temporalium
897 2003 998 2024 rerum

216 2035 431 2067 abundantiam
459 2039 644 2075 habuerunt,
670 2043 697 2069 et
720 2041 836 2070 honore
865 2043 997 2072 maximo

216 2083 391 2121 floruerunt3
408 2089 508 2115 tamen
524 2096 542 2116 a
559 2088 621 2117 tilio
641 2097 697 2126 pro
712 2090 819 2125 maj0ri
836 2094 933 2127 parte,
949 2099 998 2119 oc-

216 2132 334 2161 casione
350 2133 437 2162 unius
452 2134 519 2163 duri
535 2135 628 2171 verbi,
646 2137 788 2166 continuo
802 2141 995 2167 recesserunt.

216 2179 248 2206 lii
264 2180 342 2215 1109„
357 2189 408 2209 xri.

255 2226 414 2256 Audientes
441 2229 493 2257 filii
523 2230 612 2258 lsrael
642 2231 803 2260 terribilem
832 2233 996 2269 potentiam

215 2273 425 2310 Holophernis‚
446 2281 729 2314 praeoccupaverunt
749 2287 853 2308 omnes
873 2281 997 2308 vertices

215 2321 378 2356 montium,
393 2326 421 2351 et
435 2325 527 2352 muris
543 2325 802 2354 circumdederunt
817 2327 899 2356 vicos
914 2336 996 2363 suos,

215 2369 242 2395 et
262 2374 520 2406 congregaverunt
537 2372 684 2401 frumenta
699 2373 729 2400 in
747 2374 995 2410 praeparationem

214 2423 333 2451 pugnae.
350 2418 416 2446 i‘ost
434 2419 588 2447 modicum
609 2427 696 2455 vero,
717 2428 786 2448 cum
803 2421 946 2450 vidissent
963 2431 994 2450 se

214 2463 319 2491 arctari
331 2464 370 2492 ab
382 2465 511 2494 exercitu
522 2466 731 2503 holophernis,
742 2469 912 2504 congregati
926 2471 995 2497 sunt

213 2509 253 2537 ad
269 2511 367 2540 Oziam
387 2521 491 2541 omnes
510 2513 616 2548 simul,
636 2516 663 2542 ct
680 2514 833 2544 dixerunt:
853 2528 866 2541 «
880 2516 994 2545 Judicet

213 2557 355 2586 Dominus
370 2559 445 2588 inter
461 2568 515 2588 nos
530 2563 557 2588 et
573 2563 610 2595 te,
625 2561 769 2597 quoniam
785 2562 877 2591 fecisti
893 2563 923 2591 iu
939 2572 994 2592 nos

213 2604 303 2640 mala,
317 2606 423 2635 nolens
438 2606 523 2644 loqui
537 2607 660 2645 pacifice
676 2616 744 2637 cum
758 2610 895 2646 Assyriis,
907 2620 921 2637 ι)
936 2614 991 2639 etc.

212 2652 322 2687 Judmt,
340 2662 393 2689 vn,
410 2656 454 2683 13.

247 2700 319 2727 Cum
334 2703 510 2738 complesset
527 2703 687 2732 Hieremias
705 2705 811 2739 verba,
833 2713 898 2742 quae
913 2714 988 2742 prae-

844 220 979 255 BIBLIA
998 220 1230 256 PAUPERIJM.

1067 292 1187 329 ceperat
1199 291 1228 321 ei
1241 292 1398 329 Dominus,
1405 293 1440 322 ut
1448 292 1624 331 loqueretur
1633 292 1676 323 ad
1682 293 1832 331 populum
1836 302 1847 330 ;

1066 338 1330 376 apprehenderunt
1346 347 1418 369 eum
1433 339 1617 377 sacerdotes,
1632 341 1662 370 et
1679 339 1779 370 omnis
1793 334 1851 378 po-

1065 385 1174 423 pulus,
1195 386 1326 416 dieentes
1341 396 1350 416 ε
1367 397 1383 415 α
1398 388 1490 417 Morte
1511 388 1667 418 moriatur.
1685 398 1700 416 ι
1717 389 1848 424 Hier-cm„

1065 441 1145 463 xxvr.
1161 435 1195 463 Et
1208 436 1277 472 post
1293 442 1406 472 pauca,
1424 435 1534 464 eodem
1547 435 1678 473 capitulo
1683 456 1694 472 ,
1710 435 1850 464 dixerunt

1064 481 1230 518 principes,
1260 484 1289 512 et
1317 482 1415 511 omnis
1437 482 1570 520 populus
1593 482 1635 512 ad
1659 483 1849 513 sacerdotes.-

1069 537 1084 555 a
1097 529 1161 558 Non
1176 531 1220 558 est
1233 529 1300 558 viro
1313 529 1385 558 huic
1395 529 1544 565 judicium
1556 530 1677 566 mortis,
1691 539 1707 558 ι
1724 532 1778 560 etc.

1099 577 1293 606 Accesserunt
1315 585 1436 613 omnes,
1459 585 1478 606 a
1495 585 1590 615 parvo
1608 585 1704 615 usque
1726 577 1766 606 ad
1783 585 1849 607 ma-

1064 630 1170 660 gnum,
1184 623 1225 653 ad
1239 623 1416 654 Hieremiam
1432 624 1623 661 prophetam,
1642 626 1671 654 et
1688 624 1846 654 dixerunt:

1067 681 1082 699 α
1095 673 1188 702 Omne
1201 672 1345 710 verbum,
1359 673 1392 702 in
1405 682 1467 711 quo
1482 673 1595 703 miserit
1610 675 1637 702 te
1650 674 1794 703 Dominus
1807 673 1848 703 ad

1064 728 1135 756 nos,
1150 720 1309 764 faciemus,
1323 721 1386 750 sive
1404 721 1522 750 bonum
1540 724 1598 758 est,
1613 721 1675 750 sive
1689 721 1814 751 malum.
1829 731 1844 750 ι

1064 768 1198 805 Cumque
1218 770 1288 804 post
1308 767 1414 797 decem
1436 768 1501 798 dies
1521 769 1671 798 nuntiaret
1691 769 1733 798 eis
1751 769 1847 798 litere·

1063 814 1140 843 mias
1158 814 1275 843 Domini
1293 815 1496 852 voluntatem,
1516 815 1656 846 dixerunt
1673 816 1717 846 ei:
1735 826 1751 844 ι
1767 817 1846 846 Hen-

1064 861 1186 891 dacium
1199 865 1232 892 tu
1248 863 1380 900 loqueris
1389 873 1398 900 3
1414 871 1476 892 non
1489 863 1569 893 misit
1582 866 1610 893 te
1625 864 1778 900 Dominus,
1793 863 1847 893 sed

1063 910 1178 939 Baruch
1197 909 1276 939 filius
1292 911 1384 940 Nerioe
1404 911 1507 939 incitat
1525 913 1554 940 te
1568 910 1730 940 adversum
1748 919 1814 940 noS.
1828 920 1844 938 ι

1063 958 1096 986 Et
1104 957 1219 987 audivit
1228 958 1383 987 universus
1395 958 1527 996 populus
1533 966 1642 988 vocem
1650 957 1780 994 Domini,
1789 959 1844 987 eto.

1062 1005 1195 1041 Hierem„
1210 1013 1268 1034 xui
1282 1008 1311 1034 et
1326 1013 1404 1035 xuv.

1099 1051 1162 1081 Cito
1177 1052 1305 1081 credidit
1315 1052 1435 1082 duobus
1445 1052 1628 1090 presbyteris
1637 1052 1760 1082 senibus
1770 1052 1847 1081 mul-

1061 1098 1168 1134 titudo,
1179 1102 1206 1128 et
1216 1100 1494 1130 condemnaverunt
1503 1101 1679 1136 Susannam,
1691 1101 1746 1130 etc.
1759 1101 1844 1135 Dan„

1061 1154 1125 1175 xm.

1098 1194 1243 1230 Cognovit
1274 1195 1376 1224 Simon
1401 1196 1485 1232 quod
1510 1195 1651 1232 Tryphon
1676 1203 1746 1224 cum
1771 1193 1844 1224 dolo

1059 1240 1249 1278 loqueretur,
1274 1244 1377 1279 petens
1402 1242 1480 1272 duos
1505 1242 1585 1271 filios
1611 1241 1758 1278 sonatum,
1787 1243 1842 1270 ete.

1060 1289 1068 1316 Ι
1085 1289 1186 1324 Maeli„
1203 1297 1264 1318 ¹111.
1774 1318 1780 1323 ,

1097 1337 1171 1364 Cum
1191 1336 1324 1372 quadam
1346 1336 1394 1365 die
1419 1339 1495 1365 esset
1514 1337 1655 1365 Dominus
1674 1337 1705 1365 in
1727 1335 1843 1365 civitate

1059 1383 1213 1417 Nazareth,
1226 1385 1255 1411 et
1269 1383 1401 1412 dicerent
1411 1383 1438 1412 ei
1450 1383 1544 1412 Judaei
1559 1384 1629 1412 satis
1639 1383 1723 1412 bono
1737 1383 1841 1418 modo,

1059 1432 1092 1458 ut
1105 1429 1212 1458 faceret
1225 1430 1267 1458 ibi
1283 1430 1443 1466 miracula,
1458 1431 1532 1459 sicut
1547 1432 1575 1459 et
1589 1431 1620 1459 in
1634 1430 1843 1468 capharnaum

1059 1476 1181 1512 fecerat,
1208 1479 1276 1513 post
1302 1477 1454 1506 modicam
1475 1478 1728 1514 increpationem,
1750 1486 1843 1514 quam

1059 1523 1133 1552 dixit
1153 1524 1208 1559 eis,
1228 1524 1331 1561 repleti
1355 1528 1421 1554 sunt
1445 1533 1550 1554 omnes
1570 1526 1629 1561 ira,
1650 1528 1678 1555 et
1693 1525 1843 1562 ejecerunt

1059 1571 1144 1600 illum
1159 1575 1242 1600 extra
1257 1573 1420 1607 civitatem,
1437 1575 1464 1601 et
1480 1573 1641 1602 voluerunt
1658 1573 1842 1610 praecipitare

1057 1627 1127 1648 eum
1143 1619 1180 1647 de
1194 1620 1352 1656 supercilio
1368 1620 1487 1648 montis.
1504 1621 1581 1656 Luc.,
1596 1628 1637 1649 iv.

1093 1667 1219 1700 Quando
1243 1667 1400 1696 satiaverat
1427 1668 1569 1696 Dominus
1595 1669 1678 1696 lesus
1704 1666 1839 1704 quinque

1056 1713 1152 1742 millia
1175 1714 1333 1743 hominum
1366 1714 1403 1743 de
1437 1715 1571 1751 quinque
1600 1715 1745 1752 panibus,
1773 1717 1840 1748 etc.‚

1055 1761 1147 1796 Joan.‚
1162 1770 1199 1790 νι.

1093 1808 1230 1836 Yidcntes
1251 1809 1294 1837 illi
1317 1809 1354 1837 de
1374 1808 1488 1845 populo
1508 1808 1678 1837 Judoeorum
1699 1809 1839 1837 Lazarum

1055 1855 1227 1883 suscitatum
1240 1877 1249 1891 ,
1267 1859 1294 1883 ct
1309 1855 1404 1883 multa
1423 1855 1482 1884 alia
1500 1855 1645 1884 miracula
1658 1854 1737 1883 facta
1750 1855 1839 1883 fuisse

1054 1909 1108 1938 per
1128 1902 1287 1930 Dominum
1302 1903 1413 1937 Jesum,
1428 1905 1576 1930 venerunt
1589 1902 1616 1930 ei
1632 1902 1756 1930 obviam
1770 1909 1840 1931 cum

1054 1957 1166 1984 magno
1181 1949 1310 1984 honore;
1326 1952 1456 1978 attamen
1472 1950 1503 1978 in
1518 1958 1602 1985 sero,
1621 1949 1840 1986 circumspectis

1054 1996 1211 2032 omnibus,
1226 1997 1377 2025 neminem
1390 1997 1517 2031 invenit,
1539 1997 1591 2033 qui
1606 2005 1674 2025 eum
1688 1997 1727 2025 ad
1740 1996 1839 2033 hospi—

1054 2045 1127 2072 tium
1152 2045 1298 2073 invitaret.
1324 2046 1362 2073 De
1389 2044 1435 2073 his
1459 2047 1607 2080 narratur,
1630 2045 1745 2081 Mutua„
1766 2053 1836 2079 xxi;

1053 2092 1154 2127 Marc,
1170 2100 1213 2127 ιη
1230 2093 1307 2126 Luc,
1322 2100 1391 2128 xix,
1405 2093 1497 2127 Joan„
1514 2100 1565 2120 xii.

1089 2142 1160 2168 Ante
1183 2140 1317 2176 quinque
1337 2140 1400 2168 dies
1421 2139 1540 2168 Paschoe
1561 2140 1721 2168 Dominum
1738 2141 1837 2168 Jesum

1052 2187 1220 2215 venientem
1241 2187 1272 2215 in
1292 2186 1473 2215 Hierusalem
1492 2187 1603 2223 recepit
1623 2187 1754 2223 populus
1767 2195 1836 2215 cum

1053 2243 1166 2270 magno
1181 2234 1312 2271 tripudio
1327 2237 1355 2263 et
1369 2234 1496 2269 honore,
1507 2237 1534 2262 et
1544 2242 1598 2270 per
1610 2234 1835 2262 hebdomadam

1053 2282 1150 2310 omnis
1169 2284 1300 2318 populus
1318 2284 1385 2310 erat
1403 2289 1564 2318 suspensus
1586 2281 1625 2310 ad
1646 2282 1738 2310 verba
1756 2283 1833 2317 ejus,

1052 2332 1079 2357 et
1100 2337 1187 2358 mane
1205 2329 1365 2358 veniebant
1388 2329 1426 2357 ad
1451 2337 1521 2357 eum
1545 2329 1576 2357 in
1595 2328 1708 2365 templo
1730 2329 1834 2357 audire

1051 2384 1134 2412 eum,
1152 2376 1226 2405 feria
1238 2385 1310 2406 vero
1325 2378 1407 2405 sexta
1422 2376 1452 2404 in
1469 2376 1517 2404 die
1531 2383 1711 2413 parasceves
1724 2375 1833 2404 clama-

1050 2425 1158 2451 verunt
1177 2432 1299 2452 omnes:
1318 2433 1332 2450 «
1352 2423 1495 2460 Crucifige
1515 2432 1594 2452 eum.
1611 2434 1625 2452 »
1642 2424 1717 2459 Luc„
1739 2430 1789 2452 xxr
1806 2425 1833 2450 et

1050 2478 1138 2507 xx111;
1153 2472 1245 2504 Joun„
1260 2479 1332 2500 xvru
1347 2474 1375 2499 et
1390 2479 1452 2500 xix.

1086 2519 1173 2547 Facta
1187 2526 1261 2547 voce
1275 2518 1394 2555 spiritus
1404 2518 1597 2554 vehementis,
1608 2517 1745 2546 convenit
1755 2517 1832 2546 mul-

1050 2565 1161 2601 titudo,
1181 2568 1208 2594 et
1228 2567 1326 2594 mente
1351 2566 1474 2594 confusa
1497 2568 1553 2602 est,-
1579 2565 1704 2602 quidam
1731 2567 1830 2594 autem

1050 2612 1233 2648 irridebant,
1253 2613 1401 2642 dicentes:
1421 2622 1435 2640 α
1454 2613 1529 2648 Quia
1547 2614 1644 2643 musto
1663 2613 1743 2650 pleni
1763 2615 1831 2643 sunt

1082 2714 1113 2742 (α)
1131 2714 1191 2738 Coet.
1209 2713 1272 2738 edit.
1289 2721 1345 2745 por.
