2004 3037
527 172 577 206 DE
596 173 930 208 BEATITUDINIBUS
953 176 1229 210 EVANGELlClS.
1254 178 1342 210 CAP.
1366 178 1432 210 Vll.

386 288 580 323 CAPUT
623 288 722 324 VII.

454 362 491 390 De
510 361 657 389 Patientia.

201 432 239 460 Dc
253 431 409 468 patientia,
425 439 491 468 quoe
509 433 551 459 est
570 433 674 460 octava
689 433 715 460 et
734 432 839 461 ultima
853 433 945 461 beati-

165 478 253 514 tudo,
270 478 403 507 notanda
421 479 488 506 sunt
503 477 668 515 specialiter
683 481 820 515 quatuor,
836 480 946 508 scilicet

165 525 312 562 patientiae
332 525 513 560 testimonia,
535 525 682 561 patientiae
705 526 869 562 beneficia,
893 535 946 563 pa·

153 572 271 601 ‘tientioe
285 572 438 607 exercitia,
454 573 481 600 et
494 572 642 608 patientiae
658 572 818 608 adJutoria.

200 620 282 649 Circa
302 620 448 657 patientiae
470 620 560 656 igitur
583 620 766 655 testimonia,
791 622 818 648 et
840 621 945 649 laudes

164 668 242 704 ejus,
258 667 356 704 primo
370 668 438 695 sunt
455 667 510 695 tria
524 667 672 702 notanda,
690 667 800 695 scilicet
816 668 886 704 quia
903 671 945 696 est

163 713 409 751 prudentissima,
437 714 654 748 strenuissima,
684 717 711 742 et
735 714 942 743 nobilissima:

162 761 392 798 prudentissima
415 761 454 789 ad
475 761 654 796 regendu1n3
681 761 883 789 strenuissima
904 762 944 790 ad

161 808 353 843 bellandum3
391 811 419 836 et
450 808 636 836 nobilissima
672 809 710 836 ad
744 809 941 844 regnandum.

163 855 260 883 Primo
285 855 372 891 igitur
398 855 539 890 patientia
561 858 603 882 est
623 855 662 883 ad
686 856 852 891 regendum
871 865 943 892 pru-

41 908 150 931 Patientia
164 902 345 931 dentissima.
362 904 394 930 Et
415 904 499 938 nota,
523 902 607 939 quod
622 902 653 930 in
675 903 770 930 tribus
791 904 871 939 patet
890 903 943 931 ho-

41 939 150 991 ιξζᾞέξὲ]
163 949 251 977 minis
270 949 410 986 patientia
430 949 599 986 prudentis,
622 949 731 977 scilicet
746 950 942 986 acquirendo,

40 1002 84 1023 bus
99 1008 147 1023 cer·
163 996 386 1031 conservando,
408 998 435 1024 et
453 996 690 1032 multiplicando.
708 997 838 1024 Prudens
863 998 942 1025 enim

42 1034 110 1055 ”³¹³¹
161 1043 229 1072 facit
242 1044 356 1071 solvere
371 1043 473 1071 omnia
488 1043 588 1071 debita
599 1051 653 1071 sua
668 1043 704 1071 de
720 1043 775 1077 his,
788 1052 853 1079 quae
868 1045 943 1073 nihil

160 1090 300 1118 videntur
315 1090 433 1125 valere,
455 1089 565 1118 scilicet
588 1090 625 1118 de
641 1090 727 1118 malis
748 1099 858 1127 poenae,
876 1100 942 1127 quae

159 1137 282 1165 sustinet
296 1139 327 1165 ut
342 1139 416 1165 Deus
429 1137 556 1165 remittat
569 1138 625 1166 sibi
641 1138 775 1166 debitum
789 1139 883 1175 culpae
888 1149 896 1175 ,-
914 1141 942 1167 et

159 1185 305 1213 solvendo
317 1185 391 1213 nihil
402 1185 542 1221 expendit
555 1185 592 1213 de
605 1194 669 1221 suo,
683 1186 743 1213 imo
755 1186 791 1214 de
802 1186 858 1220 his,
875 1195 941 1222 quce

159 1232 274 1268 accepit
288 1232 325 1260 ab
340 1232 439 1266 initio,
459 1233 532 1260 sicut
553 1233 589 1260 de
610 1233 781 1270 opprobriis
796 1236 823 1261 et
838 1237 939 1262 contu-

159 1279 270 1314 meliis,
291 1279 379 1307 solvit
403 1288 599 1316 quercumque
626 1282 654 1308 et
677 1280 827 1316 quidquid
851 1281 940 1309 debet

158 1327 229 1361 Deo,
247 1328 274 1354 et
287 1335 355 1355 cum
368 1326 471 1354 alienis
485 1335 516 1354 se
530 1327 701 1362 retinendo,
719 1327 771 1355 scit
785 1327 938 1363 acquirere

158 1373 284 1409 gratiam
305 1374 336 1401 in
357 1375 510 1410 praesenti,
531 1377 559 1402 et
580 1374 708 1410 gloriam
727 1375 758 1402 in
779 1374 888 1402 futuro.
908 1377 939 1403 Et

158 1420 227 1448 ideo
247 1420 352 1448 dicitur
367 1422 393 1448 ²:
415 1421 460 1448 Ab
475 1422 610 1456 Aquilone
626 1430 722 1448 aarum
745 1424 833 1454 venit,
857 1422 938 1457 quod

157 1468 272 1505 patiens
295 1468 421 1504 acquirit
440 1468 470 1495 in
486 1468 687 1496 tribulatione.
709 1470 778 1496 ltcm
800 1469 937 1505 patientis

157 1515 316 1552 prudentia
330 1517 409 1551 patet
421 1515 452 1542 in
467 1515 683 1549 conservando,
699 1516 770 1551 quia
787 1524 854 1544 cum
870 1525 936 1552 per-

158 1562 201 1590 dit
223 1562 304 1590 bona
330 1561 520 1598 temporalia,
546 1561 650 1589 retinet
672 1564 700 1589 et
724 1562 834 1590 claudit
855 1563 937 1592 bona

157 1609 331 1645 spiritualia.
344 1611 363 1636 E
375 1609 522 1636 contrario
535 1608 612 1643 facit,
626 1609 676 1644 qui
690 1609 862 1645 patientiam
875 1619 936 1638 non

157 1655 260 1684 habet:
276 1656 327 1693 qui
343 1664 412 1683 cum
427 1655 533 1683 amittit
546 1656 626 1683 bona
643 1656 798 1691 exteriora,
812 1657 937 1685 effundit

157 1704 280 1737 aeterna,
298 1704 326 1730 et
341 1703 422 1730 bona
435 1702 592 1737 interiora,
609 1704 637 1730 et
651 1703 692 1730 sic
708 1706 796 1738 auget
811 1704 936 1740 capitale

158 1751 282 1786 diaboli,
298 1751 510 1787 respondendo
525 1751 564 1779 ad
578 1752 670 1779 verba
685 1753 711 1779 et
728 1752 767 1780 ad
782 1755 935 1781 contume-

157 1798 212 1827 lias
227 1798 353 1832 inimici,
372 1800 399 1826 et
422 1798 547 1826 associat
560 1799 675 1826 hostem
690 1807 792 1834 suum,
809 1808 847 1827 ne
861 1800 936 1828 forte

157 1847 248 1874 vadat
262 1846 343 1874 solus
357 1846 387 1873 in
402 1846 561 1874 infernum.
577 1846 648 1874 Male
667 1846 756 1882 igitur
772 1848 823 1883 qui
838 1848 934 1884 impa-

157 1893 231 1920 tiens
244 1895 286 1920 est
301 1892 427 1920 custodit
442 1893 557 1921 divitias
573 1901 654 1927 suas,
671 1894 722 1929 qui
735 1902 803 1921 cum
818 1895 934 1931 aliquid

157 1939 267 1975 perdit,
284 1939 371 1966 etiam
386 1939 538 1966 residuum
553 1939 686 1967 effundit.
703 1940 772 1968 ldeo
789 1941 896 1969 dicitur
906 1942 932 1970 ²:

159 1987 212 2019 Qui
226 1988 371 2021 impatiens
393 1989 444 2017 est,
461 1988 604 2013 sustinebit
624 1987 762 2014 damnum.
780 1989 938 2017 Prudentia

159 2033 247 2061 etiam
270 2032 406 2068 patientis
437 2035 517 2068 patet
541 2033 572 2060 in
600 2033 842 2069 multiplicando,
867 2036 938 2071 quia

158 2081 244 2116 sputa
259 2082 286 2107 et
300 2079 464 2115 opprobria
479 2080 532 2107 scit
546 2083 659 2107 mutare
674 2080 705 2107 in
727 2089 833 2108 aurum
849 2084 876 2109 et
891 2090 937 2110 ar<

158 2128 290 2162 gentum,
308 2130 335 2154 et
348 2126 464 2162 lapides
478 2127 632 2162 pretiosos.
650 2130 711 2163 lpse
728 2127 807 2155 enim
823 2128 861 2156 ad
876 2137 938 2156 mo-

159 2173 231 2201 dum
249 2174 308 2201 ursi
327 2173 503 2201 verberibus
517 2173 731 2209 impinguatur,
750 2177 777 2202 ct
790 2175 881 2203 instar
893 2184 938 2204 sa-

158 2220 321 2249 lamandrae
345 2220 412 2255 igne
433 2220 632 2248 tribulationis
656 2221 789 2255 fovetur3
815 2224 842 2249 ct
865 2222 938 2251 sicut

159 2268 258 2295 asinus
278 2267 439 2303 pungitivis
454 2268 593 2303 pascitur,
613 2268 687 2296 sicut
700 2269 823 2297 struthio
840 2278 937 2297 come-

159 2314 202 2342 dit
215 2315 327 2342 serrum
348 2316 375 2342 et
389 2315 491 2342 omnia
506 2314 595 2350 dura,
612 2315 686 2343 sicut
703 2316 790 2351 piscis
805 2317 938 2344 marinus

160 2362 261 2389 crescit
276 2362 306 2388 in
322 2370 401 2398 aqua
419 2361 496 2390 salsa
512 2364 539 2389 et
560 2370 675 2397 amara,
693 2363 724 2390 id
744 2366 801 2398 est,
817 2364 938 2392 tribula-

159 2408 287 2436 tionibus
307 2411 334 2436 et
355 2409 559 2445 passionibus,
585 2411 612 2437 et
634 2411 745 2438 tantam
762 2411 815 2438 scit
837 2411 866 2438 in
890 2420 938 2439 nc-

161 2455 241 2489 gotio
257 2455 367 2483 habere
383 2455 570 2489 industriam,
585 2458 617 2483 ut
631 2465 684 2492 per
698 2457 797 2485 hostes
812 2467 881 2486 suos
896 2459 938 2486 fa-

161 2501 217 2528 ciat
231 2501 287 2530 sibi
298 2502 443 2530 fabricare
459 2511 611 2538 coronam,
624 2503 737 2532 dicente
749 2505 900 2533 Psalmista
912 2508 937 2534 ³:

161 2547 251 2582 Supra
279 2549 387 2576 dorsum
421 2558 507 2578 meum
540 2551 743 2583 fabricaverant
776 2556 936 2587 peccatores.

195 2610 203 2626 ¹
217 2610 274 2641 lob,
293 2617 399 2642 xxxvu,
416 2614 455 2637 24.
474 2626 505 2630 —
525 2614 535 2629 ²
551 2614 635 2642 Prov„
655 2619 713 2644 xw,
733 2616 771 2639 29.
791 2629 821 2633 —
840 2616 849 2632 3
869 2616 937 2640 Psal.

163 2651 276 2677 cxxvni,
291 2648 315 2671 3.
336 2661 362 2665 -
382 2648 392 2664 Β
410 2648 494 2679 Ριόυ.,
511 2655 569 2679 xvi,
585 2651 624 2673 32.
642 2662 667 2666 —
688 2650 695 2663 ⁵
713 2650 782 2681 Gal„
797 2657 836 2682 w,
855 2653 890 2677 17.
909 2665 937 2670 ·—-

1730 181 1789 211 325

1004 244 1110 279 Magna
1124 246 1167 272 est
1184 244 1274 281 igitur
1288 245 1448 282 prudentia
1462 245 1613 282 patientis,
1630 245 1713 283 quod
1728 247 1789 274 tam

1002 290 1164 326 prudenter
1186 291 1238 320 scit
1257 293 1428 329 acquirere,
1449 301 1625 322 conservare
1640 295 1668 322 et
1689 292 1789 321 multi-

1002 336 1113 373 plicare
1128 338 1210 367 bona
1224 347 1287 368 sua.

1039 386 1175 414 Secundo
1190 386 1332 422 patientia
1348 388 1390 414 cst
1404 386 1445 415 ad
1457 386 1636 415 bellandum
1646 387 1788 416 strenuis·

1002 432 1092 467 sima,
1110 432 1181 469 quia
1196 433 1237 461 ait
1257 433 1380 470 Sapiens
1395 434 1424 461 ⁸:
1444 435 1541 462 Melior
1556 436 1595 462 est
1607 436 1715 470 patiens
1729 436 1788 463 viro
1804 458 1877 480 unitas
1887 459 1910 481 in

1001 480 1079 513 forti.
1097 481 1129 507 Et
1143 482 1220 515 nota,
1237 480 1321 517 quod
1337 480 1492 508 strenuitas
1508 481 1645 517 patientis
1663 483 1744 518 patet
1757 481 1788 510 in
1821 490 1893 512 tribus

1001 525 1111 560 tribus‘,
1132 527 1242 555 scilieet
1261 527 1285 555 si
1307 527 1442 555 attendas
1461 528 1620 563 pugnantis
1641 528 1788 564 animum,
1802 523 1901 548 ‘'PFU“-

1000 573 1156 609 pugnandi
1172 574 1314 610 modum,
1330 576 1358 602 et
1376 574 1533 610 pugnandi
1549 577 1674 603 scutum.
1691 575 1787 603 Primo

1001 627 1072 655 crgo
1098 620 1214 656 patiens
1235 621 1326 649 habet
1349 621 1484 649 animum
1508 621 1597 650 valde
1619 623 1786 658 strenuum,

1001 667 1072 703 quia
1086 667 1154 703 plus
1167 667 1232 695 vult
1244 676 1394 703 pugnare,
1407 676 1500 704 quam
1516 676 1653 704 pausare.
1675 669 1787 698 Glorio-

1003 714 1062 741 sius
1076 716 1105 742 et
1116 714 1288 749 generosius
1299 716 1340 743 est
1350 715 1435 743 militi
1448 717 1525 743 stare
1540 715 1571 743 in
1586 715 1681 751 bello,
1694 724 1786 752 quam

999 761 1031 788 in
1045 761 1170 796 balneo,
1188 769 1250 789 esse
1271 762 1301 789 in
1321 769 1427 798 campo
1450 771 1518 790 cum
1539 771 1626 798 rege,
1649 771 1742 800 quam
1756 764 1788 793 in

999 808 1074 836 lecto
1100 816 1169 836 cum
1191 808 1333 844 muliere;
1359 811 1470 837 certare
1494 809 1526 837 in
1551 818 1668 846 pugna,
1694 819 1787 847 quam

999 856 1140 885 delectari
1151 856 1182 884 in
1192 865 1311 893 mcnsa3
1325 859 1352 885 et
1364 860 1482 894 portare
1498 866 1581 886 arma
1593 858 1682 894 regis,
1695 867 1787 895 quam

998 903 1133 931 fimbrias
1153 904 1296 932 mulieris.
1315 905 1394 932 Unde
1417 905 1488 933 dicit
1507 905 1666 941 Apostolus
1681 906 1709 934 ⁵:
1729 908 1786 941 Eyo

999 953 1070 978 enim
1087 953 1219 985 stigmata
1242 953 1352 978 Domini
1371 953 1433 979 Jesa
1453 953 1482 979 in
1504 960 1612 987 corpore
1626 961 1681 980 meo
1697 957 1784 988 porto.

998 998 1134 1026 Secundo
1158 998 1274 1034 patiens
1298 998 1389 1026 habet
1409 998 1440 1026 in
1468 999 1633 1034 pugnando
1659 1000 1786 1029 modum

997 1045 1085 1073 valde
1107 1048 1271 1073 strenuum.
1297 1048 1360 1082 lpse
1385 1047 1465 1074 enim
1488 1046 1550 1074 sine
1579 1046 1650 1082 fuga
1670 1047 1785 1082 evadit,

997 1092 1059 1120 sine
1075 1093 1134 1120 ictu
1151 1093 1200 1120 teli
1215 1093 1339 1128 recedit,
1360 1093 1422 1121 sine
1443 1094 1668 1129 repercussione
1683 1094 1785 1129 vincit,

997 1142 1024 1167 et
1040 1140 1115 1167 adeo
1131 1142 1173 1167 est
1187 1140 1217 1167 in
1233 1142 1397 1176 pugnando
1413 1143 1562 1176 strenuus,
1579 1141 1663 1177 quod
1681 1143 1784 1170 contra

995 1186 1112 1214 hostem
1126 1194 1186 1214 nou
1202 1187 1281 1214 levat
1295 1187 1438 1215 festucam
1453 1187 1492 1215 de
1508 1190 1596 1222 terra,
1608 1189 1639 1216 ut
1650 1188 1690 1216 ait
1702 1188 1783 1217 Psal-

995 1234 1082 1261 mista
1096 1235 1120 1261 ⁶:
1144 1235 1284 1269 Confreqit
1307 1237 1443 1270 potentias
1464 1243 1575 1262 arcuum
1594 1235 1641 1272 (a),
1665 1239 1783 1271 scutum,

994 1282 1128 1316 gladium,
1141 1283 1166 1308 et
1177 1282 1283 1308 bellam.
1297 1282 1392 1309 Tertio
1405 1282 1520 1318 patiens
1533 1282 1563 1310 in
1575 1291 1678 1318 pugna
1692 1283 1784 1311 habet

994 1329 1214 1356 nobilissimum
1239 1331 1364 1357 scutum.
1388 1332 1420 1358 Et
1444 1332 1534 1364 nota,
1560 1330 1644 1366 quod
1667 1332 1783 1358 scutum
1799 1343 1905 1365 Patientis

993 1377 1141 1413 patientiae
1168 1377 1258 1404 debet
1278 1385 1340 1404 esse
1366 1377 1569 1412 triangulum:
1591 1377 1622 1404 iu
1650 1377 1782 1405 inferiori
1808 1376 1895 1426 acutam

995 1424 1074 1451 enim
1089 1424 1203 1459 angulo
1220 1424 1308 1451 debet
1324 1432 1386 1452 esse
1403 1425 1492 1452 timor
1502 1424 1654 1460 supplicii,
1668 1425 1699 1452 in
1714 1425 1783 1453 dex·
1798 1412 1903 1459 agaso.

993 1473 1038 1498 tro
1064 1479 1150 1498 amor
1174 1471 1320 1506 proximi5
1347 1471 1377 1498 in
1402 1471 1518 1499 sinistro
1542 1471 1641 1507 passio
1662 1472 1780 1508 Christi,
1797 1467 1856 1490 beat.

990 1518 1074 1553 juxta
1100 1518 1176 1545 illud
1195 1519 1227 1545 ⁷:
1257 1519 1342 1545 Dabis
1366 1520 1404 1546 eis
1427 1522 1531 1546 scutum
1553 1519 1641 1546 cordis
1666 1520 1782 1549 laborem

993 1568 1079 1592 tuum.
1103 1567 1134 1592 Et
1155 1565 1241 1600 juxta
1260 1565 1335 1592 illud
1350 1566 1379 1592 ³:
1401 1566 1509 1593 Christo
1536 1567 1625 1599 iqitur
1650 1568 1679 1593 in
1702 1575 1782 1595 carne

990 1620 1085 1647 passo,
1107 1614 1132 1639 et
1147 1620 1192 1639 vos
1209 1612 1299 1639 eadem
1316 1614 1480 1646 coyitatione
1494 1615 1655 1645 armamini.
1672 1615 1705 1640 Et
1725 1613 1782 1642 hoc

992 1661 1106 1686 scutum
1127 1659 1249 1686 sustinet
1264 1659 1365 1687 omnia
1380 1659 1452 1694 tela,
1475 1661 1503 1687 et
1522 1660 1689 1695 specialiter
1704 1661 1778 1697 tria,

991 1706 1102 1734 scilicet
1121 1706 1265 1733 damnum
1288 1714 1403 1741 rerum,
1426 1706 1577 1734 molestias
1599 1715 1777 1743 corporum,

992 1755 1020 1781 et
1034 1753 1229 1781 contumelias
1245 1753 1417 1781 verborum.
1428 1757 1502 1783 Cum
1516 1754 1574 1782 hoc
1590 1757 1674 1782 scuto
1685 1755 1778 1783 homo

992 1809 1023 1828 se
1050 1800 1216 1828 conformat
1243 1801 1387 1829 voluntati
1416 1801 1551 1836 Domini,
1581 1802 1779 1830 correctiones

993 1849 1055 1884 ejus
1071 1849 1261 1884 sustinend03
1278 1848 1369 1876 vincit
1384 1848 1552 1882 diabolum,
1569 1849 1632 1884 ejus
1647 1850 1779 1878 tentatio-

992 1903 1045 1923 nes
1068 1895 1241 1931 evadendo,
1267 1896 1429 1923 sanctificat
1453 1897 1660 1932 semetipsum,
1682 1897 1778 1925 carnis

994 1943 1178 1977 afflictioneS,
1195 1945 1222 1970 et
1237 1944 1388 1978 passiones
1404 1943 1538 1979 corporis
1554 1943 1722 1972 tolerando.
1739 1946 1778 1972 De

993 1989 1162 2017 strenuitate
1174 1990 1310 2025 patientis
1321 1990 1391 2017 dicit
1402 1990 1559 2026 Apostolus
1572 1991 1581 2007 ⁹
1594 1992 1660 2018 :Per
1669 1993 1778 2026 patien-

994 2038 1063 2063 tiam
1081 2045 1219 2063 car-ramus
1240 2037 1276 2063 ad
1289 2038 1459 2072 propositum
1479 2038 1553 2064 nobis
1573 2039 1716 2064 terminum
1731 2037 1776 2073 (b).

1029 2084 1122 2111 Tertio
1146 2084 1287 2118 patientia
1310 2085 1353 2111 est
1376 2083 1416 2110 ad
1438 2084 1628 2118 regnandum
1652 2084 1777 2111 nobilis-

998 2130 1083 2165 sima,
1099 2131 1170 2166 quia
1184 2131 1290 2158 dicitur
1303 2131 1320 2146 ¹⁰
1334 2132 1428 2158 :Beati
1438 2133 1486 2165 qai
1498 2133 1708 2166 persecutionem
1723 2140 1776 2166 pan

995 2179 1102 2204 timztur
1124 2180 1236 2213 propter
1256 2178 1414 2212 justitiam,
1440 2179 1568 2212 quoniam
1591 2180 1711 2213 ipsorum
1738 2182 1777 2207 est

993 2233 1105 2259 requam
1121 2226 1254 2252 caeloram.
1277 2227 1308 2253 Et
1329 2227 1409 2259 nota,
1427 2225 1509 2260 quod
1527 2225 1619 2253 homo
1634 2225 1776 2261 pacificus
1826 2240 1898 2260 Homo

994 2273 1089 2307 potest
1111 2271 1168 2299 dici
1190 2280 1242 2300 rex
1266 2272 1413 2308 praecipue
1435 2274 1557 2308 propter
1577 2273 1648 2306 tria,
1668 2273 1777 2301 scilicet
1791 2271 1897 2297 1¹³0ffi011³

995 2319 1065 2355 quia
1081 2319 1175 2354 regali
1195 2319 1330 2347 dominio
1347 2319 1487 2346 omnibus
1508 2319 1689 2355 dominatur,
1707 2320 1776 2356 quia
1800 2304 1890 2353 i'rrssprtg}

994 2366 1033 2394 ad
1052 2367 1151 2402 regale
1171 2367 1331 2403 prandium
1351 2366 1500 2401 invitatur,
1522 2368 1550 2394 et
1569 2367 1640 2403 quia
1660 2368 1716 2395 sibi
1731 2376 1776 2396 re·
1791 2364 1833 2415 ῗίθέ
1857 2371 1897 2391 ΡΟ·

995 2416 1061 2451 gale
1085 2416 1232 2444 ferculum
1253 2416 1445 2443 ministratur.
1463 2415 1559 2443 Primo
1582 2416 1662 2443 enim
1684 2416 1776 2444 homo
1801 2401 1842 2415 ω’

994 2463 1108 2498 patiens
1117 2471 1169 2490 rex
1181 2463 1298 2497 dicitur,
1312 2462 1384 2498 quia
1396 2462 1486 2490 habet
1496 2463 1595 2498 regale
1607 2463 1776 2490 dominium

994 2511 1024 2537 in
1041 2511 1199 2538 omnibus:
1215 2519 1285 2538 nam
1299 2510 1420 2546 patienti
1432 2511 1562 2538 serviunt
1577 2510 1693 2544 omnia,
1710 2517 1776 2546 quae

1824 395 1910 417 Patien-

1803 425 1831 446 tin
1854 428 1911 449 stre-

995 2577 1005 2593 ⁶
1020 2577 1087 2601 Psal.
1105 2583 1182 2607 Lxxv,
1200 2578 1222 2601 4.
1239 2590 1270 2594 -
1288 2577 1295 2590 ⁷
1315 2576 1411 2605 Thr-em,
1431 2582 1471 2607 111,
1488 2578 1527 2600 65.
1541 2590 1567 2594 -
1590 2578 1597 2591 ⁵
1614 2577 1623 2600 1
1639 2577 1719 2607 Petra,
1737 2582 1773 2607 iv,

997 2615 1017 2637 l.
1034 2627 1063 2631 —
1077 2616 1085 2624 ⁴·
1102 2613 1167 2637 Helu·
1180 2631 1187 2641 ,
1203 2618 1251 2641 xii,
1270 2615 1331 2636 1.—
1348 2613 1366 2629 ¹⁰
1380 2613 1482 2640 Alaina„
1500 2618 1522 2639 v,
1544 2614 1579 2637 10.

1028 2658 1059 2686 (ιι)
1077 2656 1137 2680 caet.
1154 2655 1214 2680 edit.
1229 2662 1324 2679 arcum.
1340 2668 1366 2672 -—
1386 2654 1417 2686 (b)
1436 2655 1510 2686 Vulg.
1524 2656 1656 2679 certamen.
