2004 3037
184 210 244 242 426

186 276 319 313 operari,
334 283 370 305 ac
384 277 488 305 contra
507 276 663 312 ordinem,
682 286 858 315 perversum
876 280 928 307 est.
944 289 959 306 »

185 325 218 352 Et
231 316 313 359 quia',
327 322 402 351 sicut
416 322 487 351 dicit
498 323 697 352 Linconiensis
705 325 821 353 ibidem
834 335 842 354 :
857 335 871 352 u
881 325 961 365 Ordo

186 369 293 398 dicitur
311 371 440 406 potestas
453 378 472 398 a
486 371 544 398 Deo
558 371 667 399 tradita
680 371 721 400 ad
740 371 961 409 disponendum

185 424 269 445 sacra
283 417 385 445 omnia
394 417 529 453 potestati
537 426 597 446 suae
611 418 753 454 subjecta,
763 429 776 444 n
786 419 855 447 ideo
868 419 961 447 homo

185 463 307 492 interius
324 464 476 493 ordinatus
485 473 538 501 per
547 465 618 493 istos
628 468 686 494 tres
696 465 818 502 gradus,
826 465 860 494 fit
874 465 962 494 etiam

187 510 340 539 ordinatus
355 513 490 548 respectu
504 512 688 540 interiorum.

224 567 238 584 α
253 557 399 594 Septimus
412 557 501 593 ordo,
519 558 570 595 qui
585 561 627 586 est
644 559 765 587 infimus
778 559 809 587 in
823 567 964 596 suprema

185 604 235 633 vel
255 613 373 633 summa
386 604 550 634 hierarchia
574 606 692 641 mentis,
713 614 766 642 per
786 606 892 634 mentis
913 614 964 634 ex-

187 659 285 680 cessus
312 652 494 690 susceptivus
526 655 569 682 cst
596 653 690 681 divini
717 653 961 690 superadventus.

187 699 268 727 Unde
282 699 470 728 Thronorum
481 701 603 729 nomine
617 703 762 734 censetur,
773 702 802 728 et
811 702 884 737 quot
897 702 965 728 sunt

187 746 269 775 sinus
284 747 408 782 mentis,
424 747 485 775 sive
505 747 681 784 capacitates
703 747 783 775 illius
804 747 964 783 supersub-

188 793 331 822 stantialis
346 794 450 822 solaris
465 794 557 828 radii,
573 794 804 831 supersimplieis
818 794 850 821 in
868 801 965 822 essen-

187 840 238 874 tia,
254 842 282 869 et
302 840 476 877 multiplicis
499 841 530 869 in
552 841 696 878 efficacia,
719 842 763 868 tot
782 841 849 868 sunt
867 840 965 868 throni

188 888 305 916 mentis.
336 888 444 916 Throni
463 890 562 917 autem
586 888 754 917 inconcussi
782 888 966 916 collocantur

189 983 245 1017 tus,
263 985 290 1010 et
304 984 372 1010 sunt
386 982 556 1017 deiformes,
572 985 599 1010 et
612 982 794 1010 familiariter
815 982 908 1018 aperti
927 981 966 1010 ad

190 1030 281 1056 Deum
295 1029 326 1056 in
342 1036 372 1057 se
386 1029 617 1065 suscipiendum.
642 1040 655 1054 »
678 1030 743 1057 Haec
763 1029 965 1057 Yereellensis.

189 1077 274 1111 Hugo
289 1083 361 1104 vcro
378 1075 458 1104 idem
474 1076 544 1104 dicit
559 1078 566 1093 ¹
581 1086 588 1104 :
607 1086 620 1102 ι(
631 1076 775 1105 Subsellia
792 1077 851 1111 Dei,
862 1077 893 1105 id
908 1079 965 1113 est,

189 1122 292 1150 sedilia
316 1122 508 1151 sublevantur
522 1131 574 1159 per
588 1123 772 1159 dignitatem,
784 1123 968 1152 collocantur

188 1178 242 1206 per
257 1170 455 1205 stabilitatem,
471 1172 563 1198 Deum
581 1171 789 1199 advenientem
809 1171 840 1198 in
859 1179 889 1199 se
905 1179 966 1199 sus-

190 1217 303 1253 cipiunt
326 1220 353 1245 et
376 1217 495 1253 ferunt,
521 1218 591 1254 quia
613 1218 687 1246 fiunt
711 1218 749 1246 ad
767 1218 968 1254 susceptiones

189 1265 293 1300 aperti.
312 1275 324 1289 n
343 1266 405 1292 llaec
417 1265 475 1292 illc.

230 1321 243 1336 «
265 1311 390 1338 Octavus
405 1311 489 1346 ordo,
507 1311 567 1340 sive
588 1312 708 1347 gradus,
730 1312 781 1348 qui
797 1314 839 1340 est
852 1313 968 1341 medius

189 1357 220 1385 in
236 1366 354 1385 summa
370 1358 534 1386 hierarchia
549 1361 665 1394 mentm,
681 1359 755 1387 sicut
771 1359 840 1387 dicit
854 1360 968 1388 Vercel-

190 1405 291 1439 lensis,
308 1406 437 1434 continet
448 1406 654 1435 omnimodam
669 1407 870 1443 cognitionem
885 1407 969 1436 intel-

189 1452 298 1486 lectus,
316 1455 343 1480 et
360 1453 545 1481 affectionem
560 1454 680 1482 affectus
696 1455 731 1490 (tt)
749 1455 914 1483 intellectus
929 1457 970 1482 at-

191 1500 272 1527 tracti
284 1499 386 1527 divina
393 1500 574 1535 dignatione,
585 1509 644 1537 quo
653 1509 713 1529 non
722 1502 800 1529 valet
810 1502 968 1530 ascendere

190 1554 243 1582 per
257 1555 306 1580 se;
322 1549 349 1574 et
365 1547 476 1574 attracti
498 1548 634 1582 attectuS,
651 1550 750 1575 tamen
769 1549 802 1584 (b)
821 1549 970 1576 summita-

191 1595 249 1621 tem
265 1593 432 1624 intellectus
449 1594 561 1621 attracti
578 1601 638 1622 non
655 1595 837 1623 extendentis
853 1604 860 1622 ;
881 1595 969 1623 simul

192 1639 271 1667 enim
283 1640 482 1675 attrahuntur,
495 1644 522 1668 ct
532 1641 617 1677 quasi
629 1642 821 1669 coambulant
831 1642 892 1678 ipse
904 1642 972 1670 affe-

193 1689 256 1714 ctus
272 1690 298 1714 et
311 1687 486 1722 intellectus,
510 1696 603 1724 usque
619 1689 656 1716 ad
673 1689 869 1717 novissimum
891 1689 970 1718 dese-

193 1735 271 1760 ctum
296 1733 476 1768 intellectus,
501 1735 551 1771 qui
576 1737 617 1762 cst
641 1735 671 1762 in
693 1736 859 1763 summitate
881 1736 969 1771 hujus

194 1779 305 1807 ordinis
330 1780 505 1815 Cherubim,
531 1790 620 1817 quem
646 1782 857 1810 intellectuales
881 1783 969 1810 etiam

193 1828 332 1854 attractus
344 1834 405 1854 non
417 1827 570 1862 excedunt,
585 1828 637 1855 scd
651 1829 691 1855 ibi
702 1829 791 1856 habet
801 1838 860 1856 sure
874 1829 973 1865 cogni-

194 1873 282 1900 tionis
291 1873 888 1904 etsniluminisconsummationem.Unde
897 1877 972 1904 ordo

195 1920 255 1947 sive
269 1920 379 1955 gradus
395 1921 444 1949 illc
457 1922 598 1948 Cherubim
613 1924 745 1950 vocatur.
760 1933 773 1948 »
792 1925 854 1951 llaec
870 1923 930 1957 ille,
947 1927 974 1951 et

195 1967 302 1994 iterum
319 1967 388 1995 dicit
404 1968 444 1995 sic
459 1970 479 2003 ‘-',
499 1969 581 2004 qnod
595 1970 790 1997 manifestatio
806 1970 974 2006 interpreta-

196 2013 283 2040 tionis
298 2014 388 2048 hujus
399 2015 528 2042 nominis
544 2016 681 2043 Cherubim
695 2017 800 2051 signat,
815 2017 898 2052 quod
908 2017 975 2044 sub-

196 2060 308 2088 stantiae
324 2061 412 2096 liujus
433 2062 555 2097 ordinis,
571 2063 632 2090 sive
649 2063 769 2098 gradus,
792 2063 902 2091 habent
916 2064 974 2090 vir-

197 2109 286 2134 tutem
313 2107 490 2135 excellenter
520 2110 719 2144 cognitivum,
748 2112 775 2137 et
804 2110 975 2138 divinorum

198 2154 976 2192 mysterioruminspectivam,ctsupremaeintluitionis

198 2199 345 2227 luminum
357 2201 528 2228 divinorum
540 2206 604 2237 post
613 2204 765 2239 Seraphim
780 2203 976 2239 susceptivam

197 2246 414 2282 principaliter,
431 2249 691 2284 contemplativam
716 2250 823 2278 divinat
848 2250 977 2286 pulchri-

199 2292 322 2325 tudinis,
333 2301 423 2328 quani
438 2295 525 2322 etiam
539 2296 758 2324 communicant
777 2297 975 2324 inferioribus

239 2348 253 2364 (ι
268 2340 367 2367 Nonus
384 2340 458 2368 ordo
471 2341 531 2369 sive
548 2342 667 2376 gratius,
682 2343 734 2378 qni
748 2346 789 2370 est
799 2351 932 2371 summus
948 2344 978 2371 in

200 2394 320 2413 summa
330 2386 495 2415 hierarchia
504 2389 619 2423 mentis,
637 2390 765 2417 continet
780 2390 979 2425 principaliter

199 2432 229 2459 in
247 2434 339 2460 Deum
356 2442 431 2468 pura
453 2434 592 2470 suspiria,
614 2436 914 2471 superintellectualcs
929 2445 979 2464 cx-

200 2479 349 2506 tcnsioncs
372 2484 398 2507 et
413 2480 624 2515 i111111i»ioiies7
647 2482 775 2509 tiri-ittam
791 2483 936 2517 fulgores,
953 2486 979 2511 et

201 2526 332 2560 fulgidos
348 2527 489 2562 fervores,
500 2528 537 2554 atl
554 2537 682 2564 qnorum
694 2529 828 2557 oninium
839 2530 980 2557 sublimes

235 2601 240 2616 ¹
259 2600 338 2630 llng.‚
356 2608 411 2631 sup.
429 2603 492 2632 sept.
511 2610 566 2633 cap.
587 2602 646 2627 Cal.
667 2604 744 2633 lucr„
764 2603 807 2627 lili.
830 2604 886 2634 vn,
904 2605 979 2633 longe

201 2638 257 2658 nuti·
276 2636 343 2659 llinI.
362 2649 388 2653 —
406 2638 413 2650 ¹
433 2638 551 2668 hatelh,
568 2646 624 2670 :np⁴
641 2648 696 2669 inp.
711 2641 776 2670 ευμ-
793 2639 856 2663 Cal.
874 2642 980 2663 lymu—

202 2671 210 2687 ³
229 2671 297 2699 Luc„
318 2678 347 2701 λ,
375 2675 408 2696 12.
430 2686 459 2690 -
485 2677 490 2687 ¹
513 2676 596 2701 Cant.
621 2681 648 2702 ιι,
672 2678 691 2698 ³¹..
713 2688 743 2692 -
766 2676 775 2691 ὅ
800 2675 926 2706 1110113111.)
952 2676 980 2699 ule

591 209 642 242 DE
663 210 822 244 SEPTEM
843 209 1070 262 lTlNE-RIBUS
1091 211 1383 244 AETERNITATIS.

1015 285 1163 314 excessm,
1170 280 1198 307 et
1205 279 1592 315 excedentessublimitates,
1597 278 1792 317 intelligentia

1015 325 1092 354 trahi
1113 333 1175 354 non
1188 327 1295 362 potest,
1315 325 1368 354 sed
1387 326 1470 354 solus
1485 325 1608 355 affectus
1620 325 1793 363 principalis

1017 373 1076 400 Deo
1088 372 1219 400 unibilis.
1237 371 1404 416 insequitur
1420 381 1427 401 z
1445 382 1459 400 ι(
1474 374 1506 401 ln
1519 373 1576 401 hoe
1593 371 1699 401 ordine
1719 373 1792 402 offe-

1015 420 1122 447 runtur
1146 421 1204 447 Deo
1226 419 1375 448 orationes
1397 419 1580 455 castissimae,
1603 420 1712 457 quibus
1735 421 1792 449 Deo

1017 465 1226 494 assimilamur.
1241 467 1295 495 Iste
1315 467 1391 495 ordo
1406 467 1554 503 Sponsum
1561 467 1755 504 amplexatur,
1765 469 1795 496 et

1017 513 1122 549 Sponsi
1135 513 1324 550 amplexibus
1335 513 1508 548 admittitur,
1522 513 1677 550 speculum
1691 513 1793 549 nescit,

1017 559 1112 588 Mariae
1122 562 1238 596 partem
1246 560 1377 597 percepit
1385 561 1406 594 ³,
1420 569 1479 596 quoe
1489 569 1542 588 non
1552 561 1691 594 auferetur
1704 560 1738 588 ab
1752 568 1793 588 ea.

1019 606 1058 634 De
1074 606 1131 634 isto
1152 607 1256 635 ordine
1270 607 1331 635 sive
1344 607 1439 643 gradu
1463 606 1694 643 contemplativo
1707 606 1740 634 in
1750 606 1796 634 in·

1017 652 1141 681 seriores
1160 653 1281 681 ordines
1297 655 1325 682 et
1336 654 1446 689 gradus
1458 653 1600 689 seriatim,
1610 653 1642 681 id
1654 655 1707 688 est,
1717 653 1795 682 ordi-

1019 701 1086 728 nate
1105 699 1170 740 [luit
1194 699 1286 728 divini
1300 700 1421 728 luminis
1435 700 1600 729 inundatio.
1616 710 1630 727 ι)
1653 701 1718 729 llaec
1733 699 1794 729 ille.

1020 747 1091 774 Ecce
1112 741 1165 782 per
1188 746 1244 774 hos
1258 749 1315 775 tres
1338 747 1448 783 gradus
1472 755 1607 784 supernae
1625 746 1796 776 hierarchiae

1013 793 1126 823 ,mentis
1139 793 1287 828 humanae,
1299 793 1333 821 fit
1346 793 1438 823 homo
1455 796 1570 823 creatus
1584 797 1612 823 et
1625 795 1702 824 bene
1718 795 1796 824 ordi-

1021 842 1107 867 natus
1128 842 1262 876 respectu
1286 848 1501 877 supernorum,
1527 841 1638 870 scilicet
1663 843 1798 878 respectu

1022 886 1071 914 Dei
1087 894 1094 913 ε
1112 886 1184 914 dum
1205 886 1303 922 primo
1325 895 1378 923 per
1396 887 1524 923 gradum
1539 888 1677 917 infimum
1692 896 1797 917 omnes

1021 932 1120 961 throni
1142 933 1204 961 sive
1223 933 1330 961 mentis
1351 934 1528 970 capacitates
1541 936 1600 964 Deo
1615 935 1799 971 aperiuntur,

1023 982 1050 1007 et
1063 978 1102 1007 ab
1123 979 1189 1015 ipso
1210 979 1427 1016 inhabitantur;
1444 983 1472 1009 et
1494 981 1568 1010 dum
1588 981 1721 1010 secundo
1746 989 1800 1018 per

1022 1025 1155 1054 medium
1171 1027 1298 1062 gradum
1313 1035 1417 1056 omnes
1436 1028 1650 1057 intellectuales
1669 1028 1801 1057 actiones

1023 1073 1061 1100 ad
1071 1074 1162 1101 licum
1175 1074 1440 1110 contemplandum
1450 1074 1563 1109 intime,
1574 1077 1720 1111 quantum
1730 1082 1799 1112 pos-

1023 1119 1108 1148 sibile
1126 1122 1179 1154 est,
1195 1123 1222 1148 et
1235 1121 1375 1149 veraciter
1390 1121 1558 1157 diriguntur
1564 1132 1572 1158 ;
1586 1124 1614 1150 et
1628 1122 1701 1150 dum
1715 1121 1799 1151 tertio

1023 1173 1076 1202 per
1090 1174 1263 1202 supremum
1278 1168 1405 1203 gradum
1419 1190 1429 1203 ,
1445 1168 1541 1196 omnis
1556 1168 1717 1197 voluntatis
1731 1168 1801 1197 affc-

1024 1213 1136 1241 ctiones
1150 1213 1189 1241 ad
1205 1215 1295 1243 Deum
1310 1215 1498 1251 diligendum
1513 1215 1639 1244 totaliter
1654 1217 1682 1244 et
1705 1215 1802 1243 finali-

1024 1262 1067 1288 ter
1078 1260 1272 1296 reducuntur,
1289 1264 1321 1289 ut
1337 1263 1428 1290 Deum
1442 1262 1473 1290 in
1492 1262 1641 1298 omnibus,
1657 1264 1686 1291 et
1701 1261 1802 1290 omnia

1025 1306 1055 1334 in
1066 1308 1124 1334 Deo
1135 1307 1270 1335 ordinate
1282 1307 1415 1344 diligant.
1427 1310 1458 1337 ln
1466 1309 1524 1337 hoc
1533 1309 1628 1345 gradu
1637 1309 1692 1337 fuit
1702 1309 1803 1337 anima

1025 1354 1256 1390 contemplativa
1277 1356 1433 1383 constituta
1443 1377 1452 1390 ,
1467 1355 1591 1392 quando
1607 1356 1679 1384 dixit
1692 1355 1757 1392 ipsa
1767 1356 1777 1372 ⁴
1794 1364 1800 1371 ·

1030 1401 1175 1428 ordinavit
1187 1403 1215 1428 in
1231 1410 1270 1429 me
1283 1402 1449 1430 charitatem.
1467 1402 1554 1436 Quod
1568 1410 1721 1439 exponens
1734 1403 1804 1430 Ver—

1027 1447 1162 1475 cellcnsis
1177 1448 1247 1475 dicit
1263 1458 1270 1476 .·
1288 1459 1300 1474 «
1316 1451 1368 1476 Per
1385 1449 1521 1477 ordinem
1536 1448 1723 1485 seraphicum
1739 1457 1803 1477 om-

1027 1502 1078 1522 nes
1094 1495 1247 1523 inferiores
1268 1495 1388 1524 ordines
1411 1495 1472 1523 sive
1494 1495 1604 1531 gradus
1628 1496 1805 1532 participant

1026 1541 1140 1569 lumina
1162 1542 1279 1577 divina,
1303 1545 1331 1570 et
1349 1542 1520 1570 hierarchiae
1540 1542 1748 1579 disponuntur,
1772 1541 1805 1570 id

1028 1590 1071 1616 est
1092 1588 1232 1617 inferiora
1247 1592 1274 1617 et
1289 1590 1454 1624 exteriora,
1470 1598 1524 1625 per
1538 1590 1638 1617 media
1653 1589 1803 1624 interiora,

1028 1635 1210 1663 reducuntur
1225 1636 1263 1664 ad
1278 1636 1442 1671 superiora,
1458 1635 1568 1663 scilicet
1579 1636 1609 1663 in
1620 1637 1711 1663 Deum
1727 1635 1806 1663 ordi-

1028 1684 1096 1709 nata
1111 1682 1261 1710 charitate.
1275 1682 1356 1710 Unde
1370 1683 1446 1710 bene
1461 1682 1549 1710 dicit:
1565 1682 1710 1711 Ordtnavz‘t
1725 1684 1753 1710 in
1765 1691 1805 1710 me

1029 1729 1196 1756 charitatem.

1304 1793 1481 1819 ARTlCULUS
1499 1794 1531 1818 ll.

1046 1854 1082 1877 De
1098 1853 1218 1884 gradihus
1233 1853 1457 1884 contemplationis
1471 1853 1613 1878 secundum
1626 1853 1788 1879 Richardum.

1066 1915 1229 1943 Richardus
1245 1918 1342 1943 autem
1353 1917 1363 1933 ⁵
1378 1916 1463 1953 ponit
1476 1924 1527 1943 sex
1541 1916 1661 1951 gradus,
1677 1916 1723 1943 vel
1737 1924 1805 1952 spe·

1032 1963 1090 1990 cies
1114 1963 1382 1999 contemplationis,
1408 1963 1492 1999 quasi
1514 1963 1660 1999 quasdam
1681 1963 1806 1999 disposi-

1033 2009 1127 2036 tiones
1149 2012 1175 2036 ct
1195 2009 1300 2037 itinera
1315 2009 1353 2037 ad
1368 2009 1566 2037 aeternitatem.
1588 2011 1619 2037 Et
1637 2010 1710 2037 sicut
1724 2011 1807 2037 Com-

1031 2058 1178 2084 mentator
1189 2056 1318 2092 Dionysii
1335 2056 1470 2083 intimum
1485 2056 1612 2092 gradum
1628 2056 1809 2092 contempla-

1031 2102 1118 2130 tionis
1130 2102 1167 2129 ab
1179 2102 1282 2130 insnno
1292 2102 1387 2137 gradu
1396 2102 1602 2130 intellectualis
1613 2104 1640 2130 et
1648 2102 1810 2130 affectualis

1033 2149 1224 2185 operationis,
1235 2157 1300 2185 quae
1312 2151 1378 2176 sunt
1388 2148 1539 2184 simplices
1548 2148 1809 2185 apprehensiones,

1032 2196 1135 2232 incipit
1150 2198 1176 2223 ct
1192 2195 1323 2229 instituit,
1335 2197 1362 2223 et
1375 2195 1534 2223 ascendere
1548 2195 1695 2231 gradatim
1711 2195 1808 2229 docet,

1033 2251 1086 2278 per
1110 2243 1265 2270 cacumina
1290 2241 1411 2269 collium
1437 2244 1632 2276 aeternorum,
1657 2249 1751 2277 usque
1770 2241 1810 2270 ad

1034 2297 1166 2316 summos
1186 2288 1283 2324 apices
1299 2287 1465 2315 intellectus
1487 2291 1514 2315 et
1529 2288 1660 2322 affectus,
1676 2290 1809 2323 utsupra

1035 2336 1144 2372 patuit3
1157 2335 1195 2362 ita
1208 2334 1381 2368 aichardus,
1393 2334 1533 2370 ponendo
1549 2342 1600 2361 sex
1616 2333 1726 2369 gradus
1741 2342 1809 2361 eon-

1035 2380 1233 2417 templationis
1246 2401 1253 2415 ,
1270 2380 1390 2408 instituit
1410 2381 1541 2416 primum
1557 2380 1684 2415 gradum
1699 2382 1727 2407 et
1746 2380 1811 2408 infi-

1036 2436 1119 2456 mum
1134 2428 1163 2454 in
1177 2427 1397 2462 imaginatione,
1415 2435 1481 2462 quoe
1495 2434 1556 2454 non
1571 2428 1613 2453 est
1628 2425 1734 2461 aliquis
1746 2434 1811 2461 gra-

1037 2475 1092 2503 dus
1105 2473 1306 2501 intellectualis
1320 2473 1509 2509 operationiS,
1521 2472 1572 2500 sed
1587 2472 1677 2507 longe
1692 2472 1812 2501 interior

1039 2524 1081 2549 est
1096 2521 1242 2548 int-ltectu
1258 2523 1284 2548 et
1299 2520 1422 2555 atl‘ectn;
1440 2521 1467 2547 et
1482 2519 1520 2546 ab
1533 2519 1584 2546 illa
1599 2519 1730 2547 ascendit
1746 2528 1810 2554 gra-

1039 2567 1130 2595 datim
1146 2574 1239 2602 usque
1251 2566 1288 2594 ad
1305 2566 1504 2602 cognitionem
1519 2565 1654 2593 incrcatae
1669 2566 1810 2599 veritatis,

1039 2640 1104 2663 cont
1116 2638 1185 2669 und„
1204 2638 1246 2661 litt.
1267 2639 1302 2667 ΙΙ,
1321 2647 1342 2662 c.
1360 2644 1393 2661 vl.
1411 2650 1436 2654 -
1453 2637 1487 2666 (a)
1504 2636 1564 2660 Caet.
1581 2636 1641 2659 edat.
1659 2638 1683 2661 et
1695 2637 1808 2660 affectus.

1038 2688 1066 2691 —
1086 2674 1118 2704 (ἡ)
1135 2675 1193 2697 [τι-ιη
1211 2673 1325 2705 allectus,
1341 2673 1501 2697 affectionem
1518 2674 1602 2696 tamen
1618 2674 1651 2697 et.

1824 2353 1867 2372 Sex
1880 2353 1931 2372 sunt

1836 2384 1917 2409 gradus

1826 2418 1921 2436 contem-

1840 2446 1915 2472 platin-

1861 2478 1903 2498 nis.
