2004 3037
156 2171 165 2183 s
169 2164 201 2182 iiiiii

249 271 308 301 342

247 345 316 366 cum
325 335 422 372 diligit
429 337 552 373 propter
561 336 665 364 Deum.
679 343 694 362 n
705 335 782 363 Bene
794 336 894 364 autem
905 334 1027 372 hyacin-

246 383 313 413 thus
324 385 367 412 est
379 384 412 412 in
423 382 529 412 nubilo
543 381 676 417 nubilus,
687 381 759 410 etin
772 389 878 411 sereno
891 389 1025 417 serenus,

246 430 318 467 quia
327 430 374 459 vir
383 430 480 467 justus
494 437 612 466 semper
625 428 691 457 vult
703 429 822 470 gaudere
834 437 892 458 eum
906 429 1026 465 qauden-

245 478 327 510 tibus,
344 479 370 505 et
383 479 448 513 tzere
460 484 520 506 cum
533 477 666 512 fientibus,
677 477 711 504 ut
719 475 760 504 ait
769 475 878 504 Paulus
886 475 907 504 ¹.
918 475 1024 511 Tertio,

241 524 356 560 justitia
371 523 502 553 reddens
522 522 782 552 honorificentiam
800 523 877 557 Deo,
892 523 1026 559 signatur

243 579 298 608 per
311 571 521 608 amethystum,
537 570 590 607 qui
603 570 679 598 inter
693 577 798 598 omnes
809 577 944 606 gemmas
955 577 1025 607 pur-

242 625 352 655 pureas
362 618 475 647 obtinet
483 617 683 655 principatum
692 616 749 645 :sio
756 618 784 645 et
787 617 797 653 j
803 616 898 645 ustitia
903 617 1026 653 estprae—

243 665 407 694 clarissima.
418 664 572 700 virtutum,
582 666 615 692 ut
633 664 673 692 ait
683 663 880 700 Philosophus
898 663 930 692 in
944 664 1025 692 Ethi—

243 714 281 741 cz's
296 713 317 740 ⁸³.
338 712 524 748 Amethystus
542 713 585 740 est
596 711 685 740 etiam
700 719 734 740 ex
749 711 850 740 colore
871 719 1023 748 purpureo

243 760 273 788 et
281 758 416 788 violaceo
430 759 604 796 permixtus,
619 761 648 788 et
660 758 797 787 flammas
811 766 849 786 ex
863 765 894 786 se
904 757 1021 791 emittm

244 806 316 843 quia
330 805 374 834 vir
390 806 485 842 Justus
499 805 552 843 qui
566 805 631 834 vult
646 807 740 844 Deum
752 804 918 840 honorare,
934 804 1024 833 debet

241 852 353 882 habere
367 853 423 882 tria
435 862 442 881 :
460 852 550 882 debet
563 860 626 881 esse
639 852 730 881 instar
742 852 899 888 amethysti
911 859 1023 888 purpu-

241 908 324 935 reus,
344 900 419 929 sicut
437 908 522 936 rosa,
543 900 576 928 id
590 901 633 928 est
647 899 798 936 jucundus
818 899 850 928 in
869 899 960 928 laude
974 899 1021 927 di-

241 947 329 983 vina,
344 948 416 984 quia
429 949 514 976 rectos
528 947 601 975 decet
615 946 797 981 collaudatio,
813 947 846 975 ut
860 945 931 975 dicit
942 946 1021 975 Psal-

241 995 328 1024 mista
336 996 357 1023 ³.
369 995 460 1023 Debet
474 995 563 1023 etiam
576 1002 638 1023 esse
653 993 815 1029 violaceus,
831 993 943 1022 seilicet
957 1001 1021 1022 sen-

240 1042 294 1070 tire
309 1041 429 1070 modica
443 1041 481 1070 de
495 1042 604 1078 seipso,
621 1043 648 1070 et
658 1049 768 1077 magua
778 1041 816 1069 de
827 1042 897 1076 Deo,
908 1043 940 1069 ut
951 1040 1022 1070 dicit

240 1089 373 1118 Salvator
385 1089 416 1117 in
433 1091 506 1117 Luca
520 1089 545 1116 ⁶:
564 1089 630 1117 Cum
645 1090 737 1116 omnia
749 1089 812 1116 bene
825 1089 957 1123 secer-itis,
973 1088 1019 1116 di—

239 1139 310 1165 cite:
329 1138 407 1165 Servi
426 1138 538 1164 inutiles
552 1144 658 1169 sumus,·
674 1137 747 1172 quod
765 1136 905 1164 debuimus
919 1138 1020 1170 facete,

238 1184 360 1217 fecimus.
382 1184 472 1212 Debet
491 1183 580 1212 etiam
598 1183 644 1211 vir
661 1184 756 1219 justus
778 1191 840 1212 esse
862 1184 1020 1211 flammeus

239 1231 314 1259 sicut
334 1230 409 1259 Elias
421 1231 442 1266 ²³,
457 1230 509 1266 qui
529 1233 587 1258 erat
603 1233 683 1266 quasi
697 1232 788 1265 tynis,
811 1230 894 1265 cujus
912 1231 1019 1258 verbum

238 1279 309 1305 sicut
323 1279 416 1311 facula
435 1277 566 1312 ardebat,
586 1280 618 1306 ut
641 1277 748 1305 (licitur
763 1277 793 1304 in
814 1278 1017 1312 Ecclesiastico;

239 1324 276 1352 de
291 1325 375 1360 cujus
388 1324 451 1353 zelo
462 1324 603 1352 flammeo
619 1324 724 1352 dicitur
736 1325 758 1352 ⁶:
776 1325 834 1352 Zelo
844 1325 946 1352 zelatus
961 1333 1019 1352 sum

237 1379 286 1406 pro
311 1373 422 1399 Domino
450 1373 502 1398 Deo
534 1372 712 1405 caeercituum
745 1374 772 1399 et
797 1371 855 1399 hoc
885 1373 928 1400 est
948 1379 1019 1408 pro-

237 1418 338 1454 prium
357 1426 432 1454 opus
448 1417 582 1454 justitiae,
599 1418 710 1446 scilicet
724 1425 778 1454 pro
799 1418 901 1446 dlvino
917 1426 1018 1446 amore

237 1465 343 1493 zelare.

510 1516 653 1549 CAPUT
686 1517 742 1550 Vl.

268 1589 304 1616 De
320 1588 519 1624 jucundissima
536 1590 670 1620 societate,
693 1592 718 1616 ct
738 1589 860 1624 tripudio
881 1590 992 1617 coelestis

466 1635 590 1660 civitatis
612 1635 787 1661 Hierusalem.

274 1701 408 1728 Secundo
425 1700 477 1729 illa
495 1700 591 1735 gloria
607 1701 730 1729 coelestis
747 1701 837 1730 habet
853 1703 1018 1730 amantissi-

238 1755 317 1775 mam
326 1747 506 1782 societatem,
523 1747 594 1783 quia
605 1748 701 1775 Sancti
712 1756 814 1776 coram
828 1750 886 1776 Deo
902 1758 1020 1786 semper

238 1793 348 1821 faciunt
358 1794 496 1821 choream
510 1794 591 1821 omni
604 1794 788 1828 jucunditate
799 1796 930 1831 plenam.
939 1796 1019 1824 Unde

238 1843 325 1875 nota,
342 1840 425 1876 quod
446 1840 475 1867 in
491 1840 543 1868 illa
564 1841 673 1868 calesti
689 1842 814 1876 chorea,
830 1842 878 1870 vel
892 1842 1018 1878 bullata,

240 1889 308 1915 sunt
324 1888 378 1915 tria
392 1887 580 1915 devotissime
596 1888 831 1923 consideranda,
853 1889 962 1917 seilicet
977 1890 1021 1918 in-

240 1935 434 1963 numerabilis
457 1937 564 1968 certus,
580 1935 806 1964 interminabilis
822 1937 974 1973 circuitus,
994 1941 1021 1966 et

241 1981 454 2010 inaestimabilis
471 1983 663 2010 eaiittis.vci·e
678 1982 766 2010 beata
781 1986 822 2011 est
837 1984 886 2011 illa
901 1985 1020 2019 chorea,

241 2030 325 2065 cujus
346 2030 436 2056 coetus
459 2029 603 2064 infinitus,
625 2030 708 2064 cujus
730 2030 867 2058 circuitus
886 2033 1020 2067 aeternus,

241 2076 325 2112 cujus
341 2077 442 2103 cantus
457 2075 586 2104 felicitas

278 2123 375 2150 Primo
391 2123 479 2157 igitur
493 2122 524 2150 in
546 2122 597 2150 illa
612 2124 720 2151 coelesti
736 2124 843 2152 chorea
860 2128 902 2153 cst
916 2128 1021 2159 coetus,

198 2195 201 2197 .
244 2170 289 2197 vel
312 2169 455 2197 exercitus
473 2169 618 2204 infinitus,
643 2170 674 2198 id
696 2174 737 2198 est
760 2180 821 2199 non
845 2172 946 2207 nobis,
970 2173 1023 2201 scd

184 2232 194 2244 ‹—
212 2234 227 2240 --
243 2217 299 2244 soli
311 2219 367 2244 Dco
380 2217 522 2252 cognitus.
535 2217 576 2244 lbi
592 2218 670 2245 enini
685 2220 726 2245 est
737 2218 866 2246 Christus
881 2222 1022 2256 tanquam

245 2265 401 2292 Monar‹·lia
419 2265 595 2300 principuus.
613 2265 653 2292 lbi
678 2267 755 2292 enim
775 2268 816 2293 est
837 2267 939 2301 regina
955 2276 1022 2295 cum

245 2311 367 2347 puellis,
389 2311 419 2338 id
444 2314 486 2338 est
504 2311 589 2345 virgo
608 2312 775 2347 virginum,
801 2313 911 2341 scilicet
934 2314 1022 2342 Maria

246 2366 313 2385 cum
325 2357 489 2392 virginibus
500 2358 615 2385 sancti&
628 2358 670 2385 lbi
685 2362 753 2385 sunt
768 2360 864 2394 angeli
880 2363 1022 2396 tanquam

245 2404 421 2433 nobilissimi
436 2404 522 2439 Regis
538 2404 696 2432 domicelli.
712 2405 752 2432 ll›i
768 2408 834 2433 sunt
849 2407 1022 2442 patriarch-te

245 2454 272 2480 et
285 2451 452 2488 prophetae,
467 2450 540 2478 sieut
554 2451 738 2480 collaterales
753 2455 779 2480 et
794 2454 870 2488 regis
886 2454 1022 2482 consilia-

244 2499 290 2533 rii,
307 2498 416 2534 quibus
430 2500 573 2533 tanquam
590 2497 757 2526 senioribus
772 2501 898 2535 expertis
912 2501 1024 2529 revelat

244 2545 440 2573 ministerium
462 2544 625 2572 consistorii
650 2545 704 2572 sui.
735 2546 777 2573 lbi
804 2549 870 2574 sunt
895 2548 1022 2583 apostoli

245 2594 386 2628 tanquam
398 2591 475 2627 regis
486 2591 639 2625 senescali,
653 2591 795 2620 hahentes
805 2593 1022 2629 plenitudinem

280 2669 285 2683 ¹
303 2668 380 2695 Rom„
400 2672 451 2696 xli,
470 2667 506 2689 lfi.
523 2679 553 2684 ——
571 2666 580 2682 ³
596 2666 683 2696 Arist„
703 2667 795 2698 Elinia,
811 2668 854 2692 lib.
874 2670 905 2698 Y,
920 2678 942 2691 v.
962 2675 978 2693 1.
992 2681 1022 2687 ·-

246 2703 255 2718 ³
268 2702 333 2726 Pml.
351 2705 511 2731 xxx11,1.-·
527 2702 610 2729 ¹L11c..
629 2708 691 2730 xvii,
709 2704 744 2726 10.
759 2717 788 2721 —
803 2705 812 2721 b
827 2704 913 2731 Eaclf„
930 2710 1020 2734 xum,

248 2740 267 2761 t.
280 2751 308 2755 —
321 2738 330 2753 ὅ
345 2738 374 2761 ΙΙΙ
392 2738 461 2768 Regi„
476 2744 528 2768 xix,
544 2738 580 2761 to.
592 2751 622 2755 —-
636 2738 645 2754 ⁷
658 2738 742 2769 Apoc„
755 2742 880 2769 v11,¹.).—
891 2740 900 2756 ⁸
913 2741 929 2764 Η
948 2741 1020 2769 Tim,

813 265 955 298 DIAETAE
975 265 1142 299 SALUTIS
1162 265 1241 298 TIT.
1262 264 1301 297 X.

1081 333 1248 371 potestatis:
1269 333 1342 370 quia
1358 341 1413 362 rex
1427 334 1546 371 reputat
1562 331 1691 369 factm,
1705 334 1790 371 quod
1803 334 1860 372 ipsi

1080 380 1210 416 faciunt,
1231 380 1288 409 sibi
1311 380 1433 409 factum.
1454 380 1499 409 lbi
1516 381 1586 408 sunt
1601 381 1762 418 martyres,
1785 381 1860 411 sicut

1079 427 1272 457 strenuissimi
1286 427 1374 464 Regis
1394 427 1502 456 milites
1507 448 1517 463 ,
1533 427 1586 464 qui
1604 435 1660 464 per
1675 427 1771 457 fidem
1781 427 1860 458 vine-

1080 478 1150 504 runt
1167 475 1223 505 tria
1242 482 1351 512 regna,
1372 475 1484 504 scilicet
1501 474 1622 510 mundi,
1636 474 1734 503 carnis
1751 475 1781 504 et
1794 474 1860 505 din-

1080 522 1155 552 boli.
1172 522 1216 551 lbi
1231 524 1299 551 sunt
1318 522 1412 551 sancti
1432 521 1606 559 pontifices,
1620 520 1861 557 confessores‚=et

1081 569 1228 599 doctores.
1248 569 1326 598 Sicut
1338 569 1477 598 videmus
1495 568 1580 606 quod
1590 576 1644 597 rex
1656 568 1767 597 nobilis
1782 570 1812 598 et
1823 567 1860 597 il-

1079 616 1189 652 lustris,
1202 616 1300 654 qualis
1312 618 1355 646 est
1368 618 1431 645 Rex
1444 624 1550 652 regum
1565 617 1594 644 et
1606 615 1749 644 Dominus
1765 615 1861 645 domi-

1079 663 1232 699 nantium,
1247 671 1311 692 non
1324 663 1422 692 solum
1435 663 1527 692 hahet
1539 663 1647 691 milites
1660 663 1692 691 in
1706 661 1791 697 aula,
1805 662 1860 691 sed

1079 709 1204 739 clericos
1221 709 1253 738 in
1271 709 1388 748 capella
1402 709 1603 744 celebrantes,
1616 710 1813 747 praedicantes
1831 711 1860 738 et

1079 758 1206 786 orantes.
1220 756 1265 785 Ad
1279 756 1494 785 celebrandum
1507 757 1599 786 habet
1613 758 1730 785 sanctos
1742 756 1860 793 pontifi-

1079 811 1143 838 ces,
1169 803 1209 831 ad
1228 803 1454 840 praedieandum
1477 804 1505 831 et
1528 803 1721 842 scribendum
1742 805 1858 832 sanctos

1078 849 1233 885 doctores,
1263 849 1303 878 ad
1329 849 1480 878 orandum
1505 851 1534 879 et
1559 850 1749 887 psauendum
1767 850 1859 879 habet

1077 899 1195 925 sanctos
1218 897 1427 932 anachoretas,
1449 898 1478 925 et
1500 897 1576 925 alios
1599 896 1791 925 confessores.
1810 896 1857 924 Ul·

1076 944 1150 972 timo
1165 945 1233 972 sunt
1247 944 1288 972 ibi
1303 943 1354 972 alii
1371 943 1463 972 sancti
1482 946 1510 972 et
1528 944 1632 973 fideles
1650 943 1855 972 innumerabi-

1076 990 1134 1026 les,
1157 991 1195 1019 de
1216 990 1326 1028 quibus
1339 991 1480 1020 omnibus
1494 991 1602 1019 dicitur
1615 992 1645 1019 ⁷:
1663 991 1731 1019 Vidi
1749 991 1855 1018 turbam

1076 1046 1214 1074 magnam,
1230 1047 1311 1074 quum
1327 1039 1500 1066 dinumerare
1520 1046 1596 1066 nemo
1613 1040 1736 1073 poterat,
1753 1045 1787 1066 σω
1800 1045 1855 1066 om-

1076 1085 1156 1113 nibus
1165 1086 1297 1121 qentibus,
1309 1086 1420 1121 populis
1431 1088 1456 1113 et
1468 1086 1582 1120 linquis,
1591 1088 1695 1113 stantes
1708 1087 1771 1112 arcte
1783 1085 1855 1112 thro-

1076 1141 1140 1160 num
1153 1135 1230 1168 eqni,
1242 1134 1338 1160 amicti
1351 1133 1428 1160 stolis
1443 1132 1524 1165 albis,
1536 1135 1562 1160 et
1574 1133 1674 1168 palmoe
1688 1134 1717 1159 in
1731 1132 1854 1159 manibus

1076 1188 1176 1208 eorum.
1193 1180 1246 1207 Ubi
1262 1187 1316 1216 per
1330 1179 1468 1208 ordinem
1487 1181 1626 1207 notantur
1642 1179 1775 1215 quinque
1789 1177 1853 1206 lau·
1869 1185 1972 1212 Quinque

1076 1226 1128 1255 des
1151 1228 1179 1255 ct
1200 1225 1356 1263 privilegia
1378 1226 1550 1261 beatorum,
1571 1225 1681 1254 scilicet
1704 1225 1853 1262 praedesti·
1868 1217 1976 1275 23?ssssss

1075 1274 1155 1302 natio
1171 1274 1209 1302 ab
1221 1276 1346 1308 aeterno,
1359 1273 1528 1309 justificatio
1543 1281 1560 1301 a
1575 1274 1707 1309 peceato,
1722 1273 1853 1300 contem·
1869 1281 1951 1300 torum.

1074 1321 1166 1358 plasto
1182 1321 1306 1356 devota,
1321 1321 1504 1367 conyersati0
1519 1320 1658 1354 honesta,
1678 1321 1706 1347 et
1720 1318 1853 1356 operatio

1074 1369 1234 1397 fructuosa.
1252 1368 1469 1397 PraedestinatiO
1489 1368 1668 1404 sempiterna
1683 1366 1729 1395 vel
1745 1369 1854 1394 aeterna
1881 1377 1975 1398 pfaedsss.

1074 1416 1206 1444 innuitur
1223 1416 1252 1444 in
1267 1423 1392 1444 numero
1407 1415 1538 1450 infinito,
1553 1415 1624 1451 quia
1638 1414 1757 1443 turbam
1771 1413 1853 1442 illam
1869 1409 1960 1461 ηἳὲξὲιθ

1074 1471 1216 1499 magnam
1235 1471 1324 1491 nemo
1340 1462 1530 1490 dinumerare
1545 1463 1670 1498 poterat.
1687 1462 1853 1490 Electorum

1074 1519 1206 1547 namque
1220 1519 1362 1539 numerus
1377 1512 1419 1539 est
1434 1510 1521 1538 nobis
1538 1510 1666 1545 ignotus,
1681 1512 1709 1537 et
1722 1509 1778 1538 soli
1794 1510 1853 1538 Deo

1074 1559 1207 1594 agnitus,
1230 1558 1301 1594 quia
1318 1558 1380 1594 ipse
1399 1557 1480 1586 solus
1505 1557 1558 1585 solt
1577 1564 1753 1585 numerum:
1771 1557 1852 1593 quia,

1075 1608 1107 1634 ut
1121 1605 1191 1633 dicit
1205 1605 1364 1642 Apostolus
1375 1606 1395 1640 ⁸,
1406 1605 1482 1632 novit
1495 1605 1635 1636 Dominus,
1646 1605 1695 1639 qui
1709 1606 1773 1631 sunt
1787 1603 1852 1638 ejus.

1074 1653 1211 1682 Secundo
1226 1655 1344 1680 notatur
1356 1651 1525 1688 justificatio
1540 1651 1654 1679 interna
1669 1651 1699 1678 in
1711 1650 1769 1679 illis
1784 1658 1855 1687 qua-
1893 1661 1975 1683 ,insue-

1075 1703 1150 1735 tuor,
1165 1700 1273 1728 scilicet
1287 1699 1436 1734 gentibus,
1451 1698 1600 1733 tribubus,
1616 1697 1746 1734 populis,
1761 1699 1790 1725 et
1802 1697 1855 1725 lin-
1869 1693 1930 1746 3²22
1945 1693 1975 1714 ³¹¹·

1074 1747 1155 1783 guis,
1180 1747 1217 1774 de
1237 1746 1346 1782 quibus
1368 1745 1451 1773 electi
1474 1747 1541 1772 sunt
1558 1745 1673 1772 vocati:
1695 1745 1725 1771 in
1745 1744 1854 1780 quibus
1933 1740 1938 1745 ”

1074 1796 1274 1822 monstrantur
1289 1795 1417 1830 quatuor
1431 1795 1620 1829 peecatorum
1631 1791 1818 1826 diflerentiae,
1836 1799 1854 1819 a

1075 1843 1185 1879 quibus
1199 1845 1267 1870 sunt
1279 1850 1332 1878 per
1345 1842 1393 1870 Dei
1405 1842 1529 1877 gratiam
1542 1840 1692 1877 justificati
1702 1850 1710 1876 3
1721 1840 1760 1868 ita
1771 1840 1854 1877 quod

1074 1898 1128 1926 per
1141 1893 1230 1925 fientes
1250 1889 1420 1924 designatur
1438 1890 1594 1924 peccatum
1615 1888 1756 1922 luxuriae,
1771 1887 1855 1924 quod

1075 1937 1105 1965 in
1121 1936 1258 1972 gentibus
1273 1935 1438 1963 idololatris
1453 1934 1589 1970 regnavit
1603 1934 1803 1970 praecipue,ut
1816 1934 1856 1963 ait

1076 1983 1229 2020 Apostolus
1241 1984 1266 2018 ⁹5
1278 1991 1330 2019 per
1346 1983 1430 2010 tribus
1441 1982 1610 2016 designatur
1621 1984 1775 2017 peccatum
1786 1989 1856 2009 ava-

1076 2031 1166 2065 rium,
1188 2030 1271 2066 quod
1294 2030 1323 2057 in
1343 2029 1480 2057 tribubus
1500 2027 1592 2056 Jacob
1610 2029 1744 2063 regnavit
1757 2028 1855 2064 valde,

1077 2077 1160 2113 quod
1174 2078 1264 2112 patet,
1280 2076 1350 2112 quia
1366 2084 1420 2112 pro
1438 2074 1557 2103 terrenis
1572 2075 1745 2108 servierunt,
1757 2077 1786 2102 et
1799 2076 1856 2103 ter-

1077 2132 1149 2153 rena
1172 2125 1201 2151 in
1226 2123 1422 2160 promissione
1445 2123 1635 2158 acceperunt,
1656 2124 1689 2149 ut
1706 2121 1812 2149 dicitur
1826 2122 1856 2150 in

1078 2173 1150 2201 isaia
1167 2171 1202 2199 ¹⁰:
1224 2173 1255 2199 Si
1268 2171 1410 2198 volueritis
1421 2172 1446 2197 et
1466 2170 1611 2196 authentis
1626 2176 1680 2200 mo,
1697 2170 1764 2196 bona
1781 2171 1856 2196 terroe

1077 2219 1234 2249 comedetis,
1251 2220 1293 2251 et,
1315 2217 1399 2253 quod
1419 2216 1486 2252 plus
1501 2218 1559 2249 est,
1579 2217 1692 2243 tantum
1712 2214 1812 2251 cupidi
1828 2217 1856 2242 et

1077 2265 1159 2294 avari
1168 2265 1296 2298 fuerunt,
1309 2263 1391 2299 quod
1402 2271 1438 2290 ne
1454 2264 1570 2290 terrena
1585 2261 1751 2298 perderent,
1764 2261 1855 2289 Chris-

1078 2315 1141 2341 tum
1155 2311 1337 2345 occiderunt,
1348 2312 1379 2338 ut
1392 2312 1472 2346 patet
1486 2309 1516 2337 in
1530 2311 1632 2337 Joamze
1642 2309 1670 2336 ¹¹.
1681 2310 1733 2336 Per
1740 2309 1854 2343 populos

1078 2360 1249 2394 designatur
1264 2359 1417 2393 peccatum
1438 2356 1599 2392 superbiae,
1619 2355 1689 2391 quia
1709 2354 1853 2391 populus,

1077 2409 1108 2435 ut
1123 2405 1193 2434 dicit
1207 2404 1385 2439 Augustinus
1397 2402 1424 2437 ¹²,
1439 2405 1481 2430 cst
1492 2402 1624 2430 collectio
1638 2401 1771 2435 civitatis,
1788 2409 1854 2437 quae

1075 2455 1159 2490 Juxta
1171 2451 1343 2479 sententiam
1356 2449 1458 2478 Christi
1473 2450 1616 2476 monstrat
1630 2447 1810 2483 superbiam,
1824 2450 1854 2475 ut

1077 2502 1157 2537 patet
1172 2499 1209 2526 de
1225 2498 1276 2526 illo
1286 2519 1293 2532 ,
1310 2497 1362 2533 qui
1377 2496 1471 2524 noluit
1491 2495 1589 2522 venire
1604 2497 1725 2522 vocatus
1740 2494 1778 2521 ad
1793 2502 1852 2522 coe-

1078 2555 1157 2581 nam,
1170 2546 1239 2582 quia
1249 2545 1287 2581 (a)
1299 2545 1409 2572 emerat
1417 2543 1530 2577 villam,
1541 2544 1573 2570 ut
1583 2542 1688 2569 dicitur
1699 2541 1729 2569 in
1738 2542 1809 2569 Luca
1819 2541 1849 2569 ¹³.

1078 2627 1106 2650 11,
1124 2621 1160 2644 Η).
1172 2633 1203 2639 -
1215 2620 1292 2642 ⁹1³an
1306 2637 1313 2648 ,
1330 2624 1348 2648 1,
1363 2619 1402 2642 26.
1413 2629 1443 2635 —
1458 2617 1474 2630 ἱ·
1485 2617 1544 2645 1s0.,
1559 2621 1576 2643 ι,
1595 2617 1629 2639 ¹9.
1640 2628 1669 2634 -
1687 2616 1701 2628 ¹¹
1715 2615 1796 2645 loon„
1813 2620 1849 2643 xu,

1077 2658 1115 2682 48.
1134 2668 1163 2672 —
1187 2656 1203 2669 ’ἲ
1222 2657 1297 2686 Aug,
1319 2653 1349 2677 ‹le
1369 2653 1446 2677 civit.
1470 2651 1528 2682 Dei,
1551 2651 1593 2675 lib.
1621 2652 1667 2680 ΙΧ,
1690 2658 1712 2674 e.
1735 2655 1805 2675 xxw.
1822 2663 1852 2667 —

1079 2692 1098 2709 ¹³
1113 2692 1179 2721 Luc.,
1198 2696 1251 2719 xix,
1271 2691 1304 2713 ¹8.

1109 2739 1140 2768 (n)
1158 2738 1219 2762 (net.
1235 2737 1297 2760 erm.
1313 2735 1366 2767 qui.
