2004 3037
572 219 623 252 DE
645 217 840 252 OPERIBUS
861 217 1106 251 CONDITORIS.
1129 219 1216 252 CAP.
1239 219 1306 252 XII.
1705 227 1743 258 95

124 294 160 316 ea
181 285 305 324 Spiritus
332 286 449 315 sanctus
468 286 554 315 datus
576 287 619 315 est
642 285 800 324 Apostolis.
831 286 903 316 Item

124 341 228 362 omnes
246 333 277 361 in
298 341 333 362 ea
355 341 557 369 resurgemus»,
579 334 667 370 atque
687 332 901 369 judicabimur.

123 381 196 410 Item
209 380 241 408 in
255 388 290 409 ea
303 381 448 417 perpetuo
459 379 696 409 continuandum
711 381 754 409 est
767 380 798 409 in
812 379 902 409 laude

124 426 185 456 Dei.

387 473 547 509 CAPUT
576 474 640 508 ΧΙ.

322 547 360 575 De
377 547 492 582 Angelis
513 547 543 574 in
562 547 704 574 communi.

157 615 285 651 Angelus
299 617 361 651 est,
383 616 549 645 secundum
567 617 782 644 Damascenum
795 615 817 650 ¹,
831 615 902 643 sub-

122 661 227 691 stantia
251 661 471 699 intellectualis,
488 671 605 699 semper
625 662 763 698 mobilis,
779 662 902 691 arbitrio

121 708 231 744 libera,
258 709 451 746 incorporea,
481 711 540 739 Deo
567 709 753 743 ministram,
781 709 903 737 immor-

121 755 264 784 talitatem
292 756 455 793 suscipiens
482 756 648 785 secundum
677 755 814 792 gratiam,
840 764 902 784 non

121 805 258 831 naturam
277 803 324 839 ((1).
345 804 504 832 Substantia
523 803 644 840 ponitur
668 803 699 831 in
719 803 775 830 hac
794 803 903 830 diffini-

122 849 201 877 tione
223 857 278 886 pro
301 858 420 885 genere,
442 851 470 878 et
497 850 618 886 ponitur
640 850 679 877 ad
705 849 902 877 differentiam

122 896 290 924 accidentis.
308 896 482 932 Intelligitur
496 896 583 924 etiam
595 896 643 923 hic
653 896 817 924 substantia
831 904 903 932 qua-

122 942 316 979 litercumque
331 943 505 979 composita,
521 943 641 977 scilicet,
657 951 694 970 ex
704 951 737 970 eo
753 942 836 978 quod
848 945 903 976 est,

122 990 151 1017 et
168 997 229 1025 quo
251 990 303 1018 est.
327 990 522 1017 Intellectualz‘s
547 989 655 1017 dicitur
677 989 790 1025 potius,
811 997 903 1025 quam

121 1035 288 1070 rationalis;
307 1035 377 1072 qula
395 1036 466 1064 ratio
482 1038 525 1064 est
544 1036 636 1064 virtus
651 1035 790 1063 collativa
808 1043 903 1063 causae

122 1083 150 1110 et
163 1082 283 1117 causati,
300 1085 328 1110 et
338 1082 406 1110 ideo
422 1082 597 1119 composita,
611 1085 643 1110 ut
655 1091 661 1110 :
676 1082 800 1111 «Omnis
810 1082 901 1110 1101110

121 1130 163 1156 051
177 1128 287 1156 animal
304 1138 310 1156 :
334 1130 467 1157 Socrates
484 1129 519 1165 (b)
535 1131 586 1164 est,
602 1139 616 1156 »
634 1131 688 1157 etc.
706 1129 902 1165 Syllogismus

122 1175 201 1203 enim
212 1175 287 1203 nihil
302 1175 385 1203 aliud
400 1177 451 1210 est,
467 1184 559 1212 quam
574 1176 724 1204 discursus
741 1184 758 1204 a
771 1184 859 1204 causa
871 1176 902 1204 in

122 1223 284 1250 causatum.
302 1222 467 1250 Intellectus
483 1224 583 1250 autem
598 1223 635 1251 de
649 1223 764 1251 ratione
779 1223 824 1250 sui
839 1231 901 1251 non

120 1268 209 1297 habet
230 1269 476 1305 compositionem
497 1272 525 1297 et
547 1270 760 1303 collationem‚·
787 1270 839 1297 sed
860 1272 902 1298 est

120 1315 183 1343 sine
198 1316 387 1352 inquisitione
402 1318 430 1344 et
444 1316 676 1352 compositione;
694 1319 722 1345 et
735 1317 804 1344 ideo
821 1325 901 1345 com-

120 1363 192 1399 petit
206 1364 316 1391 naturae
329 1363 424 1398 magis
446 1363 573 1399 simplici
592 1372 648 1400 pro
670 1363 853 1397 differentia,
869 1365 901 1391 ut

121 1411 164 1438 est
175 1410 308 1445 angelus.
324 1411 407 1438 Ratio
423 1413 522 1438 autem
537 1410 709 1438 differentiae
734 1413 776 1438 est
790 1412 901 1438 naturae

120 1456 219 1484 minus
233 1457 390 1493 simplicis,
406 1458 515 1486 seilicet
529 1458 668 1485 hominis.
690 1458 799 1493 Semper
813 1458 900 1485 mobi-

121 1503 167 1538 lis,
180 1512 242 1531 non
257 1504 340 1539 dico,
354 1504 391 1532 de
411 1504 478 1532 loco
494 1504 534 1532 ad
551 1504 666 1540 locum3
683 1505 735 1532 sed
750 1505 900 1532 mobilitas

121 1550 191 1578 dicit
205 1550 253 1578 hic
268 1550 411 1586 triplicem
426 1551 623 1579 mobilitatem
637 1551 668 1578 in
684 1551 803 1586 angelo,
819 1551 899 1579 scili-

120 1598 165 1624 cet
183 1599 307 1632 naturae,
323 1597 538 1633 intelligentiae,
555 1600 582 1626 et
600 1598 770 1626 voluntatis.
786 1598 900 1626 Mobili-

118 1644 208 1671 tatem
227 1644 306 1671 enim
325 1644 414 1672 habet
434 1647 559 1680 naturae,
576 1644 647 1680 quia
665 1652 754 1672 omne
769 1646 900 1672 creatum

119 1690 254 1718 vertibile
281 1692 323 1718 est
343 1690 374 1718 111
395 1691 543 1725 nihilum,
565 1691 620 1719 nisi
644 1699 736 1719 manu
760 1691 899 1728 omnipo-

119 1737 214 1765 tentiae
243 1737 351 1765 divinae
380 1738 574 1766 contiueatur.
605 1738 744 1766 Similiter
777 1739 900 1774 angelus

119 1784 316 1812 mobilitatem
338 1784 538 1820 intelligentiae
557 1785 667 1819 habet,
692 1785 762 1821 quia
784 1785 853 1812 licet
869 1785 900 1812 in

120 1831 226 1866 angelo
245 1839 307 1859 non
331 1831 366 1859 sit
383 1832 554 1860 vicissitudo
576 1831 775 1866 intelligentiae
797 1832 900 1867 quoad

120 1877 191 1905 scita
208 1877 239 1905 in
250 1878 357 1913 Verbo,
373 1887 441 1906 cum
454 1878 631 1906 deiformem
646 1878 755 1906 habeat
768 1878 900 1906 111101100-

119 1925 183 1952 tum
201 1924 365 1952 secundum
381 1925 573 1961 Dionysium,
588 1927 684 1961 potest
698 1926 799 1952 tamen
814 1925 844 1952 in
864 1933 899 1953 00

120 1971 222 2006 quoad
247 1971 448 2006 cognitionem
470 1980 570 1999 rerum
593 1972 623 1999 in
648 1972 770 2008 propria
795 1974 900 1999 natura

120 2024 182 2044 esse
196 2017 367 2045 vicissitudo
382 2018 598 2053 intelligentiffl,
617 2020 643 2046 et
662 2019 764 2054 quoad
784 2019 899 2046 discen-

120 2062 183 2091 da:
206 2065 232 2091 et
257 2063 314 2091 hoc
338 2065 380 2092 est
401 2064 483 2100 quod
506 2064 575 2091 dicit
598 2065 791 2099 Augustinus,
816 2065 899 2100 quod

119 2117 208 2137 omne
237 2112 367 2138 creatum
392 2110 506 2138 habens
531 2110 734 2144 intellectum,
763 2111 900 2145 intelligit

118 2163 213 2184 unum
226 2159 293 2193 post
308 2157 400 2185 aliud.
417 2159 487 2185 ltem
504 2156 536 2184 111
553 2157 707 2184 voluntate
722 2157 843 2184 mobilis
858 2159 900 2185 est

118 2204 250 2239 angelus,
266 2204 335 2239 quia
348 2212 410 2231 non
424 2203 514 2231 simul
528 2204 591 2231 vult
609 2204 666 2231 hoc
683 2206 710 2231 et
724 2203 809 2231 illud.
828 2205 899 2231 ltem

117 2252 214 2286 potest
239 2250 297 2278 dici
324 2258 441 2286 semper
469 2250 590 2278 mobilis
614 2252 697 2278 motu
720 2250 896 2278 dilectionis.

118 2297 244 2325 Arbitrio
260 2298 343 2324 libera
358 2306 364 2324 :
380 2297 438 2324 hoc
457 2305 519 2325 non
534 2297 640 2324 dicitur
653 2299 772 2333 propter
787 2297 897 2325 deflec-

118 2343 230 2371 tionem
248 2343 287 2371 ad
306 2343 421 2371 bonum
441 2343 661 2378 indifferenter,
677 2346 704 2371 et
719 2344 758 2371 ad
772 2344 897 2377 malum,

119 2390 172 2417 sed
198 2392 321 2426 propter
343 2390 469 2418 liberam
498 2390 674 2418 electionem
699 2398 804 2418 eorum
832 2398 897 2425 quae

118 2437 246 2465 voluerit
271 2446 277 2464 :
303 2436 384 2464 unde
403 2437 526 2472 angelus
545 2437 643 2464 bonus
665 2445 781 2473 semper
805 2437 896 2464 libere

119 2483 200 2518 eligit
214 2484 343 2518 bonum,
369 2485 396 2511 et
417 2483 540 2519 angelus
555 2484 652 2511 malus
667 2484 760 2511 libere
770 2505 778 2518 ,
794 2486 821 2511 et
835 2484 896 2511 sinc

121 2531 271 2558 coactione
299 2530 380 2565 eligit
403 2530 528 2558 malum.
557 2531 716 2565 Incorporea
743 2531 896 2558 substantia

121 2576 243 2612 dicitur,
266 2576 337 2612 quia
353 2577 476 2612 angelus
494 2576 584 2605 habet
604 2577 815 2613 proprietatem
831 2585 896 2605 eor-

154 2640 159 2654 ¹
173 2639 300 2670 Damaso„
315 2639 345 2663 de
356 2639 415 2664 Fid.
431 2639 545 2670 Ortlzod„
559 2639 604 2664 lib.
620 2640 651 2670 ll,
665 2647 687 2664 0.
705 2645 744 2671 111,
755 2647 808 2665 non
819 2641 894 2672 longe

122 2682 137 2700 e
146 2674 254 2706 princip.

958 286 1055 323 poris,
1071 294 1133 315 non
1147 288 1301 322 naturam,
1321 286 1430 316 scilicet
1450 287 1480 316 in
1499 288 1567 318 1000
1588 289 1742 320 contineri.

959 334 1033 362 Cum
1050 334 1130 362 enim
1144 341 1252 370 corpus
1269 333 1349 362 sitin
1363 334 1431 362 loco
1451 334 1701 373 circumscriptive
1716 340 1745 366 et

960 379 1127 414 diffinitive,
1137 380 1262 416 angelus
1273 382 1386 408 tantum
1402 380 1556 410 diffinitive
1570 384 1613 411 est
1623 383 1653 412 in
1663 384 1742 413 loco.

958 427 1013 455 Deo
1036 429 1196 455 ministrans
1218 436 1227 454 ε
1253 426 1450 455 ministerium
1470 428 1518 456 hic
1540 431 1662 465 ponitur
1685 439 1742 468 pro

960 481 1151 510 quocumque
1170 473 1317 510 obsequio
1329 483 1337 509 ς
1359 475 1388 501 01
1402 474 1567 503 secundum
1581 476 1661 505 hunc
1678 485 1744 507 mo-

960 520 1033 548 dum
1047 522 1108 549 tam
1123 521 1298 555 assistentes,
1316 529 1408 557 quam
1422 521 1636 557 ministrantes,
1651 532 1744 560 quam

959 567 1048 595 etiam
1064 567 1216 596 daemones
1237 567 1414 596 ministrant.
1429 569 1666 598 Immortalitatem
1681 578 1742 599 sus-

959 615 1063 649 cipiens
1086 615 1232 642 secundum
1256 616 1397 649 qratiam,
1423 623 1476 643 non
1505 618 1648 649 naturam,
1673 618 1744 654 quia

960 660 1071 688 rediret
1085 660 1116 688 in
1131 661 1276 696 nihilum,
1291 661 1348 689 nisi
1363 669 1417 697 per
1440 662 1566 697 gratiam
1587 671 1743 693 conserva-

959 707 1047 736 tionis
1071 708 1279 736 contineretur.
1306 708 1419 743 Angelo
1445 709 1645 738 attribuuntur
1669 719 1742 747 qua-

958 755 1036 789 tuor,
1053 754 1164 783 scilicet
1179 755 1309 783 0550111110
1319 755 1476 790 subtilitas,
1490 756 1654 785 intellectus
1664 766 1743 794 pers-

957 800 1098 836 picacitas
1111 822 1120 836 ,
1154 801 1240 829 liberi
1274 801 1387 829 arbitrii
1420 801 1564 836 facultas,
1605 804 1742 833 discretio

958 848 1133 883 personalis.
1165 850 1196 877 ln
1223 848 1326 884 primis
1355 849 1448 877 tribus
1477 850 1615 878 convenit
1643 851 1743 880 anima

959 903 1028 923 cum
1046 895 1152 930 angelo
1164 905 1172 931 ς
1191 895 1222 922 111
1239 898 1344 931 quarto
1365 904 1444 931 non,
1466 896 1537 932 quia
1558 897 1658 926 anima
1680 906 1742 926 non

959 943 1001 970 est
1015 950 1153 978 persona.
1175 942 1266 970 Habet
1286 944 1314 970 et
1329 942 1388 970 alia
1406 942 1463 971 tria
1475 943 1616 979 angelus,
1634 944 1744 973 scilicet

958 988 1172 1016 virtuositatem
1200 989 1232 1016 in
1262 989 1417 1025 operando
1428 1011 1437 1024 ,
1467 990 1683 1019 officiositatem
1711 992 1741 1020 in

958 1035 1172 1070 ministrando,
1189 1036 1459 1064 immutabilitatem
1474 1039 1541 1073 post
1555 1037 1741 1073 electionem,

961 1081 1022 1109 sive
1037 1082 1068 1109 in
1083 1082 1175 1117 bono,
1193 1083 1254 1110 sive
1269 1083 1300 1110 in
1314 1083 1405 1111 malo.
1426 1083 1599 1112 Differentiae
1613 1086 1742 1120 quatuor

958 1130 1144 1165 assignantur
1156 1130 1230 1158 inter
1245 1130 1385 1166 angelum
1401 1132 1429 1158 et
1442 1131 1583 1159 animam.
1600 1132 1697 1160 Prima
1714 1134 1742 1160 et

957 1176 1130 1212 principalis
1145 1184 1237 1212 penes
1253 1185 1315 1204 esse
1331 1177 1484 1211 naturale,
1500 1178 1570 1213 quia
1585 1178 1685 1206 anima
1700 1181 1742 1207 est

957 1223 1080 1250 unibilis
1100 1223 1233 1259 corpori,
1251 1223 1339 1251 etiam
1356 1226 1423 1251 actu
1442 1226 1593 1260 separata,
1617 1225 1740 1260 angelus

957 1277 1028 1297 non.
1052 1269 1188 1298 Secunda
1208 1272 1250 1298 est
1268 1278 1359 1306 penes
1380 1279 1442 1298 esse
1465 1271 1614 1307 logicum,
1630 1271 1661 1299 id
1682 1275 1739 1307 est,

958 1316 1187 1350 diffinitionem,
1219 1317 1290 1352 quia
1313 1316 1414 1345 anima
1436 1318 1590 1346 rationalis
1612 1320 1671 1354 est,
1687 1320 1740 1348 sed

957 1363 1081 1398 angelus
1095 1363 1310 1391 intellectualis.
1328 1364 1433 1392 Anima
1448 1365 1527 1392 enim
1542 1366 1740 1402 apprehendit

956 1410 1148 1446 inquirend03
1170 1412 1199 1438 et
1223 1411 1425 1447 conserend03
1449 1412 1574 1447 angelus
1588 1421 1671 1448 vero,
1694 1413 1738 1440 in-

956 1457 1080 1484 tuendo.
1096 1457 1188 1485 Tertia
1205 1460 1246 1485 est
1260 1466 1350 1494 penes
1366 1466 1428 1486 esse
1443 1459 1691 1495 metaphysicum,
1707 1460 1739 1488 id

957 1506 999 1530 051
1013 1506 1182 1539 separatum
1197 1512 1215 1532 a
1230 1505 1364 1539 materia,
1382 1507 1409 1532 et
1423 1513 1440 1532 a
1454 1507 1548 1540 motu,
1565 1506 1637 1542 quia
1652 1514 1739 1542 ange-

956 1549 1001 1577 lus
1016 1558 1078 1577 non
1092 1550 1182 1578 habet
1196 1551 1420 1586 passibilitatem
1430 1572 1440 1585 ,
1460 1552 1517 1579 nisi
1538 1554 1674 1588 respectu
1689 1561 1737 1580 su—

955 1597 1128 1632 periorum3
1158 1597 1258 1624 anima
1288 1605 1370 1631 vero,
1390 1600 1523 1634 respectu
1551 1598 1736 1634 inferiorum,

956 1643 1026 1679 quia
1041 1643 1215 1671 immutatur
1225 1652 1242 1671 a
1255 1644 1456 1672 sensibilibus.
1472 1646 1580 1678 Quarta
1595 1648 1738 1682 estpenes

956 1697 1019 1717 esse
1040 1689 1261 1725 theologicum,
1278 1690 1349 1726 quia
1370 1691 1470 1719 anima
1490 1692 1634 1720 vertibilis
1655 1694 1697 1720 est
1720 1701 1738 1721 a.

955 1736 1037 1763 bono
1057 1736 1088 1763 in
1108 1736 1239 1772 malum,
1265 1739 1293 1764 et
1309 1746 1324 1765 0
1345 1738 1510 1773 contrari03
1527 1739 1650 1774 angelus
1665 1748 1737 1767 vero

954 1790 1029 1817 non,
1055 1783 1127 1818 quia
1141 1786 1242 1811 manet
1265 1784 1295 1811 in
1311 1792 1346 1812 οο
1362 1784 1401 1812 ad
1418 1785 1502 1820 quod
1525 1793 1555 1813 50
1582 1786 1735 1821 convertit,

954 1829 1015 1857 sive
1028 1829 1143 1857 bouum
1158 1830 1194 1857 sit
1208 1830 1293 1866 illud,
1307 1831 1368 1858 sive
1383 1831 1498 1859 malum
1515 1841 1521 1859 :
1545 1833 1643 1868 angeli
1659 1833 1738 1860 enim

955 1878 1023 1904 sunt
1051 1885 1155 1904 omnes
1177 1877 1288 1905 similes
1313 1878 1343 1905 in
1369 1886 1405 1906 eo
1430 1879 1514 1914 quod
1538 1879 1736 1915 immortales,

954 1922 1129 1958 invisibileS,
1145 1925 1173 1951 et
1187 1924 1426 1960 indissolubiles,
1443 1925 1602 1961 simplices,
1619 1927 1736 1955 discreti

954 1970 1108 2005 personis,
1138 1970 1415 2005 incommutabiles,
1440 1971 1736 2001 incommunicabiles

954 2019 1022 2044 sunt
1038 2017 1121 2045 alteri
1135 2020 1263 2052 naturae,
1280 2018 1332 2045 scd
1346 2018 1503 2045 dissimiles
1519 2021 1586 2046 sunt
1600 2019 1631 2046 in
1647 2020 1734 2047 donis

954 2063 1064 2097 gratiae,
1078 2066 1105 2090 et
1118 2066 1239 2091 naturae.
1254 2066 1394 2092 Precterea
1406 2064 1475 2092 dicit
1486 2065 1641 2100 Dionysius
1652 2066 1735 2101 quod

953 2109 985 2136 in
1000 2109 1081 2136 omni
1096 2111 1202 2137 natura
1216 2110 1359 2145 spirituali
1375 2112 1473 2137 creata
1485 2111 1568 2138 aliud
1583 2114 1625 2140 est
1640 2121 1735 2141 essen-

953 2154 1003 2190 tia,
1020 2155 1103 2183 aliud
1117 2157 1159 2183 051
1173 2156 1274 2191 virtus,
1292 2157 1374 2184 aliud
1389 2159 1431 2184 est
1443 2158 1586 2193 operatio.

1209 2251 1368 2284 CAPUT
1398 2252 1481 2285 XII.

1019 2324 1055 2350 De
1074 2324 1252 2350 Dt'stt'nctt'one
1269 2324 1409 2351 coelestz‘um
1429 2325 1663 2353 Hierarchz'arum.

989 2390 1156 2419 Hierarchia
1170 2391 1277 2427 triplex
1292 2394 1348 2426 est,
1375 2392 1484 2420 seilicet
1507 2394 1731 2429 supercoelestis,

953 2437 1091 2472 coelestis,
1118 2440 1145 2465 et
1168 2438 1360 2466 subcoelestis.
1391 2439 1610 2474 Supercoelestis
1635 2443 1676 2468 est
1701 2441 1730 2468 111
1753 2466 1756 2468 ,

952 2484 1045 2511 tribus
1059 2484 1206 2520 personis3
1224 2485 1348 2512 coelestis
1363 2487 1406 2513 est
1425 2485 1456 2512 in
1472 2486 1628 2513 ordinibus
1642 2495 1731 2522 ange-

952 2530 1034 2566 licis3
1052 2531 1234 2559 subcoelestis
1253 2532 1283 2560 111
1304 2533 1476 2560 hominibus
1501 2533 1618 2560 sanctis.
1640 2535 1730 2563 Porro

951 2577 1117 2606 hierarchia
1145 2578 1269 2606 coelestis
1295 2579 1436 2607 dividitur
1463 2579 1494 2606 in
1523 2580 1730 2616 superiorem,

983 2641 1017 2671 (ιι)
1033 2641 1082 2671 AL,
1097 2640 1191 2664 scilicet
1202 2648 1233 2664 ex
1248 2642 1453 2672 interpretatione
1468 2642 1521 2666 lac.
1543 2642 1627 2673 Billis,
1639 2646 1730 2668 natura

951 2676 1168 2701 immortalitatem
1186 2676 1308 2702 divinitus
1323 2679 1469 2702 consecuta.
1480 2690 1511 2696 --
1527 2678 1557 2709 (b)
1574 2679 1616 2704 Al.
1632 2681 1728 2705 Sortes.
