2004 3037
331 208 382 242 DE
403 206 538 241 POENlS
561 204 739 244 inruunt,
760 194 896 243 ATQUE
914 202 1060 237 GLORIA
1081 203 1279 237 PARADISI.
1301 202 1388 236 cAP.
1412 203 1506 238 lv-v.

111 278 327 305 'est'coecorum
346 275 526 315 illuminatio
535 284 544 312 ;
559 273 641 304 unde
654 271 779 302 dicitur·
795 280 803 301 :
819 273 892 301 Tunc

120 324 276 359 aperientur
302 323 374 351 oculu·
395 329 529 351 coeconm.
552 320 698 358 Septimus
715 319 826 348 tructus
850 319 894 347 est

120 370 289 408 tepidorum
303 371 332 399 et
345 369 522 406 frigidorum
541 367 712 402 calefacti05
726 366 807 395 unde
823 365 892 395 dici-

121 418 167 446 tur
176 416 188 433 ³
202 426 209 445 t
226 418 287 446 Non
300 417 402 453 estqui
413 423 450 451 ss,
459 414 606 444 abscondat
620 422 638 442 a
650 414 738 442 calore
756 413 822 448 eius.
838 413 892 442 Oc-

121 465 207 492 tavus
218 463 330 492 fructus
349 464 392 492 est
411 461 590 492 deformium
610 463 638 489 et
654 460 784 497 turpium
805 459 893 488 deco·

121 510 217 545 rati0;
232 510 314 539 unde
326 509 357 538 in
370 507 486 538 Psalmo
500 507 608 537 dicitur
622 506 632 524 ⁸
645 517 654 536 ε
669 507 802 543 Asper-aes
829 515 871 535 me
881 529 890 540 ,

124 558 248 591 Domine,
262 557 391 592 hyssopo,
405 557 431 584 et
443 555 604 588 mundabam
620 554 723 582 lavabis
735 561 790 589 me,
811 557 837 581 et
848 561 894 582 su-

119 611 170 639 per
182 605 270 632 niuem
287 603 438 631 dealbabor.
459 603 559 630 Nonus
577 600 688 629 fruetus
709 602 751 629 est
768 600 892 629 sitibun-

122 649 228 678 dorum
250 649 298 678 vel
321 648 481 677 sitientium
508 647 622 684 potatio
646 649 674 675 et
695 647 837 676 recreatio
856 647 891 675 ⁴:

121 696 237 732 Sanguis
249 703 322 724 meus
334 703 394 724 uere
408 698 447 723 est
461 697 551 730 potus.
571 694 706 722 Decimus
727 693 838 722 fructus
852 695 894 722 est

122 743 211 772 Patris
234 742 380 780 placatio,
404 741 484 770 unde
507 741 634 769 dicitur¹⁵
651 750 658 768 :
675 742 833 769 Accessistis
856 741 894 769 acl

121 790 262 824 sanguinis
286 791 464 825 aspersionem
487 789 583 816 meiius
607 789 765 815 clamantem
781 810 790 820 ,
813 796 894 823 quam

122 836 191 864 Abel
205 835 343 864 clamavit
355 835 516 863 vindictam
528 857 535 868 ‚
548 835 634 869 juxta
648 834 731 871 quod
746 834 850 862 dicitur
863 835 891 862 ⁸.-

121 885 188 912 Ecce
204 891 258 911 vox
275 884 417 919 sanguinis
434 884 532 917 fratris
546 884 590 910 tui
603 883 671 910 Abel
686 883 786 909 clamat
799 882 836 909 ad
853 890 894 910 me

123 930 156 958 de
170 932 260 962 terra,
276 929 384 958 scilicet
396 929 535 965 justitiam
552 930 580 956 et
588 928 750 956 vindictam
763 928 893 964 peccati;

123 976 175 1005 sed
199 976 320 1012 sanguis
340 975 443 1005 Christi
466 975 606 1004 clamavit
629 975 735 1003 melius
750 996 759 1009 ‚
785 975 895 1003 scilicet

123 1023 375 1058 misericordiam,
395 1022 467 1058 quia
488 1024 658 1058 peccatores
678 1023 736 1050 Deo
753 1022 830 1050 Patri
850 1029 895 1050 re-

123 1069 299 1099 conciliavit.
316 1069 492 1097 Undecimus
510 1068 620 1096 fructus
634 1071 676 1096 est
692 1069 790 1104 januae
803 1076 892 1105 para·

122 1117 179 1145 disi
193 1115 306 1153 apertio
317 1125 325 1151 ;
340 1115 420 1143 unde
440 1115 546 1143 dicitur
561 1116 571 1132 ⁷
585 1124 592 1143 :
607 1116 668 1143 Non
690 1118 729 1142 est
753 1115 796 1142 hic
816 1116 896 1143 aliud

121 1165 178 1192 nisi
192 1163 284 1191 domus
299 1164 349 1190 Dei
359 1184 367 1194 ,
383 1165 409 1190 et
421 1165 502 1197 porta
521 1163 592 1196 coeli,
615 1170 680 1198 quae
694 1162 804 1190 scilicet
818 1162 894 1190 saeta

122 1211 165 1238 est
185 1211 286 1246 aperta
306 1210 336 1237 in
356 1209 508 1245 apertione
528 1208 626 1237 lateris
645 1208 757 1237 Christi.
782 1209 895 1236 Eodem

122 1263 252 1292 namque
280 1258 411 1292 tempore
438 1257 540 1292 aperta
564 1257 607 1283 est
631 1257 717 1291 porta
744 1255 894 1291 paradisi,

123 1302 247 1331 Domino
261 1302 370 1330 scilicet
387 1302 530 1330 moriente
544 1323 552 1336 ‚
568 1310 634 1338 quae
661 1301 762 1329 clausa
782 1302 877 1330 fuerat
884 1323 894 1338 ‚

121 1349 215 1378 Adam
227 1348 436 1385 praevaricante
451 1349 482 1376 in
495 1349 570 1376 hora
591 1357 680 1376 nona.
697 1349 895 1377 Duodecimus

121 1396 232 1424 fructus
245 1398 286 1424 est
297 1396 466 1424 hereditatis
480 1395 545 1423 coeli
561 1395 716 1432 acquisitio
737 1398 765 1424 et
785 1396 893 1424 confir-

122 1443 212 1470 matio
222 1464 232 1477 ,
254 1442 341 1478 quia,
356 1444 388 1470 ut
402 1442 508 1470 dicitur
523 1443 533 1459 ⁸
545 1463 554 1477 ,
571 1444 622 1469 Hic
642 1445 680 1470 est
699 1445 810 1477 sanquis
833 1445 895 1470 navi

121 1491 282 1517 testamenti.
317 1490 346 1516 ln
379 1489 469 1516 veteri
504 1489 665 1516 testamenti
692 1489 726 1525 (a)
753 1489 894 1524 sanguine

122 1535 349 1563 conferebantur
363 1538 496 1570 terrena;
511 1535 542 1563 in
556 1535 698 1570 sangnine
714 1538 814 1563 autem
824 1536 895 1564 novi

121 1582 302 1617 testamenti,
318 1582 350 1609 id
367 1584 409 1610 est
425 1582 590 1618 passionis,
613 1581 761 1610 confertur
779 1582 895 1610 heredi-

121 1630 165 1657 tas
178 1632 297 1657 aeterna.
318 1630 356 1657 De
373 1629 428 1656 isto
449 1629 544 1656 fructu
563 1629 719 1665 multiplici
739 1629 845 1657 dicitur
863 1630 894 1658 in

122 1675 237 1704 Psalmo
249 1676 260 1693 ⁹
275 1684 282 1703 :
300 1677 336 1704 Et
363 1677 435 1709 erit,
449 1675 558 1703 scilicet
581 1684 653 1703 crux
677 1676 780 1704 Christi
795 1699 802 1708 ‚
833 1679 894 1704 tan-

122 1731 201 1758 quam
222 1723 325 1757 lignum
347 1722 418 1757 quod
440 1723 595 1757 plantatum
616 1726 655 1750 est
676 1730 749 1750 secus
769 1723 895 1751 decursus

122 1777 253 1804 aquarum
264 1790 272 1803 ,
293 1769 326 1796 id
345 1771 387 1797 est
401 1769 562 1804 gratiarum
580 1769 811 1805 abundantiam,
828 1778 894 1806 quae

120 1815 182 1843 sine
197 1823 335 1843 mensura
349 1815 468 1843 fuerunt
487 1815 518 1843 in
535 1815 661 1850 Christo,
681 1817 752 1851 quod
772 1818 894 1850 fructum

121 1870 198 1889 suum
212 1862 288 1889 dabit
308 1864 339 1889 in
362 1865 479 1897 tempore
491 1862 594 1890 mortis
615 1871 674 1891 suae
692 1858 893 1892 sacratissimis

122 1910 150 1935 et
169 1908 340 1936 benedictoe.
357 1908 492 1936 Secundo
514 1911 581 1936 sunt
603 1909 762 1937 duodecim
784 1909 894 1938 fructus

122 1955 221 1989 gratiae
235 1954 405 1990 spiritualis,
421 1955 458 1982 de
477 1955 587 1991 quibus
605 1955 711 1983 dicitur
725 1956 764 1984 ¹⁰:
781 1957 894 1984 Fructus

123 2004 212 2029 autem
225 2002 341 2036 spiritus
355 2005 417 2028 sunt
435 2002 569 2033 charitas,
587 2003 734 2037 gaudium,
750 2011 824 2038 past,
838 2012 892 2038 pa-

124 2049 237 2080 tientia,
259 2048 466 2082 Ionqanimitas,
489 2048 610 2082 bonitas,
632 2049 800 2083 benignitas,
822 2058 895 2076 man-

123 2095 249 2129 suetudo,
264 2094 346 2129 fides,
359 2094 505 2128 modestia,
525 2096 706 2129 continentia,
723 2097 846 2123 castitas.
862 2098 895 2125 Et

125 2141 161 2169 de
175 2141 235 2169 istis
249 2140 409 2168 duodecim
423 2140 564 2168 fructibus
579 2141 690 2168 dictum
705 2144 746 2169 est
760 2142 895 2178 superius

124 2188 155 2216 in
180 2189 304 2215 tractatu
325 2187 358 2214 de
380 2188 513 2221 fructibus
535 2188 655 2222 Spiritus
677 2190 765 2216 sancti
782 2210 789 2220 ‚
810 2188 894 2217 titulo

126 2236 247 2270 octavo3
260 2234 329 2262 ideo
343 2233 418 2261 nihil
431 2234 470 2262 ad
482 2242 612 2270 praesens
627 2234 781 2263 addemus.

397 2327 539 2362 CAPUT
561 2328 620 2362 IV.

181 2400 218 2427 De
235 2399 372 2426 duodecim
390 2399 530 2426 Fructibus
551 2400 651 2427 Gloriae
668 2402 838 2429 immortalis.

162 2467 255 2494 Tertio
269 2469 336 2494 sunt
353 2467 513 2495 duodecim
532 2467 643 2496 fructus
659 2469 760 2504 gloriae
775 2469 898 2497 immor-

128 2513 204 2542 talis.
218 2514 330 2541 Primus
341 2513 452 2542 fructus
463 2516 506 2542 est
522 2514 630 2543 sanitas
645 2515 758 2552 absque
776 2516 900 2544 infirmi-

161 2588 169 2604 ¹
183 2587 243 2617 isa„
264 2593 341 2616 xxxv,
357 2590 380 2612 5.
393 2601 424 2606 —
439 2589 450 2605 ¹
464 2589 532 2613 Psal.
547 2595 626 2620 xvxii,
642 2591 665 2614 7.
685 2603 711 2607 -
727 2591 736 2605 ³
750 2590 816 2615 Psal.
833 2597 861 2621 L,
875 2593 898 2615 9.

130 2637 158 2642 —
169 2623 177 2637 ⁴
188 2624 268 2650 Joan..
282 2629 317 2652 v1,
332 2625 371 2647 56.
384 2637 415 2641 —
425 2625 436 2641 ⁵
448 2624 533 2654 Helm,
545 2631 592 2655 xxi,
607 2626 645 2649 24.
660 2638 687 2643 -
701 2625 711 2642 ὅ
724 2625 795 2657 Gen„
811 2628 898 2656 1v,10.

132 2672 158 2677 -·
182 2659 191 2676 '¹
213 2659 284 2688 Gen„
310 2664 409 2688 xxvui,
434 2661 470 2683 Π.
494 2673 526 2678 -
548 2661 557 2674 ⁸
579 2660 682 2690 Matth„
704 2667 781 2692 xxvi,
804 2663 842 2687 28.
867 2675 898 2680 —

267 2711 342 2734 Tou.
363 2711 430 2734 VIII.

1660 209 1719 240 3³7

947 272 1005 301 tate
1020 275 1036 291 ¹¹
1051 280 1058 301 :
1070 271 1127 306 Qui
1140 274 1220 300 sanat
1235 279 1325 301 omnes
1337 273 1512 308 infirmitate·
1523 276 1593 304 tuas.
1609 276 1719 305 Secun-

946 318 1003 348 dus
1023 318 1134 348 fructus
1155 321 1198 348 est
1211 320 1352 356 juventus
1369 319 1433 348 sine
1456 322 1617 357 senectute;
1637 321 1718 352 unde

945 366 977 395 in
999 366 1116 395 Psalmo
1131 366 1238 396 dicitur
1250 366 1271 384 ¹¹
1286 376 1294 396 ε
1309 367 1490 396 Renovabitur
1509 369 1540 396 ut
1558 369 1658 405 aquiloe
1670 370 1719 406 Ju-

945 417 1040 443 ventus
1051 417 1116 448 tua,
1132 415 1165 444 id
1181 417 1224 444 est
1241 415 1359 451 Christi,
1375 415 1446 452 quia.
1465 415 1496 444 in
1518 418 1601 446 oetate
1616 417 1720 446 Christi

946 461 1066 498 triginta
1080 463 1170 491 trium
1184 470 1332 492 annorum
1347 470 1464 499 semper
1476 463 1640 493 manebunt
1650 466 1719 494 San-

946 508 994 543 cti,
1008 511 1041 537 ut
1055 508 1126 538 dicit
1135 509 1291 546 Apostolus
1301 509 1340 538 ⁰⁸:
1354 511 1440 538 Donec
1454 517 1621 540 occurramus
1633 520 1721 542 omnes

945 556 976 583 in
989 557 1078 584 virum
1097 557 1263 592 perfectum,
1276 558 1307 584 in
1318 564 1469 584 mensuram
1488 559 1578 586 (etatis
1597 559 1720 594 plenitu-

947 601 1022 630 dinis
1048 602 1160 631 Christi.
1184 602 1297 631 Tertius
1316 602 1428 631 tructus
1451 605 1494 632 est
1517 603 1635 634 satietas
1657 606 1720 635 'sine

946 647 1081 685 fastidi03
1107 649 1187 678 unde
1210 649 1251 678 ait
1274 649 1427 678 psalmista
1439 650 1459 667 '⁶
1474 661 1482 678 :
1498 650 1626 680 Satiabor
1636 673 1646 688 ,
1662 661 1721 681 cum

947 697 1108 731 apparuerit
1124 696 1213 732 ylaria
1235 698 1293 724 tua.
1316 697 1443 730 Quartus
1457 699 1499 725 est
1517 697 1638 727 libertas
1658 699 1721 729 sine

946 741 1084 770 servitute
1094 751 1103 778 3
1118 742 1199 771 unde
1212 742 1319 771 dicitur
1333 743 1369 771 ¹⁶:
1388 744 1519 772 creatura
1532 745 1692 775 liberabitur
1705 757 1722 776 a

947 791 1076 817 servitute
1089 791 1272 825 corruptionis
1287 791 1317 817 in
1332 789 1483 818 libertatem
1496 792 1590 826 qloriae
1602 793 1722 828 filiorum

948 837 1008 864 Dei.
1024 836 1147 870 Quintus
1161 835 1272 864 fructus
1285 838 1328 864 est
1338 836 1529 873 pulchritudo
1544 838 1658 876 absque
1673 840 1723 870 de-

946 882 1107 918 sormitate;
1128 883 1208 911 unde
1221 883 1378 919 Apostolus
1391 884 1412 901 ¹⁸
1427 892 1434 912 ε
1449 885 1617 918 Reformabit
1629 896 1722 924 empus

948 929 1113 958 humilitatis
1127 932 1240 965 ποεῖν-ω,
1257 932 1452 966 configuratum
1466 934 1574 968 corpori
1587 935 1723 965 claritatis

948 983 1012 1004 suoe.
1026 977 1128 1005 Sextus
1141 976 1195 1004 erit
1208 976 1431 1013 impassibilitas
1440 979 1489 1006 vcl
1502 979 1706 1010 immortalitas
1711 992 1721 1019 ;

950 1023 1028 1051 unde
1041 1023 1146 1051 dicitur
1162 1023 1182 1040 ¹⁷
1198 1032 1205 1050 ε
1221 1024 1410 1060 Ρνωσῷίιαὺίε
1425 1026 1555 1054 Dominus
1568 1031 1678 1056 mortem
1693 1031 1723 1057 in

949 1072 1148 1106 sempiternum.
1164 1070 1310 1106 Septimus
1325 1071 1378 1099 erii
1397 1071 1581 1102 abundantia
1601 1074 1663 1103 sine
1678 1075 1723 1104 in-

950 1115 1090 1151 digentia,
1102 1117 1187 1152 Juxta
1200 1116 1276 1144 illud
1289 1117 1309 1134 ¹⁸
1326 1126 1332 1145 :
1347 1119 1444 1146 Rerum
1457 1121 1575 1148 omnium
1584 1122 1724 1150 abundan-

951 1165 992 1191 tia
1011 1165 1168 1199 perfrueris.
1191 1165 1317 1194 Octavus
1339 1167 1381 1194 est
1401 1174 1462 1202 pax
1483 1167 1546 1196 sine
1569 1170 1724 1204 perturba-

949 1210 1029 1239 tione
1038 1221 1047 1246 ;
1067 1219 1164 1239 nonus
1186 1211 1239 1239 erit
1257 1212 1398 1240 securitas
1409 1213 1523 1250 absque
1538 1215 1643 1245 timore
1659 1226 1666 1245 ε
1685 1218 1724 1247 de

949 1257 994 1285 his
1018 1257 1137 1286 duobus
1152 1257 1258 1286 dicitur
1272 1258 1293 1275 ¹⁹
1309 1267 1315 1286 :
1335 1259 1442 1287 Sedebit
1462 1262 1580 1296 populus
1602 1271 1675 1292 meus
1694 1267 1725 1293 in

947 1304 1152 1339 pulchritudine
1167 1306 1244 1340 pacis
1254 1326 1263 1339 ‚
1274 1307 1300 1333 et
1310 1307 1340 1333 in
1355 1307 1538 1335 tabernaculis
1551 1309 1659 1343 fiduciae
1668 1332 1678 1346 ‚
1694 1313 1724 1339 in

949 1353 1042 1386 requie
1063 1352 1202 1386 opulenta.
1227 1352 1361 1380 Decimus
1385 1353 1438 1382 erit
1459 1355 1588 1390 cognitio
1611 1357 1725 1394 absque

949 1397 1126 1433 ignorantia;
1141 1398 1222 1426 unde
1233 1399 1390 1435 Apostolus
1402 1400 1424 1416 2⁰
1435 1402 1580 1430 :Videmus
1593 1412 1662 1431 nunc
1674 1413 1726 1440 per

950 1446 1083 1480 speculum
1096 1448 1124 1473 in
1136 1447 1293 1480 (enigmate,
1306 1450 1368 1474 tunc
1383 1451 1473 1475 autem
1483 1450 1554 1482 facie
1564 1450 1600 1477 ad
1614 1452 1722 1484 faciem.

950 1491 1126 1520 Undecimus
1137 1494 1180 1520 est
1190 1492 1284 1528 gloria
1295 1493 1355 1521 sine
1368 1494 1542 1530 ignominia,
1553 1497 1623 1525 teste
1634 1498 1724 1526 Paulo

950 1539 1002 1574 qui
1019 1538 1058 1566 ait
1072 1538 1092 1555 ²¹
1109 1548 1116 1566 ;
1138 1540 1201 1567 Cum
1226 1540 1348 1568 Christus
1363 1544 1522 1576 apparuerit
1538 1545 1596 1570 rita
1619 1548 1723 1578 vestra,

952 1587 1013 1612 tunc
1028 1587 1053 1612 et
1067 1593 1112 1612 vos
1127 1587 1296 1621 apparebitis
1311 1595 1369 1614 cum
1384 1589 1443 1622 ipso
1459 1590 1488 1615 in
1500 1590 1598 1623 aleria.
1612 1591 1724 1620 Duode-

951 1631 1044 1659 cimus
1066 1634 1109 1659 est
1130 1632 1274 1667 gaudium
1297 1633 1359 1661 sine
1382 1634 1510 1669 tristitia,
1530 1636 1583 1664 sed
1607 1637 1644 1665 dc
1668 1638 1723 1667 isto

951 1678 1062 1713 gaudio
1077 1680 1164 1713 nota,
1179 1679 1263 1715 quod
1278 1682 1345 1707 sunt
1365 1688 1417 1708 sex
1436 1689 1530 1709 causae
1550 1684 1722 1721 praecipuae,

950 1732 1042 1760 quare
1057 1725 1151 1752 Sancti
1167 1725 1354 1761 gaudebunt,
1370 1727 1479 1756 scilicet
1491 1728 1549 1756 loci
1559 1731 1723 1765 amoenitas‚

950 1779 1042 1807 quam
1060 1771 1274 1807 possidebunt3
1292 1773 1426 1808 jucunda
1448 1775 1590 1811 societas,
1609 1777 1640 1805 in
1664 1786 1724 1814 qua

948 1818 1116 1853 regnabunt
1126 1828 1134 1853 ;
1151 1819 1284 1855 corporis
1299 1819 1476 1854 glorificatio
1486 1843 1495 1857 ‚
1520 1831 1612 1858 quam
1634 1824 1724 1852 habe-

949 1864 1023 1893 bunt
1033 1875 1040 1900 3
1051 1865 1196 1900 mundus,
1208 1873 1298 1901 quem
1314 1869 1554 1904 contempserunt
1561 1880 1568 1904 3
1581 1870 1722 1907 infernus,

950 1920 1041 1948 quem
1069 1914 1232 1940 evaserunt.
1257 1913 1304 1940 Isti
1325 1914 1404 1941 enim
1426 1914 1536 1943 fructus
1559 1916 1724 1952 figurantur

949 1966 1003 1994 per
1017 1958 1174 1986 duodecim
1189 1958 1301 1986 fructus
1320 1959 1393 1995 ligni
1407 1960 1472 1988 vitae
1483 1983 1493 1996 ,
1509 1963 1593 1998 quod
1613 1967 1674 1992 erat
1695 1967 1724 1992 in

950 2005 1035 2032 medio
1048 2006 1191 2040 paradisi,
1207 2008 1239 2032 ut
1252 2005 1358 2041 legitur
1371 2007 1401 2034 in
1417 2008 1585 2044 Apocalypsi
1596 2009 1625 2037 ²².
1637 2012 1724 2039 Fruc-

950 2053 996 2079 tus
1011 2060 1125 2079 summe
1140 2052 1237 2080 bonos
1254 2052 1303 2081 det
1317 2053 1404 2081 nobis
1417 2054 1560 2089 Christus,
1577 2057 1629 2093 qui
1645 2065 1724 2087 crea-

950 2098 1001 2133 vit,
1016 2097 1047 2126 in
1062 2098 1145 2126 coelo.

1233 2179 1375 2213 CAPUT
1399 2181 1440 2214 V.

967 2258 1006 2284 De
1027 2259 1181 2285 amaenitate
1201 2260 1224 2285 et
1237 2258 1423 2293 pulcherrima
1437 2263 1574 2289 structura
1592 2271 1713 2299 supernoe

1178 2304 1301 2330 civitatis
1320 2304 1498 2332 Hierusalem.

991 2378 1062 2405 Item
1077 2377 1107 2405 in
1122 2378 1172 2406 illa
1187 2379 1297 2408 coelesti
1311 2379 1407 2416 gloria
1431 2382 1647 2412 consideranda
1661 2387 1728 2413 sunt
1750 2421 1753 2423 ,

955 2423 1014 2451 alia
1041 2424 1095 2452 tria
1124 2425 1224 2453 multis
1252 2427 1384 2463 suspiriis
1413 2428 1596 2465 affectanda,
1618 2430 1727 2458 scilicet

954 2479 965 2495 ⁹
977 2478 1045 2503 Psal.
1063 2486 1080 2510 1,
1093 2481 1116 2505 3.
1132 2493 1161 2498 —
1177 2481 1198 2498 ¹⁰
1208 2481 1276 2512 Gal„
1291 2489 1316 2511 v,
1332 2483 1416 2507 22-213.
1432 2497 1460 2501 —
1481 2485 1499 2501 ⁸¹
1513 2485 1581 2509 Psal.
1598 2491 1648 2517 1:11,
1662 2487 1685 2510 3.
1697 2499 1727 2504 —

957 2514 974 2529 ¹²
991 2515 1064 2546 thid„
1079 2517 1103 2539 5.
1114 2529 1144 2534 —-
1166 2516 1184 2533 ¹³
1200 2517 1299 2547 Ephes„
1315 2524 1350 2546 ιν,
1371 2520 1407 2542 13.
1427 2533 1453 2536 —
1471 2520 1487 2536 ’ὅ
1503 2521 1570 2544 Psal.
1586 2527 1644 2551 xvi,
1660 2523 1683 2545 5.
1699 2534 1727 2539 —

959 2551 976 2566 ¹⁵
989 2550 1067 2578 Rom,
1079 2557 1135 2580 vm,
1151 2554 1231 2576 21.—
1247 2552 1266 2568 ¹⁶
1280 2552 1388 2583 Philip,
1404 2559 1443 2585 111,
1459 2556 1497 2579 2¹.
1513 2569 1544 2573 —
1556 2555 1574 2570 ¹⁷
1592 2557 1651 2586 Isa.‚
1667 2562 1727 2587 xxv,

957 2587 980 2610 8.
993 2599 1025 2604 —
1037 2586 1058 2603 ¹⁸
1067 2587 1152 2615 Dent.¹
1168 2593 1226 2617 vm,
1238 2588 1261 2611 9.
1272 2600 1303 2606 —
1314 2589 1331 2602 ¹⁹
1344 2589 1498 2620 Isa.,x.xx11‚
1514 2593 1548 2614 18*
1561 2604 1591 2609 -
1603 2592 1625 2607 ²⁰
1640 2593 1645 2615 Ι
1661 2592 1728 2622 Com,

957 2627 1015 2652 1111,
1034 2623 1071 2646 12.
1084 2635 1113 2640 —
1128 2623 1145 2636 ²¹
1162 2622 1308 2654 Coloss.‚111,
1324 2625 1346 2648 4.
1360 2637 1390 2642 —
1405 2625 1425 2642 ²²
1437 2627 1520 2656 Apoc..
1534 2633 1601 2657 1111,
1617 2628 1640 2652 2.

988 2662 1020 2692 (a)
1037 2662 1096 2687 Caet.
1113 2662 1174 2686 eslii.
1190 2663 1270 2686 veteri
1285 2665 1446 2689 testamento.

1550 2712 1589 2741 22
