2004 3037
175 229 234 261 236

175 294 307 331 culpam,
321 295 349 322 et
357 294 502 331 corporis,
513 301 568 331 per
578 301 718 331 poenam3
733 293 780 323 his
793 294 955 332 respondet

176 341 287 378 duplex
300 342 486 377 resurrectio,
505 341 615 371 scilicet
629 342 736 371 animae
747 350 802 379 per
816 342 953 378 gratiam,

175 390 202 418 et
229 387 363 425 corporis
389 396 443 425 per
469 388 606 424 gloriam.
637 391 670 418 Et
697 389 771 417 sicut
794 388 825 417 in
849 388 954 425 primis

174 434 348 471 parentibus
365 443 447 463 mors
468 435 563 472 culpae
585 435 683 464 intulit
700 437 827 464 mortem
846 443 953 472 poenae,

175 481 216 510 ita
229 481 403 510 resurrectio
424 481 529 511 animae
547 490 601 519 per
619 483 746 519 gratiam
763 482 896 511 causabit
909 491 955 511 re-

176 528 389 557 surrectionem
412 529 546 565 corporis
569 537 622 566 per
644 530 782 566 gloriam.
806 531 838 558 ln
859 537 956 558 resur·

177 576 306 606 rectione
335 579 512 606 concurrent
539 578 667 614 quatuor
702 585 798 606 causae
809 599 818 613 ,
847 577 956 606 scilicet

178 623 327 658 efficiens,
352 623 415 660 ipse
442 625 533 660 Deus;
555 624 732 660 materialis,
754 624 864 653 scilicet
888 624 956 661 pul·

177 679 261 699 vcres
269 681 277 707 3
293 671 425 700 formalis
435 693 443 708 ‚
459 671 569 701 scilicet
587 672 757 709 conjunctio
780 672 913 709 corporis
929 673 956 700 et

178 717 297 753 animae3
315 718 428 754 finalis,
445 719 575 748 scilicet¹
595 723 625 747 ut
640 721 757 755 recipiat
772 720 956 755 unusquisque

175 769 259 802 prout
276 767 357 800 qessit
365 786 375 800 ,
392 767 449 794 sive
470 767 580 802 bonum,
595 769 650 795 sive
668 768 778 795 malum.
795 767 957 801 Resurgent

177 814 247 840 tunc
260 812 397 841 homines
413 813 569 848 velociter,
584 813 781 849 integraliter,
797 812 955 847 socialiter,

178 860 363 888 aeternaliter.
381 862 412 888 Et
426 860 480 888 erit
501 860 556 888 ista
575 854 750 889 resurrectio
769 860 848 896 justa
861 866 957 895 quan-

178 907 240 934 tum
268 907 307 935 ad
335 909 444 942 Deum;
465 907 595 943 perfecta
623 909 768 944 quantum
793 906 833 935 ad
859 914 958 934 resur-

179 955 294 989 gentem
316 954 495 983 miraculosa
517 956 662 990 quantum
681 954 721 982 ad
740 954 836 990 ipsam
860 960 957 981 resur-

178 1000 350 1029 rectionem.

376 1095 569 1130 CAPUT
613 1095 758 1129 XVII.

411 1168 448 1195 De
465 1168 482 1194 J
484 1168 574 1195 udicio
594 1169 719 1195 eoetrcmo.

214 1238 281 1265 Post
311 1237 556 1265 resurrectionem
588 1236 684 1264 statim
716 1236 769 1265 erit
798 1236 955 1272 judicium.

178 1285 277 1320 Ipsum
306 1292 376 1312 vero
399 1284 546 1320 judicium
574 1283 719 1320 praecedet
745 1283 820 1312 trina
847 1283 954 1312 citatio.

179 1331 275 1359 Prima
289 1330 342 1358 suit
356 1338 409 1367 per
423 1331 599 1367 prophetas;
612 1331 692 1359 unde
708 1330 783 1358 illud
797 1331 806 1347 ²
818 1339 825 1358 :
846 1331 957 1365 Voconi,

179 1381 204 1406 et
219 1379 358 1406 renuistis.
377 1378 526 1413 Secunda,
543 1386 596 1414 per
610 1377 761 1414 apostolos
776 1380 804 1406 et
818 1377 958 1413 praedica-

179 1428 256 1454 tores
269 1425 279 1441 ³
296 1434 302 1453 :
318 1427 398 1453 Misit
413 1434 500 1453 servos
522 1433 583 1453 suos
604 1426 668 1453 hora
683 1433 760 1453 coenoe
781 1425 868 1453 dicere
883 1426 956 1452 invi-

179 1474 256 1505 tatis,
275 1474 328 1501 etc.
344 1472 437 1500 Tertia
454 1472 507 1500 erit
525 1480 578 1508 per
593 1472 728 1500 ultimam
744 1479 850 1500 vocem
868 1471 955 1507 tubae,

179 1522 206 1547 et
220 1519 281 1547 haec
296 1520 393 1548 citatio
409 1519 463 1547 erit
475 1519 685 1556 peremptoria.

214 1567 382 1595 Secundum
409 1567 587 1596 ltichardum
608 1567 712 1603 triplex
736 1569 778 1594 est
797 1566 955 1602 judicIum.

179 1613 308 1642 Primum
328 1616 370 1642 est
392 1614 554 1648 uniforme,
569 1614 626 1642 hoc
650 1616 693 1641 est
713 1613 858 1649 judicium
884 1622 957 1650 prse-

178 1661 266 1689 sentis
282 1661 430 1696 Ecclesiae,
447 1669 512 1697 quae
535 1669 596 1688 non
609 1660 739 1695 judicat,
760 1661 815 1688 nisi
835 1661 871 1688 de
893 1660 957 1688 sola

179 1708 319 1744 qualitate
339 1708 585 1740 retributionum,
608 1710 635 1735 et
655 1708 685 1735 in
704 1715 810 1743 genere
831 1710 955 1743 tantum,

178 1754 342 1782 secundum
366 1754 449 1790 quod
474 1755 555 1782 bona
579 1755 685 1789 boum,
712 1757 739 1782 et
763 1754 849 1782 malis
877 1754 957 1782 mala

177 1801 340 1829 reddentur
354 1810 360 1829 :
382 1801 435 1828 sed
453 1809 612 1828 numerum
627 1803 654 1828 ct
669 1801 861 1837 quantitatem
875 1801 956 1828 retri-

178 1848 335 1876 butionum
356 1848 448 1876 nescit
470 1849 514 1883 (a).
539 1848 707 1876 Secundum
729 1847 835 1875 dicitur
858 1847 955 1875 multi-

177 1894 283 1929 forme,
298 1895 407 1923 scilicet
416 1895 499 1931 quod
512 1895 637 1931 quilibet
648 1894 796 1930 experitur
808 1894 838 1921 iu
850 1897 955 1928 morte,

177 1941 351 1978 accipiendo
379 1942 555 1970 sententiam
580 1941 617 1969 de
644 1942 784 1969 omnibus
813 1942 901 1970 bonis
929 1945 956 1970 et

178 1989 264 2016 malis
291 1997 355 2025 quae
379 1989 483 2024 gessit;
505 1989 557 2016 sed
579 1997 640 2016 non
667 1989 768 2017 omnia
793 1989 884 2023 bona,
908 1989 955 2017 vel

178 2035 271 2070 mala,
287 2036 383 2064 statim
398 2036 516 2071 recipit,
538 2036 609 2072 quia
623 2036 653 2063 in
669 2036 768 2064 anima
783 2038 912 2070 tantum,
928 2038 955 2064 et

178 2090 239 2110 non
253 2083 282 2110 iu
298 2091 432 2118 corpore.
449 2083 576 2110 Tertium
591 2083 696 2110 dieitur
711 2083 888 2110 omniforme
899 2104 906 2117 ‚
924 2083 955 2110 id

179 2131 235 2163 est,
258 2129 395 2157 ultimum
412 2130 574 2165 judicium,
596 2130 717 2165 quando
740 2130 843 2165 recipit
866 2138 954 2157 unus-

179 2176 305 2212 quisque
333 2176 496 2204 secundum
524 2185 682 2204 numerum
711 2179 737 2203 et
763 2177 955 2211 quantitatem

179 2223 240 2250 sive
255 2223 353 2256 bona,
370 2223 430 2249 sive
446 2223 541 2257 maia,
558 2223 587 2250 in
610 2231 734 2258 corpore
757 2226 784 2250 et
799 2223 829 2250 in
844 2223 953 2251 anima.

216 2269 354 2297 Ultimum
381 2269 527 2303 judicium
557 2271 598 2296 est
630 2268 771 2296 horribile
805 2277 840 2296 ex
874 2271 956 2297 omni

180 2319 272 2353 parte,
290 2316 359 2351 quia
378 2323 468 2351 supra
483 2315 536 2342 erit
547 2315 640 2349 judex
656 2318 788 2342 austerus
804 2319 831 2343 et
846 2316 954 2351 iratus;

181 2363 301 2397 subtus,
323 2364 426 2398 patens
442 2362 589 2396 infernus;
607 2362 703 2395 intus,
721 2362 898 2390 conscientia
913 2371 956 2391 re-

181 2410 339 2444 mordens;
364 2412 461 2443 extra,
486 2409 616 2436 mundus
640 2408 761 2443 ardens3
788 2417 805 2436 a
827 2409 954 2444 dextris,

181 2458 302 2493 peccata
316 2455 480 2484 accusantia
495 2465 501 2489 ;
518 2464 535 2483 a
547 2455 669 2483 sinistris
684 2455 832 2484 daemonia
846 2458 956 2484 terren-

181 2504 234 2537 tia;
250 2504 327 2531 eirca
349 2503 401 2530 ilia
424 2502 495 2531 boni
522 2502 620 2537 angeli
647 2502 677 2529 in
701 2502 814 2530 inferna
837 2504 956 2539 propel-

217 2589 255 2612 1ΙΙ
272 2589 339 2617 Cain,
356 2595 379 2617 v,
400 2591 435 2613 10.
448 2602 477 2605 -
492 2588 499 2602 ²
513 2589 593 2615 Prota,
612 2594 629 2618 1,
648 2589 686 2612 22.
705 2602 731 2605 -—-
745 2589 753 2602 ³
768 2589 955 2618 Luc.‚x1v,17.

184 2638 213 2643 —
233 2626 239 2638 ⁴
261 2625 326 2653 Luc„
343 2631 396 2655 xxi,
412 2626 450 2649 20¹.
472 2637 500 2642 ——
515 2625 525 2641 ⁵
539 2623 782 2655 Jc>b‚2x'iv,13.--¹v
804 2625 821 2648 ΙΙ
842 2626 910 2655 Com,
932 2632 956 2656 v,

186 2663 221 2684 10.
236 2674 265 2678 --
277 2662 284 2674 ⁷
299 2661 304 2683 1
321 2661 409 2691 Thessa,
426 2668 449 2691 v,
465 2663 488 2685 2.
499 2674 529 2678 —
542 2660 552 2676 ⁸
567 2661 649 2688 Proin,
667 2666 699 2689 νι,
717 2662 755 2684 31,
769 2661 818 2678 -9
831 2660 908 2691 Rom„
921 2667 956 2690 vi,

183 2698 220 2722 21.
234 2710 264 2715 —
278 2697 296 2714 ’θ
312 2697 386 2726 Dan..
402 2703 454 2727 xiv,
470 2698 509 2721 35.
522 2709 552 2714 —
569 2697 584 2711 ¹¹
599 2696 676 2724 Nati..
690 2702 729 2726 111,
745 2698 768 2720 5.

492 225 752 260 COMPENDIUM
779 225 1041 260 THEOLOGICAE
1061 226 1286 261 VERITATIS.
1308 227 1384 260 LIB.
1407 228 1475 261 VII.

1010 294 1122 332 lentes3
1138 295 1252 325 ibidem
1272 303 1376 325 omnes
1389 295 1482 325 sancti
1493 295 1603 332 Judicis
1615 296 1789 327 sententiam

1011 342 1211 379 approbantes
1219 364 1229 379 ,
1243 344 1272 372 et
1285 351 1389 372 omnes
1400 343 1472 372 mali
1487 351 1556 372 cum
1567 343 1656 372 bonis
1668 343 1790 382 peecata

1011 389 1222 420 damnatorum
1236 393 1457 427 cognoscentes,

1047 439 1086 466 De
1110 438 1252 475 qualitate
1278 440 1378 466 autem
1400 437 1506 474 J'udicii
1529 439 1602 467 nota
1628 437 1713 474 quod
1736 438 1790 468 erit

1010 485 1154 514 horribile
1167 485 1178 502 δ
1191 494 1198 514 ε
1219 486 1338 514 Virtutes
1352 486 1474 514 coelorum
1485 486 1667 513 movebuntur.
1685 484 1790 514 Intole-

1011 532 1126 561 rabile⁵
1141 542 1148 560 :
1166 533 1234 566 Quis
1246 533 1316 560 mihi
1330 533 1446 568 tribuat,
1461 534 1531 560 utin
1543 533 1650 566 inferno
1664 535 1790 568 proteqas

1012 581 1077 607 me?
1099 581 1153 608 etc.
1173 579 1345 608 Inevitabile
1356 589 1365 615 ;
1385 579 1541 616 Apostolus
1562 578 1572 596 ⁸
1591 589 1598 608 :
1624 579 1721 608 Omnes
1743 586 1791 607 nos

1012 629 1116 662 oportet
1125 627 1299 660 manifestari
1313 629 1376 655 ante
1392 627 1514 655 tribunal
1530 627 1642 654 Christi.
1656 626 1791 663 Inopina-

1012 672 1088 708 bile,
1104 673 1175 709 quia
1189 674 1199 690 ⁷
1215 673 1273 701 dies
1296 674 1424 706 Domini,
1441 675 1512 702 sicut
1531 675 1580 708 fur
1593 675 1624 701 in
1638 676 1727 706 nocte,
1749 675 1791 701 ita

1011 722 1108 748 veniet.
1135 719 1319 748 inexorabile
1341 719 1352 737 ⁸
1374 729 1381 747 :
1404 721 1479 748 Zetus
1507 723 1534 748 et
1562 721 1641 754 furor
1661 721 1718 748 viri
1737 728 1791 748 non

1013 769 1105 802 parcet
1116 768 1146 794 in
1157 766 1202 794 die
1211 766 1349 794 vindictoe.
1364 766 1563 794 Erubescibile
1575 776 1583 802 3
1597 766 1755 803 Apostolus
1764 767 1788 795 ⁹:

1014 814 1096 847 Quem
1117 814 1236 846 fructum
1257 813 1393 841 habuistis
1418 815 1480 840 (unc
1500 814 1530 840 in
1551 814 1622 845 illis,
1643 815 1673 840 in
1694 814 1791 849 quibus

1013 868 1084 887 nunc
1098 860 1274 896 erubescitis?
1284 859 1422 888 Praedicta
1436 867 1506 888 vero
1521 859 1725 888 erubescentia
1737 859 1792 888 erit

1013 906 1044 934 in
1059 906 1178 934 duobus
1195 915 1201 934 :
1226 905 1324 942 primo
1335 927 1344 940 ,
1366 906 1397 934 in
1411 906 1559 935 veniendo
1574 906 1614 934 ad
1626 906 1790 942 judicium,

1014 953 1086 990 quia
1108 953 1180 981 mali
1204 961 1272 981 cum
1294 953 1423 982 habeant
1450 961 1577 990 corpora
1601 953 1790 990 ponderosa,

1014 1002 1130 1037 oportet
1143 1009 1194 1028 eos
1207 1000 1278 1029 illuc
1292 1001 1403 1037 portari
1418 1001 1457 1029 ab
1473 1001 1594 1036 angelis,
1611 1001 1685 1029 sicut
1699 1001 1793 1030 Haba-

1015 1056 1067 1076 cuc
1084 1049 1104 1065 ¹⁰
1119 1050 1252 1084 portatus
1265 1048 1319 1076 tuit
1337 1048 1376 1076 ad
1390 1048 1489 1076 lacum
1507 1048 1630 1076 leonum
1650 1048 1680 1076 in
1694 1048 1791 1084 Baby·

1013 1096 1115 1124 Ionem
1124 1105 1132 1131 ;
1150 1095 1296 1130 secundo,
1312 1096 1342 1123 in
1357 1096 1462 1124 stando
1477 1103 1578 1124 coram
1588 1096 1706 1131 judice,
1721 1095 1792 1132 quia

1013 1145 1135 1180 peccata
1149 1150 1254 1171 eorum
1272 1142 1412 1171 omnibus
1429 1145 1515 1171 erunt
1530 1142 1694 1171 manifesta.
1710 1142 1791 1172 Unde

1014 1189 1089 1218 illud
1104 1190 1124 1208 ¹¹
1138 1199 1144 1217 :
1160 1190 1289 1218 Revelabo
1299 1190 1429 1225 pudenda
1445 1192 1492 1217 tua
1503 1191 1532 1217 in
1546 1191 1619 1223 facie
1631 1192 1696 1222 lua,
1711 1191 1766 1217 etc.

1050 1237 1142 1265 Locus
1163 1236 1267 1272 judicii
1285 1237 1338 1264 crit
1352 1236 1383 1264 in
1407 1236 1483 1265 valle
1505 1236 1660 1272 JosapImt,
1685 1237 1713 1264 et
1735 1235 1792 1264 hoc

1013 1283 1170 1320 multiplici
1190 1283 1313 1312 ratione.
1336 1283 1448 1319 Primo,
1472 1283 1542 1320 quia
1563 1283 1664 1311 locum
1687 1283 1791 1319 Judicii

1014 1334 1129 1368 oportet
1154 1339 1215 1359 esse
1243 1339 1453 1359 communem:
1481 1331 1533 1358 sed
1562 1330 1742 1358 Hierusalem
1763 1333 1792 1359 et

1014 1382 1090 1407 terra
1103 1377 1242 1413 adjacens
1265 1377 1381 1406 videtur
1396 1386 1458 1406 esse
1474 1377 1654 1412 eommunis,
1670 1385 1738 1405 cum
1755 1377 1792 1406 sit

1014 1425 1098 1462 quasi
1125 1425 1244 1453 medius
1269 1427 1375 1453 nostrae
1405 1424 1596 1453 habitationis
1618 1424 1711 1453 locus.
1741 1424 1791 1452 Se-

1013 1472 1132 1506 cundo,
1158 1472 1228 1508 quia
1248 1472 1336 1500 debet
1356 1480 1418 1500 esse
1441 1471 1579 1508 publicus
1601 1480 1607 1499 :
1632 1471 1685 1499 sed
1707 1471 1790 1499 locus

1013 1519 1169 1556 praedictus
1184 1521 1226 1547 est
1239 1518 1453 1547 famosissimus
1473 1521 1594 1554 propter
1615 1525 1706 1554 opera
1720 1525 1789 1546 nos·

1013 1569 1062 1594 troe
1077 1566 1299 1602 redemptionis,
1313 1574 1379 1602 quae
1392 1565 1505 1593 ibidem
1515 1567 1596 1600 gesta
1607 1566 1683 1593 sunt.
1695 1564 1789 1593 Terti0

1013 1613 1152 1649 competit
1170 1613 1252 1641 locus
1274 1613 1322 1640 ille
1347 1613 1460 1640 ratione
1480 1612 1609 1647 negotii,
1630 1612 1700 1648 quia
1714 1613 1789 1640 trac-

1012 1660 1136 1688 tandum
1157 1662 1199 1688 est
1222 1659 1263 1688 ibi
1288 1668 1363 1696 opus
1379 1659 1589 1687 misericordiae
1613 1661 1641 1686 et
1661 1659 1787 1694 justitiae.

1013 1709 1092 1735 lions
1110 1707 1225 1740 oliveti,
1241 1706 1292 1742 qui
1308 1709 1349 1734 est
1369 1706 1449 1742 apud
1465 1706 1546 1733 illam
1562 1705 1670 1733 vallem
1681 1726 1690 1739 ‚
1708 1705 1787 1733 desi-

1012 1756 1082 1789 gnat
1095 1753 1345 1786 misericordiam3
1365 1753 1495 1787 Josupliac
1509 1754 1623 1786 autem,
1648 1751 1731 1787 quod
1745 1751 1788 1779 in-

1012 1803 1185 1836 terpretatur
1198 1799 1493 1835 Judieium,designat
1502 1798 1654 1834 justitiam.

1222 1895 1389 1929 CAPUT
1427 1894 1575 1928 XVIII.

1274 1969 1311 1994 De
1324 1966 1526 1994 Judz‘cantz‘bus.

1047 2040 1110 2067 Non
1134 2037 1231 2065 solum
1255 2036 1419 2064 secundum
1442 2037 1615 2072 potestatem
1637 2034 1786 2069 divinam,

1012 2085 1063 2113 sed
1079 2085 1166 2113 etiam
1180 2085 1210 2112 in
1226 2084 1320 2112 forma
1335 2084 1466 2111 humana
1482 2083 1610 2110 Christus
1622 2081 1785 2117 judicabit:

1012 2134 1082 2169 quia
1109 2133 1139 2160 in
1164 2132 1367 2167 jurisdictione
1392 2130 1542 2158 ordinaria
1564 2129 1727 2164 judicabit,
1757 2132 1789 2157 ut

1012 2182 1102 2212 Deus,
1118 2187 1185 2207 cum
1209 2181 1267 2206 tota
1282 2178 1433 2207 'l'rinitatcz
1457 2177 1509 2204 sed
1533 2176 1561 2203 in
1583 2176 1786 2211 jurisdictione

1012 2227 1147 2262 delegata
1158 2224 1320 2260 judicabit,
1335 2226 1366 2251 ut
1380 2223 1481 2250 homo.

1048 2273 1128 2301 Unde
1150 2274 1238 2305 nota,
1262 2270 1344 2306 quod
1368 2270 1499 2306 quinque
1520 2271 1587 2297 sunt
1605 2269 1688 2297 modi
1707 2270 1786 2305 judi·

1012 2320 1110 2348 candi.
1134 2319 1245 2347 Primus
1267 2317 1374 2345 modus
1398 2319 1439 2344 est
1460 2317 1563 2352 primae
1587 2317 1784 2350 auctoritatis,

1012 2375 1073 2403 quo
1084 2365 1229 2402 judicabit
1242 2367 1301 2392 tota
1313 2364 1443 2391 Trinitas.
1460 2363 1611 2391 Secundus
1622 2363 1729 2390 modus
1744 2365 1785 2391 cst

1012 2413 1148 2441 seeundae
1164 2411 1353 2444 auctoritatis,
1369 2419 1429 2446 quo
1442 2410 1587 2445 judicabit.
1601 2409 1738 2443 christus,
1755 2413 1786 2438 ut

1012 2461 1112 2488 homo.
1139 2458 1248 2486 Tertius
1275 2460 1319 2485 est
1344 2457 1513 2484 accessoriae
1537 2455 1694 2491 dignitatis,
1723 2465 1784 2492 quo

1009 2505 1186 2542 judicabunt
1209 2504 1334 2540 apostoli
1359 2507 1386 2531 et
1411 2503 1464 2531 viri
1490 2502 1617 2539 perfecti,
1644 2502 1694 2538 qui
1716 2511 1784 2531 cum

1009 2553 1109 2588 judice
1133 2551 1308 2579 eminentius
1329 2550 1500 2578 residebunt
1522 2549 1568 2576 vel
1589 2549 1784 2584 judicabunt,

1013 2602 1154 2636 tanquam
1168 2598 1274 2626 melius
1288 2599 1408 2626 scientes
1422 2597 1503 2632 leges
1518 2598 1545 2624 et
1559 2596 1785 2624 consuetudines

1047 2697 1079 2727 (a)
1095 2696 1157 2721 Coet.
1172 2695 1233 2720 edic.
1248 2695 1304 2719 scit.
