2004 3037
227 150 287 179 214

261 216 415 245 Peccatum
428 214 499 243 tacit
509 213 669 250 indignum
682 213 895 242 communione
910 212 1004 241 tribus

227 263 326 292 modis
342 271 349 290 z
365 261 461 290 autin
481 261 601 295 habitu,
616 262 649 289 ut
662 260 786 297 quando
803 259 872 297 quis
892 259 1008 288 aceedit

227 318 290 339 non
303 308 445 338 contritus
458 307 497 336 de
517 309 640 344 peccato
653 306 803 344 praeterito
815 308 844 335 et
856 305 1006 335 inconfes-

228 364 278 385 sus
286 365 295 392 ;
311 357 362 384 aut
383 355 416 383 in
429 356 513 390 actu,
527 356 561 383 ut
574 354 697 391 quando
711 354 779 390 quis
795 353 934 382 immutat
946 353 1007 381 for-

228 411 311 432 mam
321 401 514 437 sacramenti,
526 403 555 430 et
567 401 762 430 irreverenter
775 401 875 437 ipsum
887 402 1004 436 traetat3

228 452 279 479 aut
292 450 324 478 in
336 449 491 486 proposito
500 469 510 484 ,
524 450 557 477 ut
574 447 697 485 quando
712 447 804 476 habet
821 447 1008 476 voluntatem

227 496 373 534 peccandi
386 496 418 524 in
431 497 541 524 futuro.

264 545 361 573 Potest
373 543 462 572 etiam
481 543 604 579 propter
618 541 816 570 reverentiam
831 541 1008 570 sacramenti

229 591 359 620 exclusio
373 589 438 618 fieri
453 598 472 618 a
485 589 696 618 communione
711 588 864 625 tripliciter
878 598 884 617 :
897 589 1008 626 primo,

229 640 352 676 propter
373 637 570 666 reverentiam
583 636 759 664 sacramenti
779 636 945 672 exterioris,
967 636 1010 664 sie

231 684 363 714 excludit
386 683 532 721 pollutio,
557 685 585 711 et
609 682 797 711 immunditia
825 683 1008 719 corporalis;

231 731 363 761 seeundo
373 753 382 767 ‚
397 732 519 767 propter
533 730 729 758 reverentiam
741 729 783 757 rei
797 731 939 758 eontentae
953 730 1010 758 sub

231 778 350 814 formis,
367 778 408 806 sie
423 777 554 806 excludit
569 777 699 805 detectus
711 776 816 812 judicii
831 779 858 804 et
872 776 1010 811 rationis,

232 829 264 855 ut
277 826 308 854 in
322 825 423 863 pueris
437 826 466 853 et
479 824 665 858 amentibus;
678 823 782 859 tertio,
795 826 916 860 propter
930 831 1011 852 reve-

233 873 360 902 rentiam
377 872 420 900 rei
435 871 623 908 signifieatae,
637 870 670 898 id
680 872 736 905 est,
746 870 866 898 unitatis
878 870 1013 906 corporis

234 920 365 958 mystici,
387 921 429 948 sic
452 919 584 948 excludit
603 918 758 946 vinculum
777 918 941 953 interdicti,
963 918 1013 946 vel

235 966 453 1004 suspensionis,
467 966 516 994 vel
533 965 848 994 excommunicationis
863 964 952 993 etiam
966 965 1012 993 in-

233 1016 329 1051 justae.
341 1014 386 1042 Sic
398 1013 487 1049 igitur
496 1014 618 1049 propter
633 1012 729 1040 solam
743 1013 939 1040 reverentiam
951 1012 1014 1040 sine

237 1062 319 1090 omni
338 1062 428 1097 culpa
443 1060 642 1088 excluduntur
657 1059 743 1087 multi
757 1067 775 1087 a
791 1059 1012 1089 communione.

236 1110 295 1138 lloc
309 1108 407 1145 primo
424 1110 504 1144 patet
518 1107 548 1135 in
567 1107 667 1143 pueris
679 1128 687 1141 ,
707 1106 759 1143 qui
778 1109 877 1134 tumen
902 1107 926 1134 si
947 1109 1016 1135 sunt

235 1164 330 1193 prope
350 1157 465 1184 aetatem
487 1154 639 1189 adultam,
660 1153 771 1181 scilicet
792 1153 943 1181 decimum
967 1154 1016 1182 vel

238 1203 452 1232 duodecimum
466 1209 599 1236 annum,
623 1203 650 1229 et
667 1203 812 1237 apparent
825 1200 856 1228 in
876 1201 917 1228 eis
931 1201 1016 1237 signa

237 1250 407 1279 reverentiae
433 1251 461 1277 et
486 1249 689 1283 discretionis,
726 1250 849 1284 possunt
874 1256 990 1277 sumere
1007 1270 1015 1283 ,

238 1297 313 1326 alias
326 1305 398 1325 non.
416 1296 497 1325 tdem
507 1298 587 1332 patet
598 1296 628 1323 in
642 1295 776 1330 furiosis,
790 1295 841 1331 qui
856 1295 1018 1323 exeludun-

240 1348 286 1373 tur
307 1344 369 1373 sine
391 1343 496 1380 culpa,
520 1343 572 1379 qui
593 1345 691 1370 tamen
712 1343 933 1370 communicare
948 1351 1016 1378 pos-

240 1393 326 1425 sunt,
342 1390 466 1428 quando
485 1390 596 1418 habent
617 1388 718 1417 lucida
737 1389 902 1417 intervalla.
929 1390 1016 1424 ttem,

241 1447 309 1467 eum
333 1437 400 1474 quis
422 1437 512 1465 habet
529 1437 641 1464 lutosas
665 1443 790 1470 manuS,
813 1436 880 1464 licet
899 1436 957 1464 hoc
982 1437 1019 1465 sit

241 1485 303 1513 sine
319 1485 422 1521 eulpa,
442 1486 540 1512 tamen
555 1491 610 1519 pro
626 1483 691 1511 sola
704 1483 868 1511 reverentia
882 1491 944 1511 non
965 1483 1017 1511 de-

241 1533 292 1560 bet
305 1534 425 1567 tangere
441 1539 549 1567 eorpus
564 1530 677 1558 Christi.

276 1579 341 1607 Tria
356 1586 466 1614 genera
479 1577 635 1605 hominum
650 1577 680 1604 in
700 1577 765 1612 lege
782 1577 1020 1605 excludebantur

242 1626 281 1654 ab
298 1634 349 1653 esu
365 1625 444 1661 agni,
461 1624 571 1652 scilicet
585 1626 609 1652 1.
621 1623 829 1658 incircumcisi,
846 1624 898 1660 qui
909 1624 1019 1659 signifi-

243 1675 310 1701 cant
322 1672 495 1700 accedentes
506 1672 700 1699 irreverenter
712 1671 750 1699 ad
763 1672 1016 1699 communionem.

243 1719 359 1755 Legitur
385 1719 415 1746 in
440 1718 518 1746 libro
542 1720 670 1753 Regum,
691 1718 773 1753 quod
798 1726 954 1753 percussus
979 1720 1021 1745 cst

243 1769 315 1801 Oza,
340 1767 391 1803 qui
416 1766 508 1801 tetigit
522 1774 621 1793 arcam
638 1766 763 1793 Domini.
782 1767 852 1793 tteni
866 1768 893 1793 ⁶2.
916 1766 1020 1793 alicni-

244 1824 346 1852 genze3
362 1815 392 1842 lii
408 1815 576 1850 significant
591 1813 736 1847 infideles
752 1813 788 1840 de
804 1814 913 1849 quibus
926 1814 956 1841 in
970 1815 1020 1841 Ge-

245 1863 307 1891 nesi
317 1864 324 1880 ¹
336 1872 341 1889 :
355 1864 421 1889 Fera
430 1864 548 1897 pessima
558 1861 696 1888 ‹levor-acic
705 1862 793 1896 silium
805 1870 897 1888 mcum.
914 1862 982 1888 lteui
992 1862 1019 1888 3.

246 1909 414 1943 immundi,
439 1909 489 1945 qui
512 1908 678 1944 significant
701 1908 844 1936 habentes
865 1912 1019 1944 peccatum

246 1956 379 1985 mortale.
404 1958 442 1983 De
466 1956 511 1983 his
534 1955 679 1991 Propheta
695 1956 727 1981 ²:
755 1955 948 1988 Mundamms,
974 1959 1022 1991 qui

245 2005 325 2038 fertis
338 2011 402 2030 rasa
418 2004 534 2030 Domini.
554 2004 590 2029 Dc
606 2002 651 2029 his
667 2002 758 2029 tribus
773 2005 858 2035 nota,
875 2002 957 2038 quod
978 2003 1022 2030 in-

247 2051 335 2086 digne
351 2050 454 2083 sumit,
466 2049 517 2085 qui
532 2056 593 2076 non
608 2048 696 2076 sumit
710 2051 887 2083 reverenter,
901 2049 945 2076 vel
961 2058 1022 2077 non

248 2099 405 2133 catholice,
421 2098 469 2126 vel
484 2097 571 2125 habet
585 2097 710 2124 mortale
726 2097 859 2124 scienter.

283 2146 337 2180 Qui
360 2154 421 2173 non
446 2145 645 2173 communicat
669 2152 724 2171 suo
752 2147 883 2179 tempore
898 2165 906 2177 ,
930 2144 1023 2172 multa

248 2194 327 2221 mala
343 2193 463 2220 incurrit
479 2202 484 2219 :
503 2192 615 2227 primo,
631 2191 701 2227 quia
718 2191 781 2218 talis
796 2191 949 2226 multiplici
965 2190 1022 2218 uti-

250 2240 327 2267 litate
340 2239 481 2274 privatur,
494 2239 530 2265 de
549 2246 608 2274 qua
623 2246 712 2273 supra
727 2237 833 2265 dicitur
847 2238 877 2264 in
892 2238 1022 2273 capitulo

249 2288 281 2313 <Ie
304 2286 399 2320 effectu
423 2285 603 2312 Eucharislz‘oe
618 2285 637 2311 ³.
654 2283 682 2311 Si
708 2284 786 2311 enim
807 2285 887 2311 Raab
911 2284 1023 2313 salvata

250 2336 301 2367 cst,
313 2332 384 2368 quia
396 2332 523 2367 suscepit
538 2331 655 2358 nuntios
669 2330 794 2363 Domini,
808 2333 900 2358 multo
918 2331 1023 2366 magis,

251 2380 302 2417 qui
316 2380 413 2416 ipsum
429 2378 557 2413 suscipit.
577 2377 728 2410 Secundo,
750 2377 820 2413 quia
845 2378 1024 2406 constitutio-

250 2435 319 2455 nem
342 2425 475 2454 Ecclesia¹
498 2424 711 2459 transgreditur
728 2433 734 2451 ε
751 2424 848 2451 statuit
874 2425 952 2453 enim
977 2428 1024 2453 Ec-

251 2473 340 2502 clesia
358 2472 442 2509 quod
468 2472 518 2508 qui
543 2479 603 2498 non
625 2471 823 2498 communicat
846 2471 875 2497 in
901 2472 1023 2507 Pascha,

250 2521 352 2548 vivens
373 2520 411 2547 ab
432 2519 563 2554 ingressu
584 2518 717 2545 Ecclesiae
737 2520 885 2552 arceatur,
906 2521 932 2546 ct
958 2527 1024 2546 mo-

284 2585 288 2598 ¹
305 2584 375 2611 Gen„
394 2588 493 2613 xxxvii,
508 2583 546 2605 20.
560 2594 590 2598 --
604 2582 614 2596 ’ἒ
627 2581 684 2606 Isau,
704 2579 940 2613 1⁴1=,11.—¹³i'i‹1.
959 2589 1026 2611 sup„

253 2626 275 2643 c.
294 2625 335 2649 xv,
354 2626 378 2649 p,
395 2620 448 2642 212.
465 2630 495 2636 --
515 2619 525 2634 Α
543 2617 634 2647 Eccle,
652 2623 686 2646 iv,
709 2619 743 2640 to.
766 2629 795 2633 —
812 2616 821 2632 ⁵
837 2616 948 2646 ΠῚέἑΞΞᾈ
967 2617 1026 2648 lm„

550 144 811 177 COMPENDIUM
829 140 1091 176 THEOLOGIGAE
1109 142 1336 176 VERITATIS.
1358 143 1435 176 ΠΒ.
1455 143 1509 176 Ἦ.

1059 211 1140 240 riens
1151 213 1250 241 eareat
1260 210 1458 241 ecclesiastiea
1468 212 1629 250 sepultura.
1641 214 1749 250 Tertio,
1763 216 1836 253 quia

1060 258 1302 288 maledictionem
1323 257 1491 288 incur-riv:
1520 260 1568 288 Voe
1585 261 1655 296 soli,
1678 263 1734 291 etc.
1758 264 1836 292 Bene

1060 305 1143 334 solus
1169 307 1226 340 est,
1251 306 1304 343 qui
1329 305 1475 334 Christum
1501 313 1564 335 non
1587 307 1689 337 hahet.
1712 310 1837 346 Quarto,

1061 352 1133 389 quia
1143 352 1223 381 vices
1236 354 1295 382 Deo
1305 361 1366 381 non
1380 353 1531 390 rependit3
1543 354 1740 390 Augustinus:
1756 365 1772 382 α
1781 357 1837 386 Ve-

1061 399 1228 428 recundum
1237 401 1281 428 est
1292 400 1335 431 illi
1349 400 1512 438 hospitium
1524 400 1683 438 denegare,
1698 402 1751 439 qui
1764 403 1840 433 solet

1062 455 1180 476 omnem
1199 447 1370 484 pulsantem
1394 448 1589 477 admittere.»
1613 449 1740 485 Quinto,
1765 451 1838 488 quia

1062 494 1139 523 vires
1152 494 1319 534 spirituales
1337 495 1456 532 perdit:
1473 495 1600 532 quilibet
1618 495 1699 525 enim
1721 497 1774 534 qui
1796 498 1840 526 est

1062 541 1126 570 sine
1147 541 1284 577 mortali,
1303 543 1347 570 est
1363 542 1534 571 membrum
1552 544 1686 580 eorporis
1699 543 1838 580 mystici:

1063 588 1232 617 membrum
1245 591 1344 617 autem
1357 589 1610 618 debetsustentari
1620 590 1763 619 alimento
1777 598 1841 619 cor-

1063 635 1145 671 poris
1169 635 1273 663 Christi
1296 635 1358 664 veri
1371 646 1380 671 ;
1403 636 1539 673 alioquin
1556 636 1682 665 efficitur
1705 637 1841 672 aridum,

1065 682 1140 710 sieut
1153 690 1332 719 corporeum
1344 682 1514 711 membrum
1528 683 1568 711 ad
1580 683 1664 719 quod
1675 691 1737 712 non
1749 685 1842 712 trans·

1064 729 1188 757 mittitur
1203 729 1367 766 corporalis
1382 729 1442 757 eibi
1456 729 1679 758 nutrimentum.

1278 822 1446 875 CAPUT
1478 821 1629 858 xv111.

1329 896 1368 923 De
1380 896 1467 930 efficio
1481 896 1581 924 Missoe.

1103 966 1313 1001 praerogativas
1325 966 1470 1003 plurimas
1492 966 1584 995 habet
1602 967 1686 997 Missa
1702 975 1709 995 ε
1725 967 1824 1004 primo
1835 989 1844 1004 ‚

1069 1012 1140 1048 quia
1155 1013 1320 1041 celebratur
1335 1021 1352 1041 a
1368 1013 1496 1049 ,iejunis3
1512 1013 1644 1042 secundo
1655 1035 1665 1048 ,
1688 1014 1759 1051 quia
1782 1017 1847 1044 tan-

1069 1061 1133 1087 tum
1146 1059 1177 1087 in
1191 1059 1321 1088 Ecclesia
1331 1081 1340 1094 ,
1356 1062 1384 1088 et
1406 1068 1496 1097 super
1510 1060 1619 1095 altare,
1641 1061 1697 1089 nisi
1712 1062 1847 1098 quando-

1071 1115 1129 1143 que
1144 1108 1266 1143 propter
1279 1107 1483 1135 necessitatem
1496 1107 1548 1135 fiat
1562 1107 1618 1136 sub
1637 1108 1763 1137 tentorio
1774 1130 1784 1144 ,
1799 1109 1847 1138 vel

1070 1154 1101 1181 in
1115 1154 1174 1182 alio
1188 1153 1255 1182 loco
1270 1154 1411 1189 honesto;
1427 1154 1512 1182 tertio
1523 1175 1532 1190 ,
1548 1154 1619 1190 quia
1633 1156 1750 1191 oportet
1769 1156 1848 1184 ccle-

1071 1200 1208 1229 brantem
1223 1208 1286 1229 esse
1305 1200 1507 1236 sacerdotem3
1530 1203 1637 1237 quarto
1649 1223 1658 1237 ,
1675 1201 1747 1238 quia.
1761 1209 1850 1239 opor-

1072 1249 1111 1276 tet
1125 1255 1193 1276 eum
1208 1247 1347 1276 indutum
1371 1255 1432 1275 esse
1447 1247 1537 1276 sacris
1552 1248 1700 1283 vestibus;
1725 1248 1847 1285 quinto,

1073 1295 1144 1330 quia
1158 1294 1365 1322 tantummodo
1381 1295 1413 1322 tit
1433 1294 1463 1322 in
1478 1294 1527 1322 die
1538 1315 1547 1329 ,
1563 1297 1592 1322 et
1605 1303 1667 1323 non
1690 1295 1721 1323 in
1744 1297 1848 1332 noete,

1073 1341 1129 1369 nisi
1144 1341 1174 1369 in
1189 1341 1340 1369 Nativitate
1356 1341 1491 1375 Domini3
1512 1343 1606 1378 sexto,
1629 1341 1699 1378 quia
1718 1342 1850 1371 celebra-

1074 1390 1120 1416 tur
1134 1395 1258 1416 accenso
1273 1387 1404 1423 lumine,
1427 1387 1540 1416 etiamsi
1563 1388 1645 1416 mille
1668 1388 1747 1417 soles
1768 1389 1850 1418 luee-

1073 1437 1138 1462 rent
1151 1442 1239 1471 super
1262 1437 1390 1469 terram3
1415 1434 1560 1470 septimo,
1583 1435 1654 1471 quia
1677 1435 1720 1463 ibi
1743 1438 1852 1464 sonant

1075 1482 1168 1509 verba
1188 1481 1309 1516 divina,
1335 1481 1487 1517 angelica,
1513 1483 1541 1509 et
1562 1481 1695 1510 humana
1717 1492 1724 1510 ε
1748 1482 1851 1512 divina

1075 1528 1214 1564 quidem,
1231 1536 1299 1556 cum
1315 1528 1422 1556 dicitur
1439 1528 1487 1556 vel
1505 1531 1638 1556 cantatur
1652 1530 1734 1557 Pater
1748 1532 1849 1564 noster,

1074 1577 1102 1602 et
1114 1575 1253 1610 leguntur
1266 1575 1359 1603 verba
1383 1575 1498 1603 Domini
1514 1575 1544 1602 in
1559 1575 1740 1611 Evangeli0;
1763 1584 1852 1612 ange·

1075 1622 1132 1650 lica
1156 1630 1227 1650 vero
1240 1643 1248 1656 ,
1283 1621 1406 1658 quando
1431 1621 1537 1649 dicitur
1565 1622 1658 1649 Gloria
1680 1624 1709 1649 in
1737 1623 1849 1651 excelsis

1076 1671 1146 1704 Deo,
1158 1671 1228 1703 etc.;
1240 1669 1371 1696 humana
1385 1670 1483 1696 autem
1493 1688 1501 1701 ,
1517 1670 1549 1696 ut
1563 1669 1593 1696 in
1609 1668 1739 1697 collectis
1754 1672 1781 1697 et
1795 1669 1852 1698 hu-

1072 1716 1216 1751 jusmodi.
1233 1717 1360 1750 Octavo,
1377 1715 1448 1751 quia
1463 1715 1505 1743 ibi
1521 1715 1682 1743 audiuntur
1704 1716 1758 1744 tria
1774 1716 1852 1744 idio-

1075 1765 1155 1790 mata
1164 1763 1359 1796 nobilissima,
1366 1762 1475 1790 scilicet
1485 1762 1668 1796 hebraicum,
1676 1764 1707 1789 ut
1717 1762 1831 1790 Sabaoth
1842 1764 1852 1780 ⁸

1077 1812 1102 1837 et
1121 1810 1256 1842 Osanna⁶;
1266 1817 1406 1844 graeeum,
1415 1811 1447 1836 ut
1459 1810 1555 1843 Kyrie,
1570 1809 1668 1836 eleison
1677 1809 1705 1841 ⁷,-
1716 1809 1852 1844 latinum,

1076 1859 1109 1884 ut
1122 1857 1152 1884 in
1167 1856 1249 1890 aliis,
1265 1864 1331 1892 quae
1345 1858 1411 1883 sunt
1426 1855 1477 1883 ibi.
1498 1856 1597 1889 Nono,
1614 1854 1685 1891 quia
1700 1855 1785 1884 Missa
1798 1864 1853 1884 suo

1077 1903 1169 1931 modo
1184 1905 1244 1930 tam
1258 1902 1348 1938 plena
1362 1904 1405 1930 cst
1419 1901 1582 1937 mysteriis,
1598 1902 1672 1929 sicut
1686 1909 1767 1930 mare
1787 1905 1853 1938 gut-

1078 1951 1113 1978 tis
1124 1971 1132 1985 ,
1146 1950 1219 1978 sicut
1232 1949 1277 1978 sol
1291 1949 1408 1983 atomis,
1424 1948 1499 1976 sicut
1513 1948 1733 1976 firmamentum
1748 1949 1851 1981 stellis,

1078 1998 1151 2026 sicut
1166 1997 1274 2025 coelum
1295 2003 1471 2031 empyreum
1487 1995 1610 2030 angelis.
1624 1995 1740 2023 Decimo
1752 2016 1762 2030 ,
1781 1997 1853 2032 quia

1078 2044 1244 2072 sacerdotes
1267 2043 1297 2070 in
1321 2042 1503 2070 solemnibus
1527 2042 1657 2069 ecelesiis
1681 2041 1791 2069 habent
1822 2043 1852 2070 in

1078 2092 1161 2120 Missa
1175 2099 1229 2119 sua
1243 2090 1342 2126 plures
1354 2089 1520 2122 ministros,
1535 2089 1696 2116 diaconum
1709 2108 1717 2121 ,
1733 2088 1852 2116 subdia-

1079 2147 1188 2166 conum
1201 2161 1209 2172 ,
1237 2140 1264 2165 ct
1284 2136 1425 2172 acolytos.
1449 2135 1629 2169 Undecimo,
1650 2134 1721 2170 quia
1741 2135 1853 2170 angelis

1080 2186 1121 2213 ibi
1137 2184 1325 2212 existentibus
1346 2183 1451 2210 sufficit
1467 2182 1496 2209 in
1512 2181 1668 2218 praesentia
1684 2183 1770 2209 tantae
1793 2190 1854 2210 ma-

1078 2234 1187 2269 jestatis
1202 2241 1263 2260 esse
1276 2231 1433 2259 scholares
1451 2229 1632 2258 Duodecimo
1643 2250 1652 2264 ,
1669 2229 1740 2265 quia
1755 2229 1796 2257 ibi
1812 2231 1855 2257 est

1083 2280 1222 2308 Dominus
1239 2278 1303 2306 coeli
1319 2280 1345 2306 et
1360 2280 1452 2305 terrm.

1119 2326 1252 2355 Officium
1268 2325 1355 2353 Missa}
1367 2324 1518 2352 moraliter
1528 2324 1683 2359 exponitur
1697 2323 1747 2351 ita.
1764 2323 1854 2349 Intro-

1082 2377 1136 2402 zttus
1151 2372 1296 2409 significat
1309 2371 1530 2399 inchoationem
1545 2370 1616 2398 boni
1628 2369 1745 2405 operis:
1762 2370 1790 2396 et
1799 2368 1854 2396 du·

1082 2421 1216 2456 plicatur,
1231 2419 1302 2455 quia
1316 2419 1346 2446 in
1356 2420 1456 2446 nostra
1468 2417 1635 2453 inceptione
1646 2416 1791 2443 debemus
1807 2415 1856 2442 de-

1083 2468 1192 2496 clinare
1207 2474 1224 2494 a
1238 2465 1332 2500 malo,
1345 2468 1372 2493 ct
1386 2465 1480 2493 faeere
1491 2465 1613 2492 bonum.
1629 2464 1728 2497 Kyrie,
1746 2463 1855 2496 cleison,

1083 2576 1120 2601 vi,
1133 2571 1155 2594 3.
1175 2583 1200 2587 ν
1217 2569 1227 2584 ⁶
1245 2569 1281 2594 Ν)
1295 2563 1429 2598 ms’w'irt,
1446 2566 1513 2592 Psul.
1529 2571 1608 2596 cxvu,
1624 2565 1696 2589 hebr.
1709 2569 1800 2594 exvul,
1815 2564 1855 2586 25.

1084 2633 1113 2638 —
1129 2619 1137 2633 7
1155 2620 1239 2651 Κύριε,
1254 2620 1361 2647 ἐλέησον.
