2004 3037
441 94 490 128 DE
511 94 749 128 VIRTUTIBUS
772 92 1031 127 THEOLOGICIS
1054 92 1105 124 ET
1127 91 1429 124 CARntNALtBUS.
1454 91 1540 124 CAP.
1562 91 1613 124 Vl.

220 162 291 200 quia
312 162 374 192 alas
396 170 459 191 non
479 162 588 199 habet,
611 162 763 199 unguibus
785 161 854 191 vel¹
875 161 999 190 manibus

219 211 318 245 utitur,
341 209 392 246 qui
411 209 445 247 (a)
468 209 622 246 diligentia
645 208 825 246 operationis
848 208 998 237 laudatur.

218 257 292 284 Nam
306 256 336 285 in
351 256 416 285 viro
431 256 588 293 prudente,
607 256 760 292 diligentIa
779 255 810 284 in
826 255 999 292 operatione

219 303 337 340 supplet
351 303 498 332 defectum
517 305 638 332 naturoe.
655 303 786 331 Prudens
804 302 998 330 nihilomiuus

219 353 408 387 eomparatur
428 351 568 379 locustae:
592 358 663 378 nam
684 349 758 378 siout
776 349 890 378 locusta
909 349 999 378 habet

218 398 351 426 volatum
365 397 531 426 recidivum
548 397 643 433 (volat
657 396 737 425 enim
750 397 790 424 ad
804 397 878 431 alta,
894 398 922 424 et
939 398 997 424 sta-

218 445 270 473 tim
286 445 364 473 oadit
377 444 408 472 in
421 444 503 478 ima),
517 443 559 472 sic
575 443 707 479 prudens
720 443 804 472 volat
818 443 857 471 ad
872 443 930 471 alta
945 451 998 480 per

218 491 400 520 desiderium
414 491 516 528 patriae
530 490 666 525 coelestis,
680 492 708 518 et
722 490 802 518 cadit
816 490 856 518 ad
869 490 931 518 ima
945 498 998 526 per

217 537 485 566 considerationem
505 537 635 574 propriae
655 537 837 573 fragilitatis,
857 537 942 573 juxta
961 537 997 564 il-

215 584 269 613 lud
282 585 292 602 ²
307 594 313 612 :
327 584 457 612 Ascendit
472 592 555 620 usque
571 585 608 612 ad
623 585 710 619 coelos,
724 586 749 612 et
762 584 899 612 descendit
913 592 997 619 usque

216 632 253 660 ad
270 632 385 666 abyssos.
403 631 559 660 Prudentia
574 631 660 659 tertio
679 632 870 667 comparatur
884 631 996 659 astutiae

214 678 366 714 serpentis.
382 679 414 706 Et
427 681 509 713 nota,
525 677 609 714 quod
624 678 756 714 quinque
775 677 889 706 astutiis
905 678 996 706 utitur

214 732 344 761 serpens,
360 733 434 760 quas
449 725 494 752 vir
508 725 640 761 prudens
653 725 794 753 imitatur.
808 725 905 753 Prima
919 727 995 753 astu-

213 773 253 800 tia
275 773 427 809 sapientis,
449 775 491 801 est
512 773 646 801 custodia
668 773 791 809 capitis:
815 781 886 801 nam
907 775 996 810 caput

214 827 330 848 summe
345 819 482 855 custodit,
500 828 556 856 pro
572 828 633 856 quo
649 819 808 854 servando,
825 821 918 848 totum
933 828 995 848 cor-

213 874 270 902 pus
284 867 423 903 exponit5
441 867 482 894 sic
497 867 589 894 sancti
604 867 763 902 Christum,
781 867 833 903 qui
847 869 889 894 est
908 869 996 903 caput

213 914 358 948 nostrum,
375 922 490 941 summe
505 913 686 948 custodiunt,
702 915 729 941 et
742 922 797 950 pro
813 914 878 950 ipso
894 914 995 943 omnia

213 960 272 988 nlla
290 963 452 996 exponunt,
470 961 544 989 sicut
561 961 733 997 Apostolus,
755 961 806 997 qui
826 962 943 995 dicebat
958 963 968 979 ³
986 971 992 990 :

213 1007 278 1040 Quae
291 1008 360 1034 mihi
373 1009 486 1041 fuerunt
505 1009 591 1040 lucra,
606 1009 660 1036 hoec
674 1009 826 1036 arbitratus
841 1015 900 1036 sum
912 1017 995 1044 prop-

213 1055 253 1081 ter
269 1054 405 1082 Christum
420 1055 594 1082 detrimenta.
608 1055 744 1083 Secunda
757 1056 863 1084 astutia
875 1064 995 1092 serpen-

212 1100 248 1128 tis
268 1103 310 1129 est
326 1101 471 1137 depositio
490 1102 592 1137 pellis3
610 1103 695 1138 ponit
714 1103 795 1131 enim
813 1112 844 1131 se
863 1104 893 1131 in
913 1106 994 1132 arcto

211 1147 369 1183 foramine,
385 1148 438 1176 ubi
453 1151 623 1184 renovatur,
639 1149 775 1185 deposita
790 1150 881 1178 veteri
894 1151 991 1186 pelle:

213 1194 255 1222 sic
273 1195 366 1223 sancti
384 1195 416 1223 in
434 1198 515 1223 arcto
536 1196 714 1231 poenitentiae
734 1197 844 1232 seipsos
862 1197 994 1225 incarce-

212 1244 288 1277 rant,
302 1245 334 1270 ut
348 1245 478 1271 veterem
500 1244 757 1271 conversationem
776 1244 938 1280 deponant,
955 1245 993 1272 si-

213 1292 262 1317 cut
281 1291 383 1318 monet
404 1290 561 1326 Apostolus
573 1291 583 1307 ”
601 1300 607 1318 ;
630 1292 762 1326 Deponiee
780 1299 826 1319 vos
847 1292 993 1319 secundum

210 1338 361 1371 pristinam
387 1339 612 1365 conversationem
635 1341 746 1366 veterem
772 1339 919 1374 hominem,
946 1341 994 1374 qai

213 1385 396 1418 corrumpitur
422 1385 566 1412 seeundum
595 1385 733 1413 desideria
761 1387 869 1413 erroris.
899 1386 993 1413 Tertia

212 1430 318 1458 astutia
336 1431 491 1466 serpentis,
510 1432 552 1458 est
572 1431 686 1459 delusio
706 1431 896 1459 incantatoris
913 1442 918 1459 :
941 1433 993 1460 de-

191 1493 193 1495 ·
211 1476 288 1504 ludit
302 1477 381 1504 enim
400 1477 625 1512 incantatorem,
640 1478 810 1506 obturando
832 1487 923 1506 unam
940 1487 992 1507 au-

211 1531 275 1551 rem
288 1531 356 1551 cum
367 1525 454 1559 terra,
467 1527 495 1551 et
507 1524 596 1552 aliam
610 1533 677 1552 cum
690 1525 797 1560 cauda,
808 1528 840 1553 ut
852 1525 957 1553 dicitur
966 1526 990 1553 ⁵:

210 1570 285 1597 Sicut
300 1571 406 1605 aspidis
420 1571 519 1602 surdae,
541 1574 565 1598 et
584 1572 736 1600 obturantis
751 1581 828 1599 aures
847 1580 910 1600 suas
927 1583 934 1599 :
951 1573 992 1600 sic

210 1617 266 1644 viri
282 1617 374 1645 sancti
390 1619 418 1645 et
432 1618 593 1653 prudentes
606 1618 751 1646 deludunt
765 1619 991 1654 incantatorem,

209 1663 241 1691 id
262 1665 314 1697 est,
336 1665 526 1692 tentationem
544 1665 668 1699 diaboli,
689 1666 759 1701 quia
777 1674 869 1693 unam
889 1675 992 1694 aurem

210 1710 350 1738 obturant
364 1711 476 1746 cauda,
493 1711 524 1739 id
539 1714 595 1747 est,
612 1713 758 1740 memoria
772 1713 889 1748 mortis,
907 1714 992 1748 juxta

208 1756 285 1785 illud
299 1759 309 1774 ⁶
326 1767 332 1785 z
354 1759 501 1786 Memorare
515 1761 661 1786 novissima
686 1762 747 1795 tua,
770 1764 794 1787 et
814 1762 843 1787 in
864 1763 992 1788 <eternum

210 1812 263 1831 non
283 1806 405 1839 peccabis
413 1814 423 1837 ;
446 1807 473 1833 et
494 1806 583 1834 aliam
608 1807 748 1835 obturant
770 1809 861 1842 terra,
885 1808 917 1835 id
939 1810 991 1842 est,

211 1851 447 1879 consideratione
469 1853 598 1888 proprize
618 1853 800 1889 fragilitatis,
823 1855 894 1890 quia
917 1855 991 1882 dici-

211 1899 258 1924 tur
272 1898 281 1914 ⁷
299 1907 304 1924 :
324 1899 415 1926 Pulvis
432 1907 468 1932 es,
485 1903 508 1926 ct
525 1902 556 1927 in
569 1902 704 1935 pulverem
718 1904 869 1929 reverteris.
883 1902 992 1935 Quarta

211 1944 314 1971 astutia
329 1945 472 1980 serpentis
487 1947 530 1973 est
544 1946 695 1975 insidiatio
711 1948 796 1983 pedis
813 1957 819 1975 ε
836 1948 992 1976 insidiatur

211 1990 291 2018 enim
310 1991 460 2025 calcaneo,
482 2000 544 2020 non
564 1994 651 2028 capiti
668 2003 674 2021 z
696 1995 736 2021 sic
755 1994 810 2021 viri
833 1995 925 2022 sancti
944 2003 992 2022 su-

209 2040 315 2072 perant
335 2037 483 2066 desideria
501 2040 613 2074 carnis,
634 2040 815 2068 attendentes
835 2042 902 2077 quis
924 2041 991 2068 finis

211 2083 424 2119 delectationis,
446 2085 556 2113 scilicet
575 2094 656 2113 mors
674 2086 860 2121 immortalis,
880 2088 927 2115 vel
944 2088 990 2115 in-

210 2130 339 2166 fernalis,
354 2132 437 2166 juxta
450 2132 525 2160 illud
536 2134 648 2161 8;Ριήί5
665 2135 772 2161 illorum
788 2143 868 2161 mors.
885 2135 992 2167 Quinta

211 2178 316 2206 astutia
337 2179 479 2215 serpentis
502 2182 544 2207 est
563 2180 635 2216 fuga
653 2181 806 2208 mulieris:
828 2189 898 2208 nam
918 2181 992 2210 sicut

210 2227 331 2261 propter
347 2225 514 2254 inimicitias
530 2227 592 2262 ejus
607 2227 680 2262 fugit
699 2231 726 2255 et
745 2228 837 2255 latitat
856 2228 911 2255 sub
931 2228 990 2264 spi-

210 2271 275 2306 nis;
300 2272 341 2300 sic
366 2273 452 2300 etiam
475 2274 531 2301 viri
555 2274 657 2308 sancti,
682 2277 803 2310 propter
825 2275 991 2303 inimicitias

210 2317 422 2354 fornicationis,
442 2320 559 2355 fugiunt
577 2322 758 2349 consortium
773 2321 943 2356 mulierum,
964 2324 992 2351 et

210 2364 325 2393 latitant
339 2366 394 2394 sub
410 2367 501 2402 spinis
515 2369 702 2404 poenitentiae,
716 2370 881 2398 secundum
896 2370 991 2397 consi-

211 2411 285 2440 lium
305 2414 437 2449 Apostoli
452 2414 482 2442 ⁹:
504 2416 600 2451 Fugite
620 2418 835 2450 fornicationem.
858 2417 902 2446 Ad
924 2417 989 2445 imi—

245 2486 253 2502 ¹
265 2486 350 2517 Prov„
363 2493 427 2518 xxx,
443 2490 480 2513 ⁸28.
493 2502 524 2507 —
534 2489 543 2503 ²
557 2489 624 2513 Psal.
639 2496 690 2518 ew,
705 2492 746 2514 26.
757 2503 788 2508 —
805 2491 814 2504 ³
827 2490 933 2522 Philip„
949 2497 989 2522 111,

213 2521 236 2544 7.
249 2534 280 2539 -
294 2522 302 2535 ⁴
319 2522 421 2553 Ephes„
437 2530 472 2553 lv,
489 2526 528 2549 22.
545 2538 575 2542 —
594 2526 604 2542 ⁵
618 2526 686 2551 Psul.
702 2532 766 2557 LVII,
784 2528 807 2551 5.
825 2540 851 2543 -
875 2527 884 2543 θ
899 2527 989 2557 Eccli.,

216 2562 262 2587 vn,
279 2558 378 2582 lim—⁷
391 2559 462 2591 Gen„
479 2567 520 2591 ιη,
537 2563 574 2585 19.
584 2574 614 2580 —
624 2562 633 2576 θ
644 2562 724 2592 Rom„
739 2568 774 2594 Vl,
784 2563 823 2586 21.
835 2575 864 2580 --
876 2564 885 2577 ⁹
898 2563 906 2586 l
919 2562 987 2595 Cor„

1777 94 1831 124 301

1054 160 1160 189 tendas
1179 160 1248 189 istas
1267 160 1410 197 serpentis
1423 159 1545 188 astutias
1560 158 1631 188 dicit
1641 158 1775 188 Salvator
1791 159 1811 177 ¹⁰
1827 167 1834 187 :

1054 208 1146 235 Estote
1170 207 1316 243 prudentes
1341 209 1411 236 sicut
1438 208 1585 242 serpentem
1613 213 1688 243 quas
1713 205 1835 242 habent,

1055 262 1123 282 cum
1138 254 1295 283 mulierem
1309 254 1426 290 fugiunt
1438 256 1466 282 et
1479 253 1603 282 latitant.
1618 254 1650 281 Et
1664 260 1701 281 ne
1716 260 1837 289 serpen-

1054 300 1089 328 tis
1103 301 1209 329 astutia
1224 302 1275 330 ssat
1288 301 1443 336 virulenta,
1457 303 1602 338 temperat
1615 308 1682 328 eam
1698 299 1837 336 simplici-

1054 350 1096 376 tas
1111 348 1300 385 columbina;
1312 348 1392 377 unde
1408 348 1492 377 addit
1510 349 1527 367 ¹¹
1546 357 1552 376 :
1568 349 1604 376 Et
1618 349 1754 384 simplices
1766 348 1837 375 sicut

1053 396 1189 424 columbae.

1290 475 1486 510 CAPUT
1525 476 1595 510 VI.

1308 555 1347 582 De
1377 556 1578 590 Temperantia.

1087 631 1292 667 Temperantia
1311 632 1353 658 est
1370 630 1445 658 nihil
1459 632 1598 667 appetere
1616 629 1696 658 unde
1717 629 1754 657 sit
1771 637 1834 666 poe-

1051 678 1218 712 nitendum,
1229 678 1260 706 in
1271 678 1356 706 nullo
1369 678 1495 706 modum
1507 677 1555 705 vel
1569 677 1667 712 legem
1680 676 1834 711 excedere,

1050 726 1106 754 sub
1125 726 1199 762 jugo
1223 725 1346 754 rationis
1367 725 1560 762 cupiditatem
1582 724 1722 758 domare,
1745 725 1777 751 ut
1795 723 1835 751 ait

1050 773 1216 801 Macrobius
1225 772 1254 800 ¹².
1264 774 1301 800 De
1309 772 1505 809 temperantia
1516 774 1587 800 nota
1595 771 1760 808 specialiter
1769 770 1833 804 tria,

1050 820 1159 848 scilicet
1178 820 1241 855 ejus
1255 821 1361 856 typum
1377 819 1523 854 nobilem,
1539 819 1603 855 ejus
1619 820 1739 855 partum
1754 816 1833 845 ferti-

1049 866 1120 902 lem,
1136 868 1164 894 et
1180 867 1243 902 ejus
1258 869 1357 895 actum
1371 866 1485 894 utilem.

1086 914 1177 942 Habet
1190 916 1289 942 autem
1300 913 1496 950 temperantia
1508 914 1614 950 typum
1626 912 1832 948 multiplicem,

1049 961 1098 989 vel
1124 961 1262 997 figuram.
1292 962 1488 997 Comparatur
1512 961 1610 988 autem
1638 959 1833 996 temperantIa

1049 1008 1214 1044 specialiter
1232 1008 1337 1043 tribus,
1357 1008 1467 1036 scilicet
1484 1007 1568 1035 freno
1589 1015 1649 1043 quo
1670 1015 1765 1043 equus
1785 1015 1832 1034 re-

1050 1055 1142 1091 gitur,
1169 1055 1260 1092 bysso
1285 1063 1346 1091 quo
1370 1063 1439 1083 caro
1464 1055 1586 1090 tegitur,
1612 1056 1640 1082 et
1661 1062 1748 1082 muro
1771 1061 1831 1090 quo

1051 1105 1178 1130 castrum
1202 1102 1337 1138 cingitur.
1361 1104 1407 1130 Est
1427 1102 1526 1138 itaque
1544 1101 1740 1138 temperantia
1760 1101 1834 1129 sicut

1050 1149 1169 1177 frenum
1194 1157 1306 1186 equum
1328 1157 1456 1185 regens:
1477 1157 1549 1177 nam
1570 1149 1645 1176 sicut
1666 1157 1684 1177 a
1705 1155 1833 1182 sessore,

1049 1196 1200 1224 mediante
1215 1196 1311 1231 freno,
1328 1196 1446 1224 ducitur
1465 1204 1581 1232 equus;
1600 1195 1641 1223 sic
1657 1203 1725 1223 caro
1742 1203 1761 1223 a
1775 1194 1835 1231 spi-

1048 1244 1122 1279 ritu,
1147 1244 1231 1271 freno
1253 1243 1470 1279 temperantiae,
1493 1243 1684 1278 gubernatur.
1709 1241 1833 1270 Maxime

1050 1291 1130 1318 enim
1151 1290 1313 1318 frenandus
1333 1291 1376 1318 est
1396 1298 1490 1326 equus
1507 1290 1592 1325 juxta
1609 1297 1731 1326 aquam,
1750 1289 1834 1324 juxta

1049 1338 1160 1373 ignem,
1174 1338 1260 1373 juxta
1274 1337 1484 1374 praecipitium;
1500 1337 1618 1364 frenum
1632 1335 1832 1372 temperantiae

1048 1385 1250 1413 necessarium
1263 1387 1305 1412 est
1319 1384 1400 1412 carni
1415 1386 1518 1412 contra
1533 1392 1644 1420 aquam
1656 1383 1831 1411 transitoriae

1050 1432 1263 1468 delectationis,
1279 1434 1381 1460 contra
1396 1432 1497 1467 ignem
1511 1431 1756 1467 concupiscentiae
1772 1438 1833 1459 car-

1048 1479 1135 1514 nalis,
1157 1480 1185 1506 et
1205 1481 1306 1507 contra
1321 1479 1517 1515 praeeipitium
1535 1480 1650 1506 aeternae
1668 1477 1832 1505 damnatio-

1048 1526 1103 1553 nis.
1128 1527 1166 1553 De
1189 1526 1246 1554 hoc
1270 1525 1353 1554 freno
1369 1526 1440 1553 dicit
1454 1525 1612 1562 Apostolus
1628 1526 1649 1542 ¹³
1665 1534 1671 1552 :
1693 1525 1787 1552 Sobrie
1806 1527 1831 1552 et

1042 1574 1117 1608 juste
1136 1576 1161 1601 et
1178 1576 1223 1608 pte
1241 1575 1365 1601 vivamus
1384 1575 1414 1601 in
1432 1575 1478 1600 hoc
1497 1575 1601 1601 saeculo.
1618 1575 1691 1601 Nam
1706 1573 1832 1609 quilibet

1049 1620 1138 1648 debet
1151 1620 1251 1648 vivere
1269 1621 1367 1649 sobrie
1384 1622 1528 1656 quantum
1543 1620 1582 1648 ad
1599 1620 1741 1656 seipsum,
1753 1619 1830 1655 juste

1049 1670 1194 1703 quantum
1207 1668 1246 1696 ad
1260 1668 1443 1704 proximum,
1455 1667 1504 1703 pie
1517 1669 1662 1703 quantum
1675 1667 1714 1694 ad
1728 1668 1828 1694 Deum.

1049 1717 1095 1742 Est
1114 1715 1202 1742 etiam
1221 1715 1414 1751 temperantia
1433 1714 1508 1742 sicut
1529 1714 1636 1750 hyssus
1655 1721 1773 1741 carnem
1789 1715 1830 1740 te-

1048 1769 1120 1796 gens
1137 1771 1143 1788 :
1165 1769 1236 1789 nam
1254 1761 1373 1797 byssus,
1394 1763 1425 1789 ut
1446 1761 1516 1789 dicit
1535 1761 1654 1796 Papiae,
1675 1762 1717 1788 est
1737 1768 1830 1795 genus

1048 1807 1100 1836 lini
1121 1808 1334 1842 candidissimi,
1356 1808 1440 1844 quod
1462 1808 1564 1835 crescit
1584 1808 1614 1835 in
1639 1809 1782 1842 AEgypto;
1804 1809 1831 1834 ct

1048 1855 1118 1883 inde
1136 1856 1169 1883 fit
1190 1856 1258 1889 tela,
1280 1864 1345 1891 quse
1364 1855 1456 1890 vulgo
1477 1855 1584 1882 dicitur
1603 1854 1705 1882 serica.
1723 1856 1760 1882 Dc
1774 1854 1830 1881 bac

1048 1903 1105 1931 tela
1123 1903 1246 1938 byssina
1266 1902 1297 1929 fit
1313 1902 1435 1929 camisia
1453 1902 1562 1929 nobilis
1582 1904 1609 1929 et
1626 1901 1762 1933 delicata,
1778 1909 1831 1936 per

1048 1957 1139 1985 quam
1154 1950 1299 1984 figuratur
1314 1949 1429 1976 castitas
1450 1950 1477 1976 et
1493 1948 1694 1984 temperantia.
1712 1949 1743 1974 Et
1757 1947 1830 1975 sicut

1047 1996 1102 2023 ista
1121 1996 1242 2023 camisia
1261 1996 1371 2023 nobilis
1391 1998 1433 2023 est
1453 1995 1622 2022 immediate
1639 1995 1720 2022 carni
1739 1994 1830 2022 conti-

1049 2050 1108 2077 gua
1122 2045 1149 2069 et
1164 2042 1336 2076 conjuncta;
1349 2042 1389 2069 sic
1406 2042 1521 2069 castitas
1538 2044 1564 2069 et
1580 2041 1772 2076 temperantia
1788 2043 1830 2068 est

1048 2089 1128 2116 carni
1144 2089 1290 2124 praecipue
1310 2088 1484 2122 necessaria,
1507 2091 1534 2115 et
1553 2088 1578 2115 ei
1593 2087 1829 2123 inseparabiliter

1049 2135 1267 2170 conjungenda.
1282 2135 1388 2163 Etidco
1404 2135 1509 2162 dicitur
1526 2134 1562 2162 dc
1576 2135 1700 2162 muliere
1713 2134 1780 2162 i'orti
1793 2134 1826 2161 ¹³:

1048 2184 1146 2216 Byssus
1166 2185 1190 2209 et
1205 2191 1331 2217 purpura
1347 2182 1532 2209 indumentum
1547 2183 1612 2217 ejzts.
1633 2184 1663 2209 ln
1683 2182 1773 2217 bysso
1794 2182 1828 2209 fi-

1048 2232 1168 2264 guratur
1187 2229 1312 2262 castitas,
1335 2237 1400 2264 quie
1416 2230 1458 2256 est
1473 2221 1656 2264 praecipuum
1673 2237 1828 2256 ornamen-

1047 2278 1110 2302 tum
1125 2275 1248 2310 mentis,
1268 2275 1298 2302 in
1313 2283 1446 2311 purpura
1460 2276 1604 2310 figuratur
1624 2275 1827 2311 temperantia,

1048 2330 1114 2358 quae
1131 2324 1173 2350 est
1188 2322 1262 2350 sieut
1277 2322 1503 2358 auriphrygium
1519 2323 1591 2350 vesti
1606 2322 1775 2358 appositum
1789 2321 1828 2349 ad

1046 2370 1198 2399 decorem.
1224 2372 1271 2398 Est
1295 2370 1490 2398 nihilominus
1516 2369 1724 2406 temperantia,
1754 2369 1828 2396 sicut

1046 2425 1151 2446 murus
1175 2419 1304 2445 castrum
1332 2417 1454 2452 cingens
1474 2427 1480 2445 :
1507 2425 1578 2445 nam
1602 2417 1676 2444 sicut
1700 2418 1827 2443 castrum

1047 2499 1080 2523 vi,
1095 2494 1132 2516 18.
1148 2505 1174 2510 -
1194 2491 1326 2521 ¹⁰Matth„
1341 2493 1460 2522 x,16.—
1478 2493 1492 2505 ¹¹
1506 2492 1568 2515 ibid.
1580 2503 1610 2509 -—
1628 2491 1645 2507 ¹²
1658 2490 1784 2519 Macron,
1802 2490 1826 2513 z'n

1047 2530 1130 2552 Somn.
1145 2528 1223 2559 Scin,
1234 2527 1276 2551 lib.
1295 2528 1314 2557 i,
1328 2533 1421 2551 c.v111.
1431 2540 1461 2544 -
1479 2527 1499 2544 ¹³
1510 2526 1730 2557 Tz't.,11,12.—1⁴
1742 2527 1826 2556 Prota,

1046 2570 1120 2594 xxxi,
1135 2566 1174 2588 ¹02.
1191 2576 1222 2580 —-
1239 2564 1270 2593 (a)
1289 2563 1359 2587 Edit.
1375 2563 1452 2594 Luycl.
1467 2563 1534 2594 quia.

1870 910 1953 932 Simili-

1858 943 1945 964 tudines

1859 974 1941 1000 tempe·

1846 1006 1931 1028 rnntiae.
