2004 3037
475 211 524 243 DE
546 210 740 243 OPERIBUS
762 209 1005 243 CONDITORIS.
1030 210 1116 242 CAP.
1139 210 1394 242 xxxv-xxxvl.

140 281 178 310 de
193 280 265 309 foris
280 282 348 308 sunt
368 279 500 316 quinque
514 286 615 308 sensus
628 277 821 315 particulares
831 299 840 313 ‚
856 277 918 306 sive

142 327 310 361 exteriores,
336 326 445 354 scilicet
469 325 565 360 visus,
593 325 728 358 auditus,
755 326 808 353 etc.
838 323 920 352 Vires

143 375 241 402 autem
268 371 489 410 apprehensivae
518 371 556 399 de
584 371 663 399 intus
691 372 759 399 sunt
786 370 919 407 quinque

142 419 279 456 potentiae
293 418 445 447 interiores
460 417 566 446 animae
584 417 749 452 sensibilis,
766 425 832 454 quae
853 419 921 445 sunt

142 474 244 494 sensus
259 465 435 500 communis,
451 464 633 500 imaginatio,
649 464 813 499 aestimatio,
824 463 920 500 phan-

142 512 230 546 tasia,
247 514 274 540 et
290 511 443 540 memoria.
463 511 593 539 Tradunt
612 510 794 547 Peripatetici
817 517 921 538 omnes

143 559 219 587 vires
233 559 301 588 istas
318 557 472 594 organicas
492 565 574 592 esse,
590 560 619 585 et
637 557 721 594 quod
742 565 796 593 per
811 557 919 584 instru-

143 606 242 633 menta
263 604 430 641 corporalia
451 612 519 632 suas
537 603 725 640 operationes
744 603 919 640 perficiunt,

144 660 179 680 eo
195 651 278 688 quod
300 651 357 679 sint
375 651 453 678 circa
471 650 662 687 particularia
679 652 802 678 tantum.
820 649 921 679 Omnis

143 698 222 726 enim
243 698 339 726 forma
352 697 538 733 particularis
552 697 583 724 in
597 697 722 725 materia
736 696 838 732 aliqua
854 698 895 724 est
911 705 918 724 ;

144 745 287 781 quoniam
301 744 397 772 forma
411 744 473 772 sine
483 744 565 772 omni
575 744 697 772 materia
713 745 846 779 accepta,
856 743 923 770 uni-

143 791 263 819 versalis
290 792 332 818 est
360 791 437 818 eirca
465 798 556 826 quam
585 792 724 826 operatur
744 790 921 818 intellectus.

144 840 198 867 Ista
212 837 296 866 facile
308 839 350 865 est
363 837 464 865 videre
476 837 506 864 in
520 837 657 864 sensibus
672 836 902 872 particularibus
915 845 921 863 :

145 884 287 920 quoniam
311 884 354 911 illi
375 891 436 911 non
459 883 701 919 apprehendunt,
724 882 780 910 nisi
806 891 858 919 per
881 883 924 910 rei

144 930 290 958 sensibilis
304 930 500 966 praesentiam.
518 931 556 957 De
569 929 726 957 virtutibus
738 931 837 957 autem
851 929 924 956 inte-

143 977 281 1011 rioribus,
294 985 359 1012 quae
369 977 436 1003 sunt
447 975 631 1011 imaginatio,
648 975 813 1010 aestimatio,
829 975 924 1011 phan-

142 1023 230 1058 tasia,
249 1023 330 1050 idern
349 1024 392 1050 est
409 1031 415 1049 :
439 1022 583 1058 quoniam
598 1022 629 1049 in
645 1021 704 1049 illis
727 1022 868 1049 omnibus
884 1024 925 1050 est

143 1069 339 1105 apprehensio
353 1068 456 1096 formae
479 1067 636 1103 singularis
657 1068 822 1095 secundum
837 1068 925 1095 situm

142 1115 271 1152 partium
290 1116 368 1150 ejus,
395 1116 423 1142 et
443 1115 642 1148 lineamenta,
668 1116 695 1141 et
719 1114 922 1150 quantitatem.

144 1163 250 1190 Omnes
264 1162 324 1189 istae
338 1161 476 1197 potentiae
490 1161 615 1197 passivae
632 1162 716 1195 sunt,
731 1162 758 1188 et
773 1161 925 1196 patiuntur

144 1217 162 1237 a
176 1208 278 1236 formis
294 1210 321 1235 et
339 1207 517 1242 individuis,
538 1216 604 1243 quae
625 1209 692 1235 sunt
713 1207 861 1243 principia
875 1215 924 1235 co-

145 1255 283 1291 gnitionis
296 1254 452 1282 sensibilis.
466 1254 622 1282 Sciendum
634 1256 732 1282 autem
743 1254 826 1290 quod
841 1254 926 1282 nulla

145 1301 360 1337 apprehensiva
378 1301 523 1329 sensibilis
545 1301 649 1329 retinet
669 1301 701 1328 id
718 1301 802 1336 quod
817 1309 925 1336 appre-

145 1348 263 1382 hendit,
276 1347 336 1375 imo
348 1348 430 1384 quod
440 1356 501 1376 una
515 1347 722 1384 apprehendit,
738 1347 797 1375 alia
811 1347 925 1375 retinet.

145 1394 312 1422 Notandum
327 1402 397 1429 ergo
413 1394 496 1430 quod
518 1394 577 1421 alia
594 1394 686 1421 virtus
708 1395 750 1421 est
765 1402 832 1429 quae
848 1394 925 1421 bene

146 1442 242 1474 tenet,
257 1440 315 1468 alia
329 1449 396 1476 quae
412 1441 488 1468 bene
502 1441 605 1476 recipit
622 1451 628 1468 :
655 1442 683 1468 et
697 1441 751 1468 ista
766 1449 833 1477 quae
849 1442 925 1469 bene

146 1488 240 1521 tenet,
255 1487 404 1523 perficitur
418 1487 497 1515 sicco
517 1489 545 1515 et
565 1487 694 1522 frigid03
712 1488 764 1515 sed
786 1487 838 1516 illa
858 1496 925 1524 quoe

146 1533 222 1562 bene
235 1534 347 1570 recipit,
359 1534 509 1570 perficitur
523 1534 659 1562 humido.

380 1627 522 1660 CAPUT
551 1627 692 1661 XXXV.

331 1701 368 1726 De.
386 1699 503 1726 sensibus
520 1699 748 1734 particularibus.

184 1769 289 1796 Sensus
303 1768 488 1804 particularis
503 1768 534 1795 in
548 1767 680 1804 quinque
698 1768 858 1802 dividitur,
873 1769 928 1796 sei-

149 1814 216 1842 licet
230 1815 261 1842 in
274 1815 387 1849 visum,
404 1815 554 1848 auditum,
570 1817 699 1850 gustum,
715 1815 885 1849 odoratum,
902 1818 930 1844 et

150 1863 258 1889 tactum
275 1871 281 1889 :
299 1862 349 1898 qui
368 1861 399 1889 in
411 1862 511 1889 multis
533 1861 725 1895 conveniunt,
742 1863 770 1889 et
783 1862 814 1889 in
829 1863 930 1890 multis

151 1907 298 1935 differunt.
324 1908 509 1935 Conveniunt
530 1908 610 1935 enim
634 1907 766 1943 quinque
782 1917 883 1936 sensus
899 1909 930 1937 in

150 1955 207 1982 hoc
231 1954 313 1989 quod
337 1956 404 1981 sunt
425 1955 501 1982 vires
522 1955 656 1990 passivae.
683 1955 828 1982 Sentimus
851 1956 930 1983 enim

151 2000 227 2027 intra
250 2000 455 2035 suscipientes,
471 2008 533 2027 non
552 2002 634 2027 extra
657 2000 817 2035 mittentes3
841 2002 930 2029 sensi-

151 2046 211 2073 bile
227 2047 325 2073 autem
339 2046 468 2080 positum
483 2053 572 2081 supra
587 2054 707 2073 sensum
721 2054 782 2073 non
797 2048 930 2075 sentitur.

152 2094 258 2121 Omnes
278 2100 379 2120 sensus
403 2094 470 2119 sunt
490 2092 697 2127 perceptibiles
718 2093 928 2126 singularium,

152 2147 213 2166 non
228 2138 453 2166 universalium.
469 2138 514 2165 Ad
525 2137 688 2173 quemlihet
702 2146 821 2166 sensum
836 2141 931 2166 exten-

153 2186 262 2214 duntur
280 2186 362 2213 nervi
388 2185 448 2213 duo
467 2194 473 2212 ε
497 2193 574 2212 unus
594 2185 633 2212 ad
652 2185 838 2212 sentiendum
858 2187 931 2222 quid

153 2232 249 2267 agitur
268 2232 344 2259 circa
364 2231 523 2266 exteriora3
540 2233 567 2258 et
587 2231 662 2258 alius
687 2231 725 2258 ad
740 2233 855 2259 motum
878 2241 930 2260 vo-

153 2279 324 2311 luntarium,
338 2278 390 2314 qui
405 2278 464 2313 agit
479 2280 511 2305 ut
526 2278 570 2305 vis
583 2277 688 2305 animae
702 2277 833 2313 interior,
850 2281 877 2307 et
892 2279 931 2307 ad

155 2333 301 2360 organum
316 2324 417 2359 dirigit
430 2324 634 2351 intentionem.

190 2374 221 2399 ln
250 2371 331 2398 omni
360 2379 447 2397 sensu
476 2372 592 2406 oportet
620 2378 680 2397 esse
706 2372 931 2407 proportionem

155 2417 300 2445 sensibilis
328 2417 367 2444 ad
394 2425 523 2450 sensum,
551 2417 621 2452 quia
646 2417 677 2444 in
703 2418 808 2445 mediis
837 2419 931 2446 delec-

157 2466 269 2498 tantur,
285 2466 312 2491 et
332 2464 362 2490 in
384 2463 520 2490 extremis
536 2466 775 2498 corrumpuntur.
801 2466 845 2493 Ad
867 2474 932 2493 sen-

156 2510 289 2537 tiendum
305 2512 402 2537 autem
424 2509 538 2545 aliquid
549 2531 557 2543 ,
575 2511 690 2544 oportet
705 2519 766 2538 esse
782 2512 931 2546 objectum

156 2563 296 2591 praesens,
312 2558 339 2583 et
360 2556 493 2583 medium
515 2555 667 2590 deferens,
685 2559 711 2583 et
727 2565 873 2592 organum
888 2567 932 2586 sa-

157 2610 229 2629 num
243 2603 331 2637 atque
342 2602 531 2636 conveniens,
546 2604 573 2629 et
585 2602 690 2629 animae
701 2603 822 2632 intentio
833 2607 930 2633 actua-

158 2648 202 2676 lis.
219 2649 325 2676 Omnes
339 2656 440 2675 sensus
454 2656 544 2676 unam
562 2648 673 2675 habent
687 2649 842 2686 originem,
858 2651 931 2679 scili-

1698 215 1754 243 ¹05

975 278 1021 305 cet
1034 285 1153 306 sensum
1166 286 1373 314 communem,
1388 286 1407 307 a
1421 286 1494 315 quo,
1508 278 1590 307 velut
1607 286 1625 307 a
1640 281 1752 316 centro,

975 324 1060 359 quasi
1081 324 1166 352 lineoe
1193 325 1332 361 quoedam
1354 327 1470 353 exeunt.
1494 325 1635 354 Differunt
1664 326 1753 354 etiam

976 378 1078 398 sensus
1104 371 1297 407 particulares
1326 371 1356 399 in
1387 372 1496 400 multis.
1530 373 1603 400 Nam
1631 373 1756 409 quilibet

975 417 1066 445 habet
1088 418 1214 453 speciale
1241 418 1479 446 instrumentum.
1505 419 1647 447 Diss'crunt
1667 419 1756 447 etiam

976 464 1007 491 in
1022 464 1160 499 objectis,
1184 464 1324 493 differunt
1337 464 1367 492 in
1382 465 1482 493 medio
1502 465 1667 499 deferente,
1684 466 1756 502 quia

976 512 1069 540 tactus
1087 513 1114 539 ct
1128 513 1229 546 gustus
1243 511 1354 539 habent
1373 511 1506 539 medium
1521 511 1712 547 intrinsecus,
1729 514 1757 540 et

977 557 1027 585 alii
1044 558 1231 586 extrinsecus.
1249 558 1389 585 Differ-unt
1403 558 1433 585 in
1448 558 1693 594 apprehendendi
1708 567 1758 586 ve-

977 603 1093 632 locitate
1105 613 1111 631 :
1123 604 1193 640 quia
1204 604 1282 632 visus
1291 604 1427 632 citissime
1436 604 1523 632 etiam
1531 606 1645 632 remota
1655 612 1758 640 appre-

977 649 1089 678 hendit.
1108 650 1249 678 Differunt
1261 651 1329 685 situ,
1346 650 1416 686 quia
1430 651 1509 679 visus
1524 652 1565 678 est
1579 659 1735 686 supremus
1747 660 1755 685 ;

977 699 1054 732 post,
1071 696 1207 730 anditus;
1232 697 1340 725 deinde
1360 697 1410 724 alii
1430 705 1483 732 per
1503 697 1650 725 ordinem.
1676 697 1759 725 Diffe-

978 745 1046 771 runt
1061 743 1195 777 utilitate,
1206 744 1276 779 quia
1291 746 1392 779 gustus
1402 745 1429 771 et
1445 745 1536 771 tactus
1550 743 1679 771 maxime
1689 745 1757 771 sunt

978 790 1135 818 necessarii
1152 790 1191 818 ad
1214 790 1469 818 conservationem
1486 790 1633 818 individui
1648 792 1675 818 et
1693 798 1758 826 spe-

979 837 1043 865 ciei.
1060 838 1164 865 Gustus
1191 838 1270 865 enim
1294 838 1433 866 discernit
1456 837 1556 865 cibum
1569 858 1577 871 ,
1598 845 1651 873 per
1668 845 1760 873 quem

979 885 1112 911 servatur
1137 884 1248 912 animal
1266 893 1283 912 a
1307 885 1431 919 nocivo;
1458 887 1486 912 et
1507 886 1601 912 tactus
1621 883 1759 911 discernit

980 931 1136 966 qualitates
1158 933 1359 966 sensatorum,
1379 931 1453 958 sicut
1473 930 1602 958 calidum
1627 932 1654 957 et
1682 929 1761 964 frigi-

980 977 1063 1011 dum,
1079 979 1107 1005 et
1120 977 1303 1012 hujusmodi,
1317 980 1348 1005 ut
1362 977 1473 1005 animal
1488 977 1613 1005 declinet
1628 977 1759 1004 extrema

979 1024 1083 1051 talium
1102 1024 1295 1060 qualitatum,
1321 1032 1358 1051 ne
1380 1024 1600 1060 corruptionem
1618 1023 1757 1051 incurrat.

980 1070 1122 1097 Differunt
1142 1070 1347 1105 generalitate,
1368 1070 1439 1105 quia
1464 1072 1555 1098 tactus
1574 1072 1616 1097 est
1639 1078 1762 1105 genera-

980 1116 1037 1144 lior
1047 1138 1055 1151 ,
1073 1124 1141 1144 cum
1156 1125 1217 1144 non
1232 1117 1339 1144 habeat
1354 1125 1502 1152 organum
1522 1116 1759 1151 determinatum,

980 1163 1033 1190 sed
1048 1163 1078 1190 in
1093 1163 1233 1190 omnibus
1252 1163 1396 1192 membris
1410 1163 1455 1190 sit.
1472 1162 1614 1190 Differunt
1628 1162 1716 1190 etiam
1731 1162 1761 1190 in

980 1209 1210 1246 impressionum
1234 1209 1395 1237 retentione
1414 1219 1419 1237 :
1446 1217 1548 1237 sensus
1572 1209 1652 1237 enim
1680 1217 1762 1245 gros-

981 1256 1072 1284 siores
1093 1256 1197 1284 fortius
1216 1255 1340 1283 retinent
1363 1264 1431 1283 suas
1450 1255 1674 1291 impressiones,
1689 1256 1763 1284 sicut

980 1304 1060 1339 patet
1074 1302 1104 1330 in
1119 1304 1207 1331 tactu.
1220 1305 1292 1330 Nota
1303 1303 1386 1339 quod
1398 1303 1529 1330 videmus
1544 1302 1608 1330 visu
1622 1304 1650 1330 et
1661 1303 1761 1338 oculo,

981 1350 1034 1377 sed
1057 1350 1225 1377 differenter
1242 1358 1248 1377 z
1273 1357 1344 1377 nam
1365 1349 1431 1376 visu
1451 1349 1588 1377 videmus
1610 1349 1760 1383 effective,

982 1397 1042 1425 sive
1057 1397 1239 1432 formaliter,
1256 1397 1307 1424 sed
1326 1396 1413 1424 oculo
1430 1396 1565 1423 videmus
1581 1396 1761 1424 instrumen-

980 1444 1085 1471 taliter.
1102 1444 1213 1471 Eodem
1236 1443 1328 1471 modo
1349 1443 1510 1470 dicendum
1535 1445 1577 1470 est
1601 1442 1638 1470 de
1654 1444 1762 1470 caeteris

982 1490 1125 1518 sensibus.
1154 1490 1259 1517 Anima
1286 1491 1385 1517 autem
1415 1489 1558 1516 alienatur
1582 1497 1600 1516 a
1626 1488 1761 1516 sensibus

981 1537 1132 1572 tripliciter
1148 1546 1154 1563 ε
1170 1537 1268 1572 primo
1279 1557 1287 1569 ,
1306 1536 1337 1563 in
1358 1544 1481 1570 somn03
1500 1535 1631 1563 seeundo
1643 1557 1650 1569 ,
1669 1535 1699 1562 in
1714 1543 1761 1562 ec-

981 1583 1050 1611 stasi
1064 1582 1158 1618 magis
1169 1592 1177 1617 3
1194 1582 1276 1610 tertio
1286 1603 1294 1615 ,
1311 1582 1340 1609 in
1356 1584 1449 1609 morte
1461 1581 1600 1609 maxime.

1156 1676 1334 1709 CAPUT
1370 1675 1562 1709 XXXVI.

1228 1749 1266 1774 De
1280 1755 1354 1774 sensu
1371 1748 1512 1774 communi.

1018 1818 1123 1844 Sensus
1147 1816 1313 1844 communis
1334 1817 1376 1843 est
1394 1815 1525 1851 potentia
1545 1823 1610 1850 quae
1626 1815 1760 1842 omnium

983 1871 1122 1891 sensuum
1135 1877 1141 1884 ι
1156 1863 1380 1899 particularium
1409 1863 1527 1897 objecta
1555 1861 1759 1897 apprehendit.

983 1911 1089 1938 Omnes
1111 1910 1190 1936 enim
1211 1917 1313 1936 sensus
1337 1909 1496 1936 exteriores
1525 1916 1543 1935 a
1570 1916 1658 1935 sensu
1681 1915 1762 1935 com-

983 1957 1084 1990 muni,
1100 1956 1181 1984 velut
1196 1964 1212 1983 a
1228 1957 1345 1990 centro,
1365 1955 1581 1991 particulariter
1596 1956 1717 1986 exeunt,
1735 1955 1762 1980 et

984 2004 1169 2030 sensatorum
1196 2011 1319 2030 suorum
1344 2002 1552 2029 similitudines
1580 2001 1619 2028 ad
1644 2008 1760 2027 sensum

984 2057 1173 2076 communem
1188 2049 1343 2082 reducunt,
1360 2057 1420 2084 quo
1440 2048 1588 2074 mediante
1604 2047 1641 2073 de
1658 2046 1760 2080 singu-

984 2095 1082 2122 lorum
1110 2095 1339 2130 proprietatibus
1366 2094 1500 2129 judicant
1527 2096 1553 2120 et
1581 2093 1759 2120 discernunt.

984 2142 1064 2169 Unde
1075 2142 1244 2175 sciendum,
1256 2141 1339 2176 quod
1354 2148 1456 2168 sensus
1468 2139 1633 2167 eommunis
1643 2141 1684 2166 est
1696 2139 1762 2166 fons

984 2197 1019 2216 ex
1043 2196 1103 2224 quo
1128 2196 1231 2215 omnes
1255 2195 1357 2215 sensus
1383 2187 1528 2220 oriuntur,
1552 2188 1580 2213 et
1607 2186 1646 2213 ad
1673 2193 1762 2221 quem

985 2235 1081 2262 omnis
1094 2237 1191 2262 motus
1206 2234 1388 2261 sensibilium
1403 2233 1538 2267 refertur,
1553 2232 1627 2259 sicut
1641 2231 1680 2259 ad
1695 2231 1762 2258 ulti-

984 2290 1068 2308 mum
1090 2281 1191 2308 finem.
1217 2282 1280 2308 Haec
1304 2280 1436 2316 potentia
1458 2279 1597 2315 quaedam
1619 2278 1709 2305 habet
1731 2278 1763 2304 in

985 2330 1129 2363 quantum
1145 2329 1186 2354 est
1210 2335 1331 2361 sensus,
1354 2329 1380 2354 et
1403 2326 1541 2362 quaedam
1563 2325 1593 2352 in
1618 2326 1763 2360 quantum

985 2374 1151 2402 communis
1171 2376 1221 2401 est.
1252 2375 1282 2401 ln
1307 2375 1451 2409 quantum
1477 2372 1555 2399 enim
1580 2379 1680 2398 sensus
1702 2373 1760 2403 est,

985 2421 1074 2448 habet
1095 2421 1225 2456 recipere
1247 2428 1346 2447 rerum
1365 2419 1477 2455 species
1498 2419 1559 2445 sine
1581 2417 1718 2450 materia,
1735 2418 1768 2450 et,

986 2469 1084 2494 tamen
1098 2468 1239 2503 praesente
1250 2466 1371 2494 materia
1382 2476 1389 2500 3
1402 2466 1431 2492 in
1442 2467 1585 2501 quantum
1597 2463 1762 2491 communis

986 2516 1043 2548 est,
1067 2514 1156 2541 habet
1181 2513 1260 2547 duo,
1285 2521 1413 2548 quorum
1435 2520 1528 2539 unum
1554 2513 1595 2538 est
1616 2509 1761 2545 judicium

986 2560 1188 2593 sensibilium,
1211 2567 1264 2595 per
1279 2559 1362 2595 quod
1381 2567 1436 2586 nos
1452 2557 1703 2594 apprehendimus
1718 2555 1762 2583 vi-

986 2606 1073 2640 dere,
1089 2606 1211 2641 quando
1228 2606 1380 2640 videmus,
1397 2608 1424 2633 et
1438 2605 1558 2638 audire,
1574 2602 1695 2639 quando
1709 2610 1762 2630 au-

985 2652 1092 2687 dimus,
1110 2654 1138 2680 et
1148 2652 1188 2680 sic
1204 2652 1240 2680 de
1255 2652 1328 2680 aliis.
1341 2653 1368 2680 Si
1385 2652 1464 2680 enim
1474 2652 1531 2679 hoc
1543 2650 1688 2685 judicium
1702 2656 1763 2676 non
