2004 3037
240 214 301 250 466

239 280 392 309 honorum
403 275 584 304 exteriorum
595 273 718 310 eapitur.
732 274 807 302 Nam
818 273 871 310 qui
884 273 916 302 in
930 279 1018 302 earne

239 326 326 362 vivit,
347 325 379 354 in
401 331 490 352 carne
514 323 611 358 sentit,
633 323 662 350 et
676 321 796 350 dolores
817 321 914 350 caruis
926 321 1018 357 fugit,

240 373 384 410 quantum
397 371 496 408 potest
502 379 511 406 3
525 369 652 398 vulnera
663 370 764 398 autem
777 367 883 396 animoe
895 375 1019 405 prorsus

239 418 358 456 ignorat
373 427 380 447 :
394 417 475 446 unde
487 424 550 445 non
568 416 604 453 (a)
619 415 799 444 medicinam
815 415 929 451 quaerit.
944 425 957 442 n
971 415 1020 442 Se·

240 468 341 505 quitur
362 476 369 495 ε
397 475 412 492 «
435 467 508 494 Cum
531 466 630 493 autem
650 464 785 491 mortuus
806 462 894 490 fuerit
917 469 1019 490 sensus

240 515 359 550 animae,
376 521 436 550 quo
449 511 524 541 vivit
537 511 570 539 in
584 518 684 545 carne,
700 511 770 538 tunc
783 509 928 538 vivificari
948 508 1020 536 inci-

238 562 299 599 piet
313 568 415 590 sensus
430 560 492 594 ille,
507 566 568 595 quo
584 558 662 586 intus
677 557 765 586 sentit
783 556 914 593 seipsum
930 555 1019 592 (scili-

240 609 285 638 eet
299 607 420 636 scientia
429 604 676 643 experimentali),
689 606 717 632 et
730 606 800 632 tune
814 603 885 631 sciet
900 602 1020 631 dolores

240 664 309 684 suos
320 676 329 691 ‚
344 657 372 683 et
391 653 497 682 sentire
515 652 637 689 incipiet
659 651 785 679 vulnera
803 658 857 679 sua
879 649 1021 678 interiora

240 704 321 731 tanto
336 701 464 738 gravius,
481 700 595 736 quanto
610 698 819 735 propinquius,
836 697 925 732 Magis
941 695 1020 724 enim

241 751 329 778 nocet
343 747 457 776 malum
480 746 564 783 quod
582 745 677 780 magis
698 744 853 779 intimum,
877 745 905 772 et
925 742 1021 778 magis

241 796 363 834 prodest
382 795 512 829 bonum,
529 796 557 821 et
573 792 714 827 delectat,
731 790 815 828 quod
836 789 932 826 magis
951 789 1020 816 inti-

242 851 326 872 mum
340 843 392 870 est.
411 851 425 868 ι’
447 842 510 869 Haec
523 840 583 868 ille.
606 841 643 867 De
657 839 715 867 hoe
730 838 799 866 vide
818 837 866 865 hic
880 836 1020 872 proximo

243 890 381 919 membro
395 888 404 904 ¹
418 888 546 925 plenius,
569 886 696 923 qualiter
721 887 881 920 utrumque
896 881 1024 919 impedi-

244 939 377 966 mentum
386 935 508 970 tollitur,
524 933 635 962 seilicet
645 930 885 969 experimentalis
900 928 1022 958 notitiae.

244 986 315 1013 Item
324 983 355 1012 in
366 982 450 1012 tertIo
464 981 585 1010 itinere²
596 980 698 1016 aliqua
710 978 843 1007 iuvenies
856 977 893 1006 de
907 976 1021 1005 eodem.

471 1075 713 1112 DISTINCTIO
737 1075 796 1109 lv.

259 1154 382 1188 Qualiter
399 1152 539 1180 interiores
558 1156 646 1177 sensus
664 1147 825 1184 spirituales
846 1146 1004 1181 reparentur

331 1203 334 1205 ’
481 1197 521 1223 vel
539 1195 720 1229 reformentur
736 1192 782 1227 (b).

283 1270 391 1303 Quarto
406 1265 569 1295 videndum
583 1266 633 1298 est,
650 1263 778 1300 qualiter
789 1269 891 1289 sensus
906 1259 1025 1288 interio—

246 1325 293 1345 res
315 1313 481 1352 spirituales
504 1312 700 1340 reformentur
724 1309 771 1337 vel
787 1311 961 1344 reparentur
977 1307 1023 1342 (b).

247 1363 329 1392 Circa
344 1361 427 1398 quod
443 1359 596 1388 sciendum
611 1360 663 1392 est,
686 1356 768 1393 quod
783 1357 885 1383 eontra
895 1354 1026 1390 primum

246 1409 508 1446 impedimentum,
528 1405 638 1433 seilicet
651 1402 873 1439 corruptIOnem
895 1403 1006 1428 naturir,
1018 1422 1026 1434 ,

246 1464 365 1486 necesse
378 1456 486 1483 estuta
500 1451 637 1488 Jesu‚qui
651 1453 692 1479 cst
707 1450 797 1477 clavis
811 1448 913 1483 David,
925 1455 1026 1475 sensus

246 1504 339 1532 nostri
349 1502 530 1539 aperiantur,
540 1501 699 1534 antequam
709 1499 817 1524 aeterna
827 1494 1024 1531 experiantur.

247 1551 328 1578 Unde
344 1548 507 1578 Bernardus
519 1546 589 1574 dicit
599 1546 608 1562 ²
620 1555 645 1572 t«
655 1543 794 1571 Dominus
805 1544 872 1579 post
883 1549 967 1569 suam
982 1548 1026 1568 re-

247 1597 458 1625 surrectionem
472 1594 599 1630 loquens
613 1590 775 1627 discipulis,
788 1589 827 1617 ait
841 1588 1027 1623 Evangelista

248 1646 338 1672 Lucas
352 1642 372 1678 ⁴,
388 1643 495 1678 apernit
511 1642 549 1667 eis
567 1646 672 1666 sensum
683 1659 689 1670 ‚
706 1640 736 1664 ut
755 1637 937 1669 intelligerent
953 1635 1027 1662 Scri-

248 1694 355 1726 pturas.
372 1691 444 1717 Cum
460 1687 549 1721 enim,
563 1685 659 1721 inquit
674 1683 849 1717 llernardus,
866 1682 1027 1717 Scriptura-

248 1745 315 1765 rum
332 1735 501 1764 interiorem
518 1740 652 1765 sensum,
668 1734 695 1758 ct
716 1730 853 1757 virtutem
871 1727 1028 1755 miraculo-

249 1792 333 1817 rum,
355 1785 382 1811 et
404 1781 655 1809 sacramentorum
682 1777 745 1810 liei,
769 1775 945 1811 ewperimus
969 1781 1027 1800 non

250 1830 348 1858 solum
364 1828 539 1863 intelligere,
556 1825 605 1852 sed
622 1824 710 1851 etiam
727 1822 870 1858 quadam,
887 1822 918 1847 ut
933 1821 971 1847 itu
986 1820 1029 1846 di-

251 1885 327 1911 cam,
339 1873 526 1911 experientiae
536 1879 625 1899 manu
637 1870 758 1906 palpare
768 1871 795 1896 et
803 1869 935 1901 tractare,
947 1865 1029 1901 quod

251 1931 312 1951 non
327 1923 359 1949 fit
373 1921 429 1949 nisi
439 1919 572 1956 quodam
584 1915 770 1945 conscientiae
786 1922 884 1948 sensu,
900 1916 926 1940 et
941 1920 1030 1948 expe-

250 1969 361 1998 rientiae
377 1966 533 2003 disciplina
551 1962 741 1998 intelligentis
757 1964 784 1989 et
805 1960 921 1988 scientis
941 1959 1028 1986 boni-

251 2018 341 2045 tatem
356 2014 406 2043 Dei
421 2016 449 2042 et
469 2013 607 2041 virtutem
617 2033 623 2042 ,
644 2017 735 2046 quam
750 2008 862 2045 potenti
887 2006 1030 2040 bonitate,

252 2073 321 2093 cum
336 2062 449 2091 efficaci
464 2061 579 2093 virtute,
597 2059 627 2086 in
647 2058 714 2086 filiis
730 2057 829 2093 gratiae
849 2063 925 2091 opus
940 2054 1031 2090 ipsius

252 2111 352 2148 gratim
371 2110 510 2146 operatur
526 2117 532 2135 :
550 2110 618 2135 tunc
634 2106 756 2133 demum
772 2102 931 2139 snpientia,
948 2102 1031 2136 quod

253 2167 340 2186 suum
354 2159 408 2190 est,
418 2155 588 2191 exequitur3
601 2154 680 2186 tune,
696 2159 771 2187 quos
787 2150 894 2184 dignos
907 2148 1031 2183 J‘udivat,

253 2203 391 2231 unctione
410 2209 463 2228 sua
478 2200 563 2227 docet
587 2198 624 2225 de
641 2195 796 2229 omuibus;
813 2196 881 2221 tunc
896 2193 1031 2228 apposito

254 2248 393 2278 honitatis
409 2247 458 2274 Dei
481 2245 590 2280 sigillo.
607 2244 708 2272 omnia
732 2244 852 2278 pectora
868 2241 911 2277 (c)
933 2243 1033 2268 nostra

254 2296 391 2325 unctione
406 2294 468 2327 illa,
484 2294 511 2319 et
525 2291 638 2319 emollit
650 2291 700 2326 (d),
712 2292 738 2317 et
753 2289 905 2324 imprimit,
921 2290 947 2315 et
962 2295 1032 2314 con-

254 2344 362 2371 format
377 2341 417 2377 (e)
435 2349 442 2368 ;
460 2342 487 2367 et
502 2339 525 2366 si
540 2347 605 2374 quae
623 2337 708 2370 dura,
725 2336 746 2362 si
764 2344 829 2371 quse
844 2335 939 2369 rigida
955 2334 1033 2361 inve-

255 2391 307 2423 nit,
324 2387 476 2417 coneulcat
494 2386 532 2421 (f)
549 2387 576 2412 ct
598 2383 739 2417 infringit,
757 2381 851 2408 donec
867 2381 964 2408 lmtitia
984 2381 1033 2407 Dei

255 2435 391 2465 salutaris
406 2435 535 2469 accepta,
551 2433 578 2458 et
594 2429 742 2466 sapientiae
759 2428 862 2464 spiritu
878 2427 1033 2463 principali

288 2500 295 2515 ¹
308 2495 475 2523 Scilicetdist.
488 2500 522 2523 iv,
536 2492 652 2524 proxime
664 2498 716 2521 seq.
733 2503 764 2508 -—
774 2490 783 2505 Ἐ
795 2489 896 2513 Scilivtt
911 2488 967 2512 dist.
985 2494 996 2510 v
1010 2490 1034 2512 rt

256 2542 321 2565 seq.‚
333 2540 392 2564 pag.
408 2532 452 2556 432
463 2532 488 2554 et
496 2536 606 2560 seqq.-
618 2527 628 2544 ³
645 2528 730 2556 Bern.,
742 2526 771 2549 de
784 2528 879 2555 Ληιωκ,
890 2532 911 2548 e.
928 2530 954 2552 x,
967 2524 1033 2547 circa

256 2570 300 2594 fin.
316 2582 342 2587 ——
363 2568 373 2584 ⁴
392 2568 459 2596 Luc,
476 2571 549 2595 xxm,
565 2566 604 2588 45.
621 2576 651 2580 -
666 2564 673 2576 ⁵
687 2562 758 2586 Psnl.
779 2567 813 2590 lv,
830 2563 853 2584 7.
874 2573 904 2578 —
921 2562 929 2573 “
948 2561 1032 2589 nuru„

258 2607 283 2629 in
298 2605 382 2634 Cane„
397 2609 474 2627 serui.
488 2606 596 2630 Lxxxvl,
607 2599 675 2623 cirea
687 2598 754 2621 med.
766 2610 795 2614 -
808 2598 815 2611 ⁷
830 2597 915 2627 Greg.,
932 2595 1032 2626 Μαι-ΛΑ,

257 2641 300 2664 lib.
320 2640 401 2670 XXX,
421 2646 443 2662 e.
466 2644 504 2665 ix,
529 2638 584 2668 post
605 2634 674 2659 med.
687 2647 718 2651 —
736 2634 745 2647 ⁸
760 2634 836 2663 ilua,
857 2632 885 2655 de
900 2633 955 2656 Are.
973 2631 1031 2655 Nar,

258 2677 299 2700 lib.
318 2677 364 2706 lit,
379 2683 400 2699 e.
418 2681 425 2699 1
443 2676 466 2698 ct
487 2670 667 2698 n.-·¹1¹sal.
684 2675 784 2700 xxxin,
799 2671 821 2693 9.

646 206 697 238 DE
718 205 877 238 SEPTEM
897 203 1122 238 ITINERIBUS
1144 202 1435 237 AETERNITATIS.

1072 271 1264 306 confirmata,
1288 271 1389 300 anima
1410 270 1477 300 loeta
1489 272 1518 300 et
1540 271 1641 299 sancta
1655 269 1791 303 decantet
1807 272 1849 301 ad

1073 319 1164 346 Deum
1178 319 1207 346 ⁵:
1223 318 1366 354 Siqnatum
1380 321 1420 346 est
1431 325 1511 354 super
1521 325 1570 346 nos
1584 318 1674 346 lumen
1685 319 1777 347 vultus
1791 320 1848 355 tui,

1072 366 1196 399 Domine,
1211 365 1313 393 dedisti
1327 367 1452 393 zaetitiam
1466 366 1496 392 in
1511 364 1588 393 carde
1606 373 1673 393 meo.
1687 374 1702 392 1>
1721 365 1849 395 Eiidem

1073 420 1162 448 super
1183 412 1320 446 Cantica,
1344 411 1446 440 dicens
1459 412 1469 429 ⁶
1494 420 1501 439 ε
1525 420 1538 438 ι(
1558 411 1708 447 Sapientia
1730 411 1850 441 assidua

1073 458 1162 488 vineit
1176 459 1331 493 malitiam,
1346 459 1379 486 id
1395 461 1454 494 est,
1468 458 1707 495 concupiscentia
1720 459 1752 487 in
1765 467 1850 488 men-

1073 505 1151 534 tibus
1171 505 1211 534 ad
1226 513 1301 542 quas
1315 505 1484 540 intraverit,
1505 513 1644 542 saporem
1657 505 1745 540 mali,
1759 513 1852 542 quem

1073 552 1125 581 illa
1140 553 1260 588 invexit,
1270 560 1376 588 sapore
1385 552 1508 586 meliore
1519 552 1728 580 exterminans.
1737 553 1852 582 Intrans

1074 600 1154 628 enim
1165 599 1319 636 sapientia,
1333 599 1405 627 dum
1415 607 1535 627 sensum
1547 598 1644 627 carnis
1656 599 1796 634 infirmat,
1809 599 1852 628 in·

1074 646 1222 675 tellectum
1241 645 1388 682 purificat,
1404 645 1504 674 cordis
1517 645 1652 682 palatum
1667 646 1753 674 sanat
1765 647 1794 674 et
1806 654 1853 674 re-

1074 695 1173 729 parat;
1191 695 1294 721 sanato
1305 692 1418 729 palato,
1431 692 1495 728 jam
1509 692 1585 728 sapit
1598 692 1724 725 bonum,
1740 692 1816 729 sapit
1825 695 1854 722 et

1074 739 1171 776 ipsam
1183 739 1358 776 sapientiam
1369 739 1418 775 (9),-
1429 747 1491 775 qua
1504 739 1534 767 in
1549 739 1638 767 bonis
1648 739 1723 767 nihil
1737 741 1780 767 est
1793 747 1854 768 me-

1075 786 1142 814 lius.
1159 796 1172 812 n
1190 787 1254 814 Haee
1275 785 1334 813 iile.
1350 786 1460 813 Contra
1480 785 1728 822 impedimentum
1748 794 1853 814 secun-

1077 832 1149 860 dum
1160 853 1169 866 ,
1193 832 1304 860 scilicet
1328 833 1460 860 nostram
1484 831 1712 868 negligentiam,
1736 840 1855 862 neeesse

1077 881 1120 907 est
1133 881 1166 907 ut
1180 887 1282 907 sensus
1302 878 1461 907 exteriores
1477 878 1641 914 sopiantur,
1657 880 1685 906 ct
1703 887 1721 906 a
1734 887 1788 907 sua
1800 887 1854 907 va-

1078 926 1196 962 gatione
1211 926 1434 961 restringantur,
1451 924 1522 961 quia
1535 927 1605 953 tunc
1626 925 1780 953 interiores
1793 933 1857 954 sen-

1078 981 1127 1001 sus
1141 973 1320 1008 excitantur,
1335 974 1363 1000 et
1378 972 1584 1000 exercitantur.
1605 971 1686 1000 Unde
1705 971 1856 1008 trigesimo

1077 1019 1156 1049 libro
1171 1021 1318 1048 Moralium
1334 1019 1491 1055 Gregorius
1507 1019 1578 1047 dicit
1592 1020 1602 1036 ⁷
1621 1028 1628 1047 ε
1648 1029 1662 1045 «
1677 1019 1704 1047 Si
1729 1019 1857 1048 exterior

1079 1067 1214 1102 evagatio
1236 1074 1339 1095 seusus
1355 1066 1512 1100 clauditur,
1529 1065 1650 1094 interior
1664 1074 1767 1094 sensus
1785 1074 1856 1102 ape-

1079 1113 1180 1141 ritur.»
1195 1114 1284 1149 Cujus
1293 1113 1437 1141 rationem
1448 1112 1546 1140 reddit
1556 1114 1649 1148 tingo,
1660 1113 1694 1140 de
1706 1114 1776 1140 ‚trca
1789 1113 1856 1147 Noe,

1080 1160 1131 1188 ubi
1147 1160 1217 1188 dicit
1230 1161 1241 1177 ⁸
1257 1169 1264 1187 :
1279 1170 1292 1185 «
1306 1161 1414 1188 {tientes
1428 1167 1504 1200 ‹Luas
1519 1167 1596 1187 curae
1611 1158 1742 1187 carnales
1755 1159 1857 1195 exagi-

1081 1209 1151 1242 tant,
1166 1215 1226 1235 non
1242 1206 1500 1243 comprehendunt
1514 1205 1650 1242 sapidam
1659 1205 1854 1242 sapientiam

1080 1254 1133 1283 sed
1144 1254 1194 1291 qui
1210 1254 1374 1282 minoratur
1389 1255 1467 1287 actu,
1481 1253 1543 1289 ipse
1558 1252 1671 1281 invenit
1685 1261 1751 1281 eam
1764 1262 1770 1280 :
1788 1253 1859 1289 quia

1082 1301 1154 1329 dum
1171 1301 1287 1329 animus
1310 1301 1348 1329 ab
1369 1300 1566 1328 exterioribus
1585 1299 1624 1328 ad
1643 1299 1782 1328 interiora
1804 1299 1858 1328 ab·

1080 1348 1228 1382 strabitur,
1241 1348 1278 1376 ad
1295 1348 1425 1384 seipsum
1441 1347 1599 1382 colligitur,
1615 1349 1641 1375 et
1655 1347 1804 1375 robustior
1819 1346 1859 1375 ad

1082 1395 1311 1431 contemplanda
1323 1395 1452 1422 coelcstia
1467 1394 1608 1428 elevatur,
1625 1397 1651 1422 et
1664 1402 1733 1421 cum
1748 1402 1766 1422 a
1780 1393 1859 1422 dele-

1082 1443 1207 1471 ctatione
1219 1442 1354 1470 exteriori
1366 1441 1555 1476 abstrahitur,
1572 1449 1690 1469 necesse
1705 1443 1747 1468 est
1760 1443 1792 1469 ut
1806 1441 1859 1469 ali-

1083 1490 1156 1526 quid
1171 1489 1329 1525 spiritualis
1354 1488 1455 1524 gaudii
1472 1490 1649 1524 praegustare
1665 1487 1805 1524 incipiat,
1821 1495 1858 1516 ne

1083 1537 1106 1565 si
1137 1537 1259 1565 omnino
1293 1545 1308 1565 a
1336 1536 1529 1565 delectatione
1558 1536 1698 1564 manserit
1725 1536 1839 1565 alienus
1850 1556 1859 1571 ,

1083 1584 1167 1620 quasi
1193 1591 1293 1611 semen
1309 1583 1426 1611 aridum
1449 1584 1511 1611 sine
1526 1583 1651 1612 humore
1673 1583 1712 1611 ad
1736 1590 1861 1619 gramen

1083 1623 1240 1666 sapientiae'
1256 1638 1317 1658 non
1342 1630 1538 1658 convalescat.
1560 1642 1573 1656 u
1596 1630 1757 1666 Sequitur:
1784 1640 1798 1656 ι(
1818 1629 1862 1657 Fit

1084 1686 1154 1712 ergo
1167 1699 1173 1711 ,
1189 1678 1290 1705 divina
1306 1678 1400 1713 gratia
1415 1678 1573 1713 inspirante
1585 1698 1594 1711 ‚
1612 1679 1643 1704 ut
1657 1685 1739 1705 mens
1754 1677 1795 1704 sic
1810 1677 1862 1705 ab·

1085 1726 1199 1757 structa,
1217 1726 1243 1751 et
1259 1724 1380 1751 terrenis
1397 1724 1550 1751 (tesideriis
1566 1726 1665 1757 exuta,
1680 1723 1776 1751 statim
1792 1731 1862 1759 qua-

1086 1771 1156 1797 dam
1170 1770 1287 1797 insolita
1303 1770 1399 1797 laetitia
1419 1770 1622 1806 perfundatur,
1638 1771 1670 1797 ut
1684 1777 1719 1797 eo
1735 1769 1862 1806 amplius

1086 1825 1219 1844 amarum
1236 1825 1297 1844 csse
1313 1819 1455 1851 agnoscat
1471 1816 1553 1852 qnod
1568 1816 1707 1850 deseruit,
1723 1824 1784 1853 quo
1799 1824 1863 1844 ma-

1086 1864 1129 1897 gis
1143 1863 1228 1891 dulce
1244 1863 1327 1890 sentit
1343 1863 1427 1899 quod
1442 1863 1562 1891 invenit.
1579 1873 1591 1888 n
1607 1863 1760 1899 Sequitur:
1775 1862 1864 1890 «Illas

1087 1912 1198 1937 mentes
1224 1910 1343 1937 internoe
1365 1909 1531 1938 dulcedinis
1553 1909 1736 1937 desiderium
1760 1908 1864 1943 trahit,

1087 1965 1161 1993 quas
1176 1956 1275 1984 nullus
1291 1957 1534 1993 concupiscentiae
1549 1956 1675 1985 carnalis
1690 1955 1811 1984 affectus
1822 1963 1864 1984 re-

1088 2003 1198 2039 ligavit.
1213 2015 1226 2030 »
1244 2004 1376 2032 ilaecille.

1319 2097 1561 2131 DISTINCTIO
1585 2097 1627 2131 V.

1089 2173 1211 2206 Qualiter
1222 2180 1270 2207 per
1284 2175 1390 2207 qustum
1410 2173 1565 2198 interiorem
1578 2170 1751 2206 spiritualem
1765 2172 1863 2198 oeterna

1372 2217 1575 2250 proequslentur.

1125 2285 1231 2319 Quinto
1246 2284 1410 2312 videndum
1424 2286 1475 2318 est,
1489 2283 1615 2320 qualiter
1627 2291 1680 2319 per
1694 2283 1863 2311 interiorem

1090 2334 1207 2368 gustum
1235 2331 1417 2367 spiritualem
1444 2333 1552 2358 {eterna
1570 2331 1782 2366 praegustantur
1796 2329 1860 2364 (Ιι).

1089 2380 1170 2407 Circa
1185 2378 1267 2414 quod
1287 2377 1455 2411 sciendum,
1472 2376 1555 2413 quod
1576 2376 1632 2404 nisi
1656 2378 1756 2411 gustus
1777 2375 1863 2411 spiri-

1089 2426 1176 2454 tualis
1191 2427 1263 2452 esset
1278 2424 1308 2451 in
1322 2424 1409 2451 nobis
1420 2446 1428 2458 ,
1445 2423 1595 2451 psalmista
1616 2430 1677 2450 non
1695 2421 1815 2450 dixisset
1828 2422 1839 2439 ⁰
1855 2431 1862 2450 :

1124 2524 1154 2551 (a)
1169 2521 1195 2545 111
1210 2520 1313 2551 append.
1329 2522 1399 2551 Opera
1417 2520 1492 2549 Any„
1506 2520 1563 2542 tom.
1583 2517 1622 2546 Vl,
1638 2524 1694 2542 nec.
1708 2531 1738 2536 —-
1754 2518 1787 2549 (b)
1802 2518 1863 2543 Coeae.

1091 2558 1151 2581 edit.
1168 2558 1317 2587 reparantur
1332 2556 1371 2579 vel
1384 2555 1563 2579 reformantur.
1576 2567 1602 2570 —
1618 2553 1648 2584 (c)
1664 2554 1705 2577 Al.
1718 2556 1864 2584 peecata.—

1091 2594 1126 2625 (d)
1141 2592 1181 2617 ΑΙ.
1199 2592 1318 2616 emollita.
1333 2605 1364 2608 —
1381 2591 1410 2621 (e)
1425 2590 1465 2616 Al.
1482 2589 1616 2613 coufortat.
1630 2603 1659 2608 —
1677 2590 1712 2620 (f)
1729 2589 1769 2614 Al.
1785 2589 1864 2614 incul-

1091 2631 1140 2652 cat.
1154 2640 1185 2645 -
1200 2628 1234 2657 (ῃ)
1252 2628 1312 2651 Caet.
1329 2628 1388 2651 edit.
1405 2627 1460 2657 ipsa
1474 2625 1606 2655 sapientia.
1618 2639 1648 2643 -
1665 2625 1701 2656 (Ιι)
1725 2626 1785 2649 Item
1801 2631 1864 2656 prae-

1092 2664 1232 2689 austuutur.
