2004 3037
833 263 963 300 CAPUT
982 263 1066 301 VIlI.

189 334 366 364 Benedicere
381 336 474 364 Deum
489 336 532 364 est
542 335 628 372 quasi
644 342 720 372 opus
733 333 783 363 vel
798 333 932 364 officium

153 381 295 419 paradisi.
317 383 414 418 Apoc..
430 389 472 411 v:
491 392 506 409 α
524 383 633 412 Omnes
656 381 757 410 audivi
778 381 932 410 dicentes:

155 429 271 458 Sedenti
288 429 318 458 in
328 429 433 458 throno
449 430 478 459 et
490 431 573 466 Agno
586 429 766 464 benedictio,
782 431 810 458 et
823 429 931 465 honor,

157 478 185 504 et
199 476 305 513 gloria,
316 487 330 503 »
347 479 402 506 etc.

418 572 560 606 CAPUT
584 571 673 606 VIII.

199 645 237 672 De
257 643 448 679 benedictione,
469 652 523 679 qua
541 643 617 671 homo
635 642 768 671 benedicit
786 642 898 670 homini.

194 712 406 742 Melchisedech
437 720 489 742 rex
516 712 614 741 Salem
639 711 767 740 occurrit
787 711 937 741 Abraham

157 761 312 790 revertenti
327 769 345 789 a
361 760 441 789 caede
455 762 583 797 quatuor
604 768 720 796 regum,
736 761 764 788 et
778 760 819 788 ait
833 768 841 788 z
858 769 872 786 «
885 761 937 788 Be-

158 808 293 836 nedictus
308 808 458 836 Abraham
472 809 531 836 Deo
547 807 676 842 excelso,
691 807 743 844 qui
758 806 868 835 creavit
882 814 938 835 coe-

159 855 223 883 lum
238 857 266 883 et
280 856 399 883 terram.
414 865 427 880 »
446 855 524 888 Gen„
538 862 596 883 xiv.

195 901 347 929 Benedixit
362 904 440 930 isaac
454 901 557 936 Jacob,
574 901 692 929 dicens:
704 909 719 927 t(
731 901 782 929 Det
796 900 849 929 tibi
864 900 939 928 Deus

161 948 198 977 dc
208 956 274 976 rorc
287 948 369 984 coeli,
385 951 413 977 et
425 948 461 976 de
477 948 661 985 pinguedine
677 949 761 976 terrae
782 947 939 975 abundan-

160 995 233 1024 tiam
254 995 392 1023 frumenti
414 997 442 1023 et
463 995 498 1032 (a)
515 995 595 1031 vini,
619 997 647 1023 et
664 995 794 1023 serviant
817 994 870 1022 tibi
884 1002 939 1030 po-

160 1043 236 1079 puli,
250 1052 264 1069 n
282 1044 336 1071 etc.
363 1043 441 1077 Gen„
457 1051 549 1071 xxvii.
574 1044 648 1071 Cum
663 1044 739 1071 Esau
753 1042 865 1078 ejulatu
878 1050 942 1071 ma·

163 1097 223 1125 gno
233 1089 326 1124 fleret,
341 1092 439 1118 motus
453 1090 531 1118 Isaac
544 1089 618 1117 dixit
632 1089 672 1117 ad
687 1098 757 1117 eum
773 1098 780 1117 :
800 1098 814 1115 «
828 1091 860 1118 in
874 1089 941 1125 pin-

163 1136 291 1172 guedine
307 1139 402 1172 terrae,
418 1139 447 1165 et
460 1144 527 1165 rore
543 1136 625 1171 coeli,
642 1136 770 1173 desuper
782 1136 836 1164 erit
850 1136 941 1164 bene-

163 1183 252 1211 dictio
261 1186 325 1219 tua3
338 1184 421 1212 vives
432 1183 462 1212 in
472 1183 585 1219 gladio,
597 1186 625 1212 et
635 1183 718 1212 fratri
729 1185 779 1212 tuo
793 1183 912 1212 servies.
924 1193 939 1211 r>

165 1230 243 1265 Gen„
258 1238 346 1259 xxvii.

198 1277 364 1306 Introduxit
373 1276 481 1313 Joseph
490 1279 604 1313 patrem
617 1285 705 1305 suum
711 1276 803 1305 Jacob
814 1276 854 1305 ad
868 1276 942 1306 Pha-

162 1332 286 1352 raonem
302 1333 309 1352 :
327 1324 378 1360 qui
392 1324 570 1352 benedicens
581 1324 635 1360 illi,
651 1325 679 1352 et.
693 1324 888 1360 interrogatus
903 1324 942 1353 ab

163 1370 226 1406 illo,
246 1372 346 1405 «Quot
360 1374 428 1400 sunt
442 1371 504 1399 dies
525 1379 674 1400 annorum
687 1371 754 1400 vitae
767 1373 840 1407 tuae,
854 1382 868 1398 »
887 1373 941 1400 etc.

165 1418 243 1453 Gen„
257 1426 347 1446 van.

199 1465 351 1493 Benedixit
377 1465 470 1493 Jacob
498 1465 562 1492 filio
589 1473 644 1493 suo
672 1465 797 1501 Joseph,
823 1468 852 1494 et
879 1465 919 1493 ait
934 1474 942 1494 ε

166 1521 180 1538 α
195 1512 270 1540 Deus
284 1512 315 1539 in
329 1512 413 1548 cujus
429 1513 588 1548 conspectu
602 1511 832 1540 ambulaverunt
846 1513 944 1540 Patres

164 1559 243 1594 mei,
267 1559 426 1587 benedicat
449 1559 549 1595 pueris
573 1559 644 1587 istis.
669 1569 684 1586 »
699 1559 885 1595 Loquebatur
905 1559 943 1587 de

164 1607 306 1640 Manasse,
321 1607 350 1633 et
364 1605 514 1642 Ephraim,
530 1614 605 1642 quos
619 1606 728 1642 Ioseph
741 1607 825 1641 pater
839 1614 944 1634 eorum

164 1654 324 1688 rogaverat
350 1660 405 1688 per
430 1654 546 1689 patrem
567 1652 714 1680 benedici.
739 1652 818 1686 Gen„
841 1660 942 1681 nvui.

166 1699 358 1727 Postmodum
371 1699 460 1727 etiam
474 1699 626 1727 benedixit
637 1700 728 1727 Jacob
737 1699 861 1735 singulis
875 1700 945 1728 filiis

165 1746 237 1781 suis,
250 1745 509 1773 benedictionibus
524 1747 662 1782 propriis.
680 1747 744 1775 Gen.
749 1767 758 1781 ‚
773 1754 846 1775 xLix.

201 1793 326 1821 Locutus
348 1795 390 1821 est
414 1793 556 1820 Dominus
585 1792 625 1821 ad
656 1795 796 1830 Moysen,
820 1793 943 1822 dicens:

170 1850 184 1866 α
198 1840 243 1869 Sic
256 1840 290 1875 (b)
305 1839 485 1868 benedicetis
509 1839 577 1867 filiis
596 1840 685 1868 lsrael
704 1840 878 1869 :Benedicat
892 1840 945 1869 tibi

166 1887 322 1921 Dominus,
344 1889 372 1914 et
395 1886 542 1914 custodiat
566 1888 592 1914 te
614 1895 622 1914 :
643 1887 781 1916 ostendat
802 1888 945 1916 Dominus

167 1933 272 1961 faciem
289 1941 374 1961 suain
384 1933 450 1967 tibi,
464 1942 479 1959 ›>
497 1935 550 1960 etc.
568 1934 663 1968 Num„
677 1942 715 1961 VI.

204 1980 369 2008 Extendens
383 1982 480 2008 Aaron
491 1987 615 2008 manum
627 1979 667 2008 ad
685 1980 842 2016 populum,
856 1981 946 2009 bene-

168 2027 243 2056 dixit
257 2027 309 2055 eis.
325 2029 424 2060 Levit.‚
439 2033 481 2055 11.

203 2073 408 2102 DixitBalaam
423 2073 501 2101 filius
514 2075 604 2101 Beor:
621 2082 635 2099 «
649 2072 692 2101 Ad
706 2072 947 2102 benedicendum

170 2121 317 2150 adductus
341 2129 423 2157 sum3
444 2119 684 2149 benedictionem
704 2120 864 2155 prohibere
885 2129 947 2150 non

169 2169 267 2197 valeo.
283 2177 297 2195 »
315 2168 409 2200 Num„
423 2175 504 2196 xxm.

208 2217 300 2243 «Non
312 2214 498 2251 pernoctabit
519 2213 602 2250 apud
616 2215 643 2242 te
664 2213 773 2249 pignus
787 2215 927 2251 pauperis
937 2224 947 2251 3

171 2263 224 2292 sed
238 2263 334 2291 statim
344 2262 454 2290 reddes
469 2261 496 2289 ei
510 2262 576 2289 ante
588 2260 659 2289 solis
674 2269 825 2297 occasum,
836 2264 868 2290 ut
876 2261 947 2291 dor-

170 2309 266 2338 miens
297 2308 329 2337 in
360 2308 536 2337 vestimento
569 2315 624 2336 suo
657 2307 815 2336 benedicat
842 2308 905 2337 tibi.
932 2318 946 2335 »

172 2358 265 2390 Deut„
280 2364 359 2385 xxiv.

207 2405 321 2440 Moyses
342 2404 434 2431 homo
451 2402 501 2430 Dei
523 2402 675 2431 benedixit
697 2402 765 2430 filiis
780 2403 869 2432 Israel
884 2405 950 2432 ante

173 2453 296 2477 mortem
311 2457 408 2484 suam,
425 2450 452 2476 et
466 2448 507 2475 ait
524 2456 557 2476 :a
569 2448 710 2476 Dominus
725 2449 763 2476 de
779 2449 848 2477 Sina
862 2450 950 2485 venit,

175 2498 203 2523 et
217 2496 254 2523 de
269 2497 329 2523 Seir
344 2498 424 2523 ortus
438 2497 482 2523 est
495 2494 594 2529 nobis,
610 2504 624 2520 »
643 2497 697 2523 etc.
714 2497 806 2531 Dent„
823 2504 923 2525 xxxin.

209 2543 331 2571 Vocavit
344 2544 431 2571 Josue
447 2542 607 2572 Rubenitas
630 2545 658 2570 et
671 2543 800 2580 Gaditas,
817 2546 845 2572 et
865 2545 952 2573 dimi-

176 2589 257 2617 diam
280 2590 390 2617 tribum
404 2590 532 2618 Manasse
543 2610 553 2624 ,
569 2588 702 2625 dixitque
718 2590 757 2618 ad
778 2599 830 2618 eos
847 2601 853 2619 :
873 2603 886 2617 α
901 2593 953 2620 Fe·

175 2636 253 2664 cistis
275 2637 375 2664 omnia
398 2644 465 2672 qnae
485 2636 573 2664 vobis
594 2637 733 2673 praecepit
753 2640 876 2674 MoyseS,
897 2642 951 2667 ete.

208 2695 396 2761 (a))Cc¹l¹lt.gclit.
419 2695 484 2719 deest
505 2697 540 2719 et..
554 2705 586 2713 -
603 2694 636 2726 (b)
653 2695 716 2720 Coet.
735 2696 798 2721 edit.
814 2697 882 2721 deest
904 2698 953 2722 Sic.

176 2745 206 2749 —
222 2733 243 2761 (c
270 2747 275 2754 Α
306 2749 310 2754 .
346 2731 425 2754 ivisis.

1705 274 1765 306 499

988 334 1200 373 Benedixitque
1209 336 1566 374 eissosue‚etdimisite0s.
1575 349 1590 367 w
1598 341 1763 377 Josue,xx11.

1024 382 1057 411 ln
1070 383 1185 412 cantico
1199 392 1256 421 pro
1267 384 1391 415 victoria
1403 385 1506 416 habita
1519 387 1558 416 de
1572 387 1679 425 Sisara,
1694 389 1767 418 dici-

990 431 1046 464 tur,
1061 430 1224 466 Judz'cum‚v
1235 440 1243 460 ε
1256 432 1434 462 «Benedicta
1447 433 1522 463 inter
1534 435 1672 464 mulieres
1685 437 1768 466 Jahel

989 484 1066 504 uxor
1086 477 1182 506 Haber
1203 479 1307 515 Cynei,
1330 481 1359 508 et
1371 480 1567 511 benedicatur
1585 481 1616 511 in
1631 483 1768 515 taberna-

990 523 1059 552 culo
1073 532 1140 559 suo,
1154 534 1168 552 a
1185 527 1239 554 ete.

1026 571 1130 599 Noemi
1139 571 1244 600 videns
1253 572 1342 608 Ruth,
1350 580 1461 602 nurum
1472 581 1558 604 suam
1568 584 1587 604 a
1595 577 1671 606 Boos
1680 577 1770 609 fuisse

990 616 1181 653 honoratam,
1197 619 1295 648 dixit:
1314 629 1328 647 α
1349 621 1523 650 Benedictus
1536 623 1573 651 sit
1593 631 1612 652 a
1632 625 1769 663 Domino,

993 665 1137 701 quoniam
1151 666 1290 695 eamdem
1303 668 1428 703 gratiam
1442 677 1533 706 quam
1549 671 1717 707 praebuerat
1730 674 1772 703 vi-

992 712 1048 748 vis,
1065 713 1194 742 servavit
1208 716 1236 743 et
1249 715 1384 744 mortuis.
1396 726 1410 743 n
1427 717 1511 753 Ruth,
1525 726 1558 747 11.

1029 761 1249 790 commendans
1259 763 1335 790 Boos
1344 763 1432 799 Ruth,
1443 772 1510 801 quae
1524 765 1563 794 ad
1578 767 1671 796 Deum
1685 769 1774 798 Israel

994 807 1179 844 confugerat,
1194 809 1235 837 ait
1251 818 1258 838 :
1277 819 1291 836 ι(
1305 810 1461 840 Benedicta
1475 819 1505 840 es
1519 820 1537 841 a
1552 813 1689 850 Domino,
1704 818 1774 853 quia

993 854 1127 890 priorem
1146 856 1383 886 miserIcordiam
1403 859 1568 895 posteriore
1586 863 1742 898 superasti.
1758 874 1772 892 ι)

994 902 1078 937 Ruth,
1092 910 1133 931 111.

1032 948 1096 977 Heli
1110 948 1264 979 benedixit
1280 951 1425 988 Helcanae,
1450 955 1478 982 et
1497 955 1585 984 uxori
1599 956 1673 992 ejus,
1689 957 1777 988 dixit-

998 1004 1057 1032 que
1072 996 1114 1024 eis
1129 1004 1136 1025 :
1154 1006 1168 1023 «
1182 997 1298 1026 Reddat
1319 998 1372 1027 tibi
1386 1000 1528 1029 Dominus
1543 1010 1644 1031 semen
1658 1004 1696 1032 de
1711 1013 1777 1034 mu-

995 1042 1068 1071 liere
1089 1043 1145 1071 hac
1168 1052 1224 1080 pro
1246 1044 1371 1082 foenore,
1394 1047 1479 1083 quod
1499 1050 1696 1080 commodasti
1718 1053 1776 1081 Do—

996 1089 1089 1118 mino.
1105 1100 1120 1118 »
1136 1091 1147 1118 1
1162 1093 1240 1127 Rey„
1255 1099 1288 1120 11.

1033 1136 1248 1167 Nuntiaverunt
1268 1138 1376 1175 Ziphaei
1398 1141 1488 1176 Sauli,
1505 1143 1589 1179 quod
1604 1144 1698 1173 David
1711 1145 1778 1175 Iati-

996 1183 1072 1211 taret
1085 1183 1168 1220 apud
1181 1192 1244 1220 εοε,
1265 1185 1401 1223 dixitque
1416 1189 1486 1217 Saul
1501 1197 1509 1218 :
1529 1199 1543 1216 α
1561 1183 1710 1221 Benedicti
1725 1201 1779 1222 vos

998 1236 1017 1258 a
1043 1230 1170 1259 Domino
1185 1251 1195 1267 ,
1224 1232 1298 1269 quia
1328 1234 1465 1264 doluistis
1498 1236 1596 1266 vicem
1622 1247 1732 1269 meam.
1761 1251 1775 1269 ι)

998 1277 1009 1305 1
1024 1276 1102 1311 Rea„
1117 1285 1198 1306 xxm.

1033 1324 1204 1353 Nuntiatum
1219 1327 1262 1354 est
1272 1327 1381 1364 David,
1395 1329 1480 1366 quod
1494 1330 1550 1359 viri
1564 1332 1651 1361 Jabes
1665 1334 1778 1364 Galaad

998 1370 1170 1407 sepelissent
1183 1373 1267 1409 Saul,
1289 1374 1422 1411 dixitque
1447 1377 1487 1405 ad
1510 1385 1583 1406 eos:
1602 1381 1780 1411 «Benedicti

998 1424 1053 1445 vos
1067 1426 1085 1446 a
1100 1419 1243 1456 Domino,
1258 1421 1310 1456 qui
1327 1421 1436 1451 fecistis
1449 1424 1688 1457 misericordiam
1701 1429 1779 1458 hanc

999 1472 1069 1492 eum
1084 1466 1210 1495 Domino
1225 1469 1323 1497 vestro
1343 1469 1428 1506 Saul,
1448 1472 1476 1500 et
1500 1473 1644 1508 sepelistis
1667 1484 1746 1505 eum.
1762 1486 1777 1504 n

997 1511 1021 1541 II
1037 1513 1116 1548 Req„
1130 1521 1162 1541 n.

1036 1560 1184 1588 Convertit
1202 1569 1255 1589 rex
1276 1561 1419 1592 Salomon
1441 1564 1549 1594 faciem
1569 1575 1673 1604 suam,
1689 1571 1716 1598 et
1729 1570 1778 1599 be-

997 1606 1113 1635 nedixit
1127 1608 1210 1635 omni
1226 1608 1361 1637 Ecclesiae
1377 1611 1476 1640 Israel.
1493 1614 1594 1643 Omnis
1612 1618 1712 1646 autem
1726 1619 1779 1647 Ec·

999 1653 1090 1682 clesia.
1103 1655 1191 1682 lsrael
1205 1655 1311 1684 stabat.
1323 1658 1357 1686 111
1372 1658 1449 1694 1³29„
1463 1667 1526 1689 vm.

1036 1701 1110 1729 Cum
1137 1703 1316 1739 complesset
1339 1704 1467 1734 offerens
1490 1708 1617 1744 pacifica
1644 1713 1673 1740 et
1695 1712 1781 1743 holo-

1000 1748 1118 1783 causta,
1138 1748 1292 1778 benedixit
1310 1751 1425 1788 populo
1448 1753 1480 1782 in
1498 1756 1620 1785 nomine
1644 1759 1780 1796 Domini,

999 1796 1028 1823 et
1053 1794 1153 1823 divisit
1169 1796 1201 1831 (c)
1217 1797 1362 1826 universis
1380 1807 1436 1836 per
1449 1801 1583 1838 singulos
1600 1805 1708 1835 tortam
1722 1815 1778 1844 pa-

999 1841 1058 1878 nis,
1068 1843 1121 1870 etc.
1133 1842 1144 1870 1
1158 1843 1265 1879 Parae,
1279 1852 1339 1873 xvi.

1035 1889 1271 1925 Apprehendens
1294 1892 1408 1928 Raguel
1434 1893 1587 1926 dexteram
1610 1899 1680 1928 filiae
1702 1909 1778 1939 suae,

999 1935 1123 1964 tradidit
1136 1936 1252 1972 Tobiae,
1273 1937 1376 1967 dicens
1393 1948 1401 1968 ε
1424 1949 1439 1966 «
1460 1943 1536 1971 Deus
1557 1944 1730 1983 Abraham,
1752 1951 1781 1978 et

1001 1982 1077 2009 Deus
1091 1983 1190 2018 Isaac,
1201 1985 1229 2011 et
1245 1985 1321 2012 Deus
1332 1987 1425 2015 Jacob
1439 1989 1596 2018 vobiscum
1610 1992 1663 2028 sit,
1676 1996 1704 2022 et
1717 1994 1780 2031 ipse

1001 2028 1163 2064 conjungat
1172 2038 1236 2064 VOS,
1251 2030 1434 2070 impleatque
1442 2034 1684 2068 benedicfionem
1693 2049 1780 2071 suam

1001 2074 1032 2102 in
1045 2075 1142 2103 vobis.
1158 2085 1173 2102 »
1191 2077 1265 2110 Τοὸ.,
1280 2085 1332 2107 vu.

1038 2121 1150 2157 Raguel
1165 2123 1315 2152 osculatus
1335 2127 1377 2154 cst
1390 2127 1530 2164 Tobiam,
1550 2132 1578 2159 et
1595 2132 1718 2169 plorans
1732 2143 1781 2165 su-

1000 2174 1056 2204 per
1070 2168 1183 2197 collum
1202 2170 1266 2206 ejus
1284 2171 1377 2202 dixit:
1392 2183 1407 2200 «
1420 2176 1589 2207 Benedictio
1602 2179 1655 2208 tibi
1670 2181 1724 2218 sit,
1737 2182 1781 2212 fili

1002 2214 1062 2250 mi,
1074 2216 1144 2251 quia
1155 2216 1267 2246 boniet
1278 2220 1384 2255 optimi
1395 2222 1451 2250 viri
1464 2222 1544 2252 filius
1560 2234 1600 2254 eS.
1613 2237 1626 2254 >³
1642 2229 1716 2263 rob„
1729 2238 1778 2260 vn.

1039 2261 1167 2291 Gabelus
1189 2263 1340 2300 ingressus
1362 2267 1488 2298 domum
1510 2267 1647 2308 Ragu‘elis
1668 2275 1781 2306 invenit

1003 2309 1142 2345 Tobiam,
1156 2313 1183 2339 et
1195 2311 1276 2341 flevit
1297 2313 1398 2343 dicens
1414 2325 1420 2344 :
1445 2327 1459 2343 α
1473 2319 1630 2349 Benedicat
1642 2323 1670 2351 te
1686 2324 1781 2352 Domi-

1004 2364 1060 2383 nus
1084 2357 1158 2385 Deus
1184 2359 1290 2395 israel,
1315 2362 1386 2397 quia
1406 2363 1486 2392 filius
1509 2373 1539 2393 es
1556 2367 1612 2395 viri
1636 2371 1740 2406 optimi
1755 2374 1782 2399 ct

1004 2402 1088 2439 justi,
1104 2406 1132 2432 et
1146 2404 1275 2434 timentis
1289 2409 1396 2445 Deum,
1413 2412 1441 2438 ct
1456 2412 1660 2451 eleemosynas
1674 2416 1791 2445 sacicn-'

1005 2449 1050 2477 tis.
1067 2460 1079 2477 ι)
1101 2451 1174 2486 Τοὸ.,
1190 2461 1228 2481 1x.

1044 2497 1126 2525 Ozias
1141 2498 1280 2536 princeps
1294 2502 1417 2539 populi,
1430 2504 1504 2533 dixit
1518 2506 1558 2534 ad
1571 2508 1671 2536 Iudith
1688 2518 1695 2537 :
1710 2512 1784 2539 «Be-

1008 2543 1127 2572 nedicta
1142 2553 1173 2572 es
1188 2547 1219 2572 tu
1230 2566 1238 2579 ,
1256 2546 1334 2583 filia,
1349 2557 1366 2577 a
1379 2551 1504 2579 Domino
1522 2554 1579 2581 Deo
1595 2555 1710 2584 excelso
1724 2565 1784 2593 prae

1010 2590 1150 2619 omnibus
1157 2591 1334 2622 mulieribus
1344 2604 1432 2632 super
1446 2601 1564 2627 terram.
1576 2610 1589 2627 »
1605 2602 1712 2639 Judz'tli,
1723 2612 1783 2633 xiii.

1047 2638 1117 2665 ltem
1132 2641 1235 2674 postea
1254 2648 1359 2669 omnes
1382 2643 1599 2674 benedixerunt
1621 2648 1703 2677 illam
1726 2659 1787 2680 una

1010 2692 1099 2718 voce,
1115 2684 1247 2713 dicentes
1263 2695 1270 2714 ;
1291 2689 1356 2716 «Tu
1371 2689 1467 2724 gloria
1483 2692 1682 2730 Hierusalem,
1698 2700 1728 2725 tu
1740 2698 1787 2726 ice-

1011 2730 1073 2758 titia
1088 2731 1190 2766 lsrael,
1206 2743 1219 2758 n
1237 2736 1303 2768 etc„
1320 2736 1426 2767 Judaffl,
1443 2745 1500 2765 xiv.
