2004 3037
635 172 684 205 DE
706 173 858 206 CHRISTI
881 173 1154 206 llUMANlTA'l'E.
1179 175 1263 206 GAP.
1289 176 1396 207 xxiii.

217 251 272 280 per
285 242 473 280 praesentiam
495 240 698 278 corporalem,
713 240 754 269 ita
773 242 908 270 mortuus
923 243 997 270 esset

217 289 325 319 interni
338 289 441 318 lumen
454 295 508 325 per
524 286 684 316 divinitatis
698 287 892 323 majestatem.

254 338 363 372 Quarta
381 335 456 364 ratio
479 336 541 370 est,
555 336 588 363 ut
604 334 662 362 hoc
684 333 765 362 idem
784 335 914 363 Christus
929 344 996 364 exe-

220 384 359 421 queretur
380 389 435 419 per
457 381 639 415 efficaciam,
667 381 750 417 quod
776 382 915 418 passione
943 391 997 411 sua

220 430 368 458 meruerat
386 427 550 457 secundum
568 427 783 456 sufficientiam.
809 430 870 457 Duo
885 428 996 465 quippe

220 476 327 504 meruit
347 483 400 512 per
418 481 503 502 suam
525 474 710 510 passionem,
736 474 847 503 scilicet
865 475 996 503 satisfac-

221 523 347 555 tionem.
363 523 391 549 et
405 520 502 556 januoe
520 519 719 556 apertionem:
736 522 764 548 et
776 521 845 549 ideo
859 521 921 549 haec
937 521 997 549 duo

222 568 317 597 effecit
339 567 371 595 in
393 566 537 594 descensu
563 575 617 594 suo
642 566 682 594 ad
703 566 812 595 inferos
830 567 923 603 :quia
945 575 999 604 per

222 613 448 644 satisfactionem
466 613 562 641 soluta
583 615 650 641 sunt
663 613 783 642 vincula
804 614 977 650 captivitatis
988 625 997 650 ;

221 669 274 698 per
291 659 473 697 apertionem
491 661 590 687 autem
605 660 720 696 januae,
735 659 812 688 sacta
829 662 871 688 est
888 661 999 688 illumi-

220 707 301 736 natio
325 706 419 743 ipsius
442 706 577 741 carceris,
602 706 690 735 etiam
713 707 878 734 seeundum
899 707 998 735 lucem

221 753 406 782 exteriorem.

257 801 402 828 Liberavit
433 802 532 828 autem
559 800 687 828 Christus
718 808 820 828 omnes
851 800 918 828 illos
947 801 999 837 qui

221 847 316 875 meriti
331 847 375 875 sui
392 855 514 883 capaces
535 855 597 874 esse
620 849 770 883 poterant,
787 847 861 875 sicut
881 847 1000 875 fuerunt

222 894 313 922 sancti
327 896 435 930 patres,
452 893 502 930 qui
518 901 580 921 non
593 895 714 930 propter
728 896 843 922 reatum
854 902 999 930 personae,

222 941 274 968 sed
287 942 409 976 propter
425 942 540 968 reatum
554 942 667 968 naturae
679 940 894 968 detinebantur.
912 942 1000 968 Dam-

222 987 282 1015 nati
311 988 410 1015 autem
432 987 521 1022 hujus
549 987 646 1014 meriti
674 995 798 1023 capaces
825 996 887 1015 non
915 990 999 1022 sunt,

221 1042 319 1070 neque
331 1034 450 1070 parvuli
462 1034 493 1061 in
503 1033 598 1061 limbo
610 1034 729 1068 detenti,
741 1034 811 1070 quia
823 1034 860 1062 de
874 1043 1000 1070 corpore

221 1080 324 1108 Christi
345 1088 406 1107 non
425 1082 492 1107 sunt
512 1088 567 1107 nec
586 1088 639 1116 per
660 1080 753 1108 fidem
764 1101 772 1115 ,
794 1088 849 1108 nec
873 1089 925 1116 per
939 1081 1000 1108 fide

222 1127 449 1154 sacramentum.

258 1173 420 1201 Dicendum
431 1175 472 1201 est
483 1173 568 1209 quod
580 1173 679 1200 anima
690 1173 793 1202 Christi
804 1182 858 1209 per
869 1174 1000 1201 triduum

223 1220 325 1247 mortis
341 1228 400 1247 suae
414 1228 482 1247 cum
501 1219 608 1247 sanctis
622 1220 755 1255 patribus
774 1220 805 1247 in
819 1220 914 1247 limbo
929 1220 983 1247 fuit
992 1230 999 1253 3

222 1265 336 1293 ibidem
349 1266 403 1293 fuit
418 1267 446 1293 et
459 1266 546 1300 latro,
562 1266 610 1293 cui
626 1267 766 1294 Dominus
781 1266 854 1293 dixit
868 1266 875 1282 ¹
888 1275 894 1293 ε
912 1267 1002 1294 Hodie

222 1320 322 1339 mecum
345 1314 398 1339 eris
418 1314 448 1339 in
466 1313 597 1347 paradiso
613 1321 623 1339 .·
646 1312 717 1348 quia
734 1312 856 1340 nomine
870 1313 1001 1348 paradisi

222 1358 393 1393 intelligitur
418 1359 467 1386 Dei
489 1358 599 1393 fruitio,
624 1359 695 1394 quia
714 1361 833 1395 peracta
858 1359 906 1386 Dei
930 1367 1000 1394 pas-

223 1405 304 1432 sione
315 1426 323 1439 ,
339 1406 400 1432 tam
418 1404 481 1440 ipse
501 1405 577 1433 latro
589 1426 596 1438 ,
613 1413 704 1440 quam
727 1405 776 1432 alii
801 1406 851 1441 qui
876 1408 957 1433 erant
971 1407 1001 1433 in

223 1450 328 1485 limbo,
338 1451 476 1478 viderunt
488 1453 577 1478 Deum
592 1460 645 1487 per
661 1453 827 1479 essentiam.

258 1497 303 1525 Ad
327 1505 417 1533 quem
438 1499 537 1525 autem
559 1498 708 1525 infernum
728 1498 856 1526 Christus
879 1499 1000 1527 descen—

224 1544 316 1578 derit,
346 1544 369 1570 si
395 1543 468 1571 scire
493 1544 639 1578 volueris,
663 1546 734 1572 nota
761 1545 844 1580 quod
871 1545 1001 1573 infernus

224 1591 347 1618 sumitur
371 1590 541 1626 dupliciter,
568 1591 677 1618 scilicet
690 1599 745 1627 pro
769 1599 876 1627 poena,
897 1594 925 1619 et
946 1600 1000 1628 pro

222 1638 289 1665 loco
313 1645 417 1672 poenae.
443 1637 612 1664 Secundum
627 1637 758 1673 primum
780 1638 905 1666 modum
927 1639 1000 1666 dici-

223 1686 285 1718 tur,
310 1683 392 1719 quod
415 1683 564 1711 daemones
587 1684 735 1711 infernum
759 1692 861 1712 secum
883 1687 1002 1721 portant

223 1738 348 1766 semper.
368 1731 456 1764 Item,
471 1732 560 1765 prout
579 1730 710 1758 infernus
725 1731 850 1758 sumitur
863 1740 918 1767 pro
933 1733 1000 1760 loco

222 1785 334 1812 poenae,
364 1776 597 1812 quadrupliciter
626 1777 822 1811 distinguitur.
854 1780 930 1805 Unus
959 1781 1002 1806 est

224 1823 353 1850 infernus
369 1822 589 1857 damnatorum,
604 1822 634 1850 in
656 1831 715 1858 quo
733 1826 775 1850 est
794 1832 884 1859 poena
898 1833 1000 1852 sensus

224 1871 251 1896 et
274 1869 392 1902 damni,
409 1877 443 1896 ac
457 1869 586 1896 tenebrae
603 1869 754 1897 interiores
776 1873 803 1897 et
822 1872 998 1906 exterioreS,

224 1915 255 1941 id
270 1917 326 1950 est,
343 1915 475 1943 absentia
494 1915 592 1950 gratiae
612 1924 618 1942 :
638 1917 690 1943 iste
705 1925 820 1952 semper
834 1917 923 1945 habet
938 1918 999 1945 luc-

225 1963 296 1988 tum.
313 1962 404 1996 Super
419 1962 497 1988 hunc
512 1963 554 1988 est
568 1961 678 1989 limbus
692 1970 854 1997 puerorum
866 1985 874 1996 ,
890 1964 941 1991 ubi
958 1967 1001 1992 cst

224 2015 312 2042 poena
333 2007 453 2041 damni,
474 2009 502 2035 et
515 2016 576 2035 non
590 2016 692 2035 sensus
710 2019 715 2036 z
740 2012 767 2036 et
782 2012 849 2037 sunt
864 2011 904 2037 ibi
920 2013 999 2038 tene-

224 2053 284 2080 brae
301 2053 458 2080 exteriores
476 2055 503 2080 et
517 2054 678 2081 interiores.
695 2055 788 2090 Supra
803 2056 881 2083 hunc
900 2057 1000 2085 locum

224 2101 266 2126 est
280 2099 478 2134 purgatorius,
490 2099 521 2126 in
532 2108 592 2134 quo
606 2102 647 2127 est
660 2108 750 2135 poena
760 2109 861 2128 sensus
877 2105 904 2129 et
919 2103 1002 2130 dam-

223 2146 254 2173 ni
268 2146 308 2173 ad
318 2148 433 2182 tempus
450 2156 456 2174 ι
474 2149 501 2174 et
515 2149 581 2174 sunt
592 2147 633 2174 ibi
646 2148 772 2175 tenebrae
787 2149 955 2184 exteriores,
974 2152 1000 2177 et

224 2200 285 2220 non
299 2192 462 2226 interiores,
483 2193 553 2228 quia
568 2201 620 2228 per
639 2194 763 2228 gratiam
778 2194 888 2222 habent
902 2195 999 2223 lucem

224 2239 407 2273 interiorem,
423 2239 493 2274 quia
509 2239 611 2266 vident
627 2248 657 2266 se
678 2248 739 2268 esse
761 2240 930 2268 salvandos.
947 2243 999 2269 Su-

223 2293 344 2321 premus
362 2286 445 2313 locus
465 2287 540 2314 inter
562 2287 624 2314 haec
643 2289 684 2314 est
705 2287 815 2315 limbus
831 2291 999 2316 sanctorum

224 2334 359 2367 patrum,
373 2333 425 2359 ubi
446 2332 499 2359 fuit
520 2341 608 2368 poena
623 2333 740 2367 damni,
758 2336 785 2361 et
802 2342 863 2361 non
879 2343 997 2361 sensus:

225 2381 252 2405 et
265 2377 382 2406 fuerunt
395 2379 436 2406 ibi
456 2379 584 2406 tenebrae
602 2380 773 2414 exterior-m,
790 2383 817 2408 et
838 2388 898 2407 non
919 2383 999 2408 tene-

225 2425 286 2452 brae
299 2425 471 2459 privationis
485 2425 593 2460 gratiae.
606 2426 649 2453 Ad
664 2426 742 2453 hunc
756 2426 855 2454 locum
871 2427 999 2454 Christus

226 2471 394 2504 descendit,
411 2479 445 2498 ac
460 2479 528 2498 suos
548 2471 616 2498 inde
636 2472 772 2499 liberavit
786 2482 792 2499 ;
810 2475 837 2500 et
856 2473 896 2499 sic
911 2473 998 2501 inser-

227 2525 298 2544 num
313 2517 484 2552 momordit,
499 2518 569 2553 quia
584 2520 697 2553 partem
708 2520 836 2554 abstulit,
848 2523 874 2547 et
886 2522 998 2555 partem

263 2614 266 2628 ¹
285 2613 442 2646 Luc.„xx11r,
459 2617 496 2639 43.
509 2629 538 2634 —
552 2617 559 2630 ²
575 2617 627 2646 Ose,
642 2623 699 2647 xiil,
717 2619 753 2642 14.
767 2631 797 2635 —
812 2619 821 2635 ³
834 2618 900 2641 Psal.
918 2624 961 2647 ⁴¹11,
974 2620 996 2641 5.

1772 180 1831 209 165

1050 241 1186 277 reliquit3
1204 245 1330 272 mortem
1349 251 1421 272 vero
1441 243 1544 280 quoad
1563 244 1670 272 clectos
1689 245 1764 272 Deus
1778 252 1830 280 pe-

1051 287 1129 316 nitus
1144 287 1297 323 destruxit,
1313 290 1387 318 sicut
1402 290 1508 318 dicitur
1521 289 1532 305 ⁵
1547 299 1554 318 ε
1573 289 1594 318 O
1608 297 1688 322 mors,
1706 298 1749 318 ero
1759 299 1831 319 mors

1053 336 1120 367 ωας
1137 342 1179 362 ero
1189 344 1292 364 morsus
1308 339 1382 370 tuus,
1392 338 1532 370 oinferne.
1549 336 1598 364 Hic
1613 344 1734 372 quoque
1748 336 1831 365 locus

1051 382 1127 408 sinus
1146 382 1263 410 Abrahae
1276 382 1443 417 dicebatur,
1464 383 1534 418 quia
1549 382 1591 410 ibi
1605 383 1754 411 Abraham
1767 383 1829 411 fuit.

1053 427 1110 455 Sed
1125 435 1204 456 nunc
1220 428 1328 456 coelum
1343 436 1519 464 empyreum
1537 429 1643 457 dicitur
1657 431 1732 457 sinus
1745 430 1832 457 Abra-

1051 474 1110 509 hoe,
1127 474 1198 510 quia
1209 475 1272 510 jam
1287 477 1330 503 est
1343 475 1386 503 ibi
1400 475 1560 503 Abraham.
1576 478 1598 504 A
1609 477 1692 504 nullo
1707 477 1831 513 praedic-

1052 522 1150 548 torum
1160 520 1297 549 locorum
1310 523 1353 549 est
1362 522 1500 549 transitus
1514 522 1553 550 ad
1564 522 1666 557 alium,
1677 523 1733 551 nisi
1748 523 1831 560 quod

1053 567 1126 594 olim
1140 575 1158 594 a
1173 567 1256 595 tertio
1272 567 1312 595 ad
1324 570 1473 604 quartum,
1485 568 1542 596 hoc
1558 570 1610 602 est,
1626 577 1644 597 a
1658 570 1832 605 purgatorio

1053 614 1093 642 ad
1109 614 1237 643 limbum
1261 617 1431 643 sanctorum
1454 617 1582 651 patrum.
1605 617 1646 643 Ex
1664 616 1726 650 jam
1748 616 1833 644 dictis

1052 662 1149 696 patet,
1174 669 1267 697 quare
1282 663 1435 690 cantamus
1454 671 1460 689 :
1481 663 1577 690 Libera
1595 664 1700 690 animas
1714 664 1833 690 omnium

1055 709 1178 744 fidelium
1194 710 1383 743 defunctorum
1402 710 1435 737 de
1446 712 1533 745 poenis
1546 710 1667 743 inferni,
1682 712 1708 736 et
1724 710 1756 737 cle
1769 718 1832 744 pro-

1052 755 1137 789 fando
1153 756 1214 783 lacu
1230 765 1237 783 :
1254 756 1323 792 quia
1339 756 1470 784 infernus
1489 755 1532 784 ibi
1553 755 1677 784 sumitur
1691 763 1746 792 pro
1761 764 1833 791 pur—

1055 801 1180 836 gatorio,
1194 802 1269 829 sicut
1282 803 1310 829 et
1324 802 1366 830 ihi
1380 802 1505 830 sumitur
1519 810 1574 838 pro
1589 802 1694 836 limbo,
1712 802 1833 837 quando

1055 848 1161 876 dicitur
1176 848 1305 876 Christus
1319 848 1357 876 ad
1378 849 1488 876 inferos
1503 848 1690 876 descendisse
1700 869 1709 882 ,
1724 849 1773 876 vel
1788 849 1832 876 in-

1053 894 1172 922 fernum
1187 895 1373 923 destruxisse.

1092 943 1131 968 Ex
1146 941 1292 977 praedictis
1307 942 1432 977 collige,
1448 941 1532 978 quod
1552 942 1679 969 Christus
1701 944 1835 970 mortuus

1055 989 1097 1014 est
1112 987 1142 1015 in
1162 996 1304 1024 corpore,
1321 988 1474 1016 descendit
1493 988 1532 1016 ad
1545 988 1654 1016 inferos
1673 989 1704 1016 in
1724 989 1835 1023 anima,

1056 1037 1083 1062 et
1094 1035 1219 1062 surrexit
1229 1035 1261 1062 in
1271 1037 1407 1071 utroque.
1424 1035 1587 1062 Dicendum
1599 1037 1642 1063 est
1652 1035 1740 1063 etiam
1752 1036 1835 1071 quod

1056 1081 1184 1110 Christus
1198 1081 1250 1109 illo
1266 1081 1364 1109 triduo
1385 1083 1463 1109 totus
1477 1081 1530 1109 fuit
1545 1082 1575 1109 in
1593 1082 1766 1118 sepulchro,
1782 1083 1834 1110 sed

1055 1135 1117 1154 non
1130 1129 1239 1161 totum;
1253 1129 1330 1155 totus
1342 1128 1395 1155 fuit
1405 1128 1434 1155 in
1446 1128 1571 1161 inferno,
1587 1128 1638 1156 sed
1651 1137 1710 1156 non
1722 1131 1833 1156 totum:

1057 1174 1128 1209 quia
1143 1177 1215 1201 totus
1230 1174 1301 1201 dicit
1321 1183 1496 1210 personam,
1513 1178 1598 1202 totum
1612 1183 1684 1203 vero
1699 1175 1835 1203 substan-

1056 1220 1128 1247 tiam
1141 1222 1168 1247 et
1181 1222 1328 1247 naturam.
1344 1221 1479 1248 Similiter
1495 1221 1656 1249 dicendum
1669 1222 1753 1258 quod
1767 1230 1835 1250 cum

1056 1266 1128 1293 unio
1156 1266 1262 1293 animae
1294 1275 1362 1293 cum
1395 1275 1519 1302 corpore
1548 1267 1634 1295 faciat
1662 1268 1814 1295 hominem
1825 1290 1835 1302 ‚

1058 1313 1186 1340 Christus
1201 1313 1231 1340 in
1245 1313 1298 1340 illo
1314 1313 1412 1340 triduo
1429 1321 1490 1341 non
1504 1313 1557 1341 fuit
1571 1314 1679 1348 homo,
1694 1314 1761 1342 licet
1775 1315 1836 1342 ani-

1057 1367 1107 1386 ma
1122 1360 1148 1386 et
1161 1367 1230 1387 caro
1246 1359 1328 1387 unita
1342 1361 1411 1387 tunc
1427 1361 1522 1387 essent
1537 1369 1605 1388 cum
1619 1360 1725 1388 Verbo.

1303 1454 1440 1487 CAPUT
1464 1454 1586 1486 XXIII.

1262 1526 1298 1551 De
1317 1526 1504 1551 resurrectione
1524 1525 1635 1552 Christi.

1094 1592 1222 1620 Christus
1236 1594 1395 1621 resurrexit
1408 1594 1492 1621 tertia
1507 1594 1555 1621 die
1571 1602 1588 1621 a
1603 1595 1738 1629 mortuis,
1754 1603 1836 1623 resu-

1058 1639 1168 1666 mendo
1182 1647 1290 1675 eorpus
1306 1648 1368 1666 non
1382 1640 1440 1667 talc
1455 1640 1543 1675 quale
1559 1640 1640 1676 prius
1654 1641 1768 1675 habuit,
1783 1642 1836 1669 sed

1058 1685 1240 1721 impassibile
1263 1688 1290 1713 et
1313 1686 1492 1715 immortale.
1516 1689 1589 1715 Caro
1614 1688 1693 1715 enim
1717 1688 1834 1723 Christi,

1058 1740 1124 1767 quae
1138 1732 1169 1759 in
1183 1732 1332 1760 nativitate
1348 1733 1461 1767 floruit,
1478 1734 1509 1760 in
1523 1734 1660 1769 passione
1676 1734 1768 1769 aruit,
1783 1743 1836 1770 per

1058 1778 1185 1812 gloriam
1199 1779 1420 1806 resurrectionis
1435 1780 1581 1814 refloruit,
1596 1783 1623 1808 et
1637 1783 1780 1808 renovata
1796 1784 1837 1808 est

1057 1827 1087 1851 ut
1102 1827 1201 1860 aquilae
1223 1827 1233 1842 ⁸
1246 1826 1385 1860 juventus
1405 1826 1507 1853 Christi
1525 1836 1531 1854 z
1548 1829 1617 1854 tunc
1639 1827 1685 1855 leo
1708 1828 1837 1855 catulum

1057 1879 1145 1898 suum
1165 1872 1336 1899 suscitavit:
1362 1874 1431 1899 tunc
1454 1873 1574 1908 phoenix
1596 1874 1722 1901 revixit:
1749 1876 1835 1909 tunc,

1057 1917 1132 1944 sicut
1150 1918 1220 1945 dicit
1240 1918 1398 1946 Hieremias
1412 1919 1432 1952 ''·,
1458 1919 1568 1954 figulus
1588 1928 1622 1947 ex
1646 1920 1752 1947 eodem
1774 1920 1835 1948 luto

1056 1963 1139 1991 fracti
1154 1964 1231 1991 vasis
1245 1964 1311 1992 t'ccit
1323 1973 1375 1991 vas
1390 1965 1489 1999 aliud,
1506 1965 1579 1993 sicut
1594 1966 1705 2001 placuit
1719 1966 1748 1993 in
1764 1975 1835 1994 ocu-

1057 2010 1092 2036 lis
1106 2011 1177 2045 ejus.
1189 2012 1267 2038 Tunc
1279 2013 1367 2038 Jonas
1379 2011 1415 2038 de
1428 2014 1529 2038 ventre
1543 2012 1596 2038 ceti
1608 2012 1715 2039 illaesus
1731 2013 1833 2039 exitii:

1058 2057 1126 2082 tunc
1141 2057 1277 2083 vestitum
1293 2060 1334 2084 est
1349 2057 1564 2084 candelabrum
1579 2066 1651 2084 auro
1670 2067 1675 2085 ς
1692 2060 1760 2085 tunc
1776 2067 1836 2085 sus-

1058 2102 1176 2129 citatum
1192 2105 1234 2129 est
1248 2103 1473 2130 tabernaculum
1489 2103 1592 2137 David,
1608 2104 1691 2139 quod
1706 2104 1811 2132 cecidit
1827 2114 1833 2132 ε

1058 2150 1126 2175 tunc
1140 2149 1253 2176 refulsit
1270 2150 1324 2184 sol,
1341 2150 1392 2185 qni
1404 2150 1485 2185 prins
1501 2153 1562 2177 erat
1576 2151 1606 2177 in
1621 2151 1726 2179 nubilo
1743 2161 1749 2178 :
1766 2155 1834 2179 tunc

1057 2195 1239 2222 vivificatum
1254 2198 1295 2222 est
1311 2204 1436 2230 granum
1451 2197 1609 2231 frumenti,
1627 2199 1709 2233 quod
1725 2199 1834 2226 cadens

1056 2241 1087 2267 in
1111 2243 1219 2268 terram
1246 2244 1396 2269 mortuum
1423 2243 1517 2270 fuerat
1533 2252 1539 2270 :
1566 2244 1634 2270 tunc
1659 2252 1763 2271 cervus
1788 2253 1833 2272 re-

1056 2288 1180 2324 sumpsit
1194 2296 1306 2316 cornua
1323 2298 1328 2316 :
1352 2291 1421 2316 tunc
1436 2292 1559 2317 Samson
1574 2291 1637 2318 tulit
1651 2294 1750 2327 portas
1766 2301 1833 2319 cum

1056 2334 1189 2369 postibus
1206 2344 1212 2361 ε
1229 2337 1298 2362 tuno
1312 2336 1419 2371 Joseph
1435 2336 1557 2363 eductus
1577 2337 1613 2364 de
1636 2346 1750 2365 carcere
1766 2341 1831 2365 ton-

1057 2380 1157 2415 detur,
1184 2383 1211 2408 et
1234 2381 1417 2408 constituitur
1441 2382 1581 2409 dominus
1602 2384 1739 2419 AEgypti:
1764 2387 1833 2411 tunc

1057 2427 1205 2455 concissus
1220 2435 1320 2454 saccus
1334 2428 1343 2443 5
1354 2428 1554 2455 circumdatur
1568 2429 1673 2456 laetitia.
1693 2431 1833 2457 Dominus

1056 2474 1194 2509 probavit
1211 2474 1454 2501 resurrectionem
1470 2482 1552 2501 suam
1573 2483 1634 2502 esse
1659 2484 1760 2502 veram
1780 2484 1834 2511 per

1057 2520 1194 2555 angelos,
1211 2520 1263 2554 qui
1278 2528 1339 2547 non
1353 2520 1534 2547 mentiuntur
1549 2522 1558 2536 θ
1577 2530 1582 2547 ;
1601 2522 1769 2556 Respondens
1785 2531 1834 2548 ‹m-

1056 2584 1103 2600 —2
1120 2583 1218 2611 lerona,
1237 2587 1313 2611 xviii,
1330 2584 1352 2605 Ji.
1369 2596 1398 2599 -—
1419 2590 1420 2594 ¹
1436 2582 1501 2605 i'scs'.
1521 2588 1578 2605 tw:

1058 2619 1187 2648 3»,κ’1111,.·1.

1613 2586 1646 2606 52.
1661 2597 1690 2600 »-
1706 2585 1714 2596 ⁵
1727 2585 1809 2608 le‘lli
1825 2603 1830 2612 ,
