2004 3037
501 198 549 231 DE
571 197 926 232 SACRAMENTORUM
947 199 1131 232 VlRTUTE.
1155 201 1242 233 CAP.
1266 200 1417 234 XIX-XX.

149 267 234 305 qnod
247 274 357 296 novem
366 266 482 295 vicibus
493 266 633 302 variatur,
644 266 790 302 significat
803 266 924 296 invoca-

148 314 261 343 tionem
275 313 484 343 misericordiae
498 313 563 349 Dei,
577 321 638 350 qua
651 320 762 342 novem
771 313 869 342 modis
879 314 924 342 in-

117 352 119 355 ’
148 361 285 398 digamus
301 371 308 390 :
324 360 428 398 primis
442 361 536 390 tribus
550 359 646 388 modiS
670 360 709 388 ad
733 362 924 397 peecatorum

146 408 351 437 remissionem
362 429 371 444 ,
387 416 453 445 quse
468 406 678 436 committimus
693 407 802 442 corde,
817 416 879 443 ore,
896 411 924 436 et

147 463 237 492 opere
250 477 258 491 ‚
284 457 428 492 quantum
451 454 491 482 ad
514 453 720 482 contritionem
731 476 738 488 ‚
763 454 922 484 confessio-

146 510 215 531 nem
226 523 234 538 ,
251 503 278 531 et
299 501 526 530 satisfactionem
537 510 545 536 3
566 501 705 529 secundis
721 501 814 530 tribus
827 502 921 530 modis

145 551 291 586 quantum
305 548 344 576 ad
359 547 459 584 gratiae
473 547 679 583 collationem,
705 548 815 577 scilicet
829 549 900 578 fidei
912 571 920 584 ,

145 596 222 633 spei,
235 597 262 624 et
270 595 417 624 charitatis
423 605 431 630 ς
449 594 538 623 tertiis
553 594 647 623 tribus
661 595 760 623 modis
775 598 921 632 quantum

144 643 184 672 ad
206 641 468 679 glorificationem,
494 649 553 678 qua
578 641 777 677 gaudebimus
801 642 832 671 in
860 645 921 672 Deo*

143 698 232 728 supra
246 697 319 723 nos,
334 689 411 717 intra
429 696 484 716 nos
509 688 546 716 de
567 688 654 716 nobis
675 688 764 724 ipsis,
786 691 814 717 et
834 689 920 725 juxta

141 746 197 767 nos
212 737 249 765 de
263 736 411 774 proximo.
430 736 524 764 Gloria
537 737 566 764 in
581 736 690 763 emcelsz's
706 737 758 763 Deo
773 735 919 772 signifieat

141 784 302 821 gratiarum
326 783 482 812 actionem.
506 784 626 811 Collectoe
646 783 789 811 denotant
809 784 917 812 oratio-

141 839 226 866 nem3
248 831 372 866 Epistola
394 833 422 858 et
442 831 634 865 Evanqeliam,
654 838 741 858 novae
762 832 790 858 ct
811 831 917 858 veteris

140 878 215 914 legis
230 877 487 912 observationem;
506 877 642 905 Graduale
657 879 685 905 ct
699 878 835 912 Alleluia,
850 877 916 906 vitae

141 926 258 961 activae,
275 927 303 953 et
317 925 551 960 contemplativae
574 924 800 960 perfectioncm3
829 925 916 960 Offer-

141 975 257 1008 torz‘um,
272 971 460 1000 contribulati
477 971 595 1007 spiritus
609 971 803 1008 sacrificium3
825 973 914 1000 Secre-

141 1021 174 1047 tae
189 1019 225 1055 (a)
241 1018 408 1054 significant
423 1019 530 1046 statum
544 1017 609 1046 vitae
617 1028 625 1053 ς
643 1019 790 1054 Praefatt'o,
807 1021 914 1047 statum

136 1065 255 1103 patriam
271 1066 400 1098 Sanetus,
415 1065 543 1097 Sanctus,
566 1065 694 1098 Sanctus,
718 1065 913 1094 elevationem

136 1112 311 1148 angelorum
320 1111 507 1148 praesentium
516 1121 524 1147 3
539 1111 629 1140 Canon
637 1132 645 1146 ,
655 1112 810 1140 transitum
821 1122 913 1141 mem-

135 1159 260 1188 brorum
275 1158 305 1186 in
321 1167 428 1195 corpus
442 1158 545 1186 Christi
560 1159 728 1194 mysticum.
745 1161 827 1188 Pater
848 1169 910 1188 nos-

136 1209 176 1234 ter
195 1205 369 1234 filiationem
395 1205 540 1241 significat
563 1214 615 1242 per
644 1207 768 1241 gratiam
781 1217 789 1242 ς
817 1208 912 1242 Aquas

135 1254 200 1287 Dei,
216 1252 423 1280 liberationem
435 1260 489 1288 per
503 1252 737 1281 misericordiam
755 1263 761 1281 :
779 1255 806 1282 et
820 1255 912 1291 tripli-

135 1301 228 1334 catur,
242 1301 275 1327 ut
289 1299 450 1327 liberemur
465 1308 482 1327 a
496 1299 583 1328 malis
598 1301 765 1336 prfflteritis,
783 1310 909 1337 prrcscn-

134 1346 222 1381 tibus,
233 1348 261 1374 et
268 1345 380 1374 suturis.
394 1346 557 1381 Communia,
572 1355 624 1374 seu
634 1348 811 1384 Complenda,
822 1349 910 1385 signi-

132 1393 201 1422 ficat
214 1393 286 1421 boni
301 1393 398 1429 operis
414 1393 713 1428 consummationem,

169 1440 250 1468 Circa
264 1439 401 1475 quaedam
415 1439 482 1475 alia,
494 1448 559 1475 quae
571 1441 676 1468 suntin
685 1442 778 1476 Missa,
789 1446 860 1472 nota
870 1445 908 1472 si-

133 1487 352 1523 gnificationem
373 1487 574 1522 allegoricam.
605 1488 797 1523 Intelligimus
828 1492 907 1520 enim

131 1542 185 1571 per
200 1536 305 1569 altare,
326 1542 457 1568 crucem3
480 1542 531 1569 per
548 1535 671 1568 calicem,
695 1536 883 1571 sepulchrum
897 1549 904 1573 3

130 1589 184 1618 per
195 1585 338 1617 patenam,
357 1581 487 1617 lapidem
510 1582 747 1618 superpositum3
769 1592 823 1620 per
849 1594 906 1613 cor-

127 1629 236 1664 porale,
252 1628 409 1656 sindonem
423 1627 454 1655 in
469 1636 528 1664 qua
543 1636 650 1664 corpus
663 1630 778 1658 Domini
793 1631 847 1660 fuit
860 1632 905 1660 in-

129 1675 275 1703 volutum.

165 1723 237 1750 Nota
252 1722 339 1750 etiam
355 1723 437 1758 quod
449 1730 552 1750 omnes
567 1722 657 1751 Missae
672 1726 740 1752 sunt
754 1733 838 1761 aeque
851 1726 905 1754 ho-

129 1776 175 1798 nae
190 1770 335 1805 quantum
349 1769 388 1796 ad
399 1777 473 1805 opus
489 1771 660 1805 operatum,
675 1778 735 1799 una
751 1773 850 1800 tamen
863 1776 905 1802 est

128 1815 235 1843 melior
250 1816 342 1843 altera
356 1817 500 1851 quantum
515 1816 553 1844 ad
569 1824 644 1852 opus
660 1825 795 1853 operans.
823 1820 903 1848 Unde

128 1862 235 1890 melius
249 1863 292 1889 est
304 1862 406 1890 audire
416 1862 530 1890 Missam
542 1863 614 1890 boni
626 1864 796 1900 sacerdotis,
810 1874 903 1902 quam

128 1908 214 1943 mali3
232 1909 305 1936 sieut
323 1909 353 1936 in
367 1917 470 1937 mensa
485 1910 632 1945 corporali
647 1911 786 1939 eumdem
801 1913 902 1941 cibum

126 1955 286 1989 jucundius
302 1955 462 1991 accipimus
476 1964 494 1983 a
508 1957 621 1984 mundo
637 1957 770 1987 ministro
781 1980 791 1994 ,
810 1968 901 1996 quam

129 2001 168 2029 ab
183 2001 348 2028 immundo.

164 2049 236 2076 Nota
251 2047 333 2083 quod
345 2047 545 2083 periculosum
560 2051 602 2077 est
616 2050 639 2077 si
659 2051 811 2079 celebrans
836 2054 900 2081 Mis-

128 2102 210 2128 sam,
234 2094 386 2121 eaecuiiens
404 2094 451 2121 vrl
474 2102 579 2122 manus
602 2097 743 2124 tremulas
764 2099 877 2127 habens
893 2122 900 2134 ,

127 2141 176 2168 vel
191 2140 331 2168 morbum
344 2140 443 2174 habet,
460 2143 510 2168 aut
525 2141 650 2176 delirus,
667 2145 717 2170 aut
732 2144 824 2172 idiota
837 2148 880 2173 est
893 2156 900 2172 .-

128 2187 208 2215 unde
223 2187 332 2214 talibus
347 2189 388 2215 est
402 2187 618 2222 injungendum
633 2190 715 2225 quod
735 2190 902 2220 abstiiieant

127 2240 146 2261 a
158 2234 251 2261 Missa.
268 2235 425 2268 Praeterea,
442 2234 564 2270 quando
581 2235 688 2272 aliquis
704 2236 750 2264 bis
766 2240 808 2265 est
823 2239 899 2266 ccle-

128 2279 264 2309 braturus
284 2280 417 2315 Missam,
441 2289 502 2308 non
524 2282 612 2309 debet
631 2291 747 2311 sumere
769 2285 898 2313 ablutio-

127 2333 197 2354 nem
210 2326 241 2353 in
254 2326 339 2354 Missa
352 2327 457 2362 priori,
469 2328 540 2363 quia
552 2329 591 2356 ad
606 2329 721 2358 Missam
734 2332 896 2360 secundam

128 2373 280 2401 accederet
294 2381 355 2401 non
367 2374 494 2409 jejunus.

383 2468 524 2501 CAPUT
553 2468 643 2502 XIX.

234 2540 271 2566 De
289 2540 460 2574 negligentiis
480 2549 540 2575 quoe
558 2543 625 2575 fiunt
642 2543 671 2569 z'n
690 2542 784 2571 Missa.

164 2606 192 2634 Si
205 2615 258 2643 per
272 2609 480 2644 negligentiam
496 2611 625 2638 evenerit
646 2612 748 2647 quod,
769 2614 898 2649 perlecto

129 2661 241 2682 canone
252 2675 260 2689 ‚
274 2662 327 2682 nee
342 2655 454 2692 vinum,
469 2664 523 2685 nec
538 2665 617 2694 aqua
630 2659 792 2694 reperiatur
806 2661 836 2689 in
853 2670 899 2691 ea-

1702 206 1761 236 2¹5

981 267 1054 303 lice,
1073 268 1170 296 statim
1186 268 1302 297 infundi
1317 269 1407 298 debet
1421 271 1601 307 utrumque,
1622 272 1650 299 et
1663 278 1759 300 sacer-

982 314 1037 343 dos
1052 314 1170 343 iterabit
1196 323 1343 344 eanonem
1364 317 1425 345 sive
1445 317 1697 347 consecrationem
1720 317 1760 346 ab

981 361 1033 390 illo
1049 362 1116 390 loco
1134 371 1140 390 z
1158 363 1252 390 Simili
1265 364 1355 395 modo,
1373 366 1401 392 et
1416 364 1549 400 perficiet
1562 373 1656 401 usque
1671 364 1710 393 ad
1725 365 1760 393 fi-

980 416 1050 436 nem
1061 429 1069 443 ,
1085 408 1125 436 ita
1138 410 1255 444 tamen,
1272 411 1304 437 ut
1317 417 1372 438 nec
1396 410 1523 440 dimittat
1541 411 1616 440 duas
1637 420 1737 440 cruces
1748 433 1758 448 ,

981 463 1047 492 quae
1068 454 1131 483 fieri
1147 455 1335 492 singulariter
1349 465 1438 493 super
1451 457 1578 486 hostiam
1592 467 1757 488 consueve-

979 504 1058 530 runt.
1071 502 1120 530 Vel
1133 502 1239 531 melius
1254 505 1350 539 potest
1362 503 1420 532 dici
1432 504 1514 540 quod
1526 504 1616 533 aliam
1629 505 1757 534 hostiam

979 551 1094 585 sumat,
1119 551 1147 577 et
1161 557 1306 578 canonem
1321 559 1339 578 a
1361 551 1508 587 principio
1525 551 1654 588 incipiat.
1671 553 1758 587 Quod

979 597 1002 623 si
1020 596 1056 624 de
1068 596 1195 632 simplici
1210 597 1276 625 vino
1290 597 1338 626 vel
1352 605 1431 634 aqua
1447 597 1499 625 fiat
1513 599 1706 635 consecratio,
1716 600 1757 628 vi-

977 650 1050 671 num
1060 644 1246 680 reputabitur
1255 653 1310 681 pro
1329 647 1511 680 consecrato,
1524 645 1578 674 sed
1590 654 1669 682 aqua
1683 655 1754 675 non.

1013 690 1040 718 Si
1057 691 1131 727 quid
1146 691 1184 719 de
1207 691 1350 727 sanguine
1375 691 1514 720 ceciderit
1537 701 1626 729 super
1649 702 1754 731 corpo-

976 736 1054 772 rale,
1072 738 1119 765 vel
1134 737 1246 774 pallam
1262 738 1361 766 altaris
1372 760 1380 774 ,
1398 739 1447 766 vel
1462 747 1551 776 super
1565 739 1667 768 albam
1677 761 1686 775 ,
1706 741 1755 770 vel

976 784 1124 820 casulam,
1141 793 1210 821 pars
1232 785 1284 813 illa
1302 785 1496 820 rescindatur,
1513 788 1541 814 et
1559 786 1590 814 in
1604 786 1672 815 loco
1686 787 1754 816 reli-

975 831 1114 867 quiarum
1142 834 1317 867 reservetur,
1345 832 1427 869 prius
1454 835 1555 861 tamen
1585 834 1754 862 extrahatur

974 880 1211 914 sacramentum,
1236 881 1381 915 quantum
1404 881 1529 915 poter-lt,
1553 882 1582 908 et
1601 883 1752 917 sumatur,

974 925 1082 953 deinde
1098 926 1236 954 abluatur
1251 928 1278 954 et
1292 928 1425 954 sumatur
1440 927 1564 955 ablutio.

1008 973 1035 1000 Si
1050 980 1121 1000 vero
1137 981 1225 1009 super
1246 974 1373 1007 terram,
1393 973 1539 1009 lapidem,
1565 974 1613 1002 vel
1635 975 1750 1011 lignum

972 1019 1109 1047 ceciderit
1120 1041 1128 1054 ,
1146 1019 1316 1055 lingendus,
1332 1020 1494 1056 radendus,
1512 1023 1540 1049 et
1554 1022 1750 1058 extergendus

972 1068 1014 1093 est
1027 1066 1110 1093 locus
1125 1066 1173 1093 ille
1184 1087 1193 1100 ,
1211 1068 1238 1094 ct
1252 1066 1350 1102 pulvis
1370 1067 1400 1094 in
1415 1075 1499 1096 sacro
1521 1068 1588 1096 loco
1603 1077 1750 1105 reponen-

971 1112 1036 1140 dus.

1005 1161 1094 1187 Porro
1120 1157 1143 1187 si
1168 1160 1198 1187 in
1219 1161 1318 1196 ipsum
1348 1161 1524 1196 sanguinem
1548 1170 1651 1190 musca
1667 1183 1675 1197 ,
1699 1163 1747 1191 vel

968 1214 1078 1234 aranea
1097 1207 1250 1241 ceciderit,
1263 1207 1311 1235 vel
1326 1208 1441 1244 aliquid
1456 1208 1539 1236 aliud
1563 1209 1620 1237 tale
1631 1230 1640 1245 ,
1662 1210 1746 1246 quod

967 1252 1017 1280 vix
1032 1253 1094 1280 sine
1108 1253 1221 1280 vomitu
1234 1275 1242 1288 ,
1259 1256 1309 1281 aut
1323 1254 1426 1282 mortis
1445 1255 1578 1290 periculo
1599 1256 1676 1283 sumi
1691 1265 1746 1293 po·

967 1300 1037 1334 test,
1052 1300 1259 1336 perfundatur,
1275 1302 1304 1328 et
1324 1301 1439 1329 lavetur
1454 1310 1545 1338 quam
1561 1302 1674 1331 cautius
1690 1311 1743 1339 po—

967 1348 1020 1374 test
1034 1347 1064 1374 in
1079 1347 1186 1382 calice,
1208 1349 1235 1375 et
1249 1347 1433 1376 ablutionem
1453 1351 1550 1377 sumat
1572 1350 1711 1378 sacerdos
1734 1359 1741 1378 :

965 1394 1019 1421 sed
1044 1402 1147 1422 musea
1176 1394 1237 1422 sive
1260 1403 1370 1423 aranea
1395 1404 1484 1432 super
1509 1396 1654 1433 piscinam
1677 1405 1742 1426 cre-

964 1443 1070 1468 metur.

1000 1488 1086 1521 Quod
1100 1489 1124 1515 si
1139 1497 1248 1525 eorpus
1263 1490 1324 1517 sive
1340 1490 1377 1517 de
1393 1497 1518 1526 corpore
1535 1490 1637 1518 Christi
1650 1499 1740 1527 super

963 1534 1074 1570 pallam
1089 1535 1188 1563 altaris
1203 1536 1358 1571 ceciderit,
1375 1537 1420 1564 vel
1441 1545 1530 1573 super
1549 1537 1632 1565 aliud
1655 1538 1740 1565 vesti-

963 1583 1095 1609 mentum
1107 1603 1116 1617 ,
1132 1590 1193 1610 non
1214 1582 1370 1618 incidatur,
1392 1583 1444 1611 sed
1459 1584 1530 1612 vino
1547 1584 1696 1620 abluatur,
1712 1586 1740 1613 et

962 1636 980 1656 a
994 1628 1128 1656 ministro
1144 1632 1285 1658 sumatur.

998 1676 1025 1703 Si
1040 1675 1174 1704 infirmus
1189 1685 1298 1713 corpus
1313 1677 1429 1706 Domini
1443 1678 1556 1713 rejiciat
1570 1699 1579 1713 ,
1595 1678 1738 1715 suscipia-

961 1724 1016 1757 tur,
1032 1725 1120 1758 prout
1135 1723 1303 1759 diligentius
1317 1726 1422 1760 potest.

1223 1820 1366 1854 CAPUT
1389 1821 1464 1854 XX.

1141 1892 1178 1919 De
1195 1895 1361 1920 sacramento
1381 1894 1554 1923 Poenz'tentz'ae.

995 1960 1166 1989 Poenitentia
1181 1962 1236 1995 est,
1248 1963 1280 1989 ut
1294 1962 1334 1989 ait
1347 1963 1520 1992 Ambrosius
1534 1969 1552 1999 ¹,
1570 1967 1736 2001 «praeterita

958 2008 1039 2035 mala
1051 2008 1207 2043 plangere,
1228 2011 1255 2036 et
1268 2010 1440 2045 plangenda
1455 2011 1560 2039 iterum
1579 2020 1642 2040 non
1657 2021 1735 2041 com·

958 2054 1082 2082 mittere.
1095 2066 1107 2080 »
1122 2056 1190 2082 item
1201 2056 1372 2090 Gregorius²
1384 2066 1390 2084 :
1407 2067 1418 2083 «
1426 2058 1595 2086 Poenitentia
1604 2061 1646 2086 est
1655 2061 1734 2088 ante-

959 2104 1023 2128 acta
1038 2102 1117 2128 mala
1129 2104 1156 2129 et
1170 2104 1291 2137 peecata
1305 2102 1383 2137 flere,
1401 2106 1428 2130 et
1441 2104 1547 2132 iterum
1558 2105 1659 2133 flenda
1672 2114 1733 2135 non

959 2147 1150 2174 committere.
1160 2158 1173 2172 »
1189 2147 1270 2175 Circa
1282 2149 1436 2183 praedictas
1451 2150 1642 2180 diffinitiones
1651 2155 1732 2187 nota,

959 2194 1041 2229 quod
1062 2193 1199 2229 quaedam
1219 2194 1409 2223 diffinitiones
1432 2196 1539 2225 dantur
1560 2206 1613 2234 per
1637 2207 1733 2228 essen-

958 2241 1038 2275 tiam,
1050 2243 1082 2268 ut
1094 2249 1120 2268 :a
1131 2242 1223 2269 Homo
1231 2243 1273 2269 est
1287 2243 1396 2270 animal
1408 2243 1551 2272 rationale
1566 2247 1705 2282 mortale;
1716 2257 1730 2274 n

958 2287 1095 2323 quaedam
1110 2296 1162 2323 per
1173 2296 1303 2323 causam,
1319 2292 1351 2317 ut
1363 2299 1390 2317 ια
1400 2291 1464 2318 Dies
1480 2293 1522 2319 est
1536 2293 1581 2320 sol
1592 2293 1703 2322 lucens.
1715 2303 1729 2321 n

958 2334 1094 2361 Diifinitio
1106 2337 1205 2362 autem
1215 2336 1392 2371 poenitentiae
1403 2337 1471 2365 data
1482 2341 1524 2366 est
1535 2347 1588 2375 per
1600 2348 1731 2375 causam,

957 2382 985 2408 et
998 2389 1059 2408 non
1074 2389 1126 2417 per
1142 2382 1307 2410 essentiam.
1332 2385 1541 2413 Verumtamen
1559 2387 1732 2421 poenitentia

957 2428 1099 2456 diffinitur
1119 2437 1172 2465 per
1191 2429 1341 2466 duplicem
1359 2433 1456 2459 aetum
1474 2441 1480 2459 ;
1504 2440 1598 2460 unum
1619 2435 1670 2470 qui
1690 2436 1732 2463 est
1767 2443 1770 2445 ·

955 2478 1091 2512 respectu
1105 2477 1252 2512 praeteriti,
1270 2477 1379 2506 scilicet
1393 2478 1472 2507 mala
1487 2480 1632 2515 praeterita
1647 2480 1731 2516 plan-

989 2552 994 2564 ¹
1019 2551 1099 2574 Serm.
1126 2550 1171 2574 fer.
1197 2553 1225 2581 22,
1249 2554 1306 2581 post
1328 2553 1402 2577 Dom.
1431 2553 1568 2584 Quadrag„
1592 2554 1659 2578 inter
1683 2555 1729 2586 Op.

956 2588 982 2609 S.
998 2587 1115 2611 Ambros.
1133 2600 1164 2604 —
1185 2587 1192 2600 ²
1211 2589 1297 2618 ‹ji-eg„
1314 2589 1339 2611 in
1355 2589 1464 2620 Erana„
1480 2589 1551 2614 hom.
1569 2596 1658 2621 xxmv,
1674 2593 1732 2622 post

955 2623 1023 2646 med.

987 2669 1020 2700 (a)
1037 2670 1097 2694 Caet.
1114 2669 1173 2693 edit.
1190 2669 1299 2694 Secreta.
