2004 3037
101 1062 194 1089 Compa-

93 1093 189 1113 rationes

101 1125 181 1150 quibus

102 1156 184 1177 miseri-

88 1187 161 1208 cordia
172 1188 194 1207 ti-

87 1221 188 1245 gui-atur.

110 1352 169 1371 Crux

100 1381 181 1402 ctu-isti

87 1413 176 1439 duplex.

213 186 273 216 320

211 252 333 288 Propter
348 251 425 280 hane
444 249 608 279 efficaciam
622 248 825 285 lacrymarum
842 245 913 275 dicit
931 247 991 275 Au-

211 298 361 334 gustinus,
381 297 466 334 quod
483 297 624 334 lacrymae
641 294 779 324 violentae
792 295 860 322 sunt
877 293 910 321 in
923 301 992 330 pre·

212 345 307 374 cibus.
320 345 354 374 Et
364 344 486 374 Glossa¹
502 343 583 380 dicit,
597 342 681 380 quod
695 341 790 371 oratio
805 342 898 370 Deum
909 339 992 375 lenit,

211 393 240 422 et
252 391 386 428 lacryma
400 391 490 428 cogit.

247 440 286 467 De
301 438 396 467 esurie
411 440 440 466 et
453 438 499 467 siti
513 437 641 474 justitiae,
657 445 724 474 quse
738 438 782 465 est
799 436 904 472 quarta
917 434 990 462 bea-

209 485 321 521 titudo,
343 485 418 514 nihil
437 485 477 514 ad
497 492 626 522 praesens
647 483 731 512 aliud
751 485 794 512 est
814 481 990 516 dicendum,

210 540 303 570 quam
317 532 402 570 quod
420 533 451 561 in
468 533 591 561 tractatu
606 531 639 560 de
656 532 773 560 Virtute.
784 530 904 558 Iustitiae
917 528 928 545 ²
943 536 992 556 su-

208 579 308 617 perius
323 579 436 608 dictum
455 581 507 608 est.

449 673 640 708 CAPUT
677 672 746 707 lV.

472 747 510 773 De
525 744 725 772 Misericordia.
756 737 767 757 ¹⁴

243 818 282 846 De
303 815 516 851 Misericordia,
540 824 607 852 quae
633 816 676 843 est
700 813 804 850 quinta
824 811 988 847 beatitudo,

207 866 277 893 sunt
290 863 456 901 specialiter
474 863 530 892 tria
544 862 687 897 notanda,
707 860 817 889 scilicet
835 865 990 894 compara-

208 912 303 940 tiones
318 911 428 948 quibus
442 911 598 947 figuratur,
616 908 823 937 meditationes
838 914 904 934 cum
921 904 989 941 qui-

208 959 264 988 bus
283 959 456 995 adjuvatur,
479 957 667 995 operationes
688 963 756 984 cum
775 953 884 990 quibus
905 959 992 981 oecu-

207 1008 305 1043 patur.

244 1053 341 1081 Primo
356 1060 428 1088 ergo
443 1051 582 1080 notandae
594 1051 662 1078 sunt
675 1049 738 1085 ejus
753 1046 892 1083 figurales
909 1053 991 1074 com-

209 1099 386 1137 parationes.
410 1099 491 1127 Unde
509 1100 595 1134 nota,
619 1097 702 1134 quod
724 1094 929 1125 misericordia
949 1096 991 1122 est

208 1147 324 1176 interna
345 1146 450 1175 Christi
469 1147 580 1183 passio,
600 1145 698 1182 prima
717 1143 822 1172 Christi
844 1142 940 1175 lectio,
964 1144 992 1169 et

209 1194 322 1231 optima
336 1194 439 1222 Christi
455 1193 564 1221 unctio.
581 1193 678 1220 Primo
694 1198 765 1226 ergo
785 1187 991 1218 misericordia

210 1244 252 1270 est
272 1241 388 1270 interna
407 1241 511 1269 Christi
533 1239 650 1276 passio,
674 1238 705 1266 id
728 1240 785 1272 est,
806 1235 989 1272 compassio,

210 1297 276 1325 quoe
292 1288 398 1317 melior
413 1290 455 1316 est
469 1290 497 1315 et
511 1287 607 1322 major
622 1285 686 1319 fuit,
702 1293 793 1321 quam
808 1283 909 1320 aliqua
924 1291 991 1318 pas-

210 1336 264 1364 sio.
282 1336 362 1364 Unde
379 1337 466 1369 nota,
485 1334 569 1371 quod
584 1333 696 1369 duplex
717 1332 770 1359 suit
788 1339 861 1358 crux
876 1330 989 1365 Christi,

209 1383 320 1412 scilieet
341 1382 486 1417 exterior,
509 1390 575 1417 quoe
597 1380 651 1408 suit
671 1379 788 1415 lignea;
811 1380 839 1406 et
859 1377 990 1411 interior,

209 1439 276 1467 quae
290 1430 344 1458 suit
357 1437 458 1457 aurea.
478 1427 610 1456 Exterior
625 1426 679 1454 suit
695 1425 840 1462 passionis
856 1426 884 1452 et
897 1424 991 1460 poeni-

209 1478 320 1511 tentioe,
339 1476 460 1505 interior
475 1475 528 1503 suit
543 1473 758 1510 compassionis
778 1474 806 1499 et
825 1471 991 1499 misericor-

209 1524 273 1553 dioe.
295 1524 365 1552 ldeo
384 1523 513 1551 Christus
533 1521 639 1549 dicitur
652 1522 662 1537 ³
678 1528 732 1556 pro
753 1519 840 1547 nobis
860 1518 991 1546 animam

207 1571 351 1608 posuisse,
372 1571 454 1607 prius
473 1578 566 1606 quam
584 1576 714 1597 carnem.
733 1567 813 1595 Unde
833 1566 940 1594 dicitur
959 1566 990 1592 in

207 1620 309 1646 Joanne
320 1620 329 1635 ¹*
345 1627 351 1646 z
368 1618 491 1645 Christus
506 1626 555 1652 pro
570 1617 645 1643 nobis
660 1617 781 1642 αηὶηιαηι
796 1622 873 1641 suam
887 1615 990 1647 posuit,

207 1667 232 1693 ct
250 1674 297 1692 uos
320 1665 441 1692 debemus
462 1672 510 1698 pro
532 1664 666 1696 fratribus
689 1663 807 1689 animam
829 1668 936 1695 ponere.
959 1660 991 1686 Et

208 1712 281 1740 sicut
298 1712 385 1740 dolor
399 1710 545 1746 passionis
560 1709 662 1738 Christi
679 1716 739 1736 non
758 1707 862 1735 habuit
877 1714 990 1742 parem,

208 1759 247 1786 ita
264 1758 351 1786 dolor
367 1757 582 1793 compassionis
601 1764 661 1783 non
681 1755 787 1782 habuit
806 1753 943 1786 similem,
960 1755 990 1780 ut

207 1807 287 1841 patet
301 1805 332 1832 in
345 1806 457 1832 Thi-cuis
468 1805 477 1819 ¹⁵
495 1813 500 1831 ε
525 1804 545 1830 O
560 1811 605 1830 vos
621 1810 724 1834 onmes,
739 1802 787 1835 qut*
803 1801 928 1827 transitis
942 1807 990 1833 per

206 1853 294 1884 viam,
315 1851 448 1878 attendite
468 1853 492 1877 et
512 1850 611 1882 videte,
632 1851 686 1876 etc.
709 1846 860 1881 Secundo,
879 1845 991 1873 miscri-

208 1898 311 1927 cordia
326 1900 369 1926 est
383 1905 500 1925 summa
512 1896 614 1924 Christi
631 1895 727 1929 lectio,
741 1897 772 1921 ut
785 1893 856 1921 dicit
869 1893 991 1920 Ambro-

207 1945 277 1973 sius.
298 1946 329 1972 ln
348 1945 467 1979 signum
483 1943 582 1978 hujus,
599 1942 728 1970 Christus
744 1941 773 1968 in
789 1941 843 1968 hac
864 1940 989 1967 let-tione

207 2000 267 2028 prae
292 1991 401 2019 caeteris
424 1989 606 2018 examinabit
629 1988 778 2016 scholares
802 1994 872 2014 suos
891 1986 921 2014 in
942 1985 989 2013 die

207 2039 327 2067 districti
341 2039 456 2074 judicii,
474 2038 575 2065 dicens
588 2038 597 2053 ¹¹
611 2047 616 2064 :
629 2038 750 2071 Esurz'vi,
767 2039 791 2063 et
809 2043 859 2062 71071
877 2035 990 2062 dedistis

207 2088 276 2114 mihi
290 2087 464 2119 manducare,
477 2088 530 2113 ete.
549 2084 677 2120 Dyscoli,
691 2084 742 2120 qui
756 2082 890 2110 nesciunt
903 2082 990 2116 hujus

207 2133 356 2168 let-tionis,
376 2133 485 2160 scilicet
508 2131 718 2159 misericordia:
743 2129 938 2162 versiculum,
960 2128 990 2155 in

208 2183 347 2207 {eternum
369 2179 493 2207 sentient
516 2179 577 2205 sinc
600 2178 706 2213 pietate
728 2176 896 2211 flagellum,
920 2175 991 2211 quia

208 2226 278 2254 dicit
299 2227 426 2254 lacobus
440 2227 450 2243 ⁷
468 2235 473 2253 2
495 2225 636 2252 ,Iudicium
656 2227 714 2251 sine
736 2223 921 2251 nu'sert'cordia
945 2224 990 2256 fiet

207 2274 263 2307 illi,
282 2275 329 2307 qui
348 2282 399 2300 uon
420 2274 486 2306 fecit
507 2272 731 2299 miser-[cordiani.
754 2270 860 2302 lertio,
876 2268 991 2296 miseri-

208 2319 311 2348 cordia
332 2321 374 2346 est
393 2319 505 2354 optima
524 2317 626 2346 Christi
645 2317 755 2344 unctio.
776 2318 847 2344 Nam
868 2324 936 2342 eum
956 2315 992 2342 sit

208 2366 313 2402 triplex
333 2368 529 2400 unguentum,
550 2364 660 2392 scilicet
679 2363 872 2396 contritionis,
893 2365 920 2389 et
939 2361 990 2389 de-

207 2414 346 2448 votionis,
364 2415 391 2441 et
406 2413 639 2449 compassionis-3
656 2414 841 2446 unguentum
855 2418 991 2445 compas-

208 2461 299 2490 sionis
319 2460 465 2496 optimum
482 2462 539 2494 est,
556 2462 587 2487 ut
606 2459 675 2486 dicit
690 2457 887 2486 Bernardus⁸2
909 2468 921 2482 (ι
938 2458 991 2484 Bo-

209 2517 281 2537 num
297 2509 349 2543 est,
366 2507 472 2544 inquit,
488 2509 684 2542 unguentum,
701 2504 784 2541 quod
802 2504 838 2532 de
854 2503 991 2532 recorda-

242 2586 245 2597 ·
263 2583 345 2606 Closs.
362 2582 387 2605 iu
405 2581 471 2608 Tob..
487 2587 521 2605 iv.
538 2594 567 2598 -
587 2581 594 2594 ¹
616 2582 687 2610 ευρ..
710 2579 747 2602 tit.
762 2584 784 2609 v,
801 2586 858 2609 pag.
876 2578 989 2601 3034304.

210 2632 238 2636 -——
252 2620 262 2636 ὓ
275 2620 358 2648 donn„
371 2624 396 2649 x,
415 2619 450 2641 113.
463 2617 507 2634 —⁸
523 2617 626 2645 idean„
643 2622 680 2643 tit,
704 2615 796 2639 lG.—¹⁵
811 2614 934 2644 1711·eu.,1,
953 2615 990 2637 12

209 2668 239 2672 ——
253 2655 263 2671 ⁶
275 2654 380 2683 Mami„
398 2659 460 2684 xxv,
476 2654 515 2678 42..
536 2665 565 2670 —-
585 2652 594 2668 ⁷
615 2652 679 2681 Aac„
695 2656 724 2681 11,
741 2652 777 2675 13.
791 2663 821 2669 -
834 2652 842 2665 ⁸
861 2651 948 2678 Bern„
965 2656 991 2673 ιη

767 177 910 211 mAETAE
931 177 1099 210 SALUTIS
1120 177 1197 211 Tt'r.
1219 178 1286 212 vn.

1048 245 1129 276 tione
1152 248 1344 284 peccatorum
1371 249 1519 286 nascitur-3
1548 249 1666 287 metius,
1681 252 1766 290 quod
1793 261 1830 284 ex

1049 293 1208 323 devotione
1235 295 1409 332 conficitur,
1435 304 1528 334 porro
1553 298 1715 336 utrumque
1739 300 1831 330 vincit

1049 341 1216 377 compassio
1228 342 1377 371 charitatis
1385 343 1434 372 vel
1445 343 1572 380 pietatis.
1579 354 1594 371 xv
1607 346 1641 373 Et
1651 347 1735 382 nota,
1744 348 1830 384 quod

1048 386 1103 416 isto
1129 391 1282 424 unguento
1306 389 1450 418 deberent
1472 391 1530 420 tria
1553 391 1696 428 perungi,
1719 393 1831 423 scilicet

1048 437 1151 471 eaput,
1171 435 1203 464 id
1221 438 1276 471 est,
1295 437 1431 474 intenti03
1445 437 1554 474 pedes,
1572 438 1605 466 id
1620 440 1677 474 est,
1692 439 1808 470 affectio
1818 451 1828 478 ς

1047 489 1164 517 manus,
1180 481 1212 510 id
1227 484 1280 518 est,
1296 485 1428 520 operatio
1443 494 1450 512 :
1467 484 1538 522 quia
1550 485 1581 514 in
1595 485 1642 514 his
1656 485 1760 523 tribus,
1774 487 1830 516 sci-

1047 527 1115 557 licet
1131 529 1308 566 intentione,
1324 531 1480 560 affectione
1495 533 1523 560 et
1537 532 1727 569 operatione,
1741 533 1831 563 debet

1046 575 1194 613 praecipue
1211 577 1353 606 relucere.
1379 579 1418 606 De
1438 578 1578 608 unctione
1599 580 1702 617 capitis
1723 580 1831 610 dicitur

1047 621 1078 650 in
1091 623 1221 652 Matthoeo
1235 623 1263 652 ¹¹:
1285 625 1356 660 Unye
1369 628 1451 662 caput
1466 629 1550 654 tuum.
1567 628 1606 655 De
1621 627 1761 656 unctione
1774 635 1828 665 pe·

1047 669 1120 698 dum
1135 670 1243 700 dicitur
1260 672 1292 700 in
1307 673 1378 700 Luca
1391 673 1421 708 ¹⁰,
1440 673 1523 710 quod
1543 675 1631 703 Maria
1648 677 1731 703 unoeit
1749 675 1829 711 pedes

1046 717 1123 745 Jesu.
1139 718 1177 745 De
1190 718 1329 747 unctione
1341 727 1487 748 manuum
1499 720 1604 750 dicitur
1614 721 1646 750 in
1656 722 1779 750 canticis
1789 721 1808 740 ¹¹
1820 731 1827 750 ε

1047 764 1147 792 Manus
1169 772 1232 792 meoe
1251 766 1427 794 stillaverunt
1445 768 1599 804 myrrham,
1621 770 1647 796 et
1668 769 1754 804 digiti
1775 770 1829 797 mei

1046 811 1123 845 pleni
1136 811 1246 846 myrrha
1258 812 1464 847 probatissima.

1083 858 1153 885 ltem
1172 860 1252 893 nota,
1273 859 1357 895 quod
1375 860 1581 889 misericordia
1601 861 1739 890 decenter
1758 870 1828 891 con-

1047 906 1191 940 versatur,
1211 905 1372 942 prudenter
1391 908 1571 944 negotiatur,
1593 909 1621 936 et
1641 908 1828 939 abundanter

1047 954 1262 981 remuneratur.
1285 954 1397 989 Primo,
1418 955 1622 984 misericordia
1642 955 1712 984 facit
1730 956 1828 985 homi-

1047 1006 1117 1026 nem
1138 998 1275 1028 decenter
1290 1001 1457 1029 conversari
1475 1010 1482 1028 :
1500 1009 1570 1030 nam
1585 1001 1631 1030 vir
1644 1002 1712 1039 pius
1731 1004 1759 1031 et
1772 1003 1828 1030 mi·

1047 1045 1171 1074 sericors
1188 1047 1374 1076 benedicitur
1391 1056 1409 1076 a
1427 1049 1498 1083 Deo,
1517 1048 1614 1084 placet
1631 1049 1781 1086 proximo,
1802 1052 1830 1078 et

1047 1094 1128 1121 natat
1149 1093 1179 1121 in
1203 1093 1270 1122 oleo
1291 1103 1297 1122 :
1321 1095 1507 1123 benedicitur
1527 1104 1545 1124 a
1570 1098 1627 1124 Deo
1652 1104 1705 1132 per
1728 1097 1828 1133 gratim

1048 1140 1237 1176 effusionem,-
1252 1141 1349 1178 placet
1362 1143 1500 1178 proximo
1515 1150 1569 1179 per
1580 1143 1690 1179 Justam
1705 1151 1828 1172 conver-

1047 1187 1191 1215 sationem
1202 1198 1210 1223 ;
1227 1190 1308 1217 natat
1321 1189 1353 1216 in
1372 1189 1439 1218 oleo
1457 1197 1511 1226 per
1531 1190 1678 1218 internam
1697 1190 1828 1219 devotio-

1047 1242 1125 1263 nem.
1147 1237 1210 1264 llaec
1231 1236 1320 1264 simul
1340 1237 1505 1272 figurantur
1520 1237 1550 1265 in
1567 1239 1772 1266 Deuteronomio
1786 1238 1825 1265 ¹²:

1047 1282 1208 1310 Benedictus
1221 1284 1296 1318 filius
1311 1284 1390 1319 Aser-3
1407 1286 1552 1320 quantum
1569 1284 1608 1312 ad
1621 1284 1770 1321 primum:
1786 1284 1829 1313 Sit

1045 1329 1155 1364 placens
1176 1331 1322 1364 fratribus3
1344 1333 1488 1366 quantum
1511 1331 1550 1359 ad
1572 1331 1739 1359 secundum
1757 1341 1764 1359 :
1780 1333 1828 1359 In-

1048 1377 1137 1411 tingat
1153 1377 1181 1403 ιἰι
1193 1377 1249 1404 oleo
1265 1377 1358 1412 pedem
1373 1369 1461 1411 situm,-
1477 1380 1621 1414 quantum
1636 1378 1675 1406 ad
1691 1379 1826 1407 tertium:

1048 1423 1155 1450 Ferrum
1170 1426 1195 1451 et
1213 1432 1247 1451 ωε
1265 1426 1301 1451 sil
1319 1425 1523 1452 calceamentum
1538 1425 1605 1460 ejus.
1622 1425 1757 1454 Secundo
1772 1426 1828 1454 mi-

1047 1470 1207 1498 sericordia
1226 1470 1388 1506 prudenter
1408 1474 1547 1508 operatur
1565 1481 1571 1499 :
1594 1479 1665 1500 nam
1685 1472 1722 1500 de
1742 1473 1829 1501 malis

1047 1517 1175 1545 aliorum
1198 1517 1386 1553 melioratur,
1411 1518 1449 1546 de
1471 1519 1611 1547 sordibus
1634 1519 1766 1554 lavatur,
1790 1520 1826 1548 de

1046 1567 1218 1601 paupertate
1243 1565 1362 1600 ditatur,
1385 1566 1422 1594 dc
1446 1566 1614 1594 infirmitate
1637 1569 1766 1601 sanatur,
1790 1567 1827 1596 de

1047 1619 1136 1639 onere
1156 1612 1322 1640 alleviatur.
1343 1614 1408 1649 lpsa
1427 1613 1506 1641 enim
1527 1613 1667 1642 omnibus
1686 1615 1827 1650 compati-

1047 1660 1102 1692 tur,
1124 1659 1259 1687 omnium
1283 1668 1374 1687 onera
1391 1662 1508 1696 portare
1529 1660 1645 1695 nititur3
1669 1664 1696 1689 et
1714 1663 1826 1697 quanto

1046 1705 1112 1739 plus
1133 1714 1223 1733 onera
1239 1707 1370 1740 assumit,
1390 1709 1469 1734 tanto
1489 1707 1556 1742 plus
1575 1707 1714 1742 lucratur,
1736 1710 1763 1735 et
1778 1716 1826 1735 ve-

1046 1751 1138 1779 lot-ius
1158 1752 1257 1780 currit.
1273 1753 1341 1780 ltlco
1359 1753 1427 1780 dicit
1443 1753 1599 1789 Apostolus
1613 1754 1631 1770 ¹³
1647 1763 1653 1780 z
1669 1755 1747 1781 Alter
1761 1755 1827 1781 alle-

1047 1800 1104 1825 rias
1119 1807 1199 1825 onera
1212 1802 1334 1834 portale,
1353 1802 1406 1827 etc.
1424 1802 1455 1827 Et
1469 1802 1550 1834 nota,
1566 1799 1648 1836 quod
1663 1800 1826 1828 misericors

1045 1845 1136 1872 homo
1165 1845 1255 1873 instar
1281 1846 1433 1881 prudentis
1459 1846 1630 1874 mercatoris
1658 1847 1826 1876 considerat

1047 1892 1099 1919 tria
1117 1901 1122 1918 :
1139 1900 1209 1919 nam
1226 1895 1339 1920 mutuat
1354 1893 1480 1921 libenter
1498 1893 1571 1929 regi,
1589 1893 1640 1929 qui
1660 1896 1753 1929 potest
1769 1894 1825 1922 sibi

1046 1939 1171 1975 capitale
1187 1940 1322 1975 reddere,
1339 1943 1366 1968 ct
1382 1941 1526 1968 damnum
1541 1941 1692 1975 resarcire,
1713 1944 1740 1969 et
1757 1950 1825 1970 usu-

1045 1995 1093 2014 rus
1119 1990 1147 2014 ct
1170 1987 1286 2015 lucrum
1310 1987 1436 2015 solvere.
1461 1988 1536 2016 Talis
1560 1996 1611 2016 rex
1633 1988 1764 2016 liberalis
1785 1991 1828 2017 est

1046 2035 1130 2067 Deus,
1152 2034 1203 2070 qui
1223 2035 1437 2062 mercatoribus
1455 2035 1514 2062 suis
1535 2035 1686 2063 consuevit
1701 2035 1825 2072 capitale

1047 2080 1206 2115 custodire,
1222 2081 1426 2109 conservando
1442 2082 1586 2117 gratiam;
1603 2082 1714 2110 damna
1731 2090 1823 2110 resar-

1046 2127 1119 2162 cire,
1144 2128 1319 2156 remittendo
1340 2128 1475 2164 culpam5
1499 2136 1603 2157 usuras
1623 2128 1753 2163 solvere,
1773 2129 1827 2156 sci-

1046 2174 1113 2202 lieet
1132 2174 1286 2209 largiendo
1305 2175 1432 2210 gloriam
1454 2177 1481 2202 et
1502 2178 1641 2203 aeternam
1662 2175 1764 2203 vitam.
1787 2177 1825 2204 De

1046 2221 1101 2249 ista
1116 2224 1282 2249 mercatura
1297 2221 1367 2249 dicit
1383 2221 1531 2249 Matthaeus
1548 2223 1568 2238 ¹¹
1585 2231 1591 2249 ε
1611 2222 1757 2250 Prudentes
1766 2225 1824 2250 vir-

1046 2270 1121 2302 gines
1136 2271 1291 2303 accepemmt
1311 2269 1394 2295 oleum
1411 2270 1439 2295 in
1454 2270 1526 2295 vasis
1543 2271 1600 2296 suis
1615 2277 1674 2296 cum
1692 2270 1827 2305 lampadi-

1048 2315 1106 2347 bus,
1120 2315 1151 2341 id
1164 2317 1215 2349 est,
1230 2314 1328 2342 oleum
1341 2314 1549 2342 misericordiae
1562 2318 1589 2343 et
1601 2315 1824 2351 compassionis,

1046 2362 1076 2389 in
1090 2361 1166 2389 vasis
1177 2361 1248 2395 suis,
1262 2361 1291 2388 id
1305 2363 1357 2395 cst,
1371 2361 1401 2388 in
1415 2361 1604 2389 interioribus
1618 2362 1695 2390 vasis
1706 2362 1804 2389 cordis
1817 2372 1822 2389 z

1047 2408 1118 2444 quia
1135 2408 1207 2435 sicut
1222 2408 1296 2443 ignis
1310 2408 1371 2435 sinc
1387 2408 1452 2436 olco
1464 2416 1525 2436 non
1537 2408 1620 2436 ardet
1630 2408 1660 2435 in
1674 2408 1825 2444 lampade,

1047 2456 1087 2483 sic
1107 2455 1181 2489 ignis
1202 2455 1349 2482 charitatis
1369 2455 1430 2482 sinc
1451 2455 1517 2482 oleo
1536 2455 1745 2483 misericordiae
1764 2464 1824 2484 nou

1047 2502 1130 2530 ardet
1142 2502 1172 2529 in
1185 2502 1284 2531 corde.
1300 2504 1377 2529 lianc
1390 2502 1621 2537 negotiationem
1635 2501 1735 2530 docuit
1748 2511 1825 2531 sum-

1048 2577 1132 2606 Cmit„
1151 2583 1228 2600 serui.
1248 2582 1299 2605 xii,
1318 2578 1375 2607 post
1395 2576 1461 2600 nied.
1484 2589 1514 2593 —
1534 2578 1542 2589 ³
1564 2576 1664 2604 illailla,
1684 2582 1717 2600 vr.
1742 2578 1779 2602 17.
1794 2590 1824 2594 —-

1049 2614 1067 2629 ¹⁰
1082 2612 1148 2641 Lmn,
1164 2617 1213 2641 vlt,
1233 2613 1271 2636 46.
1285 2625 1314 2629 -
1333 2613 1346 2625 ¹¹
1365 2612 1448 2639 Catil„
1462 2616 1487 2641 v,
1503 2612 1525 2634 5.
1542 2624 1571 2628 -—
1589 2611 1608 2627 ¹²
1626 2611 1710 2636 Deus..
1730 2618 1824 2642 xxxnt,

1048 2649 1088 2679 24,
1104 2648 1143 2673 2¹¹.
1156 2661 1186 2666 —
1202 2648 1222 2664 ¹³
1237 2646 1305 2679 Gal„
1321 2653 1357 2677 vr,
1372 2648 1395 2670 2.
1412 2660 1438 2664 —
1457 2646 1472 2660 ¹⁴
1488 2646 1590 2678 Manli„
1604 2653 1666 2678 XXV,
1680 2648 1703 2671 4.
