2004 3037
242 280 301 318 188

241 344 368 374 exterius
383 344 582 380 declaratum3
596 344 681 372 sexta
689 345 732 372 est
742 342 942 380 blasphemia,
952 349 1022 380 quae

242 393 286 420 est
298 390 436 420 voluntas
451 399 482 419 se
503 390 659 420 vindicans
679 397 734 428 per
748 389 947 428 opprobrium
961 391 1020 418 Deo

243 438 292 467 vel
305 438 412 467 sanctis
423 438 549 467 illatum.

277 487 318 514 Ex
339 485 384 514 ira
405 485 529 514 veniunt
549 485 643 514 multa
665 485 755 514 mala.
772 483 937 521 Hospitium
959 483 1022 520 Spi-

241 532 314 561 ritus
328 532 420 561 sancti
438 532 552 568 turbat;
573 532 749 568 Gregorius:
769 541 783 558 «
798 533 873 559 Dum
892 531 937 559 ira
955 530 1021 559 ani-

241 589 326 609 mum
345 580 460 617 pulsat,
486 580 604 617 Spiritui
627 581 728 608 sancto
751 579 914 616 hospitium
934 586 1023 606 suum

243 627 352 656 turbat.
368 629 459 656 »Nam
477 627 552 656 sicut
566 627 574 644 ¹
589 629 620 655 in
639 635 704 663 pace
718 628 806 661 sactus
821 629 860 654 est
875 627 947 653 locus
962 626 1022 659 Dei,

245 674 286 702 sic
301 675 331 702 in
344 674 495 703 discordia
510 674 594 702 locus
608 674 734 702 diaboli.
748 674 830 702 Tales
845 675 913 701 sunt
924 672 1024 700 incen-

245 721 331 749 diarii
347 721 456 750 domus
470 721 536 757 Dei3
553 721 633 749 unde
644 721 828 749 Psalmista²z
845 719 1025 748 Incenderunt

244 770 305 805 iqni
318 770 506 797 sanctuarium
520 771 610 801 tuum,
630 769 757 801 Domine;
781 769 812 794 in
830 770 903 795 terra
920 767 1024 802 pollue-

244 819 309 844 runt
324 816 526 844 tabernaculum
539 817 657 843 nominis
673 816 725 843 tui.
742 815 824 843 Unde
843 815 890 842 isti
909 815 976 841 sunt
990 813 1026 842 si-

246 863 332 892 miles
353 862 493 897 draconi,
508 862 560 899 qui
576 862 679 890 emittit
693 869 728 890 ex
742 870 793 890 ore
812 862 922 897 ignem.
939 863 1026 896 Quod

246 910 296 939 Dei
316 912 369 944 est,
391 909 448 938 sibi
471 911 612 946 usurpat,
630 909 739 937 scilicet
761 908 943 944 vindictam3
960 911 1027 937 Pro-

246 958 335 993 pheta
350 958 379 985 δε
401 957 472 984 Mihi
484 957 650 991 vindictam,
666 958 692 984 et
711 964 758 991 eqo
775 957 935 983 retribuam.
951 955 1027 984 Talis

247 1013 278 1033 se
292 1004 361 1032 facit
376 1003 525 1040 judicem,
549 1005 576 1031 et
596 1004 687 1031 Deum
705 1002 770 1030 vult
790 1010 852 1030 esse
868 1004 1024 1039 tortorem,

247 1052 322 1080 sieut
329 1051 399 1079 dicit
407 1050 596 1086 Augustinus.
604 1049 675 1077 Dicit
683 1049 762 1077 enim
772 1049 869 1077 malus
879 1049 910 1077 in
920 1050 1027 1078 oratio-

248 1098 337 1126 nibus
351 1097 430 1125 suis:
445 1107 458 1123 α
474 1097 608 1131 Domine,
626 1095 729 1124 occide
744 1096 857 1124 malum
872 1096 1027 1124 inimicum

249 1153 359 1173 meum.
378 1156 390 1171 η
407 1143 576 1181 Respondet
596 1143 623 1171 ei
644 1143 803 1171 Dominus:
822 1153 835 1168 «
855 1144 948 1177 Quem
963 1151 1026 1171 ves-

249 1193 349 1221 trum?
370 1192 466 1220 Ambo
489 1191 556 1219 estis
574 1190 656 1218 mali.
677 1201 690 1216 ι)
709 1192 771 1218 lmo
794 1189 859 1217 talis
880 1190 943 1217 vult
965 1198 1027 1218 esse

250 1241 341 1274 actor,
359 1241 386 1267 et
397 1238 490 1274 judex
505 1238 535 1265 in
550 1237 657 1266 eadem
672 1244 770 1264 causa.
787 1237 843 1264 Sed
859 1236 980 1264 stultum
997 1245 1027 1264 se

251 1286 443 1319 demonstrat,
454 1284 506 1322 qui
519 1293 572 1321 per
581 1292 632 1312 cor
645 1292 732 1312 suum
743 1283 871 1311 immittit
882 1283 1028 1318 gladium,

250 1335 283 1362 ut
300 1333 389 1361 laedat
410 1332 539 1360 tunicam
558 1331 669 1359 inimici
687 1330 742 1358 sui.
759 1332 820 1358 lmo
838 1330 861 1357 si
881 1330 1028 1366 sapienter

251 1380 375 1414 faceret,
400 1379 483 1415 prius
511 1386 541 1406 se
568 1378 604 1406 de
626 1378 691 1414 ipso
714 1377 865 1405 vindicare
890 1377 1027 1412 deberet,

251 1427 337 1459 iram,
352 1425 462 1454 scilicet
473 1426 580 1459 zelum,
597 1425 740 1453 adversus
751 1424 826 1452 iram
842 1432 926 1451 suam
941 1432 1030 1460 prop-

252 1476 294 1502 ter
312 1474 417 1501 vitium
436 1471 631 1505 assumend03
655 1471 708 1499 sed
729 1478 745 1498 e
766 1479 910 1498 converso
925 1470 1029 1498 limam

251 1520 436 1557 purgationis
452 1519 596 1547 convertit
607 1519 638 1546 in
652 1518 821 1554 rubiginem
837 1517 1028 1553 depravatio-

252 1567 306 1595 nis.
329 1566 524 1595 Adversitates
545 1566 624 1594 enim
646 1573 712 1601 quae
735 1565 833 1601 ipsum
853 1564 995 1592 deberent
1012 1573 1028 1592 a

251 1617 371 1651 peccato
392 1622 536 1651 purgare,
559 1621 612 1649 per
634 1612 848 1648 impatientiam
865 1612 961 1647 magis
984 1612 1029 1639 in-

252 1662 390 1698 quinant,
406 1663 434 1689 et
454 1660 559 1688 fornax
575 1659 759 1696 probationis
773 1661 866 1686 mutat
881 1659 907 1685 ei
923 1667 1029 1686 aurum

252 1709 282 1736 in
296 1717 437 1745 cuprum,
454 1710 481 1735 et
497 1707 648 1741 flagellum
661 1714 696 1734 ex
711 1714 804 1740 grano
820 1705 886 1733 t'acit
900 1705 1026 1740 paleam.

253 1757 333 1785 Unde
349 1756 456 1783 duram
472 1754 646 1782 sententiam
661 1753 726 1780 talis
748 1753 777 1779 in
796 1752 908 1787 judicio
923 1759 1030 1787 expec-

253 1803 334 1831 tabit.
358 1803 430 1830 Cum
454 1801 532 1829 euim
558 1800 698 1828 Dominus
720 1800 972 1835 improperaturus
995 1799 1028 1825 sit

254 1849 436 1886 quibusdam
448 1849 456 1864 ὁ
470 1857 475 1875 t
493 1847 590 1875 Nudus
605 1848 661 1879 fui,
677 1848 701 1873 ct
718 1854 769 1873 non
784 1847 959 1880 cooperuistis
974 1853 1029 1879 me,

254 1897 329 1933 quid
353 1896 484 1923 dicturus
508 1896 550 1922 est
569 1894 640 1928 illis,
663 1893 713 1929 qui
733 1900 795 1920 non
816 1892 913 1920 solum
933 1892 1031 1919 nudos

256 1952 317 1972 non
345 1943 488 1976 vestiunt,
517 1941 570 1969 sed
599 1941 718 1969 vestitos
744 1939 891 1976 spoliant?
921 1939 1032 1967 Bellum

257 1990 379 2024 mundi,
395 1989 490 2017 carnis
509 1991 537 2016 et
559 1987 672 2016 diaboli
692 1989 793 2014 contra
808 1995 838 2014 se
854 1987 1032 2019 instaurant,-

256 2038 308 2067 sed
330 2038 477 2074 sapientes
495 2036 599 2064 sedant
617 2035 746 2062 minores
768 2042 889 2069 guerras
913 2037 1033 2070 propter

256 2086 399 2120 majoreS,
423 2092 489 2119 quae
511 2082 674 2110 imminent.
696 2081 801 2110 Malam
823 2081 933 2108 faciunt
954 2089 1035 2109 com-

257 2132 468 2165 mutationem,
499 2130 569 2166 quia
598 2128 759 2156 auferendo
792 2128 918 2163 pallium
947 2128 1034 2156 home

257 2179 358 2213 samse,
380 2178 451 2205 dant
467 2177 597 2204 tunicam
620 2175 803 2202 innocentiae.
825 2175 965 2202 Remedia
985 2175 1035 2202 irie

258 2227 343 2253 sunt:
359 2224 465 2252 silentii
481 2223 649 2250 observatio
665 2224 673 2236 ·”·
687 2231 693 2248 :
710 2222 773 2249 Cum
787 2222 934 2254 defecerint
949 2223 1032 2255 liqna,

258 2274 430 2307 eaetinquetur
446 2272 538 2304 ignis:
562 2269 632 2305 quia
650 2269 724 2296 sicut
745 2276 778 2294 cx
796 2268 949 2295 collisione
964 2268 1038 2295 duo-

258 2328 325 2347 rum
341 2325 501 2354 corporum
516 2316 629 2343 elicitur
644 2315 732 2348 ignis,
749 2315 788 2341 ita
801 2322 835 2342 ex
851 2315 959 2341 amaris
973 2324 1037 2342 ver-

260 2367 306 2394 bis
318 2365 487 2400 aliquorum
502 2363 546 2390 ira
561 2362 722 2389 concitatur
738 2362 747 2377 ὓ
761 2370 766 2387 ;
786 2362 927 2395 Responsio
948 2363 1037 2388 mollis

261 2414 367 2447 frangit
390 2413 473 2441 iram,
495 2413 520 2436 et
544 2417 626 2435 sermo
650 2408 733 2434 durus
757 2409 858 2434 εει-εἰὶσε
878 2409 1004 2440 furorem.
1028 2409 1038 2424 7

262 2461 348 2493 Quasi
362 2460 410 2494 qui
425 2457 603 2492 apprehendit
618 2464 707 2482 canem
730 2455 852 2486 auribus,
869 2457 922 2481 etc.
940 2455 1038 2482 Domi-

263 2507 335 2534 nicae
361 2504 506 2541 passionis
533 2502 749 2530 consideratio:
775 2501 950 2536 Gregorius:
977 2512 989 2525 «
1011 2502 1037 2528 Si

263 2553 360 2589 passio
386 2550 500 2579 Domini
524 2549 563 2577 ad
586 2548 761 2576 memoriam
784 2549 947 2581 revocetur,
966 2548 1039 2575 nihil

265 2599 340 2627 adeo
366 2599 474 2626 durum
495 2598 552 2631 est,
573 2596 655 2632 quod
670 2603 731 2623 non
749 2594 952 2630 {equanimiter
968 2595 1040 2622 tole-

264 2648 353 2674 retur.
369 2656 381 2671 »
396 2647 455 2673 Hoc
470 2644 628 2680 figuratum
644 2644 696 2676 est,
713 2642 764 2669 ubi
779 2641 966 2678 respicientes
980 2649 1040 2669 ser-

299 2710 304 2723 ·
325 2708 392 2733 Psal.
408 2713 508 2737 Luni,
523 2709 586 2732 3.-
602 2707 609 2721 ²
626 2705 689 2729 thid.
705 2705 780 2729 7.—³
794 2705 877 2734 Dent.³
894 2710 980 2732 xxxii,
997 2706 1039 2733 35;

269 2745 345 2774 Rom..
369 2750 420 2774 κη,
454 2745 490 2767 19.
511 2756 540 2760 -
560 2745 566 2755 ·
596 2741 697 2771 ΜαίίΙι-,
717 2746 786 2771 Ην,
815 2741 895 2765 42.-
919 2740 928 2757 ⁵
956 2740 1040 2764 Prov..

567 274 828 309 COMPENDIUM
847 273 1108 308 THEOLOGICAE
1128 273 1352 307 VERITATIS.
1375 273 1451 306 LIB.
1475 273 1528 305 111.

1074 343 1194 379 pentem
1211 349 1329 371 oeneum
1345 340 1537 370 sanabantur.
1552 341 1624 370 Item
1641 340 1757 378 premii
1776 340 1852 370 tole-

1075 389 1176 418 rantiae
1189 388 1426 424 animadversi03
1437 388 1518 417 unde
1529 387 1728 416 consideratio
1737 386 1854 424 praemii

1075 435 1181 464 minuit
1193 436 1255 465 va
1270 435 1392 472 flagelli.

1272 530 1456 564 CAPUT
1495 529 1654 564 XVIII.

1381 602 1415 630 De
1434 602 1550 630 Acedia.

1113 672 1222 701 Acedia
1244 674 1286 700 est
1309 671 1347 699 de
1376 671 1517 699 virtutum
1540 670 1688 699 laudabili
1715 670 1856 699 exercitio

1078 719 1232 755 utriusque
1245 718 1375 747 hominis
1391 717 1536 753 languida
1554 717 1690 753 dejectio.
1708 718 1779 746 Item
1793 725 1858 745 aee-

1079 766 1130 794 dia
1139 768 1182 794 est
1198 764 1374 799 diffidentia,
1384 765 1422 792 de
1435 764 1564 801 propriis
1573 764 1688 792 viribus
1701 765 1730 792 et
1744 763 1856 792 auxilio

1079 813 1144 847 Dei,
1161 811 1307 848 implendi
1330 810 1434 839 ardua.
1457 812 1520 838 Duo
1540 810 1662 842 nomina
1683 811 1752 838 sunt
1768 810 1858 846 hujus

1079 859 1158 892 vitii,
1181 858 1292 886 scilicet
1313 859 1434 886 tristitia
1451 858 1479 885 et
1499 857 1603 885 acedia.
1627 858 1739 885 florum
1757 858 1858 885 autem

1081 905 1238 934 nominum
1248 905 1312 932 hoec
1324 906 1367 932 est
1379 903 1466 938 ratio,
1482 903 1552 940 quia
1563 903 1594 931 in
1606 903 1662 932 isto
1676 904 1800 939 peceato
1815 903 1860 931 est

1082 952 1197 980 aversio
1211 959 1230 979 a
1243 951 1388 988 spirituali
1403 950 1501 985 bono,
1516 949 1600 986 quod
1614 950 1774 978 oestimatur
1792 956 1860 985 gra-

1081 1008 1133 1035 ve,
1147 999 1223 1027 sicut
1234 1001 1277 1027 est
1287 999 1437 1034 jejunare,
1458 999 1487 1025 et
1499 996 1690 1032 hujusmodi,
1706 998 1733 1024 et
1746 996 1860 1024 ratione

1081 1047 1169 1082 hujus
1189 1045 1295 1074 dieitur
1319 1046 1450 1076 tristitia,-
1469 1048 1511 1071 est
1534 1043 1622 1071 etiam
1641 1043 1684 1071 ibi
1706 1043 1861 1071 conversio

1082 1094 1120 1122 ad
1137 1095 1319 1127 creaturam,
1338 1091 1449 1119 scilicet
1468 1091 1508 1119 ad
1530 1090 1674 1126 quietem,
1700 1098 1768 1127 quae
1788 1090 1863 1119 aesti-

1083 1143 1180 1169 matur
1202 1139 1290 1173 levis,
1316 1141 1343 1166 et
1367 1138 1481 1166 ratione
1507 1137 1596 1173 hujus
1623 1137 1730 1165 dicitur
1756 1137 1861 1165 acedia.

1083 1189 1160 1216 Patet
1175 1194 1245 1222 ergo
1261 1194 1297 1214 ex
1311 1185 1367 1220 his,
1383 1184 1466 1221 quod
1486 1184 1544 1212 hoc
1562 1183 1683 1218 vitium,
1701 1185 1791 1219 prout
1812 1191 1865 1212 vo-

1083 1236 1166 1262 catur
1183 1233 1310 1267 tristitia,
1327 1231 1489 1268 opponitur
1502 1231 1606 1259 laetitiae
1620 1230 1780 1267 spirituali,
1795 1238 1863 1266 quae

1084 1284 1126 1309 est
1151 1281 1182 1308 in
1205 1279 1344 1308 exercitio
1366 1278 1527 1315 spirituali3
1553 1277 1607 1305 sed
1629 1279 1718 1314 prout
1739 1279 1863 1305 vocatur

1084 1328 1204 1361 acedia,
1220 1327 1382 1363 opponitur
1401 1324 1580 1358 fortitudini,
1602 1332 1668 1360 quae
1689 1323 1820 1352 consistit
1832 1323 1864 1352 in

1085 1374 1295 1411 aggrediendis
1310 1373 1421 1407 arduis,
1436 1375 1463 1400 et
1481 1371 1659 1400 sustinendis
1673 1371 1814 1399 adversis.

1119 1421 1229 1450 Acedia
1253 1419 1462 1448 denominatur
1486 1418 1525 1446 ab
1549 1418 1688 1453 medina,
1718 1418 1790 1454 quia
1811 1425 1865 1454 per

1085 1477 1151 1497 eam
1174 1468 1274 1496 anima
1298 1466 1418 1495 taedium
1441 1465 1532 1494 habet
1555 1465 1592 1493 de
1615 1464 1696 1493 omni
1718 1463 1863 1501 spirituali

1085 1515 1209 1544 difficili.

1122 1562 1229 1590 Acedia
1240 1561 1404 1589 secundum
1415 1559 1606 1595 Gregorium⁸
1614 1559 1704 1586 habet
1714 1566 1766 1586 sex
1775 1558 1860 1586 filias.

1087 1610 1182 1637 Prima
1202 1611 1322 1635 vocatur
1343 1607 1469 1641 malitia,
1490 1615 1556 1643 qnae
1574 1605 1739 1633 secundum
1754 1607 1863 1640 Augus-

1086 1657 1179 1684 tinum
1200 1657 1242 1682 est
1261 1655 1397 1682 voluntas
1416 1652 1606 1681 machinandi
1628 1652 1742 1680 malum
1761 1651 1860 1679 alicui.

1086 1704 1159 1730 Cum
1174 1702 1254 1730 enim
1269 1701 1336 1737 quis
1351 1700 1507 1735 injuriatur
1521 1699 1582 1731 alii,
1599 1701 1667 1727 tuuc
1681 1698 1824 1732 irascitur,
1835 1699 1864 1726 et

1086 1752 1189 1785 postea
1212 1749 1349 1775 tristatur.
1372 1746 1508 1775 secunda
1526 1749 1567 1773 est
1589 1745 1772 1781 desperatio,
1793 1745 1863 1781 quia

1087 1796 1251 1824 diffidentia
1264 1795 1437 1822 meritorum
1451 1796 1544 1821 mater
1555 1796 1597 1820 est
1609 1792 1779 1820 diffidentiae
1792 1799 1863 1827 proe-

1087 1844 1229 1876 miorum,
1252 1850 1288 1869 ex
1310 1849 1369 1877 qua
1390 1841 1496 1868 iterum
1516 1839 1609 1867 oritur
1629 1839 1751 1866 tristitia.
1770 1838 1864 1867 Tertia

1088 1893 1130 1918 est
1147 1888 1389 1926 pusillanimitas,
1411 1895 1478 1923 quae
1492 1886 1622 1914 nascitur
1641 1894 1678 1913 ex
1699 1885 1865 1914 diffidentia

1088 1936 1280 1973 proveniente
1295 1943 1331 1963 ex
1347 1934 1582 1962 consideratione
1601 1933 1729 1969 propriae
1745 1932 1866 1960 infirmi-

1089 1983 1169 2017 tatis,
1189 1983 1236 2010 vel
1258 1981 1356 2018 operis
1378 1980 1540 2008 arduitatis.
1562 1980 1670 2013 Quarta
1686 1980 1728 2007 est
1747 1986 1865 2013 rancor,

1090 2031 1141 2066 qui
1162 2032 1204 2058 cst
1219 2029 1412 2057 inveteratum
1427 2027 1546 2055 odium:
1566 2026 1640 2054 sicut
1655 2026 1734 2054 enim
1748 2034 1784 2053 ex
1799 2025 1866 2053 cha-

1090 2078 1172 2105 ritate
1191 2078 1257 2103 sunt
1275 2083 1366 2111 opera
1393 2075 1491 2108 bona,
1514 2081 1550 2100 ex
1572 2073 1681 2109 quibus
1701 2075 1743 2100 est
1757 2071 1865 2100 confir·

1091 2123 1181 2151 matio
1197 2122 1354 2156 charitatis,
1369 2122 1406 2149 ita
1421 2129 1456 2149 ex
1469 2121 1512 2148 ira
1527 2122 1569 2147 est
1584 2119 1696 2153 acedia,
1711 2127 1747 2146 ex
1763 2118 1867 2146 acedia

1092 2173 1219 2198 vetustas
1235 2170 1293 2197 iroe.
1310 2168 1416 2202 Quinta
1437 2170 1480 2194 est
1497 2169 1598 2202 torpor
1619 2166 1696 2193 circa
1710 2167 1866 2201 praecepta,

1092 2218 1123 2245 id
1150 2219 1192 2244 est
1219 2216 1356 2251 quiedam
1383 2213 1604 2246 insuasibilitaS,
1631 2214 1752 2248 propter
1777 2220 1867 2248 quam

1092 2265 1183 2293 homo
1204 2270 1264 2290 non
1283 2263 1378 2297 potest
1392 2259 1491 2287 induci
1508 2259 1547 2286 ad
1562 2259 1767 2286 executionem
1785 2266 1868 2286 man-

1093 2311 1231 2339 datorum
1258 2308 1315 2336 Dei.
1341 2308 1425 2335 Sexta
1445 2309 1487 2333 est
1511 2305 1645 2340 evagatio
1666 2305 1772 2333 mentis
1792 2305 1870 2333 cirea

1093 2357 1204 2385 illicita.
1216 2357 1279 2383 uoec
1292 2356 1389 2381 autem
1405 2353 1540 2388 evagatio
1552 2351 1734 2388 quandoque
1749 2354 1791 2379 est
1805 2359 1870 2387 par-

1095 2403 1233 2435 ticularis‚
1248 2404 1276 2430 et
1289 2403 1399 2429 certam
1414 2400 1503 2428 habet
1517 2399 1686 2431 materiam,
1702 2401 1729 2426 et
1743 2398 1784 2425 sie
1798 2406 1869 2425 con-

1095 2451 1175 2479 venit
1193 2449 1333 2477 omnibus
1349 2448 1441 2481 vitiis;
1466 2446 1647 2482 quandoque
1662 2447 1704 2472 est
1725 2444 1870 2480 generalis

1097 2501 1124 2526 ct
1144 2499 1269 2531 incerta,
1285 2498 1311 2523 ct
1324 2496 1385 2523 haec
1403 2497 1445 2522 est
1465 2493 1585 2529 proprie
1600 2491 1735 2526 evagatio
1750 2491 1867 2518 acediae.

1097 2545 1149 2579 Qui
1164 2544 1243 2572 enim
1258 2544 1300 2570 est
1321 2542 1478 2576 absorptus
1494 2538 1620 2572 tristitia,
1637 2545 1698 2565 non
1713 2537 1826 2565 habens
1840 2537 1870 2564 in

1097 2601 1126 2620 se
1139 2590 1218 2619 unde
1230 2589 1398 2620 delectetur,
1411 2588 1550 2621 evagatur
1560 2585 1599 2613 ad
1611 2584 1721 2618 omnia,
1735 2592 1870 2620 qurerens

1098 2637 1330 2667 delectationem.

1097 2707 1173 2731 xxvi,
1186 2702 1226 2725 20.
1242 2713 1271 2717 -
1286 2701 1294 2711 ⁵·
1311 2699 1390 2723 Pror..
1409 2703 1450 2723 xv.
1470 2698 1489 2720 l.
1505 2708 1535 2713 -
1562 2695 1569 2710 ⁷
1592 2695 1768 2724 Prov.,xxv1,
1792 2695 1870 2718 17.—

1099 2738 1106 2751 ·
1123 2737 1208 2767 Greg„
1223 2734 1325 2764 Norat„
1341 2733 1383 2757 lib.
1398 2731 1486 2761 xxxi,
1502 2737 1524 2755 c.
1542 2736 1604 2754 ΠΗ.
