2004 3037
513 177 562 210 DE
585 173 918 210 BEATITUDINIBUS
940 172 1216 206 EVANGELICIS.
1240 175 1328 207 CAP.
1353 175 1406 208 111.

148 251 276 274 marum.
293 245 462 274 Secundum
473 245 722 282 impedimentum
736 244 779 272 est
793 244 928 271 terreno-

148 298 217 320 rum
232 291 364 328 affectio,
384 292 459 321 sicut
477 292 616 321 videmus
633 290 718 328 quod
730 292 809 319 terra
821 289 928 325 inspis-

148 339 193 368 sat
207 347 333 375 aquam,
347 340 376 368 et
389 339 490 368 turbat
503 341 531 367 et
543 338 652 374 redigit
661 338 692 366 in
706 345 773 366 cam
785 337 832 373 (a).
845 335 927 364 Unde

149 385 256 414 dicitur
270 385 301 414 in
314 385 412 422 figura
432 386 520 422 hujus
536 385 568 413 in
581 384 660 413 libro
686 385 793 413 Genesis
806 385 831 419 ¹,
844 382 927 420 quod

148 433 220 461 Cain
232 431 376 461 interfecit
385 431 468 461 Abel.
481 432 553 461 Cain
563 432 772 468 interpretatur
785 431 927 466 possessio,

149 479 222 508 Abel
232 479 334 514 justus.
349 479 420 508 Cain
434 479 522 514 igitur
535 479 608 507 Abel
626 478 787 513 interfecit,
804 477 927 514 quando

148 526 295 563 possessio
320 528 348 555 et
369 525 485 554 affectio
509 527 696 554 terrenorum
725 524 929 561 lacrymarum

148 572 292 609 irriguum
303 572 439 601 interficit
449 573 477 601 et
490 572 686 608 interrumpit.
698 571 768 601 Ideo
779 571 886 599 dicitur
897 571 929 599 in

149 619 246 656 figura
268 619 356 655 hujus
378 619 409 648 in
436 620 530 648 Genesi
538 618 548 635 ²
569 641 576 652 ,
604 619 687 656 quod
711 627 800 647 omnes
821 621 926 655 puteos,

149 674 213 702 quos
227 668 351 700 fecerunt
366 666 400 702 (b)
422 668 493 694 servi
511 668 602 706 Isaac,
622 667 810 694 obstruoecrz'nt
823 666 928 693 Philis-

151 715 212 741 tiim
225 735 233 748 ,
256 712 413 749 implentes
435 715 622 742 terrenorum
644 713 800 741 affectione
823 714 929 748 puteos

151 759 329 788 devotionis
345 760 473 789 Tertium
492 760 741 796 impedimentum
766 762 808 788 est
831 759 930 787 cordis

149 805 368 842 incompassio,
379 807 452 834 sicut
464 807 616 842 videmus,
630 807 714 843 quod
728 807 764 834 dc
779 815 853 842 rupe
867 814 930 834 non

150 853 270 881 scaturit
284 862 379 890 aqua,
394 854 451 881 nisi
466 854 655 882 miraculose.
677 854 758 881 Unde
779 853 885 881 dicitur
899 853 930 881 in

149 901 228 930 libro
245 902 367 937 Genesis,
383 903 467 939 quod
481 903 491 920 ³
506 911 539 931 os
551 903 632 939 putei
642 903 744 938 orandi
753 903 846 938 lapide
857 904 930 930 clau-

151 949 274 978 debatur.
291 950 345 977 Per
360 957 393 977 os
406 949 487 985 putei
503 949 650 985 irriguum
665 949 832 977 devotionis
848 948 932 977 intel-

151 995 251 1031 ligitur
259 1006 267 1031 ;
280 998 308 1025 et
319 998 389 1024 tunc
403 996 510 1031 grandi
520 996 620 1032 lapide
635 996 793 1031 clauditur,
807 995 930 1032 quando

150 1041 237 1071 fletus
249 1045 371 1079 propter
386 1042 485 1070 cordis
500 1042 640 1070 duritiam
653 1043 824 1080 impeditur.
841 1045 931 1077 Quar-

149 1090 213 1118 tum
227 1089 475 1126 impedimentum
494 1091 537 1118 est
556 1090 650 1118 nimia
671 1091 843 1127 occupatio,
858 1091 932 1119 sicut

148 1136 287 1164 videmus
312 1137 396 1173 quod
417 1136 449 1164 in
473 1139 589 1172 aestate,
606 1137 729 1173 quando
752 1139 795 1165 est
815 1139 933 1174 tempus

151 1185 331 1219 occupatum
353 1183 459 1218 valde,
474 1183 571 1212 fontes
586 1186 613 1212 et
633 1184 713 1220 putei
736 1185 931 1214 exsiccantur.

151 1233 257 1260 Contra
280 1231 338 1259 hoc
360 1231 467 1260 dicitur
490 1232 522 1260 in
546 1233 663 1260 Isaia‘:
687 1233 812 1261 Recedite
836 1242 853 1260 a
873 1242 931 1266 me,

151 1287 244 1306 amare
257 1279 336 1312 flebo.
353 1279 494 1312 Quintum
513 1279 762 1315 impedimentum
784 1281 826 1307 est
849 1280 933 1316 igno-

151 1325 254 1353 rantiae
266 1326 417 1354 excusatio
429 1335 437 1360 ;
453 1326 527 1354 sicut
541 1326 694 1361 videmus,
710 1327 794 1363 quod
806 1327 934 1363 phrene-

151 1371 225 1400 ticus
249 1374 277 1401 et
305 1372 401 1400 fatuus
425 1381 486 1400 non
507 1375 603 1409 potest
623 1373 711 1408 flere,
737 1374 790 1402 sed
814 1374 934 1409 ridere,

152 1419 224 1455 quia
240 1427 302 1447 non
317 1420 470 1454 cognoscit
483 1421 626 1448 morbum
646 1428 744 1448 suum.
768 1422 827 1448 Hoc
842 1421 934 1457 impe-

153 1465 318 1494 dimentum
342 1466 435 1501 tangit
458 1467 600 1494 Dominus
623 1467 745 1495 dicens⁵
763 1477 769 1495 :
786 1468 816 1495 Si
837 1476 933 1502 cosmo-

152 1514 234 1540 vz'sses
249 1516 275 1541 et
287 1516 333 1546 tu,
350 1513 451 1548 sseres,
468 1515 521 1541 etc.
545 1514 665 1542 Sextum
687 1514 935 1550 impedimentum

155 1562 197 1588 est
218 1560 332 1595 peccati
362 1560 524 1588 multitudo
551 1570 558 1588 τ
586 1560 661 1588 sicut
688 1561 769 1588 enim
797 1562 935 1589 videmus

156 1607 240 1642 quod
263 1607 390 1634 nimium
413 1606 506 1642 frigus
521 1607 659 1642 congelat
673 1616 781 1644 aquas,
798 1608 838 1636 ita
852 1617 935 1644 mag-

157 1661 231 1681 num
255 1654 322 1689 gelu
343 1654 455 1690 peccati
471 1654 596 1690 impedit
616 1654 772 1690 lacrymas.
798 1655 867 1683 Ideo
892 1656 936 1683 di-

158 1700 232 1728 citur
243 1701 275 1728 in
289 1701 419 1728 Matthoeo
430 1701 440 1717 θ
453 1709 459 1728 :
477 1701 610 1733 Quoniam
624 1701 775 1729 abundabit
791 1704 936 1738 iniquitas,

157 1749 314 1782 refrigescet
340 1748 460 1775 charitas
488 1750 634 1776 multorum
657 1759 665 1782 ,-
695 1752 722 1777 et
750 1757 803 1785 per
831 1758 936 1778 conse-

158 1801 252 1830 quens
276 1795 402 1822 cessabit
425 1795 570 1830 irriguum
593 1795 794 1832 lacrymarum
810 1818 818 1832 ,
849 1797 936 1833 quia,

157 1843 190 1868 ut
213 1840 284 1868 dicit
304 1842 460 1876 Gregorius
480 1842 511 1869 in
531 1843 698 1878 Moralz'bus,
725 1854 739 1869 «
759 1844 803 1871 vis
827 1844 938 1872 amoris

157 1895 212 1923 per
234 1887 382 1923 lacrymas
404 1891 547 1923 emanat,
567 1891 595 1918 et
610 1889 678 1919 ideo
702 1890 755 1919 ubi
777 1899 862 1919 amor
876 1900 938 1920 non

160 1935 215 1968 est,
230 1933 364 1969 lacryma
378 1938 478 1963 cessat.
496 1945 509 1961 u

70 1991 145 2011 rimus
195 1981 250 2008 Sex
270 1982 337 2008 sunt
356 1981 443 2009 etiam
458 1982 542 2010 fletus
564 1983 766 2011 emolumenta
789 1985 836 2012 vel
859 1985 938 2013 utili-

54 2023 109 2043 emo]
113 2030 137 2044 u-

57 2056 132 2075 menta

57 2092 103 2110 aex,

158 2028 240 2055 tates.
258 2027 340 2055 Unde
357 2029 437 2061 nota,
458 2029 541 2064 quod
560 2029 693 2065 lacryma
712 2031 847 2066 spiritum
867 2040 938 2059 con-

158 2074 258 2102 tritum
281 2074 379 2109 lavat,
404 2074 502 2110 ipsum
525 2075 667 2103 devotum
687 2077 782 2111 levat,
805 2078 940 2113 spiritum

158 2121 324 2156 malignum
346 2124 447 2155 necat,
469 2124 577 2149 terram
599 2122 696 2150 cordis
720 2123 838 2158 irrigat,
862 2124 939 2152 sitim

159 2168 252 2202 sedat,
273 2168 388 2196 orando
407 2168 565 2196 efficaciter
584 2169 730 2205 impetrat.
752 2170 848 2198 Primo
868 2179 939 2206 ergo

158 2215 292 2251 lacryma
307 2215 442 2251 spiritum
457 2216 614 2244 contritum
628 2216 721 2251 lavat3
736 2217 816 2244 unde
832 2218 940 2252 figura-

159 2264 207 2289 tur
228 2270 282 2298 per
302 2271 376 2289 qnare
397 2264 515 2290 oeneum⁷
536 2263 566 2290 in
587 2263 671 2290 tertio
693 2265 804 2298 Regum,
828 2265 857 2292 in
880 2273 940 2300 quo

160 2309 320 2343 ingressuri
352 2309 579 2337 tabernaculum
608 2310 750 2338 lavabant
777 2319 883 2338 manus
914 2313 942 2339 ct

160 2355 263 2390 pedes,
279 2355 310 2382 id
325 2358 377 2390 est,
397 2364 488 2391 opera
504 2358 531 2383 et
546 2356 724 2385 affectiones,
746 2358 881 2385 Secundo
897 2358 940 2385 lc-

161 2403 211 2429 vat
231 2402 363 2430 animam
384 2403 537 2438 devotam,
559 2403 668 2432 scilicet
686 2413 739 2440 per
760 2405 941 2441 contempla—

198 2499 289 2526 ¹Gerz.v
311 2505 348 2530 iv,
366 2501 390 2524 8.
408 2513 440 2518 -
457 2500 465 2514 ²
480 2500 552 2530 Gen„
570 2506 642 2531 xxvi,
660 2502 697 2526 15.
709 2514 741 2520 -
754 2501 765 2518 ³
781 2501 853 2532 Gen„
868 2507 941 2533 xxm,

166 2535 189 2558 2.
205 2547 234 2551 —
255 2535 265 2552 δ
283 2536 341 2565 Ιεα.,
357 2541 422 2566 xxii,
441 2537 463 2560 4.
481 2549 507 2553 --
530 2537 541 2553 ⁵
554 2537 621 2567 Luc„
640 2543 694 2567 xix,
710 2539 749 2562 42.
766 2551 795 2556 —
816 2539 825 2552 ⁸
841 2538 941 2567 illailla„

166 2575 236 2600 xxw,
253 2571 290 2594 12.
303 2584 334 2588 —
347 2572 404 2595 '¹111
421 2571 490 2602 qu„
506 2577 557 2603 v11,
573 2574 612 2596 ⁶23.
627 2585 656 2590 —
676 2573 684 2585 *³
700 2572 770 2603 Gen„
789 2580 837 2604 vu,
857 2575 891 2598 17.
912 2587 942 2592 ——

168 2607 177 2620 ⁹
193 2606 285 2635 Exod„
299 2612 341 2638 xv,
358 2608 421 2630 4.—
434 2608 453 2623 ¹⁰
465 2607 534 2632 Psal.
552 2613 643 2637 ωζχιιι,
661 2609 697 2632 13.
709 2621 738 2627 --
752 2610 768 2625 ¹¹
785 2609 857 2640 Gen„
874 2615 902 2640 ιι,
918 2611 941 2633 6.

168 2653 197 2658 -
220 2641 241 2657 ¹2
258 2640 327 2666 Psal.
351 2647 428 2672 cxxv,
448 2643 471 2667 5.
486 2656 516 2661 —
541 2642 560 2659 ¹³
586 2644 593 2666 1
615 2643 683 2674 Rea„
706 2650 730 2675 1,
752 2646 788 2669 10.
809 2659 835 2664 -
858 2645 875 2662 ¹¹·
894 2645 942 2669 [sa.

1711 175 1770 207 319

983 240 1097 269 tionem
1113 249 1120 268 :
1141 241 1225 278 quod
1244 241 1390 277 figuratur
1407 249 1462 280 per
1480 242 1643 278 diluvium,
1663 243 1696 271 ut
1716 241 1771 271 ha-

983 287 1072 316 betur
1094 288 1126 316 in
1152 288 1248 317 Genesi
1260 289 1294 317 ⁸:
1318 290 1516 326 Multiplicatae
1537 292 1601 319 sunt
1625 298 1720 326 aquoe,
1744 291 1770 317 et

984 336 1154 363 elevaverunt
1170 343 1259 363 arcam
1273 337 1304 363 in
1318 337 1431 365 sublime
1447 345 1464 366 a
1480 339 1563 373 terra,
1582 337 1614 365 id
1630 339 1682 371 est,
1698 344 1770 365 con-

984 382 1138 410 scientiam
1157 382 1197 410 ad
1216 382 1357 411 sublimia
1376 384 1644 420 contemplationis.
1661 383 1768 420 Tertio,

985 429 1122 465 spiritum
1143 429 1305 465 malignum
1325 429 1467 466 lacrymae
1488 433 1608 466 necant3
1631 431 1715 468 quod
1735 431 1770 458 fi-

986 478 1108 511 guratur
1122 484 1176 512 per
1188 477 1264 504 Mare
1279 477 1425 512 Rubrum,
1436 479 1469 505 ut
1482 477 1590 513 legitur
1601 477 1632 505 in
1645 478 1739 505 Exodo
1746 478 1769 513 ⁹,

985 522 1039 551 ubi
1059 522 1232 551 submersus
1251 525 1294 552 est
1312 523 1425 552 Pharao
1443 526 1470 552 et
1485 524 1630 552 exercitus
1648 525 1722 560 ejus,
1738 524 1770 552 id

986 571 1044 603 est,
1065 570 1204 598 diabolus
1225 572 1252 599 et
1269 571 1366 598 omnis
1383 571 1534 607 malignus
1549 571 1677 608 spiritus.
1698 572 1771 599 Nam

987 616 1093 645 dicitur
1110 617 1142 645 in
1161 617 1278 645 Psalmo
1295 618 1315 634 ¹⁰
1331 627 1338 646 :
1356 619 1554 646 contribulasti
1568 620 1662 654 capita
1676 618 1771 646 draco-

985 672 1050 691 num
1069 666 1099 691 in
1119 666 1208 699 aquis,
1230 664 1262 692 id
1282 666 1334 700 est,
1355 664 1530 693 tentationes
1550 665 1722 693 daemonum
1740 665 1771 693 in

987 710 1107 738 fletibus
1118 711 1303 747 lacrymosis.
1316 712 1425 745 Quarto
1438 712 1573 748 lacryma
1585 714 1694 740 terram
1709 720 1772 740 cor-

987 757 1032 785 dis
1047 758 1151 792 irrigat
1166 760 1193 786 et
1207 757 1374 794 foecundat;
1388 759 1471 795 quod
1483 759 1629 795 figuratur
1641 767 1694 794 per
1708 759 1772 786 fon-

985 806 1044 832 tem
1060 805 1200 840 Paradisi,
1211 807 1244 833 ut
1253 805 1380 833 habetur
1395 805 1424 833 in
1442 806 1536 834 Genesi
1546 805 1565 823 ¹¹
1579 815 1586 834 z
1599 807 1668 833 Fons
1685 814 1773 834 ascen-

987 852 1067 879 debat
1089 853 1121 880 de
1142 856 1230 885 terra,
1252 853 1364 881 scilicet
1382 854 1539 889 irruguum
1559 853 1771 890 lacrymarum,

987 898 1113 934 irrigans
1125 899 1296 928 universam
1311 900 1500 936 superficiem
1517 903 1598 929 terrae
1611 901 1650 929 ad
1663 901 1774 937 produ-

988 948 1117 976 cendum
1132 948 1244 977 fructus
1259 949 1411 978 bonorum
1427 958 1563 986 operum.
1578 952 1651 978 Nam
1667 951 1774 979 dicitur

987 994 1018 1023 in
1034 996 1149 1023 Psalmo
1165 995 1201 1023 ¹²:
1220 997 1274 1029 Qui
1286 998 1420 1025 seminant
1431 999 1461 1024 in
1472 998 1608 1033 lacrymis,
1624 1000 1654 1026 in
1669 999 1775 1026 emulla-

988 1044 1061 1070 tione
1081 1045 1188 1070 metent.
1211 1043 1318 1077 Quinto
1337 1043 1472 1080 lacryma
1490 1044 1568 1072 sitim
1588 1046 1616 1073 et
1635 1045 1774 1074 ardorem

989 1089 1236 1126 concupiscentiae
1254 1090 1347 1118 sedat.
1368 1091 1446 1119 Sicut
1466 1093 1569 1120 contra
1583 1092 1662 1120 sitim
1681 1092 1775 1120 curri-

988 1138 1036 1164 tur
1060 1137 1099 1165 ad
1124 1136 1253 1172 fontem,
1278 1139 1307 1165 et
1330 1140 1433 1165 contra
1455 1138 1556 1174 ignem
1583 1138 1710 1167 curritur
1735 1139 1775 1167 ad

989 1191 1100 1219 aquam
1112 1193 1119 1218 3
1136 1184 1178 1211 sic
1194 1185 1296 1212 contra
1310 1185 1556 1221 concupiscentiae
1570 1185 1672 1221 ignem
1688 1188 1716 1214 et
1730 1186 1775 1214 in·

990 1229 1145 1264 cendium,
1167 1231 1348 1258 currendum
1371 1232 1414 1259 est
1434 1231 1474 1259 ad
1493 1231 1607 1260 fontem
1627 1233 1776 1269 lacryma-

988 1284 1068 1304 rum.
1087 1276 1169 1305 Unde
1192 1277 1263 1305 dicit
1284 1278 1440 1313 Gregorius
1459 1278 1490 1306 in
1509 1280 1671 1314 Moralz'bus,
1693 1280 1776 1316 quod

989 1322 1143 1351 flammam
1160 1324 1358 1360 suggestionis
1375 1325 1519 1361 extinguit
1534 1326 1618 1354 citius
1632 1335 1712 1363 aqua
1732 1327 1776 1355 la-

990 1378 1170 1406 crymarum.
1195 1372 1298 1405 Sexto,
1324 1371 1457 1408 lacryma
1479 1372 1636 1401 efficaciter
1660 1374 1775 1402 orando

990 1416 1137 1452 impetrat.
1163 1419 1196 1445 Et
1218 1419 1306 1453 nota,
1333 1419 1416 1454 quod
1438 1419 1474 1446 dc
1499 1419 1555 1448 hoc
1578 1422 1645 1448 sunt
1666 1428 1776 1449 novem

991 1463 1130 1499 exempla
1145 1464 1295 1500 praecipua
1310 1464 1340 1492 in
1355 1465 1512 1500 Scriptura.
1531 1466 1660 1494 Primum
1675 1469 1774 1502 Annae,

991 1509 1028 1537 de
1044 1510 1224 1545 qualdicitur
1234 1511 1264 1538 in
1275 1511 1372 1547 primo
1386 1513 1486 1546 Regum
1498 1513 1527 1544 ¹³,
1543 1513 1627 1548 quod
1639 1522 1698 1540 cum
1711 1517 1776 1541 esset

991 1557 1074 1584 Arma
1088 1566 1180 1585 amaro
1198 1560 1305 1590 animo,
1323 1561 1412 1586 oravit
1427 1559 1463 1586 ad
1482 1560 1625 1586 Dominum
1640 1561 1705 1593 flens
1720 1561 1776 1588 lai·-

991 1606 1073 1639 qz‘ter,
1090 1613 1155 1641 quae
1171 1613 1188 1633 a
1208 1606 1266 1633 Deo
1283 1605 1423 1633 exaudita
1441 1607 1496 1633 est.
1519 1606 1689 1634 Secundum
1709 1609 1776 1635 Eze-

992 1652 1074 1686 chiae,
1093 1652 1140 1679 cui
1160 1651 1273 1679 dictum
1290 1654 1332 1680 est
1349 1652 1387 1680 ab
1398 1652 1472 1680 isaia
1489 1652 1506 1669 ¹¹·
1523 1661 1529 1680 ι
1549 1653 1617 1680 Vidi
1628 1654 1776 1688 lacrymam

993 1701 1078 1731 tuam,
1092 1701 1117 1726 et
1131 1707 1185 1726 ecce
1200 1701 1297 1726 sanavi
1312 1701 1346 1726 tc.
1362 1699 1490 1727 Tertium
1506 1701 1548 1727 est
1562 1700 1674 1735 Tobiae3
1688 1709 1777 1737 quar—

992 1746 1056 1773 tum
1071 1747 1113 1773 est
1128 1747 1204 1774 Sarae
1213 1756 1220 1780 ;
1237 1745 1274 1774 de
1287 1746 1333 1773 his
1349 1746 1468 1774 duobus
1483 1746 1590 1775 dicitur
1604 1747 1636 1775 in
1654 1749 1736 1775 Tobz'a
1747 1749 1776 1783 ¹⁵,

993 1792 1077 1828 quod
1092 1795 1182 1820 oravit
1202 1794 1297 1820 Tobias
1317 1802 1375 1820 cum
1390 1794 1527 1828 lacrymis,
1544 1796 1571 1822 et
1585 1794 1654 1822 Sara
1673 1794 1777 1822 simili-

993 1841 1048 1874 ter,
1069 1842 1098 1867 et
1118 1840 1255 1867 exauditae
1277 1843 1340 1867 sunt
1360 1849 1449 1875 preces
1471 1842 1616 1869 amborum.
1637 1842 1778 1875 Quintum

994 1889 1036 1914 est
1051 1886 1161 1920 Judith,
1175 1895 1240 1922 quae
1252 1887 1352 1915 dixit¹⁶
1370 1896 1376 1915 2
1390 1888 1594 1922 Indulqentiam
1607 1890 1696 1924 ipsius
1707 1890 1779 1922 fusis

994 1936 1121 1969 lacrymis
1133 1936 1317 1970 postulemus,·
1332 1935 1415 1971 quod
1432 1938 1460 1964 et
1474 1936 1551 1971 fecit,
1574 1938 1602 1964 et
1621 1937 1696 1964 Deus
1711 1944 1778 1964 eam

995 1981 1156 2009 exaudivit.
1182 1982 1301 2009 Sextum
1328 1983 1436 2016 David,
1464 1983 1501 2010 de
1528 1991 1588 2018 quo
1615 1983 1722 2010 dicitur
1747 1983 1777 2010 in

993 2027 1109 2055 Psalmo
1119 2027 1154 2054 ¹7:
1168 2030 1286 2055 Posuisti
1298 2030 1428 2062 lacrymas
1441 2037 1512 2056 meas
1525 2031 1555 2055 in
1566 2032 1706 2063 conspectu
1721 2032 1775 2056 tuo.

995 2074 1157 2108 Septimum
1181 2076 1222 2101 est
1246 2074 1341 2102 Mariae
1367 2075 1565 2110 Magdalenze,
1593 2083 1660 2111 quae
1686 2075 1778 2110 pedes

995 2120 1153 2147 Salvatoris
1172 2120 1244 2147 lavit
1262 2121 1411 2156 lacrymis,
1428 2123 1454 2148 ct
1471 2122 1707 2150 misericordiam
1724 2122 1778 2149 im-

994 2167 1130 2202 petravit,
1147 2168 1179 2194 ut
1193 2167 1300 2195 dicitur
1313 2168 1343 2195 iu
1358 2169 1428 2196 Luca
1441 2169 1470 2195 ¹3.
1483 2170 1625 2197 Octavum
1636 2172 1678 2197 est
1693 2170 1776 2205 Petri,

996 2214 1033 2242 de
1049 2223 1109 2250 quo
1129 2215 1234 2242 dicitur
1253 2216 1283 2243 in
1299 2217 1428 2244 Matthoeo
1447 2218 1475 2251 ¹⁹,
1492 2217 1576 2253 quod
1589 2220 1657 2253 sost
1672 2217 1778 2245 trinam

995 2262 1184 2296 negationem
1204 2264 1277 2296 flevit
1299 2272 1403 2295 amare,
1428 2266 1455 2291 et
1478 2264 1605 2291 obtinuit
1627 2264 1778 2292 remissio·

995 2316 1074 2335 nem.
1095 2310 1212 2336 Nonum
1232 2311 1274 2337 est
1294 2310 1408 2344 Christi,
1429 2310 1465 2337 dc
1485 2319 1544 2346 quo
1565 2311 1636 2338 dicit
1656 2313 1777 2347 Aposto-

996 2355 1042 2382 lus
1053 2356 1085 2390 20,
1099 2356 1182 2391 quod
1193 2365 1252 2383 cum
1265 2358 1378 2384 clamore
1388 2358 1479 2384 valido
1493 2361 1516 2385 et
1528 2360 1655 2393 lacrymis
1667 2359 1777 2393 offerens

997 2402 1142 2430 exauditus
1156 2405 1194 2430 est
1207 2412 1256 2438 pro
1272 2412 1322 2432 sua
1336 2406 1498 2440 reverentia,
1515 2405 1624 2434 scilicet
1638 2406 1775 2434 Christus.

997 2495 1110 2520 xxxvni,
1125 2491 1147 2514 5.
1159 2503 1189 2507 —
1204 2490 1225 2507 ¹5
1240 2490 1306 2517 Tob„
1321 2496 1359 2522 ιιι,
1381 2493 1400 2522 1;
1419 2497 1448 2522 ιι,
1463 2493 1502 2516 ⁴22.
1514 2505 1543 2510 -
1560 2492 1579 2509 ¹⁰
1594 2492 1700 2523 Jmlltlz„
1718 2497 1777 2521 γιιῐ,

1000 2527 1036 2550 Η.
1060 2540 1090 2544 -
1117 2526 1135 2542 ¹⁷
1161 2526 1229 2550 Paul.
1255 2532 1301 2557 LV,
1326 2530 1348 2550 it.
1373 2541 1403 2544 —-
1429 2530 1446 2541 ¹*
1469 2528 1535 2554 Lar..
1563 2535 1598 2552 vll
1611 2547 1618 2559 ,
1645 2530 1725 2553 38—50.
1748 2540 1778 2547 -a

1000 2562 1018 2578 ¹⁹
1032 2562 1134 2592 Manli„
1151 2568 1220 2590 xxvi,
1237 2563 1276 2586 75.
1292 2576 1321 2580 —
1335 2563 1354 2579 ²⁰
1368 2563 1453 2594 Helm,
1470 2570 1494 2594 V,
1510 2566 1533 2588 7.

1031 2609 1066 2639 (a)
1083 2609 1145 2633 Coet.
1163 2609 1222 2634 edit.
1248 2616 1286 2633 ea.
1299 2623 1330 2628 —-
1346 2610 1381 2641 (b)
1397 2610 1472 2642 Vulg.
1489 2610 1614 2642 foderant.
1626 2622 1655 2629 -·-
1671 2611 1699 2643 (c)
1716 2612 1777 2637 caet.

1000 2645 1061 2670 edit.
1074 2647 1172 2677 puteus.
