2004 3037
174 203 214 232 44
579 237 582 240 Δ
767 199 940 233 MYSTICA
958 200 1198 235 THEOLOGIA.

175 267 238 296 istis
255 267 411 296 desideriis
429 267 662 296 sursum-activae
683 267 934 297 consui-rectionis
944 279 952 304 ;

175 314 230 343 sed
238 314 301 352 ipse
317 315 413 350 solus,
430 314 477 342 eui
492 314 549 342 soli
561 315 683 351 propter
696 322 728 342 se
746 315 779 343 in
792 315 953 344 conculca-

175 362 255 390 tione
279 361 500 390 vehementium
522 361 742 390 desideriorum
767 370 852 390 mens
873 363 953 391 uniri

175 408 302 445 aspirat,
323 408 376 444 qui
399 408 456 436 sub
479 408 535 436 ista
553 408 792 445 apprehensione
815 410 953 438 obtentus

175 459 264 493 prout
290 456 330 484 ab
358 456 466 484 att'ectu
493 456 632 484 tendente
660 456 837 493 percipitur,
862 465 954 494 supra

176 511 296 531 omnem
310 505 440 531 mentem
453 503 618 532 humanam
632 505 661 531 et
683 503 886 539 cognitionem
909 506 952 532 at-

175 549 319 585 tingitur:
339 551 371 578 ut
392 557 455 578 non
478 549 578 578 solum
604 557 667 578 esse
692 549 791 586 ipsum
816 550 953 578 absolute

174 596 357 633 respiciatur,
381 596 434 625 sed
458 599 486 624 et
507 596 617 625 modus
644 597 890 634 apprehendendi
911 598 953 634 ip-

174 651 256 678 sum,
272 643 357 680 quia,
372 645 404 672 ut
420 643 532 672 dictum
547 646 604 678 est,
619 644 742 680 quando
758 644 865 673 affectu
886 647 952 672 tan—

175 691 264 726 gitur,
278 698 368 727 super
381 693 511 719 mentem
530 691 647 719 ducitur
659 693 687 719 et
700 691 857 720 rationem.
871 692 953 720 Unde

175 740 235 766 tota
258 737 313 766 ista
335 737 480 774 sapientia
503 738 534 766 in
557 738 615 766 hoc
638 738 704 766 solo
728 738 897 775 perficitur,
922 741 955 767 ut

174 784 239 821 ipsa
254 785 388 813 affectiva
403 785 434 813 in
448 793 503 813 suo
518 793 658 822 supremo
679 785 762 821 apice
778 786 952 820 constituta,

175 839 228 867 per
243 831 456 860 abscissionem
471 832 562 860 totius
581 831 788 860 intellectualis
807 832 954 869 operatio-

175 878 220 906 nis
232 878 306 906 nihil
321 878 420 913 aliud,
438 887 531 915 quam
545 878 600 906 soli
616 880 674 907 Deo
694 879 772 907 uniri
794 879 951 908 desiderat.

174 927 207 953 Et
219 925 291 962 quia
304 926 362 954 hoc
377 928 420 954 est
433 925 570 958 difficile,
586 926 724 954 subditur
734 930 856 963 propter
870 927 927 955 boc
944 937 952 953 :

177 983 191 998 «
215 974 247 1000 Et
261 973 336 1001 sicut
349 975 393 1001 est
406 973 548 1009 possibile
563 994 573 1008 ‚
596 981 755 1010 usquequo
770 974 863 1010 possit
885 981 954 1001 euin

174 1019 326 1048 Psalmista
346 1019 444 1048 dicere
461 1021 467 1037 ¹
487 1029 495 1048 ε
512 1021 670 1056 Dirupisti’,
694 1021 823 1055 Domine,
845 1022 954 1048 vincula

176 1075 250 1102 mea,
267 1068 320 1094 tibi
333 1068 490 1102 sacrificabo
506 1069 622 1095 hostium
637 1068 738 1095 laudis.
756 1078 769 1093 υ
790 1067 864 1101 Quia
885 1075 954 1095 cum

174 1113 314 1149 praedicta
333 1114 566 1150 impedimenta,
582 1114 730 1142 mediante
750 1114 854 1142 divino
869 1114 954 1142 auxi-

174 1160 230 1194 lio,
245 1161 356 1188 scilicet
380 1161 481 1188 omnia
505 1161 672 1194 sensibilia,
686 1163 713 1188 ct
733 1161 932 1197 intelligibilia
945 1183 954 1195 ‚

175 1209 203 1234 et
217 1207 346 1236 maxime
366 1208 512 1241 immixtio
535 1198 738 1242 intellectivae,
754 1216 820 1244 quie
838 1217 954 1244 semper

174 1254 238 1282 vult
252 1254 476 1290 apprehendere
492 1254 578 1282 illum
592 1254 622 1281 in
643 1262 734 1290 quem
759 1254 851 1283 tendit
866 1255 954 1283 atl'ec-

176 1304 235 1335 tus,
248 1301 376 1337 perfecte
391 1302 426 1337 (a)
438 1322 446 1336 ,
462 1301 536 1329 sicut
560 1301 740 1329 extensionis
757 1302 877 1329 unitivae
892 1302 954 1329 viu-

175 1348 257 1382 cula,
274 1348 501 1384 dirumpuntur,
518 1350 585 1376 tunc
601 1348 696 1376 libera
714 1348 779 1384 ipsa
797 1349 933 1376 affectiva
945 1371 952 1382 ‚

174 1395 264 1423 veluti
280 1395 419 1431 quaedam
438 1395 575 1430 avicula,
599 1395 670 1423 solis
693 1395 799 1431 pennis
824 1395 954 1423 atl'ectio-

175 1450 247 1469 num
270 1442 439 1470 ardentium
461 1444 616 1478 provecta,
636 1444 715 1470 tanta
737 1442 871 1470 libertate
890 1450 954 1478 per—

174 1488 289 1522 fruitur,
302 1491 334 1516 ut
347 1489 594 1525 quotiescumque
620 1489 705 1522 vult,
730 1491 886 1516 moveatur
907 1497 954 1516 ar-

174 1535 343 1564 dentissime
359 1536 389 1563 in
406 1537 495 1564 Deum
514 1545 519 1563 :
537 1536 578 1563 sic
591 1536 695 1571 etiam,
712 1539 743 1564 ut
762 1545 851 1564 orans
866 1538 954 1565 atl'ec-

174 1583 287 1609 tionum
313 1582 460 1610 desiderio
482 1583 512 1610 in
536 1583 642 1610 incutis
665 1583 784 1614 affectu,
809 1586 952 1619 quantum

173 1629 314 1665 possibile
339 1632 381 1657 est
405 1630 434 1657 in
459 1631 528 1664 via,
554 1630 595 1657 sic
620 1632 727 1658 attente
750 1633 866 1666 exoret,
883 1633 952 1659 acsi

174 1676 271 1711 ipsum
300 1676 412 1703 videret
441 1676 513 1703 facie
543 1676 581 1703 ad
610 1676 717 1703 faciem
734 1687 741 1711 ;
771 1678 953 1713 quandoque

174 1723 262 1750 etiam
279 1725 311 1750 ut
332 1731 422 1758 supra
444 1723 539 1758 ipsam
566 1731 650 1750 mens
675 1727 791 1757 erecta,
815 1727 898 1752 motu
927 1728 954 1753 et

174 1769 412 1797 consurrectione
434 1770 518 1805 quasi
542 1770 670 1798 totaliter
694 1773 775 1798 extra
790 1779 898 1807 eorpus
914 1772 954 1798 vi-

175 1815 361 1843 deatur.ldeo
378 1816 449 1844 dicit
465 1825 471 1843 z
492 1827 505 1841 u
521 1816 598 1843 Sicut
611 1817 753 1852 possibile
771 1820 833 1845 est:
852 1829 865 1843 η
884 1819 954 1854 quia

174 1862 257 1890 nulla
271 1870 370 1896 mens,
387 1863 442 1890 nisi
466 1863 650 1891 immissione
667 1864 788 1899 divina,
810 1865 866 1892 hoc
886 1873 953 1900 per-

175 1909 259 1945 cipit,
274 1909 437 1936 secundum
454 1909 544 1942 illud,
561 1910 590 1937 in
606 1910 703 1946 primo
724 1912 755 1938 tle
770 1913 878 1939 Divinis
899 1913 953 1940 No-

175 1957 291 1983 minibus
310 1964 319 1983 :
338 1967 350 1982 ι(
371 1958 443 1983 Nam
464 1957 777 1992 supersubstantialem
801 1958 952 1986 seientiam

174 2003 280 2037 ignotae
296 2003 655 2039 supet-substantialitatis,
673 2013 739 2040 qumi
759 2013 849 2040 supra
862 2006 952 2032 ratio-

174 2058 259 2084 nem,
277 2053 305 2078 et
319 2050 499 2078 intellectum
510 2073 516 2084 ,
532 2053 560 2078 et
575 2051 770 2078 substantiam
786 2052 881 2087 ipsam
897 2052 952 2087 ipsi

175 2098 303 2124 tribuere¹
324 2098 478 2131 convenit,
506 2100 619 2125 tantum
644 2098 682 2125 ad
705 2098 841 2134 superius
861 2099 953 2134 respi-

175 2144 273 2177 cienti,
283 2148 428 2179 quantum
440 2144 639 2172 tlieoricorum
650 2145 841 2180 eloquiorum
852 2145 954 2172 radius

175 2198 205 2218 se
220 2190 349 2217 immittit
361 2190 400 2217 att
416 2191 589 2225 splendores
600 2192 767 2226 superiores
779 2213 787 2225 ,
799 2202 812 2217 »
826 2195 878 2219 etc.
896 2193 952 2227 (b):

175 2236 258 2271 quod
275 2237 353 2263 idem
371 2239 427 2267 est,
449 2238 532 2272 quod
553 2237 603 2264 illa
623 2238 745 2265 scientia
760 2248 826 2273 quae
844 2242 885 2266 est
900 2248 953 2274 per

176 2284 390 2318 ignorantiam,
402 2286 433 2310 ut
447 2283 558 2311 dictum
573 2286 630 2317 est,
647 2284 737 2311 solius
754 2285 802 2312 Dei
819 2285 953 2313 dot-trina

176 2330 336 2365 percipitur
363 2339 368 2357 :
391 2333 418 2357 et
442 2330 472 2357 in
496 2333 641 2366 quantum
671 2331 738 2366 plns
768 2331 889 2358 affectus
916 2332 952 2359 de

176 2376 313 2404 theoricis
328 2376 472 2412 eloquiis,
486 2377 596 2404 scilicet
611 2377 719 2404 divinis
736 2378 953 2405 intluitionitrus

175 2423 284 2458 quibus
300 2431 383 2451 mens
399 2432 467 2451 eum
482 2423 589 2451 dilecto
613 2424 733 2459 garrula
751 2425 951 2460 jucundatur,

211 2509 292 2532 'Px-al.
311 2514 369 2538 cxv,
388 2510 465 2533 Mi.—
481 2509 519 2531 ²11
537 2508 603 2538 Com,
623 2514 646 2539 v,
666 2510 700 2533 13.

207 2556 240 2584 (a)
258 2555 318 2578 Caet.
333 2555 393 2580 vdit.
409 2555 530 2587 perfecta.
546 2568 575 2572 —-
594 2556 628 2585 (b)
643 2556 684 2579 ΑΙ.
706 2557 811 2587 interpr.
832 2557 895 2580 Nam
913 2564 952 2580 su-

176 2591 344 2619 pernaturalis
368 2591 446 2621 ipsius
470 2590 729 2615 indemonstinbilitas
751 2611 756 2618 ,
783 2598 839 2622 quan
877 2599 952 2622 supra

177 2632 280 2648 ninncm
297 2627 432 2655 rationem,
450 2628 473 2649 et
489 2628 617 2652 mentem.
636 2629 660 2649 et
675 2628 812 2651 essentiam
829 2629 879 2657 est,
900 2628 953 2658 ipsa

177 2663 214 2683 est
228 2661 267 2684 cui
283 2662 502 2691 supernaturalem
516 2661 646 2685 scientiam
657 2662 769 2687 tribuere
780 2670 827 2686 nos
840 2665 952 2693 opoitcl,

1007 269 1127 306 recipit,
1143 269 1175 298 in
1187 272 1304 299 tannim
1313 271 1389 299 Deus
1402 271 1484 300 solus
1498 271 1531 300 in
1544 274 1644 302 mente
1657 273 1792 303 intimius

1007 324 1038 344 se
1052 315 1199 353 immittit,
1212 319 1246 346 ut
1259 317 1323 354 ipse
1336 317 1390 355 qui
1404 320 1449 347 est
1465 326 1537 347 vera
1558 319 1723 356 sapientia,
1737 328 1792 357 per

1007 362 1171 392 diviniores
1183 364 1286 393 radios
1299 364 1473 401 praeclarius
1484 368 1694 402 cognoscatur.

1044 411 1146 438 Postea
1172 410 1310 439 subditur
1333 420 1341 439 ι
1363 413 1473 440 Etenim
1492 421 1601 442 arcessa
1622 415 1665 441 tui
1685 415 1789 450 ipsius,

1009 457 1080 492 quia
1093 465 1156 485 non
1173 459 1291 486 tantum
1315 460 1482 487 creaturam
1506 460 1654 496 sapientia
1677 460 1793 489 unitiva

1007 504 1140 532 funditus
1155 504 1300 533 eradicari
1309 507 1463 542 perurget,
1477 506 1531 534 sed
1543 507 1644 543 ipsum
1657 507 1793 544 speciali-

1007 552 1051 578 ter
1061 550 1244 580 intellectum
1255 551 1425 587 mortificat,
1435 554 1464 581 et
1476 552 1533 581 soli
1545 553 1653 583 divinae
1662 554 1791 582 influen-

1009 597 1055 626 tiae
1073 606 1104 626 se
1119 598 1276 626 submittit.
1295 600 1329 627 Et
1352 599 1390 627 de
1411 599 1464 627 illo
1489 608 1611 628 excessu
1634 601 1793 638 Apostolus

1009 644 1079 672 dicit
1102 645 1142 673 ad
1167 645 1334 674 Corinthios
1354 646 1364 662 ²
1390 655 1397 674 :
1423 647 1485 674 Sive
1508 649 1595 675 mente
1622 648 1792 683 excedimus,

1009 693 1080 727 Deo,
1097 694 1152 720 etc.
1168 694 1202 720 Et
1214 700 1268 729 per
1282 692 1371 720 istum
1391 693 1596 722 continuatum
1617 702 1792 730 excessum,

1007 739 1075 774 igne
1102 740 1214 768 amoris
1241 739 1342 768 anima
1378 740 1576 769 efficaciorem
1604 749 1791 778 consequens

1008 787 1228 823 separationem
1242 789 1270 815 et
1283 788 1510 823 purgationem,
1525 796 1582 825 per
1601 796 1670 816 suas
1691 791 1791 817 exten-

1009 833 1108 862 siones
1122 833 1278 861 flammeas
1291 836 1320 862 et
1332 837 1540 863 consumentes
1557 835 1714 871 rubigines
1727 835 1790 864 effi-

1008 880 1107 908 cacius
1121 882 1318 916 promeretur,
1330 888 1422 917 quam
1436 881 1546 917 primo,
1555 889 1625 910 cum
1636 889 1690 918 per
1704 882 1791 910 istam

1008 926 1111 963 incipit
1125 934 1315 963 consurgere.
1332 927 1421 961 Quia,
1438 928 1514 956 sicut
1533 930 1576 956 est
1595 927 1708 964 duplex
1721 936 1790 965 pur-

1009 974 1089 1009 gatio
1103 995 1111 1007 ,
1135 973 1245 1002 scilicet
1266 982 1319 1010 per
1344 982 1455 1010 aquam
1481 977 1509 1002 et
1531 982 1586 1010 per
1613 974 1715 1010 ignem
1729 996 1739 1009 ‚
1760 975 1791 1003 in

1009 1020 1217 1056 corporalibus
1228 1030 1236 1056 3
1251 1021 1293 1048 sic
1312 1023 1341 1048 et
1360 1020 1392 1048 in
1414 1020 1633 1057 spiritualibus,
1657 1022 1727 1058 quia
1742 1022 1805 1050 via·

1009 1067 1106 1103 prima
1118 1067 1275 1103 purgativa
1293 1075 1346 1104 per
1367 1067 1488 1096 dolores
1509 1070 1537 1096 et
1553 1068 1724 1104 trequentes
1748 1071 1791 1097 at—

1010 1114 1141 1142 tritiones
1165 1116 1273 1150 purgat
1298 1116 1326 1142 et
1348 1122 1403 1151 per
1424 1114 1592 1151 lacrymas,
1615 1114 1670 1143 sed
1695 1115 1790 1143 multo

1010 1160 1159 1188 efficacius
1172 1160 1225 1189 illa
1245 1169 1311 1197 quae
1326 1164 1369 1189 est
1389 1169 1443 1198 per
1458 1162 1729 1190 consurrectionem
1744 1170 1791 1190 ar-

1010 1207 1101 1235 doris.
1119 1207 1200 1235 Unde
1224 1215 1278 1244 per
1302 1208 1390 1236 istum
1415 1215 1569 1236 excessum
1592 1207 1709 1237 ardoris
1727 1209 1792 1244 jam

1009 1255 1083 1282 levis
1107 1255 1144 1283 ab
1172 1255 1254 1282 omni
1276 1254 1478 1289 irretentibili,
1501 1255 1611 1283 scilicet
1635 1255 1791 1284 mundano

1010 1301 1194 1336 delectabili,
1210 1304 1239 1329 et
1253 1302 1422 1337 absolutus,
1436 1302 1547 1330 scilicet
1567 1304 1606 1330 ab
1624 1302 1707 1330 omni
1721 1302 1791 1331 alie-

1011 1356 1048 1375 na
1072 1349 1225 1376 allectione
1250 1349 1396 1383 mundus,
1421 1348 1461 1376 ad
1489 1348 1598 1376 dirime
1621 1349 1790 1385 incompre-

1010 1395 1215 1423 hensibilitatis
1243 1395 1428 1429 claritatem,
1449 1395 1513 1429 jam
1537 1395 1654 1431 penitus
1683 1395 1790 1424 ablatis

1011 1442 1172 1470 obstaculis
1192 1463 1201 1476 ‚
1229 1444 1258 1471 et
1286 1442 1441 1470 absolutus
1469 1442 1589 1478 spiritus
1616 1451 1634 1470 a
1663 1442 1790 1470 vinculis

1011 1489 1142 1524 agillime
1157 1497 1276 1517 sursum
1288 1489 1392 1524 agitur.
1411 1488 1491 1516 Unde
1507 1488 1559 1516 iste
1571 1491 1615 1516 est
1629 1489 1704 1517 ordo
1718 1497 1790 1517 con-

1011 1536 1162 1571 surgendi.

1047 1583 1143 1611 l'rimo
1154 1585 1280 1619 oportet,
1295 1583 1378 1619 quod
1391 1582 1660 1611 considerationem
1670 1585 1698 1610 et
1711 1591 1791 1610 amo-

1011 1639 1073 1657 rem
1091 1630 1276 1658 sensibilium
1291 1629 1496 1665 derelinquat,
1518 1631 1545 1657 et
1566 1629 1791 1666 contemplatio-

1011 1685 1079 1704 nem
1094 1677 1230 1704 omnium
1245 1676 1493 1711 intelligibilium,
1513 1679 1541 1704 et
1560 1684 1653 1712 purus
1674 1684 1792 1704 consur-

1011 1727 1061 1757 gat
1086 1724 1226 1758 affectus,
1252 1723 1314 1750 sine
1341 1723 1525 1751 admixtione
1552 1723 1736 1758 intellectus,
1762 1723 1792 1751 iu

1010 1771 1095 1798 illum
1107 1792 1115 1804 ,
1132 1779 1221 1806 quem
1235 1770 1265 1798 in
1280 1778 1334 1797 sua
1350 1769 1500 1797 tendentia
1514 1770 1666 1803 cognoscit
1679 1770 1793 1806 quieta-

1012 1818 1104 1845 tivum
1119 1817 1258 1845 desiderii
1269 1839 1276 1851 ,
1293 1819 1324 1844 ut
1339 1817 1394 1853 ipsi
1406 1817 1538 1844 intimius
1551 1817 1678 1844 uniatur.
1695 1819 1727 1844 Et
1739 1825 1791 1852 per

1011 1865 1097 1892 istam
1106 1864 1327 1892 diuturniorum
1336 1866 1471 1891 motuum
1478 1864 1712 1897 anagogicorum
1723 1872 1791 1892 con-

1010 1911 1242 1944 surrectionem,
1264 1910 1359 1945 magis
1380 1919 1413 1937 ac
1434 1910 1528 1943 magis
1548 1910 1670 1937 affectus
1690 1913 1791 1938 exten-

1011 1958 1100 1991 ditur,
1125 1960 1152 1985 et
1176 1957 1260 1993 quasi
1285 1956 1467 1992 quibusdam
1492 1956 1637 1984 flammeis
1659 1957 1791 1985 scintillis

1010 2013 1094 2032 mens
1109 2007 1252 2040 purgatur
1271 2004 1437 2037 erilem-ius,
1459 2005 1487 2031 et
1509 2004 1547 2031 ab
1569 2012 1670 2032 amore
1686 2013 1791 2034 carna·

1010 2052 1083 2079 lium
1099 2052 1170 2079 alibi
1186 2051 1320 2087 requiem
1335 2051 1490 2078 inveniens
1501 2072 1508 2085 ‚
1525 2051 1587 2078 sine
1603 2052 1700 2080 carnis
1712 2060 1792 2080 mur-

1010 2099 1177 2126 muratione
1190 2120 1198 2132 ,
1219 2097 1384 2125 necessario
1401 2099 1599 2133 sequestratur
1614 2098 1708 2126 multo
1724 2098 1791 2134 plus

1011 2154 1103 2182 quam
1118 2148 1203 2173 antea
1217 2166 1224 2178 ‚
1245 2147 1273 2172 et
1293 2144 1400 2172 exinde
1420 2145 1542 2171 allectus
1561 2145 1643 2179 puris
1662 2144 1792 2172 motibus

1011 2194 1043 2220 lit
1061 2193 1177 2226 agilior,
1194 2195 1225 2219 ut
1246 2191 1491 2227 quotiescumque
1516 2191 1596 2223 vult,
1613 2190 1676 2218 sine
1699 2191 1792 2218 medi-

1011 2240 1118 2267 tatione
1134 2238 1297 2266 iutellectus
1315 2236 1428 2272 praevia
1439 2236 1487 2272 (s),
1505 2237 1709 2264 ardentissime
1725 2245 1790 2265 mo-

1011 2289 1123 2314 reatur.
1144 2285 1225 2312 Unde
1245 2284 1342 2320 primo
1363 2283 1454 2310 dicit:
1479 2284 1611 2317 consui-qe
1630 2285 1739 2317 ignote3
1764 2286 1791 2312 et

1011 2336 1075 2368 post
1096 2334 1151 2360 hoe
1172 2331 1262 2358 dicit:
1288 2331 1398 2357 Sursum
1417 2332 1507 2364 ‹tyert's
1520 2339 1530 2357 :
1551 2330 1637 2366 quasi
1659 2330 1769 2358 diceret
1781 2351 1789 2365 ,

1011 2379 1094 2415 quod
1103 2380 1133 2407 in
1142 2377 1287 2414 principio
1299 2377 1428 2404 exercitii
1440 2378 1713 2405 consurrectionum
1722 2385 1789 2405 ana-

1011 2426 1184 2459 cronicarum
1205 2425 1327 2452 auectus
1348 2432 1423 2460 apex
1443 2432 1512 2451 cum
1529 2424 1701 2452 difficultate
1717 2432 1788 2451 con-

1012 2489 1110 2510 tautum
1128 2486 1158 2509 ad
1181 2485 1339 2509 inaccessum
1360 2485 1420 2508 illud
1436 2485 1523 2508 lumen
1544 2485 1696 2515 aspirando,
1711 2491 1788 2515 quau-

1012 2525 1064 2546 tum
1075 2529 1101 2546 se
1116 2521 1283 2545 insinuaverit
1298 2520 1444 2544 divinorum
1459 2520 1500 2543 ille
1516 2520 1601 2544 radius
1614 2520 1788 2550 oraculorum,

1011 2566 1062 2588 quo
1081 2556 1295 2581 eminentioribus
1315 2555 1368 2579 istis
1389 2562 1475 2579 rerum
1490 2555 1632 2579 divinarum
1647 2555 1787 2586 splendori-

1011 2593 1059 2617 bus
1078 2592 1214 2616 sobrietate
1231 2592 1340 2622 quadam
1357 2598 1385 2613 nr·
1404 2590 1537 2614 sanctitate
1552 2592 1785 2621 contemperantur.

1012 2627 1132 2652 Btblzml».
1151 2635 1218 2650 mar.
1243 2628 1286 2649 58.
1309 2627 1357 2651 1¹1¹.
1381 2626 1470 2655 Lugd..
1487 2633 1528 2649 an.
1551 2627 1616 2650 1677.
1631 2639 1661 2644 —-
1680 2627 1707 2655 (c)
1725 2627 1787 2649 Coet.

1010 2664 1070 2687 aler.
1088 2663 1185 2694 praevii.
