2004 3037
161 183 222 213 456

162 250 247 287 quod
260 249 359 278 solum
374 247 516 283 diligitur,
533 247 583 276 ille
598 246 687 276 etiam
701 247 752 283 qui
767 248 848 275 amat
861 255 938 284 quo-

163 296 327 326 dammodo
353 303 372 324 a
395 294 553 331 semetipso
581 293 768 330 despiciatur.
798 293 843 322 Sic
869 301 940 329 ergo

161 344 239 373 miro
261 342 355 372 modo
377 350 432 379 per
452 341 619 370 dilectionis
637 341 740 376 ignem
758 340 940 376 sustollitur,

163 390 215 428 qui
229 389 319 418 etiam
333 397 424 426 supra
441 397 472 417 se
492 396 547 425 per
560 388 622 416 vim
641 387 753 416 amoris
773 387 940 423 expellitur,

162 439 195 466 ut
209 438 294 466 exeat
307 436 397 465 etiam
411 444 429 464 a
443 443 485 464 se.
500 434 658 469 Quomodo
677 434 766 470 igitur
790 433 898 468 servet,
914 435 943 462 et

164 483 319 521 quomodo
346 482 437 511 bullit
471 482 575 517 corde,
603 481 654 518 qui
684 489 738 517 per
766 482 943 517 conceptum

164 531 276 560 amoris
295 530 418 568 superni
431 530 551 566 ignem,
575 529 649 557 dum
668 529 699 557 in
718 528 805 557 illum
823 529 942 564 solum,

165 578 218 615 qui
232 586 350 607 sursum
365 579 418 613 est,
433 576 636 614 appetendum
646 576 737 604 fertur
751 575 943 611 cogitatione,

166 627 194 654 et
208 625 357 654 desiderio
372 626 454 652 extra
467 632 498 652 se
513 623 678 660 projicitur,
695 624 723 650 et
737 631 827 658 supra
843 631 873 650 se
888 622 947 650 ele-

165 674 262 708 vatur,
277 679 332 700 neo
343 680 374 699 se
389 671 512 707 cogitat,
529 671 603 699 dum
615 670 701 698 illum
715 670 814 698 solum
825 671 918 698 amat!
929 680 941 696 n

167 721 200 748 Et
220 719 252 747 in
271 718 331 747 fine
352 718 522 753 concludit,
546 717 668 746 dicens:
688 727 702 743 «
719 719 792 745 Ecce
816 716 946 744 diximus

168 766 281 796 mobile
295 766 374 794 illius
385 765 551 794 dilectionis
563 765 749 800 incessabile,
763 767 790 793 et
806 764 946 799 calidum,

170 816 198 843 et
211 815 331 842 acutum
341 834 351 848 ,
366 814 395 841 et
407 812 661 849 superfervidum,
684 814 713 840 et
731 812 880 839 intensum
890 832 899 846 ,
921 812 949 838 et

170 861 319 895 intimum,
334 862 362 888 et
375 859 550 894 inflexibile,
566 860 594 887 et
607 858 850 895 exemplativum,
865 860 893 886 et
905 865 950 885 re-

173 908 346 942 ductivum,
362 909 390 935 et
404 907 547 941 activum,
563 907 592 934 et
605 905 801 938 recalificans,
814 906 843 933 et
856 912 950 932 resus-

174 955 277 990 citans,
289 956 321 983 ut
334 962 370 983 ex
388 954 512 982 istorum
524 953 647 990 aliquali
660 952 839 989 cogitatione
854 951 949 979 imite-

173 1010 252 1037 mur,
267 1004 299 1030 ut
308 1009 476 1038 possumuS,
488 1000 518 1028 in
529 1000 660 1029 amando
673 999 803 1028 coelestes
814 998 950 1027 substan-

174 1049 264 1078 tias.»

402 1101 643 1136 DISTINCTIO
668 1101 724 1135 VI.

206 1174 328 1208 Qualiter
351 1174 467 1209 spiritus
488 1175 578 1200 noster
602 1180 651 1208 per·
674 1173 727 1199 iter
750 1171 923 1198 charitativae

237 1219 388 1254 affectionis
402 1221 530 1246 (eternum
544 1219 693 1245 manerium
710 1217 890 1251 ingrediatur.

212 1288 298 1314 Sexto
312 1286 476 1314 videndum
496 1286 553 1320 est,
574 1284 700 1321 qualiter
720 1284 838 1320 spiritus
856 1286 956 1312 noster

176 1341 230 1370 per
245 1333 450 1361 charitativam
466 1332 653 1360 affectionem
668 1331 860 1359 intrinsecum
875 1333 902 1358 et
917 1340 954 1358 ae-

177 1383 295 1408 ternum
305 1381 450 1408 secretum
461 1379 576 1407 Domini
590 1380 655 1406 Jesu
668 1378 860 1413 ingrediatur.
874 1378 956 1406 Circa

179 1427 262 1464 quod
282 1426 448 1455 notandum
470 1427 527 1460 est,
554 1425 638 1461 quod
665 1432 764 1452 amare
786 1426 893 1458 Deum,
915 1427 958 1452 est

180 1474 320 1502 accedere
335 1473 375 1502 ad
389 1473 502 1509 ipsum,
519 1474 546 1500 et
561 1472 669 1500 intrare
685 1474 713 1500 et
732 1474 865 1506 gustare,
882 1479 958 1507 quo-

180 1522 261 1550 niam
283 1520 382 1548 suavis
402 1522 444 1548 est
458 1519 608 1548 Dominus
626 1520 658 1546 Et
675 1519 732 1546 hoc
747 1518 874 1546 ostendit
889 1520 958 1546 Gre-

181 1568 301 1604 gorius,
319 1566 541 1603 quintodecimo
563 1566 709 1593 Moralium
721 1587 729 1600 ,
752 1565 853 1592 diceus
868 1565 909 1592 sic
924 1565 930 1581 ¹
951 1575 956 1592 :

184 1626 197 1642 «
213 1614 373 1651 Superiora
391 1622 491 1641 amare
505 1635 512 1646 ,
525 1614 587 1648 jam
603 1620 719 1640 sursum
736 1614 778 1639 est
792 1612 833 1639 ire
849 1621 855 1639 ε
871 1612 959 1639 dum-

183 1671 241 1699 que
251 1669 361 1697 magno
373 1661 521 1689 desiderio
535 1660 573 1687 ad
587 1659 716 1687 &Plestia
729 1659 845 1686 animus
859 1659 960 1691 inhiat,

182 1710 259 1738 miro
276 1709 367 1737 modo
384 1709 441 1736 hoc
457 1708 554 1743 ipsum
577 1707 659 1742 quod
682 1706 815 1742 accipere
836 1706 940 1741 quaerit
953 1727 960 1739 ‚

183 1757 240 1784 hoc
252 1757 314 1791 jam
328 1756 495 1790 degustat.»
515 1756 546 1781 ut
560 1753 727 1788 Gregorius,
744 1761 823 1788 super
839 1753 961 1780 Ezechie-

185 1805 250 1837 lem,
267 1803 354 1830 dicit:
369 1803 537 1836 «Quantum
555 1800 681 1836 quisque
698 1801 792 1833 amat,
808 1799 837 1826 iu
851 1801 961 1826 tantuin

186 1851 225 1878 ad
240 1851 406 1885 ingressum
421 1848 505 1883 regni
522 1847 752 1883 appropinquat.
771 1846 801 1873 tn
819 1848 963 1882 quantum

186 1905 257 1925 vero
274 1895 389 1931 ingredi
404 1895 541 1929 negligit,
564 1894 592 1921 iu
609 1896 721 1920 tantum
736 1895 859 1920 recusat.
874 1903 886 1917 n
910 1894 963 1920 Ra<

187 1944 227 1972 tio
243 1944 367 1971 istorum
383 1945 434 1976 est,
450 1942 521 1977 quia
536 1949 623 1968 verus
637 1948 732 1974 amor,
749 1940 808 1967 sive
824 1939 964 1971 charitas,

187 1990 305 2018 nullum
324 1989 433 2026 patitur
447 1988 581 2016 medium
604 1987 677 2014 inter
697 1994 726 2013 se
750 1988 776 2013 et
799 1986 963 2020 objectum,

189 2037 271 2073 quod
288 2038 330 2064 est
345 2038 430 2070 Deus,
447 2035 499 2063 sed
516 2035 704 2062 vehementer
716 2033 808 2061 tendit
822 2033 851 2059 in
868 2033 965 2068 ipsum

188 2084 359 2112 immediate
382 2092 388 2110 ε
413 2084 440 2110 et
454 2082 523 2109 ideo
543 2089 697 2116 nunquam
717 2080 853 2115 quiescit,
872 2080 967 2106 donec

191 2132 292 2160 omnia
311 2132 458 2163 transcat,
479 2132 505 2156 et
525 2129 563 2155 ad
585 2128 683 2163 ipsum
705 2130 733 2154 et
752 2127 781 2153 in
802 2127 899 2162 ipsum
920 2135 965 2153 vc-

190 2180 260 2207 niat.
279 2180 310 2206 Et
330 2179 411 2212 {lugo
433 2176 504 2203 divit
519 2178 542 2202 Ξ;
561 2186 572 2200 α
590 2174 707 2201 tiilectio
723 2174 783 2201 sive
800 2181 894 2205 amor,
914 2173 967 2199 im<

190 2229 292 2262 petum
316 2225 359 2253 sui
382 2224 512 2252 ardentis
537 2222 675 2250 desiderii
697 2230 845 2257 sequen&
871 2223 969 2248 amato

193 2273 414 2309 appropinquat
435 2272 579 2307 quantum
602 2272 713 2305 potest,
736 2272 761 2295 ei
784 2277 819 2295 co
842 2267 970 2302 amplius

194 2320 293 2348 sitiens
308 2319 417 2346 intrare
433 2318 529 2353 ipsum
541 2317 629 2351 eupit,
647 2317 674 2342 et
688 2323 749 2342 esse
763 2322 830 2341 cuni
847 2314 970 2347 Chri—to,

195 2368 296 2394 ettam
313 2373 424 2401 prope,
441 2366 488 2397 ut,
504 2364 527 2390 si
542 2363 605 2390 lieri
624 2364 736 2397 pote—t,
757 2361 812 2387 hoe
830 2361 908 2387 idem
925 2361 969 2396 ip-

195 2422 261 2441 sum
277 2414 312 2440 sit
327 2412 410 2448 quod
425 2411 522 2447 ipsun]
540 2412 582 2437 cst
597 2418 603 2436 ι
621 2409 689 2436 ideo
705 2416 793 2443 super
809 2408 909 2435 omnia
922 2416 971 2433 w-

194 2461 256 2488 rius
270 2481 278 2494 ,
305 2459 403 2492 citius,
430 2456 586 2494 perfectius
620 2455 790 2491 pervenitur
819 2454 856 2481 ad
882 2456 972 2481 noum

194 2506 342 2543 gressibus
355 2505 554 2537 affectionum,
566 2510 656 2539 quam
670 2501 818 2537 gressibus
828 2500 949 2536 pedum.
958 2511 970 2524 ι»

228 2584 234 2598 ³
252 2583 338 2611 Greg„
355 2580 454 2609 Moralq
473 2580 516 2603 lib.
539 2579 593 2609 XV,
617 2585 637 2600 ι’..
663 2583 703 2605 xx‘,
721 2577 745 2600 in
761 2576 803 2599 tiu.
821 2588 849 2592 --
870 2577 877 2588 ·'
899 2576 972 2605 liugn,

194 2626 250 2649 sup.
267 2612 330 2648 sept.
349 2624 403 2647 cap.
427 2616 517 2646 Amycl.
540 2614 619 2643 Ηιέἰκ,
642 2613 684 2636 lib.
708 2613 754 2640 w,
778 2614 836 2634 ante
857 2611 925 2633 mod.
946 2624 975 2628 —-

185 2655 203 2690 *⁸
219 2657 292 2684 Aug„
308 2653 340 2677 ad
360 2651 463 2681 Maced„
480 2650 552 2681 epist.
574 2655 619 2678 Lis,
637 2649 667 2672 al.
685 2654 741 2677 (LV,
759 2654 780 2670 r„
798 2653 832 2676 iv,
849 2654 873 2670 ιι.
896 2649 931 2669 ij.
947 2660 975 2663 ——

571 179 624 212 -DE
646 177 802 211 SEPTEM
824 177 1047 211 ITlNERIBUS
1068 176 1358 212 AETERNITATIS.

995 247 1076 276 Unde
1095 247 1274 282 Augustinus
1293 246 1365 275 dicit
1378 248 1389 266 ³
1404 255 1412 275 :
1432 256 1446 274 ιι
1458 249 1501 276 Ire
1522 248 1563 277 ad
1578 250 1673 278 Deum
1689 251 1771 279 tanto

995 294 1083 322 nobis
1097 294 1204 322 melius
1219 296 1272 329 est,
1288 295 1403 331 quanto
1418 295 1514 331 magis
1528 295 1568 325 ad
1579 295 1667 325 illum
1679 297 1772 333 imus,

996 349 1057 378 quo
1063 341 1137 369 nihil
1145 341 1251 369 melius
1258 344 1308 369 est.
1316 342 1394 370 lmus
1401 344 1501 370 autem
1507 350 1570 371 non
1576 343 1772 380 ambulando,

996 387 1049 416 sed
1066 388 1214 423 amand0,
1235 396 1326 424 quem
1344 390 1425 416 tanto
1448 388 1628 418 habebimus
1647 397 1772 427 proesen·

996 435 1118 470 tiorem,
1135 437 1247 472 quanto
1263 435 1404 464 eumdem
1418 443 1564 471 amorem,
1584 444 1646 472 quo
1661 435 1693 464 in
1706 444 1776 465 eum

997 481 1162 516 tendimus,
1176 481 1339 518 poterimus
1362 482 1473 510 habere
1494 483 1658 518 puriorem.
1673 493 1686 510 n
1712 483 1777 511 Haec

999 529 1078 556 enim
1091 528 1232 563 charitas,
1241 531 1274 556 ut
1287 528 1358 556 dicit
1371 531 1473 557 auctor
1492 529 1525 557 cle
1540 530 1652 565 Spiritu
1665 533 1692 558 et
1707 530 1778 558 Am'-

999 583 1043 602 ma
1051 575 1072 610 ⁸,
1087 585 1101 601 ι(
1110 577 1153 604 est
1162 575 1211 603 via
1219 576 1266 603 Dei
1278 576 1317 603 ad
1325 575 1471 611 homines,
1478 578 1506 604 et
1515 576 1564 604 via
1572 576 1729 604 hominum
1738 576 1778 605 ad

1000 623 1102 650 Deum.
1129 623 1182 650 Per
1206 623 1379 651 charitatem
1401 631 1533 659 namque
1551 623 1632 651 venit
1648 625 1722 652 Deus
1739 623 1779 652 ad

999 669 1152 704 homines„
1167 669 1246 697 venit
1260 669 1290 697 in
1304 670 1450 698 homines.
1469 671 1520 698 t’er
1532 670 1705 699 charitatem
1720 671 1777 698 ele-

1001 715 1042 750 git
1057 717 1132 743 Deus
1148 715 1286 744 homines
1294 736 1303 751 ,
1318 718 1353 751 {et
1374 716 1488 752 eligunt
1501 717 1638 745 homines
1664 718 1754 745 Deum
1770 739 1778 751 ,

1003 762 1129 797 diligunt
1154 763 1244 790 Deum
1261 784 1270 797 ‚
1292 764 1321 790 et
1342 763 1381 790 ad
1405 765 1497 791 Deum
1520 766 1660 799 currunt,
1689 765 1716 792 et
1741 764 1780 792 ad

1003 811 1095 837 Deum
1108 808 1295 844 perveniunt.
1319 809 1364 838 Sic
1379 805 1532 838 familiaris
1553 812 1596 838 est
1615 812 1672 838 Deo
1687 810 1782 838 chari—

1004 859 1060 890 tas,
1080 858 1112 884 ut
1131 855 1316 884 mansionem
1339 856 1450 884 habere
1476 856 1563 891 nolit,
1584 857 1638 885 ubi
1657 856 1782 885 charitas

1005 911 1067 932 non
1090 903 1185 931 fuerit.
1201 914 1214 929 ω
1231 904 1262 931 Et
1281 903 1394 931 ibidem
1409 903 1516 931 dicitur
1539 903 1580 932 sic
1592 905 1602 921 ⁵
1623 913 1630 931 :
1649 913 1663 929 «
1677 903 1782 932 Anima

1005 959 1135 987 namque
1149 971 1156 985 ,
1178 958 1269 987 quam
1294 951 1344 978 Dei
1362 950 1457 987 pietas
1475 950 1615 987 respicit,
1633 951 1784 979 humiliter

1006 997 1124 1033 subjicit
1142 1019 1150 1032 ,
1178 997 1349 1033 poenitentia
1373 997 1477 1032 ducit,
1504 998 1616 1033 justitia
1640 997 1783 1032 deducit,

1008 1045 1178 1073 obedientia
1201 1044 1358 1076 conducit,
1387 1044 1605 1080 perseverantia
1628 1044 1784 1080 perducit,

1009 1091 1128 1120 devotio
1143 1091 1316 1125 introducit,
1336 1091 1448 1127 puritas
1473 1091 1646 1127 conjungit,
1671 1093 1700 1119 et
1714 1091 1786 1119 cha-

1008 1140 1077 1167 ritas
1098 1139 1170 1166 unit.
1190 1149 1204 1164 »
1234 1138 1370 1174 Sequitur
1393 1147 1399 1165 :
1428 1148 1442 1163 «
1465 1138 1558 1166 Habet
1579 1138 1679 1166 anima
1699 1138 1731 1166 in
1755 1146 1787 1166 se

1010 1194 1158 1221 amorem,
1176 1194 1236 1222 quo
1252 1193 1369 1221 semper
1385 1187 1482 1222 potest
1495 1188 1571 1213 stare
1591 1194 1660 1214 cum
1674 1188 1743 1215 Deo.
1759 1187 1788 1214 Si

1010 1233 1098 1269 igitur
1113 1233 1284 1261 charitatem
1299 1233 1460 1268 habemus,
1479 1235 1507 1260 et
1528 1234 1620 1260 Deum
1633 1233 1789 1266 hahemus,

1014 1282 1041 1308 et
1059 1281 1089 1307 in
1108 1288 1144 1308 eo
1166 1287 1339 1313 manemuS‚
1362 1280 1434 1315 quia
1457 1281 1532 1307 Deus
1552 1279 1678 1308 charitas
1702 1282 1753 1307 est.
1773 1289 1787 1306 n

1014 1329 1052 1355 De
1068 1327 1124 1355 hac
1145 1327 1269 1355 mataria
1288 1327 1406 1362 require
1421 1326 1488 1363 plus
1507 1327 1538 1354 in
1554 1327 1611 1355 hoc
1623 1329 1729 1363 quarto
1746 1327 1791 1355 iti-

1013 1382 1093 1409 nere,
1105 1374 1189 1410 quasi
1203 1381 1256 1410 per
1267 1376 1370 1402 totum.

1234 1469 1474 1504 DISTINCTIO
1502 1471 1571 1504 VII.

1016 1546 1138 1579 Qualiter
1161 1547 1273 1581 spiritus
1297 1550 1401 1580 noster,
1426 1546 1463 1573 ad
1485 1547 1642 1573 veniendum
1671 1554 1719 1582 per
1742 1548 1795 1574 iter

1050 1591 1218 1617 ctaritacwae
1240 1591 1389 1625 affectionis
1406 1590 1443 1617 ad
1457 1592 1572 1623 aeterna,
1588 1599 1605 1618 a
1623 1591 1736 1619 Domino
1752 1592 1794 1618 in-

1056 1637 1156 1662 ritctm·
1172 1634 1222 1671 (a).

1054 1704 1183 1739 Septimo
1198 1703 1362 1731 videndum
1381 1706 1438 1737 est,
1455 1704 1581 1739 qualiter
1604 1704 1723 1739 spiritus
1745 1704 1797 1732 hu-

1019 1758 1139 1784 manus,
1156 1750 1194 1777 ad
1212 1750 1391 1777 veniendum
1413 1758 1466 1785 per
1488 1750 1541 1777 iter
1556 1750 1733 1778 charitativae
1754 1751 1797 1778 at-

1018 1797 1151 1824 sectionis
1175 1796 1214 1824 ad
1234 1797 1422 1824 intrinsecum
1447 1799 1474 1824 et
1494 1799 1636 1824 {eternum
1654 1799 1799 1825 secretum

1021 1843 1151 1875 Domini,
1167 1843 1205 1870 ab
1222 1843 1286 1878 ipso
1302 1843 1498 1870 amicabiliter
1514 1843 1662 1878 invitetur,
1684 1844 1799 1872 dicente

1021 1892 1135 1926 Sponso
1151 1890 1180 1917 in
1196 1889 1320 1917 Canticis
1330 1891 1340 1905 ’ἱ
1355 1899 1360 1916 z
1375 1890 1470 1924 Surae,
1484 1898 1616 1925 propera,
1629 1892 1718 1918 amica
1732 1899 1799 1923 mea,

1021 1938 1141 1964 columba
1155 1945 1211 1963 mea
1223 1958 1231 1968 ,
1248 1938 1363 1969 formosa
1383 1944 1457 1970 mco,
1473 1940 1498 1964 et
1518 1939 1588 1964 vem'.
1606 1939 1638 1964 Et
1653 1937 1741 1972 hujus
1757 1938 1801 1965 in-

1022 1983 1170 2011 vitationis
1192 1983 1356 2010 allectivuui
1379 1983 1551 2019 subjungit,
1573 1984 1696 2011 dicens:
1717 1985 1801 2018 Veni,

1024 2030 1094 2066 quia
1115 2030 1177 2064 jani
1203 2032 1244 2057 est
1265 2029 1482 2057 ambulantium
1507 2030 1643 2058 alleviata
1666 2031 1802 2066 agilitas,

1025 2077 1096 2113 quia
1121 2079 1236 2112 tempus
1260 2077 1420 2112 putationis
1444 2077 1585 2111 advenit,
1607 2077 1637 2104 id
1656 2079 1714 2111 est,
1737 2085 1803 2104 om-

1025 2125 1108 2151 nium
1134 2123 1353 2159 superfluorum
1381 2126 1408 2150 ct
1434 2124 1619 2158 gravantium
1645 2124 1801 2160 depositio.

1027 2171 1097 2198 llicit
1113 2179 1183 2205 ergo
1201 2180 1206 2197 :
1225 2171 1322 2197 Amica
1338 2178 1410 2202 mea,
1427 2173 1550 2205 propter
1565 2172 1644 2198 tuam
1660 2170 1803 2198 unitivam

1027 2218 1208 2245 charitatem.
1233 2216 1363 2243 charitas
1385 2216 1479 2248 enim,
1500 2219 1531 2243 ut
1555 2217 1594 2244 ait
1613 2216 1769 2252 Apostolus
1782 2218 1802 2249 ⁷,

1028 2267 1069 2292 est
1091 2264 1282 2291 fortissimum
1305 2262 1455 2289 vinculum
1479 2262 1631 2297 amicitiae,
1654 2263 1725 2299 quia
1741 2263 1804 2298 ipsa

1028 2313 1070 2338 c>t
1084 2311 1219 2337 vim-ulum
1239 2311 1423 2344 perfer-tionis
1444 2311 1504 2337 imo
1520 2308 1529 2323 Β
1543 2311 1623 2343 sortis
1639 2313 1675 2337 est
1690 2312 1719 2336 ut
1734 2317 1804 2336 mors

1029 2359 1148 2385 dilectio.
1172 2357 1277 2389 Same,
1298 2357 1419 2391 propter
1443 2355 1540 2383 dilecti
1564 2357 1603 2383 tui
1624 2355 1805 2383 attractivam

1029 2404 1241 2432 amabilitatem
1266 2412 1272 2429 ε
1295 2404 1354 2437 Ego
1379 2402 1457 2429 enim
1473 2404 1482 2418 ⁰
1498 2403 1581 2430 traho
1603 2405 1629 2430 te
1653 2402 1804 2430 movendo

1030 2452 1103 2479 sieut
1115 2452 1245 2478 amatum
1258 2451 1284 2476 et
1298 2449 1508 2483 desideratum,
1523 2452 1550 2477 et
1566 2449 1649 2477 traho
1666 2451 1692 2476 te
1704 2451 1733 2476 in
1747 2451 1806 2476 vin-

1034 2528 1038 2539 *
1061 2527 1095 2550 De
1118 2524 1185 2555 Spir.
1209 2525 1233 2546 et
1257 2523 1352 2551 Animi..
1381 2531 1402 2546 c.
1424 2529 1476 2547 xvi.
1497 2536 1527 2540 —
1547 2523 1556 2539 ⁵
1576 2522 1650 2552 ibid..
1670 2529 1693 2546 c.
1716 2529 1760 2547 xx.
1776 2536 1807 2541 -—

1032 2566 1040 2574 ’·
1054 2562 1136 2589 ίίυιῐ.7
1153 2565 1186 2589 ιι,
1210 2560 1244 2582 10.
1261 2572 1289 2576 -
1307 2560 1312 2571 ⁷
1332 2558 1438 2589 coloss„
1458 2565 1502 2589 111,
1522 2560 1557 2582 Η.
1575 2571 1599 2575 -
1621 2559 1629 2572 ⁸³
1645 2559 1730 2589 Cant„
1747 2564 1805 2588 νιιι,

1032 2599 1055 2622 6,
1067 2610 1096 2615 --
1111 2597 1119 2610 '³
1132 2596 1198 2626 Ose.‚
1211 2601 1248 2624 xi,
1265 2596 1286 2619 4,

1066 2644 1099 2673 tn)
1116 2644 1176 2667 Caii.
1194 2642 1253 2666 edit.
1269 2642 1400 2665 matrerm:
