2020 3037
736 665 1040 706 PRAEFATIONIS
1072 665 1182 704 LOCO

442 796 479 820 Ex
503 795 645 820 Prodromo
670 793 701 820 ad
720 795 803 826 Opera
826 793 915 818 omnia
938 793 966 818 S.
991 793 1183 818 Bonaventurae
1209 792 1331 823 excerpta
1352 790 1481 823 quaedam.

544 1081 560 1117 ξ
574 1082 594 1110 1.
605 1096 640 1101 -
653 1081 767 1109 ΜγετιοΛ
779 1087 924 1108 ‘rm-:omum
939 1079 1112 1116 (Prodrom.,
1127 1079 1176 1107 ccl.
1194 1080 1246 1107 677
1260 1082 1287 1106 et
1300 1078 1381 1115 seq.).

197 1176 369 1209 Novissimi
390 1176 533 1208 Editores
555 1176 647 1207 aiunt
660 1176 684 1214 ¹,
698 1175 874 1215 Mysticam
894 1173 979 1206 hanc
1005 1174 1218 1214 Tlteoloqz‘am‚
1236 1175 1314 1205 teste
1335 1172 1482 1211 Oudino,
1499 1174 1624 1204 exstare
1651 1180 1771 1203 manu-

158 1235 306 1276 scriptam
322 1235 382 1267 sub
404 1235 534 1266 nomine
550 1233 602 1266 Fr.
619 1233 749 1266 Heniici
770 1234 809 1265 de
829 1231 940 1263 Balma
962 1231 1088 1263 Ordinis
1109 1231 1269 1263 Minorum
1291 1242 1306 1261 α
1321 1230 1356 1261 in
1370 1229 1519 1271 pluribus
1534 1227 1642 1261 Galliae
1658 1229 1772 1261 biblio-

159 1293 272 1331 thecis,
288 1303 303 1322 »
323 1292 580 1333 concluduntque
600 1302 608 1324 ι
628 1303 643 1322 ι(
657 1291 791 1324 Nullum
806 1299 887 1331 ergo
901 1289 1053 1329 dubium,
1066 1290 1148 1330 quin
1168 1290 1296 1322 Henrici
1319 1289 1358 1321 de
1373 1288 1483 1320 Balma
1506 1289 1602 1321 foetus
1619 1289 1674 1328 sit,
1698 1298 1773 1321 cum

159 1354 206 1384 tot
228 1352 351 1383 codices
374 1351 468 1383 nobis
494 1353 646 1383 testatum
669 1350 795 1382 faciant.
820 1361 835 1380 n
860 1349 941 1381 Pace
963 1350 1071 1380 tamen
1096 1346 1211 1379 eorum
1234 1346 1389 1386 dixerim,
1415 1345 1483 1377 bini
1507 1346 1629 1377 codices
1651 1344 1773 1377 laudati

160 1410 385 1451 quodcumque
398 1410 534 1441 dubium
550 1410 631 1441 mihi
646 1419 712 1441 non
725 1409 887 1441 auferunt.
903 1408 1027 1448 Primo,
1040 1407 1115 1449 quia
1129 1407 1168 1438 de
1182 1407 1327 1447 ipsorum
1341 1406 1448 1444 aetate,
1460 1404 1564 1445 deque
1574 1404 1628 1436 Fr.
1640 1403 1771 1436 Henrici

160 1469 292 1500 nomine
312 1469 417 1509 prima
437 1469 488 1501 vel
511 1467 650 1500 secunda
671 1477 772 1498 manu
790 1466 893 1507 posito
914 1475 979 1498 non
1004 1467 1142 1505 constat,
1160 1464 1193 1496 id
1206 1464 1293 1505 quod
1308 1463 1411 1495 multo
1423 1463 1533 1503 magis
1545 1462 1717 1494 dicendum
1733 1461 1772 1492 de

161 1527 369 1559 existentibus
392 1527 426 1558 in
451 1527 521 1559 aliis
543 1526 652 1558 Galliae
672 1525 892 1564 bibliothecis,
920 1533 1001 1566 quas
1023 1524 1170 1557 Oudinus
1191 1532 1257 1554 non
1281 1522 1453 1554 nominat:
1478 1521 1616 1553 secundo
1640 1523 1769 1559 autem,

161 1586 237 1627 quia
257 1586 398 1627 praefatis
421 1586 582 1617 codicibus
595 1587 805 1626 opponuntur
821 1583 893 1622 alii,
910 1582 1001 1615 verbi
1016 1582 1140 1622 gratia,
1155 1590 1196 1612 ex
1216 1580 1410 1612 monasterio
1426 1578 1566 1610 Dunensi
1588 1578 1621 1609 in
1637 1577 1768 1618 Belgio,

161 1645 193 1675 et
207 1652 248 1675 ex
269 1643 461 1676 bibliotheca
474 1644 508 1676 S.
525 1643 669 1676 Severini
691 1643 853 1674 Minorum
869 1641 1120 1682 Capuccinorum
1135 1639 1265 1680 Hispelli
1286 1639 1320 1670 in
1336 1638 1486 1677 Umbria,
1503 1637 1648 1677 forteque
1672 1636 1769 1667 etiam

161 1702 243 1733 alius
257 1701 459 1734 bibliothecae
473 1702 696 1734 Ambrosianae
709 1700 970 1740 Mediolanensis‚
995 1709 1122 1732 necnon
1143 1699 1188 1731 illi
1204 1708 1285 1740 quos
1298 1707 1365 1739 prae
1380 1696 1481 1729 oculis
1495 1695 1646 1727 habuisse
1661 1704 1769 1727 neees-

161 1770 234 1792 sum
250 1762 297 1792 est
309 1749 562 1801 Argentinenses
584 1760 728 1792 Editores
752 1759 933 1798 anni1495‚
951 1760 988 1790 ut
1002 1759 1221 1799 praenotarent
1241 1767 1248 1788 ε
1269 1767 1284 1786 <1
1296 1755 1427 1796 Mystica
1441 1754 1618 1794 Theologia
1630 1753 1772 1784 Doctoris

162 1820 326 1861 Seraphici
340 1821 440 1852 sancti
454 1819 687 1852 Bonaventurae
702 1818 828 1851 Ordinis
846 1817 1023 1856 Minorum,
1040 1826 1060 1848 a
1074 1815 1266 1857 quibusdam
1278 1813 1415 1854 ascripta
1430 1812 1567 1844 Henrico
1580 1812 1618 1843 de
1632 1811 1744 1843 Palma
1762 1822 1768 1842 :

162 1888 182 1910 a
200 1879 412 1920 quibusdam,
439 1879 507 1910 aliis
523 1888 530 1909 :
547 1888 566 1910 a
582 1878 729 1920 pluribus
752 1879 860 1909 tamen
886 1875 1058 1908 ascribitur
1082 1875 1190 1905 sancto
1206 1872 1453 1904 Bonaventurae.
1472 1881 1487 1900 n
1508 1870 1651 1903 Profecto
1674 1869 1770 1901 iidem

162 1937 414 1977 Argentinenses
427 1937 571 1969 Editores
586 1937 706 1978 absque
720 1946 780 1977 ope
795 1936 939 1967 codicum
954 1933 1247 1973 manuscriptorum
1264 1931 1401 1963 scribere
1417 1929 1551 1962 minime
1566 1929 1743 1970 potuissent
1763 1939 1770 1960 z

167 2006 183 2026 α
196 1994 329 2035 Mystica
342 1995 531 2036 Theologia‚
547 2005 622 2036 quae
642 1995 715 2026 licet
739 1994 875 2026 Henrico
897 1993 935 2025 de
960 1992 1070 2024 Palma
1090 1992 1284 2030 ascribatur,
1302 1990 1528 2021 Bonaventura
1542 1990 1651 2020 tamen
1665 1997 1684 2019 a
1698 1987 1770 2028 plu-

164 2053 254 2085 ribus
276 2055 347 2093 ejus
371 2056 481 2085 auctor
503 2055 679 2085 asseritur:
702 2062 780 2085 nam
803 2052 889 2084 idem
913 2051 965 2083 Fr.
990 2050 1147 2082 Henricus
1171 2050 1265 2082 aliam
1288 2049 1378 2090 prius
1402 2048 1600 2085 confecerat,
1625 2049 1655 2077 et
1681 2045 1772 2086 quasi

163 2112 308 2144 eamdem
324 2112 492 2143 materiam
513 2113 720 2149 tractaverat,
738 2111 792 2142 sed
807 2110 906 2150 longe
919 2109 982 2141 alio
996 2109 1090 2149 stylo,
1107 2110 1237 2148 propter
1252 2107 1338 2148 quod
1355 2106 1415 2138 sibi
1434 2106 1504 2138 haec
1518 2105 1652 2146 Mystica
1667 2103 1769 2136 Theo-

163 2171 252 2212 logia
265 2171 401 2211 ascripta
416 2171 475 2202 suit
487 2171 509 2202 ².
525 2182 540 2200 n

204 2229 294 2267 Quod
309 2232 418 2261 autem
433 2231 552 2270 spectat
566 2228 710 2261 Codicem
723 2227 789 2259 MS.
806 2225 890 2267 apud
909 2224 1053 2257 Editores
1069 2221 1448 2262 Romanos,Waddingus
1461 2221 1568 2262 ipsum
1581 2221 1771 2261 corruptum

164 2289 323 2328 ostendit,
348 2288 534 2329 intrusaque
557 2287 732 2328 spectantia
753 2286 793 2317 ad
814 2286 962 2318 Ordinem
986 2285 1272 2317 Carthusiensium.
1293 2282 1345 2314 Sic
1368 2283 1486 2323 pariter
1510 2282 1545 2313 in
1569 2280 1635 2312 MS.
1661 2280 1771 2312 Codice

165 2346 442 2378 Benedictinorum
458 2346 734 2378 Lunaelacensium
749 2355 768 2377 a
782 2345 874 2377 nobis
889 2344 974 2384 viso,
990 2345 1154 2376 intrusum
1169 2346 1217 2374 est
1234 2351 1352 2374 nomen
1369 2342 1464 2374 Beati
1482 2341 1587 2374 nostri
1603 2338 1771 2372 Benedicti

164 2406 198 2437 in
214 2406 318 2447 prima
335 2405 483 2437 Oratione
507 2405 639 2438 stimuli
662 2405 792 2437 Amoris
805 2427 815 2443 ,
835 2404 913 2435 alias
931 2404 1051 2434 ferente
1074 2411 1191 2433 nomen
1215 2402 1307 2434 Beati
1328 2400 1508 2433 Francisci.
1534 2396 1769 2430 Animadvertit

164 2465 297 2505 insuper
309 2463 519 2504 Waddingus,
537 2464 623 2504 quod
641 2476 656 2493 (ι
670 2464 856 2496 Theodorus
876 2462 1018 2494 Petreius
1034 2461 1068 2492 in
1083 2470 1142 2492 sua
1159 2460 1355 2491 Bibliotheca
1370 2459 1579 2491 Carthusiana
1591 2466 1655 2488 non
1675 2446 1771 2487 audet

165 2523 225 2555 hoc
247 2532 328 2564 opus
347 2523 518 2564 (Mysticae
546 2523 737 2564 Theoloqiae)
762 2523 983 2554 asseveranter
1008 2521 1143 2553 Henrico
1165 2521 1325 2560 tribuere,
1351 2520 1405 2551 sed
1426 2520 1554 2550 tantum
1578 2517 1639 2555 ait,
1657 2515 1737 2548 illud
1755 2524 1774 2546 a

165 2581 328 2614 nonnullis
344 2581 370 2613 ei
388 2581 514 2613 ascribi.
532 2592 547 2610 n
566 2581 672 2613 Monet
692 2584 861 2622 praeterea,
877 2581 1021 2613 Editores
1043 2591 1171 2621 quoque
1193 2581 1352 2613 Romanos
1366 2579 1576 2613 subdubitare
1596 2577 1772 2613 duntaxat3

200 2665 208 2681 ¹
222 2662 343 2693 Diuo-ib„
356 2669 413 2694 pag.
436 2663 489 2692 112,
506 2661 581 2693 hujus
593 2663 688 2686 nostrae
702 2661 820 2687 editionis
834 2664 896 2686 tom.
914 2663 933 2693 l,
948 2668 1007 2693 pag.
1023 2668 1144 2686 va11.-
1156 2662 1164 2676 ²
1182 2663 1208 2685 ln
1223 2661 1329 2685 exordio
1345 2660 1424 2691 ipsius
1439 2660 1584 2689 Tractatus,
1600 2660 1625 2682 et
1638 2658 1665 2681 in
1680 2655 1776 2681 'rabula

166 2698 351 2730 opusculorum
367 2697 487 2722 secundae
504 2697 592 2728 partis.

266 2751 342 2775 TOM.
364 2751 432 2775 vm.
1639 2747 1658 2770 α
