2004 3037
191 186 251 217 220

189 252 238 280 vel
250 251 274 280 si
287 251 380 280 habet
387 257 489 279 casum
503 249 541 278 de
550 257 612 286 quo
625 251 723 286 potest
735 249 818 279 solus
828 251 907 288 Papa
915 251 968 280 ab·

189 298 315 333 solvere,
328 299 356 326 et
363 297 457 326 modo
466 296 557 326 habet
569 297 687 334 copiam
694 297 902 334 poenitentiarii
913 298 968 328 do-

189 344 263 374 mini
277 345 371 381 Papoe.

225 391 252 419 Si
267 392 417 428 quoeratur
429 392 530 420 utrum
545 390 691 420 confessio
705 390 781 420 faeta
801 390 832 420 in
845 393 966 428 peceato

189 437 307 467 mortali
327 437 440 473 valeat,
462 438 624 466 dicendum
643 439 702 472 est,
723 437 807 474 quod
821 438 967 467 confessio

189 484 274 513 estin
289 484 467 520 remedium,
483 486 511 513 et
524 485 554 512 in
568 486 762 521 praeceptum:
775 484 807 512 in
822 486 968 521 quantum

189 533 232 560 est
249 531 280 559 in
297 531 478 566 remedium,
497 539 559 572 non
577 531 656 559 valet
678 531 709 559 in
728 531 846 560 mortali
868 531 965 561 saeta:

187 580 288 606 tamen
306 578 471 606 absolvitur
489 578 580 606 homo
595 586 613 606 a
626 579 790 615 praeeepto,
813 578 888 607 sicut
900 578 966 608 ficte

187 625 371 661 baptismum
385 625 557 661 suscipiens.

223 672 325 700 Utrum
347 672 491 700 consessio
509 673 546 700 sit
565 671 706 701 iteranda.
729 673 803 701 Nota
821 672 904 710 quod
923 681 967 702 re-

187 719 329 755 gulariter
339 719 439 747 nullus
453 721 568 748 tenetur
579 719 794 748 contessionem
810 720 892 749 bona
905 720 965 749 fide

186 766 294 794 factam
320 766 449 802 amplius
473 766 589 794 iterare.
613 767 684 795 Sunt
709 768 810 795 tamen
837 769 966 803 quatuor

187 821 272 842 casus
290 813 320 842 in
340 814 450 851 quibus
470 815 584 842 tenetur
598 814 665 850 quis
684 814 787 842 iterare
807 814 965 843 consessio·

187 868 271 896 nem,
291 869 420 897 quorum
439 861 500 889 duo
522 863 589 889 sunt
609 863 730 897 propter
744 860 963 897 confessorem,

188 909 216 935 et
236 907 298 935 duo
318 909 438 944 propter
455 907 653 936 confitentem.
673 908 801 942 Primus,
821 907 846 936 si
865 908 965 936 deficit

187 953 348 983 consessori
364 954 455 983 clavis
474 955 622 991 potentiae,
638 963 674 982 eo
693 954 777 991 quod
796 962 857 982 non
874 954 967 983 habet

185 1003 360 1038 potestatem
374 1002 413 1030 ab
428 1001 479 1030 illo
493 1004 614 1038 peccato
630 1001 795 1030 absolvere.
811 1002 963 1031 Secundus

187 1049 243 1082 est,
259 1048 282 1075 si
297 1048 396 1076 deficit
410 1049 436 1076 ei
451 1049 541 1076 clavis
556 1048 699 1083 scientiae,
717 1049 787 1085 quia
802 1049 892 1078 nescit
906 1049 964 1078 dis-

187 1102 315 1123 cernere.
331 1095 441 1123 Tertius
453 1097 506 1129 est,
519 1096 542 1123 si
558 1095 700 1123 confitens
715 1095 882 1124 dimidiavit
896 1104 964 1125 con-

186 1140 361 1170 sessionem:
374 1144 490 1178 oportet
500 1142 579 1170 enim
592 1142 675 1178 quod
691 1143 741 1170 uni
756 1143 807 1171 fiat
818 1143 962 1172 confessio

186 1188 298 1224 integre
311 1189 459 1224 omnium,
477 1197 543 1225 quae
561 1189 707 1217 habentur
721 1189 751 1217 in
764 1191 918 1218 memoria.
936 1191 962 1219 Si

186 1243 258 1263 vero
281 1236 382 1272 aliqua
404 1236 572 1264 exciderant
594 1244 611 1264 a
633 1237 792 1270 memoria,
812 1245 873 1265 non
894 1237 963 1266 ideo

187 1281 275 1310 debet
288 1283 416 1318 reputari
433 1282 578 1310 consessio
591 1283 755 1311 dimidiata.
772 1284 896 1317 Quartus
909 1287 962 1320 est,

186 1329 209 1357 si
224 1330 413 1366 contempsit,
428 1338 479 1357 scu
494 1330 638 1365 neglexit,
654 1332 683 1358 et
697 1330 807 1358 oblitus
823 1333 865 1359 est
879 1332 962 1359 satis-

186 1375 362 1404 factionem:
384 1384 453 1404 nam
474 1377 498 1404 si
519 1376 619 1412 sciret,
642 1379 668 1404 et
688 1376 851 1415 adimplere
862 1379 961 1415 vellet,

186 1430 247 1451 non
262 1424 410 1459 oporteret
424 1423 640 1451 consessionem
655 1424 768 1453 iterare.

221 1469 249 1498 Si
268 1478 340 1498 vero
361 1470 468 1506 aliquis
484 1470 570 1498 cadat
585 1471 614 1498 in
635 1473 788 1507 peecatum
804 1474 962 1508 postquam

186 1516 266 1544 bona
280 1515 338 1544 fide
350 1516 417 1544 fecit
428 1517 654 1552 consessionem,
666 1518 788 1554 quaestio
800 1520 852 1553 est,
863 1521 962 1547 utrum

185 1565 319 1591 teneatur
335 1563 548 1591 consessionem
567 1564 648 1600 prius
669 1565 775 1593 factam
791 1565 895 1594 iterare
912 1575 918 1594 :
936 1569 963 1595 et

186 1613 229 1638 est
242 1610 343 1646 opinio
359 1610 441 1646 quod
462 1618 522 1638 non
542 1611 571 1638 in
591 1611 705 1648 specie,
722 1612 774 1640 sed
789 1612 820 1640 in
836 1620 960 1648 gencre;

185 1656 253 1684 licet
262 1656 345 1685 aliter
357 1657 455 1685 dicant
470 1657 603 1693 quidam.

221 1705 294 1732 Nota
317 1704 399 1740 quod
421 1704 566 1732 consessio
584 1705 659 1733 sacta
681 1713 734 1740 per
757 1707 890 1734 nuntium
914 1707 962 1735 vel

185 1759 238 1788 per
253 1752 426 1787 epistolam,
442 1752 509 1780 licet
523 1753 558 1780 sit
577 1753 733 1788 quoddam
754 1761 828 1789 opus
847 1754 961 1782 bonum

187 1800 214 1826 et
234 1798 434 1832 meritorium,
451 1801 548 1826 tamen
563 1799 592 1827 in
608 1802 753 1835 quantum
775 1802 816 1827 est
830 1807 898 1836 pars
913 1808 960 1828 sa-

187 1845 327 1873 cramenti
342 1845 529 1881 poenitentioe,
547 1854 607 1873 non
622 1848 716 1882 potest
731 1847 771 1874 sic
785 1846 849 1874 fieri
866 1856 872 1873 τ
891 1847 962 1882 quia

187 1891 410 1920 determinatam
432 1892 522 1920 habet
545 1893 713 1927 materiam,
733 1893 843 1921 scilicet
863 1896 961 1923 actum

185 1939 344 1972 sermonis,
360 1947 420 1974 quo
441 1939 619 1967 conscientia
637 1940 765 1967 hominis
781 1940 961 1969 manifestari

186 1986 344 2013 consuevit.
361 1985 440 2013 Unde
458 1986 519 2013 sine
534 1987 703 2015 necessitate
719 1995 779 2014 non
798 1987 864 2015 licet
879 1988 962 2016 aliter

186 2031 319 2059 confiteri
337 2042 344 2066 3
374 2032 403 2059 iu
432 2033 600 2060 necessitate
628 2036 724 2068 potest
750 2034 881 2062 detectus
908 2043 961 2071 per

186 2078 424 2114 tequipollentem
439 2082 537 2107 actum
551 2079 691 2115 suppleri.

430 2173 571 2207 CAPUT
595 2174 717 2207 xxvi.

295 2246 333 2272 De
352 2246 485 2280 qualitate
504 2248 529 2271 ct
548 2246 640 2279 effectu
660 2246 848 2279 Confessiom's.

223 2312 322 2346 Qualis
338 2313 444 2342 debeat
458 2322 519 2342 esse
534 2313 690 2349 consessio,
706 2316 823 2343 notatur
838 2315 883 2343 his
898 2324 961 2344 ver-

187 2359 268 2388 sibus
284 2369 291 2387 z

204 2423 240 2447 sit
255 2423 371 2454 simplex,
387 2423 488 2447 humilis
503 2424 637 2454 consessio,
652 2431 725 2455 pura,
739 2424 829 2455 fidelis,

204 2460 278 2486 Vera.
295 2459 425 2489 frequens,
439 2460 517 2487 nuda,
533 2460 651 2491 discreta,
667 2460 757 2487 libens,
774 2461 929 2489 verecunda,

206 2494 314 2525 integra,
327 2496 433 2525 secreta,
448 2495 626 2526 lacrymabilis,
640 2496 789 2526 accelerata,

205 2530 295 2560 Fortis,
312 2533 336 2555 et
353 2538 485 2560 accusans,
501 2533 526 2555 et
540 2531 570 2556 sit
586 2539 676 2562 parere
691 2534 791 2563 parata.

225 2594 267 2622 Ad
278 2595 371 2623 multa
384 2596 463 2624 valet
477 2596 621 2624 confessio
638 2605 644 2624 z
664 2599 688 2624 ί.
706 2600 726 2625 Α
738 2598 832 2625 morte
847 2597 963 2632 liberat,

190 2641 261 2678 quia
275 2641 349 2671 sicut
361 2642 505 2672 confessio
515 2643 546 2671 in
557 2643 623 2672 foro
636 2644 817 2673 contentioso
831 2643 961 2679 damnat,

511 181 770 215 COMPENDlUM
789 182 1050 218 THEOLOGICAE
1068 185 1301 226 VERlTATlS.
1323 187 1400 220 LlB.
1423 187 1476 222 vt.

1024 253 1066 284 sic
1079 253 1110 282 in
1123 254 1268 292 spirituali
1278 255 1394 284 liberat.
1411 257 1437 283 2.
1451 254 1580 284 Vulnera
1586 255 1693 284 mentis
1701 257 1786 286 sanat
1790 266 1800 292 ;

1024 300 1220 338 Hieronymus
1235 311 1242 330 :
1261 313 1275 329 α
1293 301 1405 330 Vulnus
1417 310 1481 331 non
1494 301 1675 331 intellectum
1689 302 1802 332 tardius

1025 349 1154 377 sanatur.
1174 359 1187 374 n
1205 350 1233 378 3.
1248 350 1340 377 Deum
1356 348 1472 377 homini
1487 348 1669 384 manifestat3
1688 350 1802 386 Augus-

1025 393 1124 422 tinus:
1140 403 1155 421 «
1176 394 1204 423 Si
1222 395 1336 424 nollem
1351 395 1501 430 confiteri,
1518 403 1580 423 non
1595 403 1643 424 me
1661 395 1716 423 tibi
1734 394 1802 424 abs-

1025 441 1202 477 conderem,
1217 443 1271 471 sed
1284 445 1311 471 te
1328 443 1412 472 mihi.
1427 453 1440 470 n
1460 445 1487 470 4.
1504 441 1676 471 Paradisum
1690 442 1801 479 aperit;

1023 488 1202 524 Augustinus
1218 499 1226 517 :
1251 499 1265 516 α
1278 490 1301 518 Ο
1320 489 1411 518 breve
1433 489 1559 518 verbum
1575 490 1702 524 Peccam',
1718 489 1803 526 quod

1023 538 1124 571 portas
1140 536 1234 572 aperit
1256 537 1406 573 paradisi!
1423 546 1436 563 »
1454 535 1630 572 Exemplum
1644 535 1674 563 in
1688 535 1803 565 latrone

1023 581 1137 610 dextro.
1150 585 1175 610 5.
1189 584 1308 612 Peccata
1326 583 1414 620 tegit3
1434 583 1514 611 unde
1532 583 1670 620 quaedam
1683 582 1800 612 Glossa:

1027 638 1040 654 «
1065 629 1094 657 Si
1122 628 1215 658 homo
1243 633 1399 666 peccatum
1425 630 1554 666 detegit,
1581 631 1655 658 Deus
1681 629 1760 666 tegit.
1785 640 1799 658 υ

1023 678 1048 704 6.
1061 677 1288 706 Misericordiam
1305 677 1436 706 divinam
1453 677 1583 706 emollit:
1600 677 1701 706 Glossa
1713 685 1803 714 super

1021 723 1098 752 illud
1112 723 1220 752 Psalmi
1237 725 1246 741 ¹
1260 733 1266 752 :
1285 726 1414 753 Delictum
1425 733 1511 752 meum
1521 726 1657 759 cognitum
1672 725 1724 752 tibi
1737 725 1800 758 feci.

1021 770 1049 798 Si
1070 770 1162 798 homo
1184 771 1335 806 agnoscit,
1359 772 1433 798 Deus
1455 771 1591 806 ignoscit.
1616 773 1641 798 7.
1663 770 1802 799 Animum

1018 816 1165 851 ,Iucundat
1187 817 1198 833 ²
1220 825 1227 844 ι
1259 818 1292 845 In
1314 825 1376 845 voce
1405 813 1581 845 emanationis
1605 820 1631 845 et
1659 818 1802 851 confessio-

1021 866 1080 899 m‘s,
1108 867 1162 893 ete.
1191 867 1218 893 8.
1239 867 1448 894 lutei-cessores
1470 865 1648 902 multiplicat
1669 874 1676 893 :
1706 873 1802 894 sacer-

1022 910 1105 939 dotes
1124 911 1203 940 cnim
1227 920 1282 949 pro
1301 912 1361 940 suis
1389 912 1530 941 confessis
1550 914 1647 940 orant.
1675 913 1703 940 9.
1728 913 1802 941 Con-

1021 958 1173 987 scientiam
1188 959 1331 994 mundat;
1349 959 1526 994 Augustinus
1541 960 1551 978 ³
1566 968 1573 987 :
1589 969 1603 985 α
1615 958 1800 995 confitendo,

1020 1004 1053 1033 fit
1066 1005 1157 1034 homo
1173 1006 1210 1034 de
1225 1006 1305 1034 t'oedo
1321 1006 1451 1043 pulcher.
1468 1017 1481 1032 n
1508 1008 1550 1035 10.
1565 1006 1672 1034 Foedus
1687 1006 1801 1036 diaboli

1020 1052 1148 1088 rumpit,
1163 1053 1238 1081 sicut
1252 1061 1320 1080 cum
1337 1053 1445 1090 aliquis
1460 1056 1604 1081 secretum
1621 1053 1740 1081 alterius
1752 1053 1801 1082 de-

1022 1098 1100 1134 tegit.
1119 1101 1160 1126 ll.
1178 1100 1236 1127 Deo
1251 1099 1405 1127 hominem
1419 1100 1586 1136 conjungit3
1600 1100 1798 1135 Augustinus:

1024 1155 1037 1170 n
1051 1146 1126 1180 Quid
1150 1146 1274 1182 propius
1296 1146 1418 1174 auribus
1441 1147 1517 1181 tuiS,
1543 1154 1634 1183 quam
1658 1146 1801 1175 confitens

1020 1199 1085 1227 cor,
1100 1194 1127 1220 et
1142 1192 1202 1221 vita
1218 1201 1285 1229 quae
1303 1196 1344 1221 est
1359 1201 1394 1221 ex
1416 1193 1474 1221 fide
1488 1193 1502 1220 ἵ
1524 1195 1565 1220 ¹2.
1586 1195 1616 1222 ln
1632 1193 1682 1222 via
1699 1193 1800 1222 salutis

1020 1238 1120 1274 dirigit
1139 1241 1149 1257 ὅ
1172 1249 1178 1267 :
1204 1240 1257 1273 Oui
1280 1240 1419 1268 abscondit
1441 1241 1539 1268 seelera
1561 1247 1629 1274 sua,
1651 1248 1704 1268 non
1725 1241 1800 1268 diri-

1019 1289 1107 1321 ρεῖαν,
1121 1288 1173 1314 etc.
1191 1288 1234 1315 13.
1251 1288 1404 1315 Peccatum
1416 1287 1494 1315 delet
1506 1287 1512 1303 ¹
1526 1296 1532 1314 :
1547 1288 1638 1314 Dixi:
1652 1287 1800 1322 Confitebor

1019 1333 1159 1360 adversum
1182 1342 1238 1368 me,
1260 1336 1312 1361 etc.
1341 1335 1384 1361 14.
1415 1333 1647 1362 satisfactionem
1665 1333 1797 1370 supplet;

1019 1379 1120 1407 Glossa
1140 1388 1228 1415 super
1248 1380 1411 1409 Matthaeum
1429 1381 1466 1416 (a)
1485 1389 1492 1408 :
1516 1390 1529 1405 (ι
1543 1380 1690 1408 {ubemur
1703 1380 1797 1409 confi-

1018 1425 1071 1453 teri
1087 1429 1206 1462 pcecata
1218 1429 1335 1461 nostra,
1354 1429 1384 1454 ut
1398 1427 1632 1455 erubescentiam
1651 1427 1798 1463 patiamur

1018 1480 1073 1508 pro
1092 1481 1190 1508 poena.
1211 1482 1225 1498 n
1243 1474 1288 1501 15.
1313 1474 1420 1502 ltlalum
1441 1475 1607 1509 proeeavet:
1627 1474 1798 1510 exemplum

1019 1519 1056 1547 de
1071 1519 1158 1547 dente
1174 1520 1309 1556 putride,
1329 1521 1380 1557 qui
1399 1520 1579 1555 extrahitur,
1594 1528 1630 1549 ne
1650 1520 1700 1549 alii
1715 1529 1796 1549 com-

1018 1569 1195 1602 putrescant.

1251 1647 1394 1682 CAPUT
1422 1648 1560 1682 XXVII.

1209 1725 1259 1753 Cui
1278 1726 1368 1753 debeat
1386 1727 1446 1760 fieri
1465 1727 1607 1760 Confessio.

1054 1801 1230 1830 Generaliter
1248 1804 1356 1836 teneas,
1373 1802 1454 1838 quod
1470 1802 1614 1831 consessio
1631 1803 1719 1831 debet
1730 1802 1794 1832 fieri

1017 1848 1162 1876 sacerdoti
1174 1848 1294 1877 habenti
1313 1848 1425 1883 claves,
1439 1857 1505 1884 quae
1519 1851 1585 1877 sunt
1599 1849 1720 1878 scientia
1734 1849 1793 1877 dis-

1017 1895 1174 1930 cernendi,
1199 1897 1228 1923 et
1249 1897 1377 1931 potestas
1400 1895 1513 1930 ligandi
1537 1898 1625 1932 atque
1645 1895 1791 1924 solvendi.

1017 1941 1175 1969 Sciendum
1194 1943 1293 1969 autem
1312 1941 1395 1978 quod
1416 1942 1489 1970 sicut
1509 1941 1673 1979 baptismus
1692 1944 1733 1970 cst
1747 1951 1792 1970 sa-

1017 1989 1200 2015 cramentum
1215 1988 1403 2021 necessitatis,
1417 1988 1456 2016 ita
1471 1991 1497 2016 et
1515 1988 1693 2024 poenitentia.
1710 1989 1791 2017 Unde

1016 2034 1090 2061 sieut
1118 2035 1282 2070 baptismus
1309 2035 1459 2071 duplicem
1487 2036 1577 2063 habet
1601 2035 1768 2063 ministrum
1783 2044 1790 2063 :

1017 2088 1111 2108 unum
1126 2081 1171 2108 cui
1188 2082 1327 2116 competit
1340 2082 1489 2117 baptizare
1508 2091 1543 2110 cx
1560 2082 1670 2116 officio,
1686 2081 1794 2110 scilicet

1017 2129 1218 2163 sacerdotem3
1235 2129 1325 2157 alium
1342 2130 1388 2157 cui
1405 2130 1594 2157 committitur
1613 2129 1792 2165 dispensatio

1017 2175 1156 2212 baptismi
1179 2176 1291 2203 ratione
1313 2176 1489 2204 necessitatis
1513 2184 1519 2202 :
1544 2176 1583 2203 ita
1611 2178 1638 2203 et
1662 2176 1793 2204 minister

1017 2222 1193 2258 poenitentia*
1208 2222 1318 2258 duplex
1339 2225 1380 2249 est
1397 2230 1404 2249 ε
1421 2230 1497 2249 unus
1517 2225 1557 2250 est
1577 2222 1624 2250 cui
1647 2222 1792 2250 consessio

1017 2269 1049 2297 sit
1063 2277 1096 2297 ex
1113 2269 1210 2297 officio
1222 2289 1229 2301 ,
1245 2269 1319 2296 sieut
1340 2271 1381 2296 est
1395 2268 1551 2301 sacerdo&
1569 2269 1658 2304 alius,
1676 2269 1727 2305 qui
1741 2278 1793 2297 au·

1018 2316 1128 2343 diendo
1161 2315 1375 2343 confessionem
1407 2315 1501 2343 vicem
1530 2316 1668 2351 supplere
1698 2318 1793 2351 potest

1018 2362 1177 2390 sacerdotis
1196 2363 1226 2389 in
1247 2362 1416 2390 necessitate
1430 2384 1436 2395 ‚
1457 2365 1487 2389 ut
1510 2365 1552 2390 est
1573 2362 1674 2390 laicus.
1692 2362 1793 2389 Dicunt

1018 2412 1116 2437 tamen
1133 2409 1225 2444 aliqui
1242 2409 1323 2444 quod
1339 2418 1406 2436 cuin
1422 2409 1503 2437 deest
1523 2409 1608 2444 copia
1622 2407 1790 2443 sacerdotis,

1018 2464 1079 2484 non
1092 2457 1207 2491 oportet
1222 2455 1352 2483 confiteri
1365 2455 1450 2488 laico,
1465 2455 1518 2483 sed
1534 2454 1639 2482 sufficit
1654 2453 1708 2481 soli
1723 2455 1789 2482 Deo.

1055 2502 1194 2537 Quamvis
1218 2510 1321 2530 omnes
1343 2502 1508 2530 sacerdotes
1528 2501 1625 2529 claves
1647 2501 1790 2536 habeant,

1051 2571 1058 2586 ¹
1074 2569 1141 2595 Psal.
1158 2575 1231 2599 xxxi,
1245 2571 1301 2593 5.-
1316 2570 1323 2584 2
1340 2569 1406 2593 usal.
1423 2576 1475 2599 xm,
1494 2571 1549 2593 5.—
1561 2569 1571 2586 ³
1589 2570 1662 2598 Aua,
1680 2570 1705 2592 in
1722 2569 1787 2593 Psal.

1020 2612 1077 2636 xcv,
1094 2605 1195 2629 fourr..
1211 2612 1236 2627 n,
1253 2606 1275 2627 7.
1292 2618 1321 2622 —
1335 2605 1345 2622 δ
1359 2605 1440 2635 Proin,
1457 2610 1549 2634 xxviii,
1566 2606 1601 2628 13.

1052 2647 1085 2678 (u)
1099 2647 1159 2672 Caet.
1174 2646 1233 2671 edit.
1251 2647 1379 2672 Matthzno.
