<?xml version="1.0" encoding="UTF-8"?>
<!DOCTYPE html PUBLIC "-//W3C//DTD XHTML 1.0 Transitional//EN"
    "http://www.w3.org/TR/xhtml1/DTD/xhtml1-transitional.dtd">
<html xmlns="http://www.w3.org/1999/xhtml" xml:lang="en" lang="en">
 <head>
  <title>
</title>
<meta http-equiv="Content-Type" content="text/html;charset=utf-8" />
  <meta name='ocr-system' content='tesseract 3.04.00' />
  <meta name='ocr-capabilities' content='ocr_page ocr_carea ocr_par ocr_line ocrx_word'/>
</head>
<body>
  <div class='ocr_page' id='page_1' title='image "./operaomniasixtiv08bonauoft/operaomniasixtiv08bonauoft_0029.png"; bbox 0 0 2004 3037; ppageno 0'>
   <div class='ocr_carea' id='block_1_1' title="bbox 760 220 1795 258">
    <p class='ocr_par' dir='ltr' id='par_1_1' title="bbox 760 220 1795 258">
     <span class='ocr_line' id='line_1_1' title="bbox 760 220 1795 258; baseline 0.006 -6"><span class='ocrx_word' id='word_1_1' title='bbox 760 220 846 253; x_wconf 89' lang='lat' dir='ltr'><strong>CAP.</strong></span> <span class='ocrx_word' id='word_1_2' title='bbox 871 221 908 253; x_wconf 91' lang='lat'><strong>11.</strong></span> <span class='ocrx_word' id='word_1_3' title='bbox 934 220 1159 254; x_wconf 84' lang='lat' dir='ltr'><strong>PARTICULA</strong></span> <span class='ocrx_word' id='word_1_4' title='bbox 1182 222 1218 254; x_wconf 88' lang='lat'><strong>11.</strong></span> <span class='ocrx_word' id='word_1_5' title='bbox 1775 228 1795 258; x_wconf 83' lang='lat'>9</span> 
     </span>
    </p>
   </div>
   <div class='ocr_carea' id='block_1_2' title="bbox 174 288 962 2628">
    <p class='ocr_par' dir='ltr' id='par_1_2' title="bbox 174 288 962 2628">
     <span class='ocr_line' id='line_1_2' title="bbox 182 288 962 327; baseline -0.006 -6"><span class='ocrx_word' id='word_1_6' title='bbox 182 292 294 321; x_wconf 86' lang='lat' dir='ltr'><strong>scilicet</strong></span> <span class='ocrx_word' id='word_1_7' title='bbox 311 292 342 320; x_wconf 92' lang='lat' dir='ltr'><strong>in</strong></span> <span class='ocrx_word' id='word_1_8' title='bbox 364 299 432 320; x_wconf 78' lang='lat' dir='ltr'><strong>aere</strong></span> <span class='ocrx_word' id='word_1_9' title='bbox 437 312 446 327; x_wconf 93' lang='lat'><strong>,</strong></span> <span class='ocrx_word' id='word_1_10' title='bbox 462 290 580 319; x_wconf 83' lang='lat' dir='ltr'><strong>videtur</strong></span> <span class='ocrx_word' id='word_1_11' title='bbox 599 289 688 318; x_wconf 86' lang='lat' dir='ltr'><strong>etiam</strong></span> <span class='ocrx_word' id='word_1_12' title='bbox 708 289 740 317; x_wconf 88' lang='lat' dir='ltr'><strong>in</strong></span> <span class='ocrx_word' id='word_1_13' title='bbox 754 289 868 326; x_wconf 88' lang='lat' dir='ltr'><strong>seipso,</strong></span> <span class='ocrx_word' id='word_1_14' title='bbox 884 288 962 316; x_wconf 87' lang='lat' dir='ltr'><strong>utin</strong></span> 
     </span>
     <span class='ocr_line' id='line_1_3' title="bbox 182 335 961 372; baseline -0.006 -4"><span class='ocrx_word' id='word_1_15' title='bbox 182 338 262 368; x_wconf 74' lang='lat' dir='ltr'><strong>toute</strong></span> <span class='ocrx_word' id='word_1_16' title='bbox 281 339 390 367; x_wconf 86' lang='lat' dir='ltr'><strong>solari:</strong></span> <span class='ocrx_word' id='word_1_17' title='bbox 416 338 458 366; x_wconf 84' lang='lat' dir='ltr'><strong>sic</strong></span> <span class='ocrx_word' id='word_1_18' title='bbox 480 337 582 366; x_wconf 86' lang='lat' dir='ltr'><strong>radius</strong></span> <span class='ocrx_word' id='word_1_19' title='bbox 604 336 722 365; x_wconf 89' lang='lat' dir='ltr'><strong>divinus</strong></span> <span class='ocrx_word' id='word_1_20' title='bbox 740 336 829 364; x_wconf 86' lang='lat' dir='ltr'><strong>etiam</strong></span> <span class='ocrx_word' id='word_1_21' title='bbox 847 335 961 372; x_wconf 89' lang='lat' dir='ltr'><strong>spiritui</strong></span> 
     </span>
     <span class='ocr_line' id='line_1_4' title="bbox 182 382 961 423; baseline -0.006 -8"><span class='ocrx_word' id='word_1_22' title='bbox 182 387 306 423; x_wconf 84' lang='lat' dir='ltr'><strong>apparet</strong></span> <span class='ocrx_word' id='word_1_23' title='bbox 319 384 479 422; x_wconf 81' lang='lat' dir='ltr'><strong>tripliciter.</strong></span> <span class='ocrx_word' id='word_1_24' title='bbox 489 385 617 421; x_wconf 81' lang='lat' dir='ltr'>Apparet</span> <span class='ocrx_word' id='word_1_25' title='bbox 631 383 711 412; x_wconf 88' lang='lat' dir='ltr'><strong>enim</strong></span> <span class='ocrx_word' id='word_1_26' title='bbox 726 383 757 411; x_wconf 90' lang='lat' dir='ltr'><strong>in</strong></span> <span class='ocrx_word' id='word_1_27' title='bbox 770 391 853 411; x_wconf 89' lang='lat' dir='ltr'><strong>sacra</strong></span> <span class='ocrx_word' id='word_1_28' title='bbox 868 382 961 419; x_wconf 89' lang='lat' dir='ltr'><strong>Scrip-</strong></span> 
     </span>
     <span class='ocr_line' id='line_1_5' title="bbox 183 430 961 469; baseline -0.005 -8"><span class='ocrx_word' id='word_1_29' title='bbox 183 436 262 468; x_wconf 83' lang='lat' dir='ltr'>tura,</span> <span class='ocrx_word' id='word_1_30' title='bbox 274 431 411 469; x_wconf 77' lang='lat' dir='ltr'><strong>quando,</strong></span> <span class='ocrx_word' id='word_1_31' title='bbox 427 431 483 460; x_wconf 89' lang='lat' dir='ltr'><strong>sub</strong></span> <span class='ocrx_word' id='word_1_32' title='bbox 504 431 612 459; x_wconf 87' lang='lat' dir='ltr'><strong>cortice</strong></span> <span class='ocrx_word' id='word_1_33' title='bbox 626 430 729 458; x_wconf 75' lang='lat' dir='ltr'><strong>litterae</strong></span> <span class='ocrx_word' id='word_1_34' title='bbox 739 451 748 466; x_wconf 85' lang='lat'><strong>,</strong></span> <span class='ocrx_word' id='word_1_35' title='bbox 768 438 822 467; x_wconf 88' lang='lat' dir='ltr'><strong>per</strong></span> <span class='ocrx_word' id='word_1_36' title='bbox 836 430 961 466; x_wconf 78' lang='lat' dir='ltr'><strong>aliquod</strong></span> 
     </span>
     <span class='ocr_line' id='line_1_6' title="bbox 184 477 961 515; baseline -0.006 -6"><span class='ocrx_word' id='word_1_37' title='bbox 184 480 298 509; x_wconf 89' lang='lat' dir='ltr'><strong>donum</strong></span> <span class='ocrx_word' id='word_1_38' title='bbox 308 479 508 515; x_wconf 76' lang='lat' dir='ltr'><strong>intelligentiae</strong></span> <span class='ocrx_word' id='word_1_39' title='bbox 527 486 630 507; x_wconf 88' lang='lat' dir='ltr'><strong>sensus</strong></span> <span class='ocrx_word' id='word_1_40' title='bbox 648 477 831 513; x_wconf 87' lang='lat' dir='ltr'><strong>anagogicus</strong></span> <span class='ocrx_word' id='word_1_41' title='bbox 846 477 961 505; x_wconf 87' lang='lat' dir='ltr'><strong>inveni-</strong></span> 
     </span>
     <span class='ocr_line' id='line_1_7' title="bbox 183 524 961 563; baseline -0.004 -8"><span class='ocrx_word' id='word_1_42' title='bbox 183 528 237 562; x_wconf 83' lang='lat' dir='ltr'><strong>tur,</strong></span> <span class='ocrx_word' id='word_1_43' title='bbox 255 535 316 563; x_wconf 92' lang='lat' dir='ltr'><strong>quo</strong></span> <span class='ocrx_word' id='word_1_44' title='bbox 335 534 419 554; x_wconf 88' lang='lat' dir='ltr'><strong>mens</strong></span> <span class='ocrx_word' id='word_1_45' title='bbox 441 526 515 554; x_wconf 90' lang='lat' dir='ltr'><strong>sicut</strong></span> <span class='ocrx_word' id='word_1_46' title='bbox 533 534 586 562; x_wconf 88' lang='lat' dir='ltr'><strong>per</strong></span> <span class='ocrx_word' id='word_1_47' title='bbox 602 525 765 561; x_wconf 82' lang='lat' dir='ltr'>quemdam</span> <span class='ocrx_word' id='word_1_48' title='bbox 786 524 905 552; x_wconf 87' lang='lat' dir='ltr'><strong>radium</strong></span> <span class='ocrx_word' id='word_1_49' title='bbox 922 524 961 552; x_wconf 88' lang='lat' dir='ltr'><strong>ad</strong></span> 
     </span>
     <span class='ocr_line' id='line_1_8' title="bbox 182 571 961 609; baseline -0.005 -7"><span class='ocrx_word' id='word_1_50' title='bbox 182 581 316 602; x_wconf 83' lang='lat' dir='ltr'><strong>amorem</strong></span> <span class='ocrx_word' id='word_1_51' title='bbox 335 573 381 601; x_wconf 93' lang='lat' dir='ltr'><strong>sui</strong></span> <span class='ocrx_word' id='word_1_52' title='bbox 402 573 545 601; x_wconf 81' lang='lat' dir='ltr'><strong>creatoris</strong></span> <span class='ocrx_word' id='word_1_53' title='bbox 565 571 766 609; x_wconf 88' lang='lat' dir='ltr'><strong>multipliciter</strong></span> <span class='ocrx_word' id='word_1_54' title='bbox 790 573 817 599; x_wconf 92' lang='lat' dir='ltr'><strong>et</strong></span> <span class='ocrx_word' id='word_1_55' title='bbox 837 571 961 599; x_wconf 86' lang='lat' dir='ltr'><strong>mirabi-</strong></span> 
     </span>
     <span class='ocr_line' id='line_1_9' title="bbox 181 618 962 655; baseline -0.004 -7"><span class='ocrx_word' id='word_1_56' title='bbox 181 620 246 649; x_wconf 85' lang='lat' dir='ltr'><strong>liter</strong></span> <span class='ocrx_word' id='word_1_57' title='bbox 267 620 383 648; x_wconf 88' lang='lat' dir='ltr'><strong>erudita</strong></span> <span class='ocrx_word' id='word_1_58' title='bbox 406 619 538 655; x_wconf 86' lang='lat' dir='ltr'><strong>erigitur.</strong></span> <span class='ocrx_word' id='word_1_59' title='bbox 564 621 602 647; x_wconf 86' lang='lat' dir='ltr'><strong>De</strong></span> <span class='ocrx_word' id='word_1_60' title='bbox 622 619 677 647; x_wconf 90' lang='lat' dir='ltr'><strong>isto</strong></span> <span class='ocrx_word' id='word_1_61' title='bbox 694 619 796 654; x_wconf 86' lang='lat' dir='ltr'><strong>radio,</strong></span> <span class='ocrx_word' id='word_1_62' title='bbox 820 618 872 655; x_wconf 92' lang='lat' dir='ltr'><strong>qui</strong></span> <span class='ocrx_word' id='word_1_63' title='bbox 894 618 962 646; x_wconf 86' lang='lat' dir='ltr'><strong>facit</strong></span> 
     </span>
     <span class='ocr_line' id='line_1_10' title="bbox 181 655 960 703; baseline -0.004 -8"><span class='ocrx_word' id='word_1_64' title='bbox 181 675 298 703; x_wconf 84' lang='lat' dir='ltr'><strong>semper</strong></span> <span class='ocrx_word' id='word_1_65' title='bbox 316 655 472 703; x_wconf 68' lang='lat' dir='ltr'><strong>splefidere</strong></span> <span class='ocrx_word' id='word_1_66' title='bbox 494 667 645 703; x_wconf 87' lang='lat' dir='ltr'><strong>spiritum,</strong></span> <span class='ocrx_word' id='word_1_67' title='bbox 666 665 771 694; x_wconf 87' lang='lat' dir='ltr'><strong>beatus</strong></span> <span class='ocrx_word' id='word_1_68' title='bbox 792 665 960 702; x_wconf 87' lang='lat' dir='ltr'><strong>Dionysius,</strong></span> 
     </span>
     <span class='ocr_line' id='line_1_11' title="bbox 181 711 961 748; baseline -0.004 -6"><span class='ocrx_word' id='word_1_69' title='bbox 181 715 214 742; x_wconf 86' lang='lat' dir='ltr'><strong>de</strong></span> <span class='ocrx_word' id='word_1_70' title='bbox 233 715 340 742; x_wconf 78' lang='lat' dir='ltr'><strong>Divinis</strong></span> <span class='ocrx_word' id='word_1_71' title='bbox 355 714 532 748; x_wconf 82' lang='lat' dir='ltr'><strong>Nominibus,</strong></span> <span class='ocrx_word' id='word_1_72' title='bbox 556 713 598 741; x_wconf 85' lang='lat' dir='ltr'><strong>sie</strong></span> <span class='ocrx_word' id='word_1_73' title='bbox 617 713 688 741; x_wconf 90' lang='lat' dir='ltr'><strong>dicit</strong></span> <span class='ocrx_word' id='word_1_74' title='bbox 704 716 732 741; x_wconf 91' lang='lat'><strong>¹:</strong></span> <span class='ocrx_word' id='word_1_75' title='bbox 758 724 771 738; x_wconf 91' lang='lat'>«</span> <span class='ocrx_word' id='word_1_76' title='bbox 794 711 961 740; x_wconf 85' lang='lat' dir='ltr'><strong>Indicibilia</strong></span> 
     </span>
     <span class='ocr_line' id='line_1_12' title="bbox 181 759 960 792; baseline -0.003 -3"><span class='ocrx_word' id='word_1_77' title='bbox 181 763 280 790; x_wconf 85' lang='lat' dir='ltr'><strong>autem</strong></span> <span class='ocrx_word' id='word_1_78' title='bbox 296 763 376 789; x_wconf 88' lang='lat' dir='ltr'><strong>casto</strong></span> <span class='ocrx_word' id='word_1_79' title='bbox 392 761 508 789; x_wconf 88' lang='lat' dir='ltr'><strong>silentio</strong></span> <span class='ocrx_word' id='word_1_80' title='bbox 523 762 680 792; x_wconf 86' lang='lat' dir='ltr'><strong>venantes,</strong></span> <span class='ocrx_word' id='word_1_81' title='bbox 699 760 738 788; x_wconf 87' lang='lat' dir='ltr'><strong>ad</strong></span> <span class='ocrx_word' id='word_1_82' title='bbox 757 759 960 788; x_wconf 80' lang='lat' dir='ltr'><strong>illucescentes</strong></span> 
     </span>
     <span class='ocr_line' id='line_1_13' title="bbox 180 807 958 844; baseline -0.004 -8"><span class='ocrx_word' id='word_1_83' title='bbox 180 808 269 836; x_wconf 89' lang='lat' dir='ltr'><strong>nobis</strong></span> <span class='ocrx_word' id='word_1_84' title='bbox 281 808 313 836; x_wconf 89' lang='lat' dir='ltr'><strong>in</strong></span> <span class='ocrx_word' id='word_1_85' title='bbox 327 808 435 836; x_wconf 87' lang='lat' dir='ltr'><strong>sanctis</strong></span> <span class='ocrx_word' id='word_1_86' title='bbox 450 807 577 844; x_wconf 87' lang='lat' dir='ltr'><strong>eloquiis</strong></span> <span class='ocrx_word' id='word_1_87' title='bbox 588 807 763 844; x_wconf 85' lang='lat' dir='ltr'><strong>splendores</strong></span> <span class='ocrx_word' id='word_1_88' title='bbox 775 814 958 841; x_wconf 82' lang='lat' dir='ltr'><strong>exercemur,</strong></span> 
     </span>
     <span class='ocr_line' id='line_1_14' title="bbox 180 853 960 891; baseline -0.003 -9"><span class='ocrx_word' id='word_1_89' title='bbox 180 856 208 882; x_wconf 88' lang='lat' dir='ltr'><strong>et</strong></span> <span class='ocrx_word' id='word_1_90' title='bbox 230 855 268 883; x_wconf 87' lang='lat' dir='ltr'><strong>ab</strong></span> <span class='ocrx_word' id='word_1_91' title='bbox 289 854 360 891; x_wconf 87' lang='lat' dir='ltr'><strong>ipsis</strong></span> <span class='ocrx_word' id='word_1_92' title='bbox 382 855 596 883; x_wconf 87' lang='lat' dir='ltr'><strong>illuminamur.</strong></span> <span class='ocrx_word' id='word_1_93' title='bbox 617 865 630 881; x_wconf 81' lang='lat'>»</span> <span class='ocrx_word' id='word_1_94' title='bbox 649 854 801 882; x_wconf 82' lang='lat' dir='ltr'><strong>Secundus</strong></span> <span class='ocrx_word' id='word_1_95' title='bbox 822 853 924 881; x_wconf 91' lang='lat' dir='ltr'><strong>radius</strong></span> <span class='ocrx_word' id='word_1_96' title='bbox 943 861 960 881; x_wconf 87' lang='lat' dir='ltr'><strong>a</strong></span> 
     </span>
     <span class='ocr_line' id='line_1_15' title="bbox 180 901 960 938; baseline -0.001 -8"><span class='ocrx_word' id='word_1_97' title='bbox 180 903 246 930; x_wconf 90' lang='lat' dir='ltr'><strong>Sole</strong></span> <span class='ocrx_word' id='word_1_98' title='bbox 256 902 399 938; x_wconf 83' lang='lat' dir='ltr'><strong>spirituali</strong></span> <span class='ocrx_word' id='word_1_99' title='bbox 410 902 515 930; x_wconf 89' lang='lat' dir='ltr'><strong>missus</strong></span> <span class='ocrx_word' id='word_1_100' title='bbox 526 902 695 938; x_wconf 87' lang='lat' dir='ltr'><strong>resplendet</strong></span> <span class='ocrx_word' id='word_1_101' title='bbox 707 902 737 929; x_wconf 94' lang='lat' dir='ltr'><strong>in</strong></span> <span class='ocrx_word' id='word_1_102' title='bbox 752 901 866 938; x_wconf 87' lang='lat' dir='ltr'><strong>spiritu,</strong></span> <span class='ocrx_word' id='word_1_103' title='bbox 878 903 906 929; x_wconf 90' lang='lat' dir='ltr'><strong>et</strong></span> <span class='ocrx_word' id='word_1_104' title='bbox 915 901 960 929; x_wconf 91' lang='lat' dir='ltr'><strong>his</strong></span> 
     </span>
     <span class='ocr_line' id='line_1_16' title="bbox 181 949 958 986; baseline 0.001 -9"><span class='ocrx_word' id='word_1_105' title='bbox 181 950 251 978; x_wconf 91' lang='lat' dir='ltr'><strong>solis</strong></span> <span class='ocrx_word' id='word_1_106' title='bbox 269 950 361 978; x_wconf 88' lang='lat' dir='ltr'><strong>radiis</strong></span> <span class='ocrx_word' id='word_1_107' title='bbox 379 958 462 978; x_wconf 88' lang='lat' dir='ltr'><strong>mens</strong></span> <span class='ocrx_word' id='word_1_108' title='bbox 480 950 596 978; x_wconf 75' lang='lat' dir='ltr'><strong>aeternis</strong></span> <span class='ocrx_word' id='word_1_109' title='bbox 615 949 788 986; x_wconf 79' lang='lat' dir='ltr'><strong>spectaculis</strong></span> <span class='ocrx_word' id='word_1_110' title='bbox 803 957 958 986; x_wconf 84' lang='lat' dir='ltr'><strong>suspensa,</strong></span> 
     </span>
     <span class='ocr_line' id='line_1_17' title="bbox 181 996 959 1033; baseline 0 -9"><span class='ocrx_word' id='word_1_111' title='bbox 181 1005 249 1024; x_wconf 88' lang='lat' dir='ltr'><strong>cum</strong></span> <span class='ocrx_word' id='word_1_112' title='bbox 271 997 403 1033; x_wconf 89' lang='lat' dir='ltr'><strong>quadam</strong></span> <span class='ocrx_word' id='word_1_113' title='bbox 424 997 513 1024; x_wconf 86' lang='lat' dir='ltr'><strong>etiam</strong></span> <span class='ocrx_word' id='word_1_114' title='bbox 532 996 729 1025; x_wconf 82' lang='lat' dir='ltr'><strong>admiratione</strong></span> <span class='ocrx_word' id='word_1_115' title='bbox 751 996 791 1024; x_wconf 87' lang='lat' dir='ltr'><strong>ad</strong></span> <span class='ocrx_word' id='word_1_116' title='bbox 813 996 959 1024; x_wconf 85' lang='lat' dir='ltr'><strong>meditan-</strong></span> 
     </span>
     <span class='ocr_line' id='line_1_18' title="bbox 180 1043 960 1080; baseline -0.001 -9"><span class='ocrx_word' id='word_1_117' title='bbox 180 1043 253 1071; x_wconf 91' lang='lat' dir='ltr'><strong>dum</strong></span> <span class='ocrx_word' id='word_1_118' title='bbox 268 1043 306 1071; x_wconf 90' lang='lat' dir='ltr'><strong>de</strong></span> <span class='ocrx_word' id='word_1_119' title='bbox 320 1043 578 1080; x_wconf 79' lang='lat' dir='ltr'><strong>supercoelestibus</strong></span> <span class='ocrx_word' id='word_1_120' title='bbox 593 1043 727 1071; x_wconf 89' lang='lat' dir='ltr'><strong>eruditur</strong></span> <span class='ocrx_word' id='word_1_121' title='bbox 743 1043 780 1070; x_wconf 89' lang='lat' dir='ltr'><strong>de</strong></span> <span class='ocrx_word' id='word_1_122' title='bbox 795 1043 960 1071; x_wconf 85' lang='lat' dir='ltr'><strong>rationibus</strong></span> 
     </span>
     <span class='ocr_line' id='line_1_19' title="bbox 179 1090 960 1126; baseline -0.001 -7"><span class='ocrx_word' id='word_1_123' title='bbox 179 1091 308 1125; x_wconf 80' lang='lat' dir='ltr'><strong>aeternis,</strong></span> <span class='ocrx_word' id='word_1_124' title='bbox 324 1091 372 1119; x_wconf 89' lang='lat' dir='ltr'><strong>vel</strong></span> <span class='ocrx_word' id='word_1_125' title='bbox 390 1093 499 1118; x_wconf 82' lang='lat' dir='ltr'><strong>aeterna</strong></span> <span class='ocrx_word' id='word_1_126' title='bbox 516 1090 721 1126; x_wconf 84' lang='lat' dir='ltr'><strong>generatione,</strong></span> <span class='ocrx_word' id='word_1_127' title='bbox 740 1090 790 1118; x_wconf 86' lang='lat' dir='ltr'><strong>vel</strong></span> <span class='ocrx_word' id='word_1_128' title='bbox 803 1098 881 1118; x_wconf 85' lang='lat' dir='ltr'><strong>nexu</strong></span> <span class='ocrx_word' id='word_1_129' title='bbox 896 1091 960 1126; x_wconf 91' lang='lat' dir='ltr'><strong>Spi-</strong></span> 
     </span>
     <span class='ocr_line' id='line_1_20' title="bbox 181 1137 960 1174; baseline 0 -8"><span class='ocrx_word' id='word_1_130' title='bbox 181 1138 253 1166; x_wconf 86' lang='lat' dir='ltr'><strong>ritus</strong></span> <span class='ocrx_word' id='word_1_131' title='bbox 268 1138 373 1173; x_wconf 90' lang='lat' dir='ltr'><strong>sancti,</strong></span> <span class='ocrx_word' id='word_1_132' title='bbox 395 1139 423 1165; x_wconf 92' lang='lat' dir='ltr'><strong>et</strong></span> <span class='ocrx_word' id='word_1_133' title='bbox 442 1137 479 1165; x_wconf 90' lang='lat' dir='ltr'><strong>de</strong></span> <span class='ocrx_word' id='word_1_134' title='bbox 496 1137 688 1173; x_wconf 84' lang='lat' dir='ltr'><strong>hujusmodi:</strong></span> <span class='ocrx_word' id='word_1_135' title='bbox 707 1137 793 1173; x_wconf 90' lang='lat' dir='ltr'><strong>quia,</strong></span> <span class='ocrx_word' id='word_1_136' title='bbox 812 1137 887 1165; x_wconf 87' lang='lat' dir='ltr'><strong>sicut</strong></span> <span class='ocrx_word' id='word_1_137' title='bbox 906 1146 960 1174; x_wconf 90' lang='lat' dir='ltr'><strong>per</strong></span> 
     </span>
     <span class='ocr_line' id='line_1_21' title="bbox 181 1184 960 1221; baseline 0 -8"><span class='ocrx_word' id='word_1_138' title='bbox 181 1185 294 1213; x_wconf 87' lang='lat' dir='ltr'><strong>solares</strong></span> <span class='ocrx_word' id='word_1_139' title='bbox 310 1185 412 1213; x_wconf 89' lang='lat' dir='ltr'><strong>radios</strong></span> <span class='ocrx_word' id='word_1_140' title='bbox 429 1184 653 1221; x_wconf 85' lang='lat' dir='ltr'><strong>resplendentes</strong></span> <span class='ocrx_word' id='word_1_141' title='bbox 673 1184 704 1212; x_wconf 89' lang='lat' dir='ltr'><strong>in</strong></span> <span class='ocrx_word' id='word_1_142' title='bbox 721 1192 805 1218; x_wconf 87' lang='lat' dir='ltr'><strong>aere,</strong></span> <span class='ocrx_word' id='word_1_143' title='bbox 826 1192 888 1212; x_wconf 89' lang='lat' dir='ltr'><strong>non</strong></span> <span class='ocrx_word' id='word_1_144' title='bbox 906 1193 960 1221; x_wconf 91' lang='lat' dir='ltr'><strong>per</strong></span> 
     </span>
     <span class='ocr_line' id='line_1_22' title="bbox 182 1233 960 1270; baseline -0.001 -8"><span class='ocrx_word' id='word_1_145' title='bbox 182 1234 306 1270; x_wconf 84' lang='lat' dir='ltr'><strong>aliquod</strong></span> <span class='ocrx_word' id='word_1_146' title='bbox 317 1233 399 1261; x_wconf 87' lang='lat' dir='ltr'><strong>aliud</strong></span> <span class='ocrx_word' id='word_1_147' title='bbox 412 1234 514 1261; x_wconf 87' lang='lat' dir='ltr'><strong>lumen</strong></span> <span class='ocrx_word' id='word_1_148' title='bbox 524 1233 672 1268; x_wconf 81' lang='lat' dir='ltr'><strong>sensibile,</strong></span> <span class='ocrx_word' id='word_1_149' title='bbox 686 1233 790 1261; x_wconf 86' lang='lat' dir='ltr'><strong>oculus</strong></span> <span class='ocrx_word' id='word_1_150' title='bbox 800 1234 960 1262; x_wconf 87' lang='lat' dir='ltr'><strong>materialis</strong></span> 
     </span>
     <span class='ocr_line' id='line_1_23' title="bbox 181 1280 960 1317; baseline 0.001 -9"><span class='ocrx_word' id='word_1_151' title='bbox 181 1281 221 1308; x_wconf 88' lang='lat' dir='ltr'><strong>ad</strong></span> <span class='ocrx_word' id='word_1_152' title='bbox 241 1280 523 1317; x_wconf 85' lang='lat' dir='ltr'><strong>contemplationem</strong></span> <span class='ocrx_word' id='word_1_153' title='bbox 544 1280 615 1308; x_wconf 91' lang='lat' dir='ltr'><strong>solis</strong></span> <span class='ocrx_word' id='word_1_154' title='bbox 636 1280 758 1316; x_wconf 89' lang='lat' dir='ltr'><strong>erigitur</strong></span> <span class='ocrx_word' id='word_1_155' title='bbox 766 1291 774 1316; x_wconf 80' lang='lat'><em>3</em></span> <span class='ocrx_word' id='word_1_156' title='bbox 794 1281 834 1309; x_wconf 91' lang='lat' dir='ltr'><strong>sic</strong></span> <span class='ocrx_word' id='word_1_157' title='bbox 856 1281 960 1309; x_wconf 80' lang='lat' dir='ltr'><strong>oculus</strong></span> 
     </span>
     <span class='ocr_line' id='line_1_24' title="bbox 180 1327 959 1364; baseline 0.001 -9"><span class='ocrx_word' id='word_1_158' title='bbox 180 1327 380 1363; x_wconf 83' lang='lat' dir='ltr'><strong>intelligentiae</strong></span> <span class='ocrx_word' id='word_1_159' title='bbox 393 1335 447 1363; x_wconf 90' lang='lat' dir='ltr'><strong>per</strong></span> <span class='ocrx_word' id='word_1_160' title='bbox 464 1327 566 1355; x_wconf 91' lang='lat' dir='ltr'><strong>radios</strong></span> <span class='ocrx_word' id='word_1_161' title='bbox 584 1327 732 1355; x_wconf 88' lang='lat' dir='ltr'><strong>immissos</strong></span> <span class='ocrx_word' id='word_1_162' title='bbox 753 1336 770 1355; x_wconf 89' lang='lat' dir='ltr'><strong>a</strong></span> <span class='ocrx_word' id='word_1_163' title='bbox 785 1328 852 1355; x_wconf 91' lang='lat' dir='ltr'><strong>Sole</strong></span> <span class='ocrx_word' id='word_1_164' title='bbox 874 1328 959 1364; x_wconf 90' lang='lat' dir='ltr'><strong>spiri-</strong></span> 
     </span>
     <span class='ocr_line' id='line_1_25' title="bbox 182 1374 959 1411; baseline 0 -9"><span class='ocrx_word' id='word_1_165' title='bbox 182 1375 269 1410; x_wconf 89' lang='lat' dir='ltr'><strong>tuali,</strong></span> <span class='ocrx_word' id='word_1_166' title='bbox 298 1383 360 1402; x_wconf 90' lang='lat' dir='ltr'><strong>non</strong></span> <span class='ocrx_word' id='word_1_167' title='bbox 388 1383 442 1411; x_wconf 85' lang='lat' dir='ltr'><strong>per</strong></span> <span class='ocrx_word' id='word_1_168' title='bbox 466 1375 600 1410; x_wconf 83' lang='lat' dir='ltr'><strong>aliquam</strong></span> <span class='ocrx_word' id='word_1_169' title='bbox 624 1374 714 1402; x_wconf 88' lang='lat' dir='ltr'><strong>aliam</strong></span> <span class='ocrx_word' id='word_1_170' title='bbox 741 1375 959 1411; x_wconf 78' lang='lat' dir='ltr'><strong>disciplinatam</strong></span> 
     </span>
     <span class='ocr_line' id='line_1_26' title="bbox 180 1421 959 1456; baseline 0.001 -7"><span class='ocrx_word' id='word_1_171' title='bbox 180 1421 348 1456; x_wconf 86' lang='lat' dir='ltr'><strong>scientiam,</strong></span> <span class='ocrx_word' id='word_1_172' title='bbox 364 1422 410 1450; x_wconf 88' lang='lat' dir='ltr'><strong>vel</strong></span> <span class='ocrx_word' id='word_1_173' title='bbox 423 1422 557 1450; x_wconf 90' lang='lat' dir='ltr'><strong>mortalis</strong></span> <span class='ocrx_word' id='word_1_174' title='bbox 571 1421 699 1449; x_wconf 87' lang='lat' dir='ltr'><strong>doctoris</strong></span> <span class='ocrx_word' id='word_1_175' title='bbox 713 1422 904 1456; x_wconf 87' lang='lat' dir='ltr'><strong>industriam,</strong></span> <span class='ocrx_word' id='word_1_176' title='bbox 920 1423 959 1450; x_wconf 89' lang='lat' dir='ltr'><strong>ad</strong></span> 
     </span>
     <span class='ocr_line' id='line_1_27' title="bbox 181 1469 959 1504; baseline 0.001 -8"><span class='ocrx_word' id='word_1_177' title='bbox 181 1469 381 1504; x_wconf 87' lang='lat' dir='ltr'><strong>cognitionem</strong></span> <span class='ocrx_word' id='word_1_178' title='bbox 395 1469 580 1496; x_wconf 89' lang='lat' dir='ltr'><strong>occultorum</strong></span> <span class='ocrx_word' id='word_1_179' title='bbox 595 1469 846 1504; x_wconf 89' lang='lat' dir='ltr'><strong>supercoelestium</strong></span> <span class='ocrx_word' id='word_1_180' title='bbox 861 1470 959 1497; x_wconf 87' lang='lat' dir='ltr'><strong>eleva-</strong></span> 
     </span>
     <span class='ocr_line' id='line_1_28' title="bbox 180 1515 959 1550; baseline 0 -7"><span class='ocrx_word' id='word_1_181' title='bbox 180 1518 236 1543; x_wconf 88' lang='lat' dir='ltr'><strong>tur.</strong></span> <span class='ocrx_word' id='word_1_182' title='bbox 252 1517 285 1543; x_wconf 88' lang='lat' dir='ltr'><strong>Et</strong></span> <span class='ocrx_word' id='word_1_183' title='bbox 300 1515 336 1543; x_wconf 91' lang='lat' dir='ltr'><strong>de</strong></span> <span class='ocrx_word' id='word_1_184' title='bbox 351 1516 407 1543; x_wconf 84' lang='lat' dir='ltr'><strong>hae</strong></span> <span class='ocrx_word' id='word_1_185' title='bbox 421 1517 523 1543; x_wconf 82' lang='lat' dir='ltr'><strong>Beatus</strong></span> <span class='ocrx_word' id='word_1_186' title='bbox 542 1515 698 1550; x_wconf 89' lang='lat' dir='ltr'><strong>Dionysius</strong></span> <span class='ocrx_word' id='word_1_187' title='bbox 715 1515 786 1543; x_wconf 89' lang='lat' dir='ltr'><strong>dicit</strong></span> <span class='ocrx_word' id='word_1_188' title='bbox 800 1515 828 1543; x_wconf 79' lang='lat'><strong>²:</strong></span> <span class='ocrx_word' id='word_1_189' title='bbox 848 1526 860 1542; x_wconf 74' lang='grc' dir='ltr'><strong>(ι</strong></span> <span class='ocrx_word' id='word_1_190' title='bbox 876 1518 959 1544; x_wconf 92' lang='lat' dir='ltr'><strong>Verte</strong></span> 
     </span>
     <span class='ocr_line' id='line_1_29' title="bbox 179 1562 958 1598; baseline 0 -8"><span class='ocrx_word' id='word_1_191' title='bbox 179 1565 206 1590; x_wconf 90' lang='lat' dir='ltr'><strong>te</strong></span> <span class='ocrx_word' id='word_1_192' title='bbox 222 1562 262 1590; x_wconf 85' lang='lat' dir='ltr'><strong>ad</strong></span> <span class='ocrx_word' id='word_1_193' title='bbox 279 1562 415 1597; x_wconf 85' lang='lat' dir='ltr'><strong>radium,</strong></span> <span class='ocrx_word' id='word_1_194' title='bbox 429 1572 442 1589; x_wconf 80' lang='lat'>»</span> <span class='ocrx_word' id='word_1_195' title='bbox 461 1562 547 1598; x_wconf 90' lang='lat' dir='ltr'><strong>quasi</strong></span> <span class='ocrx_word' id='word_1_196' title='bbox 561 1562 652 1590; x_wconf 89' lang='lat' dir='ltr'><strong>dicat:</strong></span> <span class='ocrx_word' id='word_1_197' title='bbox 669 1564 733 1589; x_wconf 91' lang='lat' dir='ltr'><strong>Non</strong></span> <span class='ocrx_word' id='word_1_198' title='bbox 748 1562 839 1590; x_wconf 89' lang='lat' dir='ltr'><strong>alium</strong></span> <span class='ocrx_word' id='word_1_199' title='bbox 855 1563 958 1590; x_wconf 88' lang='lat' dir='ltr'><strong>docto-</strong></span> 
     </span>
     <span class='ocr_line' id='line_1_30' title="bbox 178 1609 958 1645; baseline 0 -8"><span class='ocrx_word' id='word_1_200' title='bbox 178 1617 258 1643; x_wconf 90' lang='lat' dir='ltr'><strong>rem,</strong></span> <span class='ocrx_word' id='word_1_201' title='bbox 282 1617 344 1637; x_wconf 88' lang='lat' dir='ltr'><strong>non</strong></span> <span class='ocrx_word' id='word_1_202' title='bbox 369 1609 452 1637; x_wconf 89' lang='lat' dir='ltr'><strong>aliud</strong></span> <span class='ocrx_word' id='word_1_203' title='bbox 474 1609 627 1644; x_wconf 84' lang='lat' dir='ltr'><strong>exemplar</strong></span> <span class='ocrx_word' id='word_1_204' title='bbox 646 1617 780 1637; x_wconf 86' lang='lat' dir='ltr'><strong>assumas</strong></span> <span class='ocrx_word' id='word_1_205' title='bbox 801 1609 841 1636; x_wconf 86' lang='lat' dir='ltr'><strong>ad</strong></span> <span class='ocrx_word' id='word_1_206' title='bbox 863 1609 958 1645; x_wconf 87' lang='lat' dir='ltr'><strong>perci-</strong></span> 
     </span>
     <span class='ocr_line' id='line_1_31' title="bbox 177 1655 959 1693; baseline 0 -9"><span class='ocrx_word' id='word_1_207' title='bbox 177 1656 289 1693; x_wconf 87' lang='lat' dir='ltr'><strong>pienda</strong></span> <span class='ocrx_word' id='word_1_208' title='bbox 303 1656 420 1691; x_wconf 84' lang='lat' dir='ltr'><strong>divina;</strong></span> <span class='ocrx_word' id='word_1_209' title='bbox 440 1656 492 1683; x_wconf 91' lang='lat' dir='ltr'><strong>sed</strong></span> <span class='ocrx_word' id='word_1_210' title='bbox 507 1656 584 1683; x_wconf 86' lang='lat' dir='ltr'><strong>intra</strong></span> <span class='ocrx_word' id='word_1_211' title='bbox 599 1655 726 1691; x_wconf 87' lang='lat' dir='ltr'><strong>teipsum</strong></span> <span class='ocrx_word' id='word_1_212' title='bbox 740 1656 914 1691; x_wconf 84' lang='lat' dir='ltr'><strong>ingredere,</strong></span> <span class='ocrx_word' id='word_1_213' title='bbox 932 1659 959 1684; x_wconf 92' lang='lat' dir='ltr'><strong>et</strong></span> 
     </span>
     <span class='ocr_line' id='line_1_32' title="bbox 178 1703 958 1739; baseline -0.001 -8"><span class='ocrx_word' id='word_1_214' title='bbox 178 1712 231 1739; x_wconf 88' lang='lat' dir='ltr'><strong>per</strong></span> <span class='ocrx_word' id='word_1_215' title='bbox 244 1703 362 1738; x_wconf 80' lang='lat' dir='ltr'><strong>radios,</strong></span> <span class='ocrx_word' id='word_1_216' title='bbox 381 1703 434 1731; x_wconf 89' lang='lat' dir='ltr'><strong>tibi</strong></span> <span class='ocrx_word' id='word_1_217' title='bbox 454 1703 539 1731; x_wconf 89' lang='lat' dir='ltr'><strong>datos</strong></span> <span class='ocrx_word' id='word_1_218' title='bbox 561 1703 699 1739; x_wconf 85' lang='lat' dir='ltr'><strong>desuper,</strong></span> <span class='ocrx_word' id='word_1_219' title='bbox 718 1703 757 1731; x_wconf 90' lang='lat' dir='ltr'><strong>ad</strong></span> <span class='ocrx_word' id='word_1_220' title='bbox 777 1703 958 1739; x_wconf 81' lang='lat' dir='ltr'><strong>contempla-</strong></span> 
     </span>
     <span class='ocr_line' id='line_1_33' title="bbox 177 1750 958 1783; baseline -0.001 -5"><span class='ocrx_word' id='word_1_221' title='bbox 177 1750 289 1778; x_wconf 86' lang='lat' dir='ltr'><strong>tionem</strong></span> <span class='ocrx_word' id='word_1_222' title='bbox 309 1750 480 1778; x_wconf 86' lang='lat' dir='ltr'><strong>divinorum</strong></span> <span class='ocrx_word' id='word_1_223' title='bbox 495 1750 603 1778; x_wconf 81' lang='lat' dir='ltr'><strong>arctius</strong></span> <span class='ocrx_word' id='word_1_224' title='bbox 620 1751 647 1777; x_wconf 91' lang='lat' dir='ltr'><strong>te</strong></span> <span class='ocrx_word' id='word_1_225' title='bbox 667 1758 780 1777; x_wconf 80' lang='lat' dir='ltr'><strong>exerce.</strong></span> <span class='ocrx_word' id='word_1_226' title='bbox 797 1750 870 1783; x_wconf 85' lang='lat' dir='ltr'><strong>Quia</strong></span> <span class='ocrx_word' id='word_1_227' title='bbox 885 1750 958 1778; x_wconf 85' lang='lat' dir='ltr'><strong>siout</strong></span> 
     </span>
     <span class='ocr_line' id='line_1_34' title="bbox 177 1796 957 1833; baseline -0.001 -7"><span class='ocrx_word' id='word_1_228' title='bbox 177 1798 329 1826; x_wconf 86' lang='lat' dir='ltr'><strong>rationalis</strong></span> <span class='ocrx_word' id='word_1_229' title='bbox 343 1797 461 1833; x_wconf 89' lang='lat' dir='ltr'><strong>spiritus</strong></span> <span class='ocrx_word' id='word_1_230' title='bbox 475 1797 607 1825; x_wconf 86' lang='lat' dir='ltr'><strong>nobilior</strong></span> <span class='ocrx_word' id='word_1_231' title='bbox 619 1798 662 1824; x_wconf 86' lang='lat' dir='ltr'><strong>est</strong></span> <span class='ocrx_word' id='word_1_232' title='bbox 673 1796 862 1824; x_wconf 87' lang='lat' dir='ltr'><strong>inferioribus</strong></span> <span class='ocrx_word' id='word_1_233' title='bbox 878 1805 957 1825; x_wconf 82' lang='lat' dir='ltr'><strong>orea-</strong></span> 
     </span>
     <span class='ocr_line' id='line_1_35' title="bbox 178 1843 957 1879; baseline -0.003 -6"><span class='ocrx_word' id='word_1_234' title='bbox 178 1845 248 1873; x_wconf 88' lang='lat' dir='ltr'><strong>turis</strong></span> <span class='ocrx_word' id='word_1_235' title='bbox 270 1844 394 1879; x_wconf 78' lang='lat' dir='ltr'><strong>caeteris3</strong></span> <span class='ocrx_word' id='word_1_236' title='bbox 414 1844 455 1872; x_wconf 88' lang='lat' dir='ltr'><strong>sic</strong></span> <span class='ocrx_word' id='word_1_237' title='bbox 473 1844 605 1872; x_wconf 87' lang='lat' dir='ltr'><strong>nobilius</strong></span> <span class='ocrx_word' id='word_1_238' title='bbox 627 1852 682 1879; x_wconf 88' lang='lat' dir='ltr'><strong>per</strong></span> <span class='ocrx_word' id='word_1_239' title='bbox 702 1843 851 1871; x_wconf 88' lang='lat' dir='ltr'><strong>immissos</strong></span> <span class='ocrx_word' id='word_1_240' title='bbox 869 1844 957 1872; x_wconf 83' lang='lat' dir='ltr'><strong>boni-</strong></span> 
     </span>
     <span class='ocr_line' id='line_1_36' title="bbox 177 1890 954 1927; baseline -0.003 -7"><span class='ocrx_word' id='word_1_241' title='bbox 177 1892 242 1920; x_wconf 86' lang='lat' dir='ltr'><strong>tatis</strong></span> <span class='ocrx_word' id='word_1_242' title='bbox 264 1891 365 1920; x_wconf 87' lang='lat' dir='ltr'><strong>radios</strong></span> <span class='ocrx_word' id='word_1_243' title='bbox 389 1892 513 1927; x_wconf 88' lang='lat' dir='ltr'><strong>apparet</strong></span> <span class='ocrx_word' id='word_1_244' title='bbox 534 1891 636 1918; x_wconf 86' lang='lat' dir='ltr'><strong>divina</strong></span> <span class='ocrx_word' id='word_1_245' title='bbox 655 1890 811 1918; x_wconf 85' lang='lat' dir='ltr'><strong>clementia</strong></span> <span class='ocrx_word' id='word_1_246' title='bbox 828 1891 859 1918; x_wconf 91' lang='lat' dir='ltr'><strong>in</strong></span> <span class='ocrx_word' id='word_1_247' title='bbox 879 1891 954 1927; x_wconf 90' lang='lat' dir='ltr'><strong>ipso.</strong></span> 
     </span>
     <span class='ocr_line' id='line_1_37' title="bbox 176 1937 957 1973; baseline -0.004 -6"><span class='ocrx_word' id='word_1_248' title='bbox 176 1940 215 1967; x_wconf 89' lang='lat' dir='ltr'><strong>De</strong></span> <span class='ocrx_word' id='word_1_249' title='bbox 230 1939 313 1966; x_wconf 89' lang='lat' dir='ltr'><strong>tertio</strong></span> <span class='ocrx_word' id='word_1_250' title='bbox 325 1946 396 1966; x_wconf 86' lang='lat' dir='ltr'><strong>vero</strong></span> <span class='ocrx_word' id='word_1_251' title='bbox 410 1938 496 1966; x_wconf 87' lang='lat' dir='ltr'><strong>radio</strong></span> <span class='ocrx_word' id='word_1_252' title='bbox 506 1959 512 1970; x_wconf 89' lang='lat'><strong>,</strong></span> <span class='ocrx_word' id='word_1_253' title='bbox 527 1938 581 1965; x_wconf 92' lang='lat' dir='ltr'><strong>ubi</strong></span> <span class='ocrx_word' id='word_1_254' title='bbox 600 1938 662 1973; x_wconf 92' lang='lat' dir='ltr'><strong>ipse</strong></span> <span class='ocrx_word' id='word_1_255' title='bbox 679 1937 746 1965; x_wconf 82' lang='lat' dir='ltr'><strong>fons</strong></span> <span class='ocrx_word' id='word_1_256' title='bbox 760 1938 849 1965; x_wconf 89' lang='lat' dir='ltr'><strong>totius</strong></span> <span class='ocrx_word' id='word_1_257' title='bbox 863 1937 957 1965; x_wconf 87' lang='lat' dir='ltr'><strong>beati-</strong></span> 
     </span>
     <span class='ocr_line' id='line_1_38' title="bbox 177 1984 955 2021; baseline -0.001 -8"><span class='ocrx_word' id='word_1_258' title='bbox 177 1986 287 2013; x_wconf 89' lang='lat' dir='ltr'><strong>tudinis</strong></span> <span class='ocrx_word' id='word_1_259' title='bbox 310 1987 432 2021; x_wconf 84' lang='lat' dir='ltr'><strong>apparet</strong></span> <span class='ocrx_word' id='word_1_260' title='bbox 451 1985 554 2021; x_wconf 85' lang='lat' dir='ltr'><strong>(quod</strong></span> <span class='ocrx_word' id='word_1_261' title='bbox 574 1987 662 2021; x_wconf 87' lang='lat' dir='ltr'><strong>raptu</strong></span> <span class='ocrx_word' id='word_1_262' title='bbox 680 1984 742 2019; x_wconf 84' lang='lat' dir='ltr'><strong>fit),</strong></span> <span class='ocrx_word' id='word_1_263' title='bbox 767 1984 955 2020; x_wconf 60' lang='lat' dir='ltr'><strong>praetermitto</strong></span> 
     </span>
     <span class='ocr_line' id='line_1_39' title="bbox 178 2031 956 2068; baseline -0.001 -9"><span class='ocrx_word' id='word_1_264' title='bbox 178 2031 260 2068; x_wconf 85' lang='lat' dir='ltr'><strong>quod</strong></span> <span class='ocrx_word' id='word_1_265' title='bbox 278 2032 327 2066; x_wconf 91' lang='lat' dir='ltr'><strong>fit,</strong></span> <span class='ocrx_word' id='word_1_266' title='bbox 347 2032 469 2067; x_wconf 87' lang='lat' dir='ltr'><strong>quando</strong></span> <span class='ocrx_word' id='word_1_267' title='bbox 484 2039 569 2059; x_wconf 88' lang='lat' dir='ltr'><strong>mens</strong></span> <span class='ocrx_word' id='word_1_268' title='bbox 585 2031 709 2067; x_wconf 89' lang='lat' dir='ltr'><strong>rapitur,</strong></span> <span class='ocrx_word' id='word_1_269' title='bbox 729 2039 747 2059; x_wconf 90' lang='lat' dir='ltr'><strong>a</strong></span> <span class='ocrx_word' id='word_1_270' title='bbox 768 2031 956 2067; x_wconf 87' lang='lat' dir='ltr'><strong>corruptione</strong></span> 
     </span>
     <span class='ocr_line' id='line_1_40' title="bbox 177 2078 955 2112; baseline -0.001 -6"><span class='ocrx_word' id='word_1_271' title='bbox 177 2080 205 2106; x_wconf 92' lang='lat' dir='ltr'><strong>et</strong></span> <span class='ocrx_word' id='word_1_272' title='bbox 214 2078 428 2106; x_wconf 87' lang='lat' dir='ltr'><strong>sensificatione</strong></span> <span class='ocrx_word' id='word_1_273' title='bbox 437 2078 643 2105; x_wconf 89' lang='lat' dir='ltr'><strong>membrorum</strong></span> <span class='ocrx_word' id='word_1_274' title='bbox 655 2078 820 2105; x_wconf 87' lang='lat' dir='ltr'><strong>carnalium</strong></span> <span class='ocrx_word' id='word_1_275' title='bbox 830 2080 955 2112; x_wconf 85' lang='lat' dir='ltr'><strong>remota,</strong></span> 
     </span>
     <span class='ocr_line' id='line_1_41' title="bbox 177 2124 955 2161; baseline -0.001 -8"><span class='ocrx_word' id='word_1_276' title='bbox 177 2127 322 2161; x_wconf 82' lang='lat' dir='ltr'><strong>quantum</strong></span> <span class='ocrx_word' id='word_1_277' title='bbox 335 2124 478 2161; x_wconf 89' lang='lat' dir='ltr'><strong>possibile</strong></span> <span class='ocrx_word' id='word_1_278' title='bbox 493 2126 545 2157; x_wconf 92' lang='lat' dir='ltr'><strong>est,</strong></span> <span class='ocrx_word' id='word_1_279' title='bbox 558 2125 651 2159; x_wconf 84' lang='lat' dir='ltr'><strong>gratia</strong></span> <span class='ocrx_word' id='word_1_280' title='bbox 661 2124 794 2152; x_wconf 82' lang='lat' dir='ltr'><strong>trahente</strong></span> <span class='ocrx_word' id='word_1_281' title='bbox 807 2127 955 2158; x_wconf 87' lang='lat' dir='ltr'><strong>naturam,</strong></span> 
     </span>
     <span class='ocr_line' id='line_1_42' title="bbox 176 2170 956 2206; baseline -0.004 -6"><span class='ocrx_word' id='word_1_282' title='bbox 176 2171 257 2200; x_wconf 90' lang='lat' dir='ltr'><strong>dono</strong></span> <span class='ocrx_word' id='word_1_283' title='bbox 274 2171 440 2200; x_wconf 83' lang='lat' dir='ltr'><strong>conditoris</strong></span> <span class='ocrx_word' id='word_1_284' title='bbox 454 2171 581 2206; x_wconf 86' lang='lat' dir='ltr'><strong>gratuito</strong></span> <span class='ocrx_word' id='word_1_285' title='bbox 596 2178 681 2198; x_wconf 88' lang='lat' dir='ltr'><strong>mens</strong></span> <span class='ocrx_word' id='word_1_286' title='bbox 701 2170 740 2198; x_wconf 90' lang='lat' dir='ltr'><strong>ad</strong></span> <span class='ocrx_word' id='word_1_287' title='bbox 761 2178 889 2206; x_wconf 86' lang='lat' dir='ltr'><strong>superna</strong></span> <span class='ocrx_word' id='word_1_288' title='bbox 910 2179 956 2198; x_wconf 88' lang='lat' dir='ltr'><strong>ra-</strong></span> 
     </span>
     <span class='ocr_line' id='line_1_43' title="bbox 175 2217 955 2255; baseline -0.003 -9"><span class='ocrx_word' id='word_1_289' title='bbox 175 2219 264 2255; x_wconf 89' lang='lat' dir='ltr'><strong>pitur,</strong></span> <span class='ocrx_word' id='word_1_290' title='bbox 278 2219 375 2255; x_wconf 89' lang='lat' dir='ltr'><strong>ipsum</strong></span> <span class='ocrx_word' id='word_1_291' title='bbox 387 2218 460 2246; x_wconf 83' lang='lat' dir='ltr'><strong>facie</strong></span> <span class='ocrx_word' id='word_1_292' title='bbox 474 2218 513 2246; x_wconf 91' lang='lat' dir='ltr'><strong>ad</strong></span> <span class='ocrx_word' id='word_1_293' title='bbox 525 2217 631 2245; x_wconf 86' lang='lat' dir='ltr'><strong>faciem</strong></span> <span class='ocrx_word' id='word_1_294' title='bbox 642 2217 858 2253; x_wconf 86' lang='lat' dir='ltr'><strong>contemplans,</strong></span> <span class='ocrx_word' id='word_1_295' title='bbox 872 2217 955 2253; x_wconf 86' lang='lat' dir='ltr'><strong>cnjus</strong></span> 
     </span>
     <span class='ocr_line' id='line_1_44' title="bbox 176 2263 954 2301; baseline -0.003 -8"><span class='ocrx_word' id='word_1_296' title='bbox 176 2265 306 2301; x_wconf 86' lang='lat' dir='ltr'><strong>glorioso</strong></span> <span class='ocrx_word' id='word_1_297' title='bbox 322 2266 441 2300; x_wconf 87' lang='lat' dir='ltr'><strong>aspectu</strong></span> <span class='ocrx_word' id='word_1_298' title='bbox 460 2272 588 2301; x_wconf 88' lang='lat' dir='ltr'><strong>superna</strong></span> <span class='ocrx_word' id='word_1_299' title='bbox 609 2264 692 2292; x_wconf 87' lang='lat' dir='ltr'><strong>curia</strong></span> <span class='ocrx_word' id='word_1_300' title='bbox 707 2263 899 2299; x_wconf 85' lang='lat' dir='ltr'><strong>jucundatur.</strong></span> <span class='ocrx_word' id='word_1_301' title='bbox 916 2266 954 2291; x_wconf 86' lang='lat' dir='ltr'><strong>De</strong></span> 
     </span>
     <span class='ocr_line' id='line_1_45' title="bbox 176 2311 955 2348; baseline -0.003 -8"><span class='ocrx_word' id='word_1_302' title='bbox 176 2312 273 2348; x_wconf 88' lang='lat' dir='ltr'><strong>primo</strong></span> <span class='ocrx_word' id='word_1_303' title='bbox 288 2311 373 2339; x_wconf 88' lang='lat' dir='ltr'><strong>radio</strong></span> <span class='ocrx_word' id='word_1_304' title='bbox 388 2312 518 2340; x_wconf 85' lang='lat' dir='ltr'><strong>latitante</strong></span> <span class='ocrx_word' id='word_1_305' title='bbox 535 2312 590 2339; x_wconf 90' lang='lat' dir='ltr'><strong>sub</strong></span> <span class='ocrx_word' id='word_1_306' title='bbox 606 2311 754 2347; x_wconf 83' lang='lat' dir='ltr'><strong>Scriptura</strong></span> <span class='ocrx_word' id='word_1_307' title='bbox 770 2313 811 2338; x_wconf 90' lang='lat' dir='ltr'><strong>est</strong></span> <span class='ocrx_word' id='word_1_308' title='bbox 825 2319 955 2346; x_wconf 81' lang='lat' dir='ltr'><strong>praesens</strong></span> 
     </span>
     <span class='ocr_line' id='line_1_46' title="bbox 176 2357 954 2394; baseline -0.003 -7"><span class='ocrx_word' id='word_1_309' title='bbox 176 2359 307 2393; x_wconf 87' lang='lat' dir='ltr'><strong>intentio,</strong></span> <span class='ocrx_word' id='word_1_310' title='bbox 319 2366 373 2394; x_wconf 89' lang='lat' dir='ltr'><strong>per</strong></span> <span class='ocrx_word' id='word_1_311' title='bbox 389 2366 480 2394; x_wconf 90' lang='lat' dir='ltr'><strong>quem</strong></span> <span class='ocrx_word' id='word_1_312' title='bbox 494 2358 533 2386; x_wconf 85' lang='lat' dir='ltr'><strong>ad</strong></span> <span class='ocrx_word' id='word_1_313' title='bbox 544 2366 677 2386; x_wconf 89' lang='lat' dir='ltr'><strong>amorem</strong></span> <span class='ocrx_word' id='word_1_314' title='bbox 692 2357 839 2385; x_wconf 89' lang='lat' dir='ltr'><strong>unitivum</strong></span> <span class='ocrx_word' id='word_1_315' title='bbox 855 2365 954 2385; x_wconf 88' lang='lat' dir='ltr'><strong>ascen-</strong></span> 
     </span>
     <span class='ocr_line' id='line_1_47' title="bbox 176 2404 954 2440; baseline -0.003 -6"><span class='ocrx_word' id='word_1_316' title='bbox 176 2406 263 2434; x_wconf 89' lang='lat' dir='ltr'><strong>ditur.</strong></span> <span class='ocrx_word' id='word_1_317' title='bbox 280 2405 431 2434; x_wconf 82' lang='lat' dir='ltr'><strong>Secundus</strong></span> <span class='ocrx_word' id='word_1_318' title='bbox 446 2405 548 2432; x_wconf 86' lang='lat' dir='ltr'><strong>radius</strong></span> <span class='ocrx_word' id='word_1_319' title='bbox 562 2413 696 2432; x_wconf 90' lang='lat' dir='ltr'><strong>amorem</strong></span> <span class='ocrx_word' id='word_1_320' title='bbox 711 2405 817 2440; x_wconf 87' lang='lat' dir='ltr'><strong>saepius</strong></span> <span class='ocrx_word' id='word_1_321' title='bbox 833 2404 954 2432; x_wconf 86' lang='lat' dir='ltr'><strong>comita-</strong></span> 
     </span>
     <span class='ocr_line' id='line_1_48' title="bbox 175 2451 954 2489; baseline -0.004 -8"><span class='ocrx_word' id='word_1_322' title='bbox 175 2455 239 2481; x_wconf 87' lang='lat' dir='ltr'><strong>tur:</strong></span> <span class='ocrx_word' id='word_1_323' title='bbox 264 2452 334 2489; x_wconf 89' lang='lat' dir='ltr'><strong>quia</strong></span> <span class='ocrx_word' id='word_1_324' title='bbox 354 2454 466 2488; x_wconf 87' lang='lat' dir='ltr'><strong>quanto</strong></span> <span class='ocrx_word' id='word_1_325' title='bbox 484 2452 553 2488; x_wconf 90' lang='lat' dir='ltr'><strong>plus</strong></span> <span class='ocrx_word' id='word_1_326' title='bbox 574 2459 628 2488; x_wconf 86' lang='lat' dir='ltr'><strong>per</strong></span> <span class='ocrx_word' id='word_1_327' title='bbox 652 2451 823 2479; x_wconf 83' lang='lat' dir='ltr'><strong>affectiones</strong></span> <span class='ocrx_word' id='word_1_328' title='bbox 845 2451 954 2478; x_wconf 89' lang='lat' dir='ltr'><strong>amoris</strong></span> 
     </span>
     <span class='ocr_line' id='line_1_49' title="bbox 174 2498 954 2535; baseline -0.003 -8"><span class='ocrx_word' id='word_1_329' title='bbox 174 2507 257 2527; x_wconf 89' lang='lat' dir='ltr'><strong>mens</strong></span> <span class='ocrx_word' id='word_1_330' title='bbox 284 2499 358 2527; x_wconf 80' lang='lat' dir='ltr'><strong>t&#39;onti</strong></span> <span class='ocrx_word' id='word_1_331' title='bbox 380 2499 501 2526; x_wconf 91' lang='lat' dir='ltr'><strong>luminis</strong></span> <span class='ocrx_word' id='word_1_332' title='bbox 524 2499 762 2535; x_wconf 85' lang='lat' dir='ltr'><strong>appropinquat,</strong></span> <span class='ocrx_word' id='word_1_333' title='bbox 787 2498 818 2525; x_wconf 93' lang='lat' dir='ltr'><strong>in</strong></span> <span class='ocrx_word' id='word_1_334' title='bbox 840 2500 954 2525; x_wconf 91' lang='lat' dir='ltr'><strong>tantum</strong></span> 
     </span>
     <span class='ocr_line' id='line_1_50' title="bbox 174 2545 954 2581; baseline -0.001 -8"><span class='ocrx_word' id='word_1_335' title='bbox 174 2546 336 2580; x_wconf 88' lang='lat' dir='ltr'><strong>efficacius,</strong></span> <span class='ocrx_word' id='word_1_336' title='bbox 356 2546 447 2573; x_wconf 85' lang='lat' dir='ltr'><strong>veluti</strong></span> <span class='ocrx_word' id='word_1_337' title='bbox 465 2546 523 2581; x_wconf 90' lang='lat' dir='ltr'><strong>ipsi</strong></span> <span class='ocrx_word' id='word_1_338' title='bbox 537 2545 663 2573; x_wconf 87' lang='lat' dir='ltr'><strong>vicinior</strong></span> <span class='ocrx_word' id='word_1_339' title='bbox 685 2545 778 2581; x_wconf 88' lang='lat' dir='ltr'><strong>(sicut</strong></span> <span class='ocrx_word' id='word_1_340' title='bbox 793 2545 830 2573; x_wconf 86' lang='lat' dir='ltr'><strong>de</strong></span> <span class='ocrx_word' id='word_1_341' title='bbox 845 2552 954 2572; x_wconf 87' lang='lat' dir='ltr'><strong>aurora</strong></span> 
     </span>
     <span class='ocr_line' id='line_1_51' title="bbox 175 2592 953 2628; baseline 0 -9"><span class='ocrx_word' id='word_1_342' title='bbox 175 2594 369 2628; x_wconf 82' lang='lat' dir='ltr'><strong>consurgente</strong></span> <span class='ocrx_word' id='word_1_343' title='bbox 382 2593 535 2626; x_wconf 81' lang='lat' dir='ltr'><strong>videmus,</strong></span> <span class='ocrx_word' id='word_1_344' title='bbox 556 2593 639 2628; x_wconf 87' lang='lat' dir='ltr'><strong>quod</strong></span> <span class='ocrx_word' id='word_1_345' title='bbox 653 2592 751 2628; x_wconf 90' lang='lat' dir='ltr'><strong>primo</strong></span> <span class='ocrx_word' id='word_1_346' title='bbox 770 2594 868 2628; x_wconf 88' lang='lat' dir='ltr'><strong>partes</strong></span> <span class='ocrx_word' id='word_1_347' title='bbox 882 2600 953 2627; x_wconf 87' lang='lat' dir='ltr'><strong>pro-</strong></span> 
     </span>
    </p>
   </div>
   <div class='ocr_carea' id='block_1_3' title="bbox 207 2651 950 2722">
    <p class='ocr_par' dir='ltr' id='par_1_3' title="bbox 207 2651 950 2722">
     <span class='ocr_line' id='line_1_52' title="bbox 209 2651 950 2681; baseline 0 -7"><span class='ocrx_word' id='word_1_348' title='bbox 209 2653 211 2664; x_wconf 82' lang='lat'><em>¹</em></span> <span class='ocrx_word' id='word_1_349' title='bbox 233 2651 315 2680; x_wconf 71' lang='lat' dir='ltr'><strong>Dion,</strong></span> <span class='ocrx_word' id='word_1_350' title='bbox 333 2651 362 2674; x_wconf 72' lang='lat' dir='ltr'><strong>fle</strong></span> <span class='ocrx_word' id='word_1_351' title='bbox 378 2651 434 2675; x_wconf 72' lang='lat' dir='ltr'><strong>Dio.</strong></span> <span class='ocrx_word' id='word_1_352' title='bbox 450 2651 534 2681; x_wconf 55' lang='lat' dir='ltr'><strong>Nom„</strong></span> <span class='ocrx_word' id='word_1_353' title='bbox 549 2658 571 2675; x_wconf 84' lang='lat' dir='ltr'><strong>c.</strong></span> <span class='ocrx_word' id='word_1_354' title='bbox 590 2657 607 2674; x_wconf 86' lang='lat'><strong>1.</strong></span> <span class='ocrx_word' id='word_1_355' title='bbox 620 2665 648 2668; x_wconf 97' lang='lat'><strong>—</strong></span> <span class='ocrx_word' id='word_1_356' title='bbox 669 2652 679 2667; x_wconf 57' lang='grc' dir='ltr'>ἵ</span> <span class='ocrx_word' id='word_1_357' title='bbox 693 2651 740 2681; x_wconf 81' lang='grc' dir='ltr'>Ι(1.,</span> <span class='ocrx_word' id='word_1_358' title='bbox 755 2651 789 2674; x_wconf 73' lang='lat' dir='ltr'><strong>all</strong></span> <span class='ocrx_word' id='word_1_359' title='bbox 804 2651 862 2681; x_wconf 71' lang='lat' dir='ltr'><strong>Til.²</strong></span> <span class='ocrx_word' id='word_1_360' title='bbox 879 2651 950 2680; x_wconf 70' lang='lat' dir='ltr'><strong>epist.</strong></span> 
     </span>
     <span class='ocr_line' id='line_1_53' title="bbox 207 2691 694 2722; baseline 0.004 -8"><span class='ocrx_word' id='word_1_361' title='bbox 207 2691 241 2722; x_wconf 82' lang='lat' dir='ltr'><strong>(a)</strong></span> <span class='ocrx_word' id='word_1_362' title='bbox 258 2691 318 2715; x_wconf 77' lang='lat' dir='ltr'><strong>Coet.</strong></span> <span class='ocrx_word' id='word_1_363' title='bbox 333 2691 393 2716; x_wconf 78' lang='lat' dir='ltr'><strong>edit.</strong></span> <span class='ocrx_word' id='word_1_364' title='bbox 409 2693 561 2722; x_wconf 84' lang='lat' dir='ltr'><strong>apparet.--</strong></span> <span class='ocrx_word' id='word_1_365' title='bbox 573 2691 606 2722; x_wconf 82' lang='lat' dir='ltr'><strong>(h)</strong></span> <span class='ocrx_word' id='word_1_366' title='bbox 617 2692 694 2722; x_wconf 88' lang='lat' dir='ltr'><strong>quod.</strong></span> 
     </span>
    </p>
   </div>
   <div class='ocr_carea' id='block_1_4' title="bbox 1012 288 1797 1876">
    <p class='ocr_par' dir='ltr' id='par_1_4' title="bbox 1012 288 1797 1876">
     <span class='ocr_line' id='line_1_54' title="bbox 1015 288 1796 327; baseline 0.006 -11"><span class='ocrx_word' id='word_1_367' title='bbox 1015 288 1144 326; x_wconf 86' lang='lat' dir='ltr'><strong>pinquas</strong></span> <span class='ocrx_word' id='word_1_368' title='bbox 1164 290 1342 327; x_wconf 85' lang='lat' dir='ltr'><strong>illuminat),</strong></span> <span class='ocrx_word' id='word_1_369' title='bbox 1367 292 1458 320; x_wconf 87' lang='lat' dir='ltr'><strong>radiis</strong></span> <span class='ocrx_word' id='word_1_370' title='bbox 1481 292 1679 321; x_wconf 86' lang='lat' dir='ltr'><strong>divinioribus</strong></span> <span class='ocrx_word' id='word_1_371' title='bbox 1701 293 1796 322; x_wconf 85' lang='lat' dir='ltr'><strong>adim-</strong></span> 
     </span>
     <span class='ocr_line' id='line_1_55' title="bbox 1015 335 1796 376; baseline 0.006 -13"><span class='ocrx_word' id='word_1_372' title='bbox 1015 335 1122 370; x_wconf 89' lang='lat' dir='ltr'><strong>pletur.</strong></span> <span class='ocrx_word' id='word_1_373' title='bbox 1139 338 1192 365; x_wconf 85' lang='lat' dir='ltr'><strong>Per</strong></span> <span class='ocrx_word' id='word_1_374' title='bbox 1214 337 1294 365; x_wconf 89' lang='lat' dir='ltr'><strong>viam</strong></span> <span class='ocrx_word' id='word_1_375' title='bbox 1313 346 1384 367; x_wconf 88' lang='lat' dir='ltr'><strong>vero</strong></span> <span class='ocrx_word' id='word_1_376' title='bbox 1408 339 1541 374; x_wconf 89' lang='lat' dir='ltr'><strong>tertiam,</strong></span> <span class='ocrx_word' id='word_1_377' title='bbox 1565 339 1689 376; x_wconf 85' lang='lat' dir='ltr'><strong>quando</strong></span> <span class='ocrx_word' id='word_1_378' title='bbox 1711 348 1796 368; x_wconf 85' lang='lat' dir='ltr'><strong>mens</strong></span> 
     </span>
     <span class='ocr_line' id='line_1_56' title="bbox 1016 383 1796 422; baseline 0.008 -13"><span class='ocrx_word' id='word_1_379' title='bbox 1016 383 1148 419; x_wconf 80' lang='lat' dir='ltr'><strong>suspiriis</strong></span> <span class='ocrx_word' id='word_1_380' title='bbox 1166 383 1383 413; x_wconf 86' lang='lat' dir='ltr'><strong>insatiabilibus</strong></span> <span class='ocrx_word' id='word_1_381' title='bbox 1402 386 1529 422; x_wconf 83' lang='lat' dir='ltr'><strong>suspirat</strong></span> <span class='ocrx_word' id='word_1_382' title='bbox 1547 385 1655 415; x_wconf 87' lang='lat' dir='ltr'><strong>dilecto</strong></span> <span class='ocrx_word' id='word_1_383' title='bbox 1670 387 1796 416; x_wconf 84' lang='lat' dir='ltr'><strong>totaliter</strong></span> 
     </span>
     <span class='ocr_line' id='line_1_57' title="bbox 1016 429 1796 470; baseline 0.008 -14"><span class='ocrx_word' id='word_1_384' title='bbox 1016 429 1108 464; x_wconf 85' lang='lat' dir='ltr'><strong>uniri,</strong></span> <span class='ocrx_word' id='word_1_385' title='bbox 1133 430 1173 458; x_wconf 90' lang='lat' dir='ltr'><strong>ad</strong></span> <span class='ocrx_word' id='word_1_386' title='bbox 1193 431 1310 459; x_wconf 85' lang='lat' dir='ltr'><strong>tertiam</strong></span> <span class='ocrx_word' id='word_1_387' title='bbox 1333 431 1572 468; x_wconf 87' lang='lat' dir='ltr'><strong>irradiationem,</strong></span> <span class='ocrx_word' id='word_1_388' title='bbox 1596 433 1627 461; x_wconf 89' lang='lat' dir='ltr'><strong>in</strong></span> <span class='ocrx_word' id='word_1_389' title='bbox 1647 441 1707 470; x_wconf 85' lang='lat' dir='ltr'><strong>qua</strong></span> <span class='ocrx_word' id='word_1_390' title='bbox 1727 433 1796 470; x_wconf 87' lang='lat' dir='ltr'><strong>plus</strong></span> 
     </span>
     <span class='ocr_line' id='line_1_58' title="bbox 1016 477 1795 516; baseline 0.006 -12"><span class='ocrx_word' id='word_1_391' title='bbox 1016 477 1123 511; x_wconf 87' lang='lat' dir='ltr'><strong>agitur,</strong></span> <span class='ocrx_word' id='word_1_392' title='bbox 1136 485 1226 513; x_wconf 88' lang='lat' dir='ltr'><strong>quem</strong></span> <span class='ocrx_word' id='word_1_393' title='bbox 1241 479 1326 514; x_wconf 85' lang='lat' dir='ltr'><strong>agat,</strong></span> <span class='ocrx_word' id='word_1_394' title='bbox 1342 478 1482 507; x_wconf 85' lang='lat' dir='ltr'><strong>divinitus</strong></span> <span class='ocrx_word' id='word_1_395' title='bbox 1499 480 1681 516; x_wconf 88' lang='lat' dir='ltr'><strong>sublevatur,</strong></span> <span class='ocrx_word' id='word_1_396' title='bbox 1697 482 1726 508; x_wconf 87' lang='lat' dir='ltr'><strong>et</strong></span> <span class='ocrx_word' id='word_1_397' title='bbox 1739 481 1795 510; x_wconf 89' lang='lat' dir='ltr'><strong>sibi</strong></span> 
     </span>
     <span class='ocr_line' id='line_1_59' title="bbox 1016 523 1796 562; baseline 0.008 -12"><span class='ocrx_word' id='word_1_398' title='bbox 1016 523 1126 551; x_wconf 89' lang='lat' dir='ltr'><strong>diutius</strong></span> <span class='ocrx_word' id='word_1_399' title='bbox 1141 524 1299 560; x_wconf 89' lang='lat' dir='ltr'><strong>suspiranti</strong></span> <span class='ocrx_word' id='word_1_400' title='bbox 1315 525 1421 554; x_wconf 88' lang='lat' dir='ltr'><strong>dicitur</strong></span> <span class='ocrx_word' id='word_1_401' title='bbox 1435 534 1453 554; x_wconf 91' lang='lat' dir='ltr'><strong>a</strong></span> <span class='ocrx_word' id='word_1_402' title='bbox 1468 526 1573 555; x_wconf 89' lang='lat' dir='ltr'><strong>dilecto</strong></span> <span class='ocrx_word' id='word_1_403' title='bbox 1589 528 1599 544; x_wconf 84' lang='lat'>³</span> <span class='ocrx_word' id='word_1_404' title='bbox 1615 536 1621 554; x_wconf 92' lang='lat'><strong>:</strong></span> <span class='ocrx_word' id='word_1_405' title='bbox 1635 529 1739 562; x_wconf 77' lang='lat' dir='ltr'><strong>Amice,</strong></span> <span class='ocrx_word' id='word_1_406' title='bbox 1755 535 1796 556; x_wconf 84' lang='lat' dir='ltr'><strong>as-</strong></span> 
     </span>
     <span class='ocr_line' id='line_1_60' title="bbox 1016 571 1796 609; baseline 0.008 -12"><span class='ocrx_word' id='word_1_407' title='bbox 1016 571 1095 598; x_wconf 81' lang='lat' dir='ltr'><strong>cende</strong></span> <span class='ocrx_word' id='word_1_408' title='bbox 1104 573 1238 606; x_wconf 80' lang='lat' dir='ltr'><strong>superz&#39;us.</strong></span> <span class='ocrx_word' id='word_1_409' title='bbox 1253 573 1290 599; x_wconf 91' lang='lat' dir='ltr'><strong>De</strong></span> <span class='ocrx_word' id='word_1_410' title='bbox 1302 572 1357 600; x_wconf 89' lang='lat' dir='ltr'><strong>hac</strong></span> <span class='ocrx_word' id='word_1_411' title='bbox 1370 572 1573 609; x_wconf 85' lang='lat' dir='ltr'><strong>Dionysius‚in</strong></span> <span class='ocrx_word' id='word_1_412' title='bbox 1585 575 1701 609; x_wconf 80' lang='lat' dir='ltr'><strong>Mystica</strong></span> <span class='ocrx_word' id='word_1_413' title='bbox 1713 576 1796 603; x_wconf 83' lang='lat' dir='ltr'><strong>Theo-</strong></span> 
     </span>
     <span class='ocr_line' id='line_1_61' title="bbox 1016 618 1796 656; baseline 0.008 -12"><span class='ocrx_word' id='word_1_414' title='bbox 1016 618 1098 652; x_wconf 77' lang='lat' dir='ltr'><strong>loqia,</strong></span> <span class='ocrx_word' id='word_1_415' title='bbox 1115 620 1276 654; x_wconf 87' lang='lat' dir='ltr'><strong>postquam</strong></span> <span class='ocrx_word' id='word_1_416' title='bbox 1298 618 1372 647; x_wconf 90' lang='lat' dir='ltr'><strong>dixit</strong></span> <span class='ocrx_word' id='word_1_417' title='bbox 1386 619 1396 635; x_wconf 59' lang='lat'><em>⁵</em></span> <span class='ocrx_word' id='word_1_418' title='bbox 1411 629 1416 646; x_wconf 92' lang='lat'>:</span> <span class='ocrx_word' id='word_1_419' title='bbox 1439 629 1452 645; x_wconf 79' lang='grc' dir='ltr'>α</span> <span class='ocrx_word' id='word_1_420' title='bbox 1466 622 1615 656; x_wconf 78' lang='lat' dir='ltr'><strong>consurge</strong></span> <span class='ocrx_word' id='word_1_421' title='bbox 1638 621 1737 656; x_wconf 88' lang='lat' dir='ltr'><strong>ignote</strong></span> <span class='ocrx_word' id='word_1_422' title='bbox 1757 622 1796 650; x_wconf 86' lang='lat' dir='ltr'><strong>ad</strong></span> 
     </span>
     <span class='ocr_line' id='line_1_62' title="bbox 1016 664 1797 703; baseline 0.008 -13"><span class='ocrx_word' id='word_1_423' title='bbox 1016 664 1078 699; x_wconf 85' lang='lat' dir='ltr'><strong>ejus</strong></span> <span class='ocrx_word' id='word_1_424' title='bbox 1092 664 1274 699; x_wconf 90' lang='lat' dir='ltr'><strong>unitionem,</strong></span> <span class='ocrx_word' id='word_1_425' title='bbox 1295 674 1363 702; x_wconf 78' lang='lat' dir='ltr'><strong>quae</strong></span> <span class='ocrx_word' id='word_1_426' title='bbox 1379 669 1420 695; x_wconf 91' lang='lat' dir='ltr'><strong>est</strong></span> <span class='ocrx_word' id='word_1_427' title='bbox 1434 675 1523 703; x_wconf 88' lang='lat' dir='ltr'><strong>supra</strong></span> <span class='ocrx_word' id='word_1_428' title='bbox 1538 670 1683 702; x_wconf 84' lang='lat' dir='ltr'><strong>mentem,</strong></span> <span class='ocrx_word' id='word_1_429' title='bbox 1699 670 1726 696; x_wconf 90' lang='lat' dir='ltr'><strong>et</strong></span> <span class='ocrx_word' id='word_1_430' title='bbox 1745 677 1797 697; x_wconf 85' lang='lat' dir='ltr'><strong>co-</strong></span> 
     </span>
     <span class='ocr_line' id='line_1_63' title="bbox 1015 710 1797 751; baseline 0.006 -13"><span class='ocrx_word' id='word_1_431' title='bbox 1015 710 1196 746; x_wconf 86' lang='lat' dir='ltr'><strong>gnitionem,</strong></span> <span class='ocrx_word' id='word_1_432' title='bbox 1216 721 1230 738; x_wconf 85' lang='lat'>»</span> <span class='ocrx_word' id='word_1_433' title='bbox 1249 712 1302 740; x_wconf 90' lang='lat' dir='ltr'><strong>ubi</strong></span> <span class='ocrx_word' id='word_1_434' title='bbox 1322 712 1412 740; x_wconf 87' lang='lat' dir='ltr'><strong>tradit</strong></span> <span class='ocrx_word' id='word_1_435' title='bbox 1431 714 1541 741; x_wconf 84' lang='lat' dir='ltr'><strong>amoris</strong></span> <span class='ocrx_word' id='word_1_436' title='bbox 1561 714 1666 742; x_wconf 90' lang='lat' dir='ltr'><strong>unitivi</strong></span> <span class='ocrx_word' id='word_1_437' title='bbox 1689 715 1797 751; x_wconf 91' lang='lat' dir='ltr'><strong>practi-</strong></span> 
     </span>
     <span class='ocr_line' id='line_1_64' title="bbox 1015 758 1796 797; baseline 0.006 -12"><span class='ocrx_word' id='word_1_438' title='bbox 1015 765 1096 791; x_wconf 88' lang='lat' dir='ltr'><strong>cam,</strong></span> <span class='ocrx_word' id='word_1_439' title='bbox 1112 758 1164 785; x_wconf 87' lang='lat' dir='ltr'><strong>ubi</strong></span> <span class='ocrx_word' id='word_1_440' title='bbox 1182 759 1291 787; x_wconf 86' lang='lat' dir='ltr'><strong>scilicet</strong></span> <span class='ocrx_word' id='word_1_441' title='bbox 1311 760 1350 787; x_wconf 91' lang='lat' dir='ltr'><strong>ad</strong></span> <span class='ocrx_word' id='word_1_442' title='bbox 1371 759 1521 788; x_wconf 80' lang='lat' dir='ltr'><strong>ineffabile</strong></span> <span class='ocrx_word' id='word_1_443' title='bbox 1536 761 1711 797; x_wconf 83' lang='lat' dir='ltr'><strong>mysterium</strong></span> <span class='ocrx_word' id='word_1_444' title='bbox 1725 770 1796 790; x_wconf 90' lang='lat' dir='ltr'><strong>con-</strong></span> 
     </span>
     <span class='ocr_line' id='line_1_65' title="bbox 1015 805 1797 844; baseline 0.008 -13"><span class='ocrx_word' id='word_1_445' title='bbox 1015 805 1110 840; x_wconf 84' lang='lat' dir='ltr'><strong>surgit</strong></span> <span class='ocrx_word' id='word_1_446' title='bbox 1123 805 1256 840; x_wconf 82' lang='lat' dir='ltr'><strong>affectus,</strong></span> <span class='ocrx_word' id='word_1_447' title='bbox 1273 806 1356 842; x_wconf 88' lang='lat' dir='ltr'><strong>quod</strong></span> <span class='ocrx_word' id='word_1_448' title='bbox 1371 807 1489 842; x_wconf 85' lang='lat' dir='ltr'><strong>ignorat</strong></span> <span class='ocrx_word' id='word_1_449' title='bbox 1503 808 1677 843; x_wconf 86' lang='lat' dir='ltr'><strong>intellectus,</strong></span> <span class='ocrx_word' id='word_1_450' title='bbox 1694 810 1797 844; x_wconf 84' lang='lat' dir='ltr'><strong>postea</strong></span> 
     </span>
     <span class='ocr_line' id='line_1_66' title="bbox 1015 851 1797 887; baseline 0.005 -8"><span class='ocrx_word' id='word_1_451' title='bbox 1015 851 1129 887; x_wconf 86' lang='lat' dir='ltr'><strong>subdit,</strong></span> <span class='ocrx_word' id='word_1_452' title='bbox 1151 852 1252 880; x_wconf 88' lang='lat' dir='ltr'><strong>dicens</strong></span> <span class='ocrx_word' id='word_1_453' title='bbox 1273 853 1314 881; x_wconf 88' lang='lat' dir='ltr'><strong>ad</strong></span> <span class='ocrx_word' id='word_1_454' title='bbox 1336 853 1521 882; x_wconf 86' lang='lat' dir='ltr'><strong>Timotheum</strong></span> <span class='ocrx_word' id='word_1_455' title='bbox 1542 855 1600 882; x_wconf 86' lang='lat' dir='ltr'><strong>sic:</strong></span> <span class='ocrx_word' id='word_1_456' title='bbox 1620 865 1634 881; x_wconf 74' lang='grc' dir='ltr'>α</span> <span class='ocrx_word' id='word_1_457' title='bbox 1653 855 1697 883; x_wconf 85' lang='lat' dir='ltr'><strong>Sic</strong></span> <span class='ocrx_word' id='word_1_458' title='bbox 1717 855 1797 884; x_wconf 88' lang='lat' dir='ltr'><strong>enim</strong></span> 
     </span>
     <span class='ocr_line' id='line_1_67' title="bbox 1016 898 1797 934; baseline 0.006 -8"><span class='ocrx_word' id='word_1_459' title='bbox 1016 898 1117 927; x_wconf 88' lang='lat' dir='ltr'><strong>omnia</strong></span> <span class='ocrx_word' id='word_1_460' title='bbox 1131 907 1148 927; x_wconf 91' lang='lat' dir='ltr'><strong>a</strong></span> <span class='ocrx_word' id='word_1_461' title='bbox 1163 901 1190 927; x_wconf 87' lang='lat' dir='ltr'><strong>te</strong></span> <span class='ocrx_word' id='word_1_462' title='bbox 1206 899 1355 934; x_wconf 85' lang='lat' dir='ltr'><strong>auferens,</strong></span> <span class='ocrx_word' id='word_1_463' title='bbox 1371 903 1398 929; x_wconf 89' lang='lat' dir='ltr'><strong>et</strong></span> <span class='ocrx_word' id='word_1_464' title='bbox 1412 902 1451 929; x_wconf 89' lang='lat' dir='ltr'><strong>ab</strong></span> <span class='ocrx_word' id='word_1_465' title='bbox 1472 902 1554 930; x_wconf 90' lang='lat' dir='ltr'><strong>omni</strong></span> <span class='ocrx_word' id='word_1_466' title='bbox 1570 902 1755 931; x_wconf 83' lang='lat' dir='ltr'><strong>irretentibili</strong></span> <span class='ocrx_word' id='word_1_467' title='bbox 1769 905 1797 934; x_wconf 83' lang='lat' dir='ltr'><strong>et</strong></span> 
     </span>
     <span class='ocr_line' id='line_1_68' title="bbox 1015 945 1796 981; baseline 0.006 -8"><span class='ocrx_word' id='word_1_468' title='bbox 1015 945 1165 981; x_wconf 84' lang='lat' dir='ltr'><strong>absoluto,</strong></span> <span class='ocrx_word' id='word_1_469' title='bbox 1180 947 1292 975; x_wconf 91' lang='lat' dir='ltr'><strong>munde</strong></span> <span class='ocrx_word' id='word_1_470' title='bbox 1307 948 1345 975; x_wconf 88' lang='lat' dir='ltr'><strong>ad</strong></span> <span class='ocrx_word' id='word_1_471' title='bbox 1361 948 1533 976; x_wconf 89' lang='lat' dir='ltr'><strong>divinarum</strong></span> <span class='ocrx_word' id='word_1_472' title='bbox 1545 949 1736 978; x_wconf 86' lang='lat' dir='ltr'><strong>tenebrarum</strong></span> <span class='ocrx_word' id='word_1_473' title='bbox 1750 958 1796 978; x_wconf 84' lang='lat' dir='ltr'><strong>ra-</strong></span> 
     </span>
     <span class='ocr_line' id='line_1_69' title="bbox 1015 992 1796 1030; baseline 0.008 -11"><span class='ocrx_word' id='word_1_474' title='bbox 1015 992 1099 1020; x_wconf 93' lang='lat' dir='ltr'><strong>dium</strong></span> <span class='ocrx_word' id='word_1_475' title='bbox 1123 1001 1240 1021; x_wconf 89' lang='lat' dir='ltr'><strong>sursum</strong></span> <span class='ocrx_word' id='word_1_476' title='bbox 1262 994 1367 1030; x_wconf 85' lang='lat' dir='ltr'><strong>ageris.</strong></span> <span class='ocrx_word' id='word_1_477' title='bbox 1392 1006 1405 1021; x_wconf 81' lang='grc'>»</span> <span class='ocrx_word' id='word_1_478' title='bbox 1423 996 1505 1023; x_wconf 91' lang='lat' dir='ltr'><strong>Unde</strong></span> <span class='ocrx_word' id='word_1_479' title='bbox 1529 998 1557 1024; x_wconf 92' lang='lat' dir='ltr'><strong>et</strong></span> <span class='ocrx_word' id='word_1_480' title='bbox 1574 996 1605 1024; x_wconf 92' lang='lat' dir='ltr'><strong>in</strong></span> <span class='ocrx_word' id='word_1_481' title='bbox 1624 1005 1796 1025; x_wconf 87' lang='lat' dir='ltr'><strong>consurrec-</strong></span> 
     </span>
     <span class='ocr_line' id='line_1_70' title="bbox 1015 1039 1796 1080; baseline 0.008 -14"><span class='ocrx_word' id='word_1_482' title='bbox 1015 1039 1093 1067; x_wconf 91' lang='lat' dir='ltr'><strong>tione</strong></span> <span class='ocrx_word' id='word_1_483' title='bbox 1115 1040 1221 1069; x_wconf 90' lang='lat' dir='ltr'><strong>unitivi</strong></span> <span class='ocrx_word' id='word_1_484' title='bbox 1245 1042 1355 1070; x_wconf 88' lang='lat' dir='ltr'><strong>amoris</strong></span> <span class='ocrx_word' id='word_1_485' title='bbox 1378 1043 1468 1070; x_wconf 89' lang='lat' dir='ltr'><strong>dicit:</strong></span> <span class='ocrx_word' id='word_1_486' title='bbox 1490 1052 1502 1068; x_wconf 86' lang='lat'>«</span> <span class='ocrx_word' id='word_1_487' title='bbox 1517 1044 1678 1079; x_wconf 88' lang='lat' dir='ltr'><strong>Consurge,</strong></span> <span class='ocrx_word' id='word_1_488' title='bbox 1694 1054 1707 1070; x_wconf 85' lang='lat'>»</span> <span class='ocrx_word' id='word_1_489' title='bbox 1726 1044 1796 1080; x_wconf 88' lang='lat' dir='ltr'><strong>quia</strong></span> 
     </span>
     <span class='ocr_line' id='line_1_71' title="bbox 1014 1086 1796 1125; baseline 0.008 -12"><span class='ocrx_word' id='word_1_490' title='bbox 1014 1086 1103 1114; x_wconf 90' lang='lat' dir='ltr'><strong>simul</strong></span> <span class='ocrx_word' id='word_1_491' title='bbox 1127 1087 1170 1115; x_wconf 90' lang='lat' dir='ltr'><strong>ibi</strong></span> <span class='ocrx_word' id='word_1_492' title='bbox 1192 1091 1332 1123; x_wconf 90' lang='lat' dir='ltr'><strong>operatur</strong></span> <span class='ocrx_word' id='word_1_493' title='bbox 1351 1092 1472 1124; x_wconf 82' lang='lat' dir='ltr'><strong>natura,</strong></span> <span class='ocrx_word' id='word_1_494' title='bbox 1503 1093 1532 1117; x_wconf 89' lang='lat' dir='ltr'><strong>et</strong></span> <span class='ocrx_word' id='word_1_495' title='bbox 1559 1091 1662 1125; x_wconf 86' lang='lat' dir='ltr'><strong>gratia.</strong></span> <span class='ocrx_word' id='word_1_496' title='bbox 1693 1093 1796 1120; x_wconf 88' lang='lat' dir='ltr'><strong>Postea</strong></span> 
     </span>
     <span class='ocr_line' id='line_1_72' title="bbox 1015 1133 1796 1173; baseline 0.008 -13"><span class='ocrx_word' id='word_1_497' title='bbox 1015 1133 1099 1160; x_wconf 86' lang='lat' dir='ltr'><strong>dicit:</strong></span> <span class='ocrx_word' id='word_1_498' title='bbox 1123 1144 1136 1160; x_wconf 88' lang='lat'>«</span> <span class='ocrx_word' id='word_1_499' title='bbox 1152 1136 1274 1163; x_wconf 89' lang='lat' dir='ltr'><strong>Sursum</strong></span> <span class='ocrx_word' id='word_1_500' title='bbox 1292 1136 1398 1171; x_wconf 85' lang='lat' dir='ltr'><strong>ageris,</strong></span> <span class='ocrx_word' id='word_1_501' title='bbox 1411 1147 1423 1163; x_wconf 84' lang='lat'>»</span> <span class='ocrx_word' id='word_1_502' title='bbox 1449 1137 1521 1173; x_wconf 85' lang='lat' dir='ltr'><strong>quia</strong></span> <span class='ocrx_word' id='word_1_503' title='bbox 1532 1145 1593 1164; x_wconf 93' lang='lat' dir='ltr'><strong>non</strong></span> <span class='ocrx_word' id='word_1_504' title='bbox 1606 1139 1727 1173; x_wconf 87' lang='lat' dir='ltr'><strong>natura,</strong></span> <span class='ocrx_word' id='word_1_505' title='bbox 1744 1139 1796 1166; x_wconf 89' lang='lat' dir='ltr'><strong>sed</strong></span> 
     </span>
     <span class='ocr_line' id='line_1_73' title="bbox 1015 1181 1795 1219; baseline 0.008 -11"><span class='ocrx_word' id='word_1_506' title='bbox 1015 1181 1123 1216; x_wconf 86' lang='lat' dir='ltr'><strong>gratia,</strong></span> <span class='ocrx_word' id='word_1_507' title='bbox 1140 1190 1222 1210; x_wconf 88' lang='lat' dir='ltr'><strong>mens</strong></span> <span class='ocrx_word' id='word_1_508' title='bbox 1236 1183 1276 1210; x_wconf 88' lang='lat' dir='ltr'><strong>ad</strong></span> <span class='ocrx_word' id='word_1_509' title='bbox 1288 1183 1566 1219; x_wconf 83' lang='lat' dir='ltr'><strong>experimentalem‚</strong></span> <span class='ocrx_word' id='word_1_510' title='bbox 1584 1187 1611 1212; x_wconf 91' lang='lat' dir='ltr'><strong>et</strong></span> <span class='ocrx_word' id='word_1_511' title='bbox 1638 1185 1795 1214; x_wconf 79' lang='lat' dir='ltr'><strong>immedia-</strong></span> 
     </span>
     <span class='ocr_line' id='line_1_74' title="bbox 1015 1229 1795 1268; baseline 0.008 -13"><span class='ocrx_word' id='word_1_512' title='bbox 1015 1230 1074 1255; x_wconf 87' lang='lat' dir='ltr'><strong>tam</strong></span> <span class='ocrx_word' id='word_1_513' title='bbox 1082 1229 1283 1264; x_wconf 86' lang='lat' dir='ltr'><strong>cognitionem</strong></span> <span class='ocrx_word' id='word_1_514' title='bbox 1294 1230 1458 1258; x_wconf 86' lang='lat' dir='ltr'><strong>coelestium</strong></span> <span class='ocrx_word' id='word_1_515' title='bbox 1465 1231 1607 1266; x_wconf 87' lang='lat' dir='ltr'><strong>elevatur,</strong></span> <span class='ocrx_word' id='word_1_516' title='bbox 1617 1233 1645 1259; x_wconf 94' lang='lat' dir='ltr'><strong>et</strong></span> <span class='ocrx_word' id='word_1_517' title='bbox 1650 1240 1703 1268; x_wconf 91' lang='lat' dir='ltr'><strong>per</strong></span> <span class='ocrx_word' id='word_1_518' title='bbox 1712 1233 1795 1261; x_wconf 88' lang='lat' dir='ltr'><strong>illam</strong></span> 
     </span>
     <span class='ocr_line' id='line_1_75' title="bbox 1015 1275 1795 1314; baseline 0.006 -12"><span class='ocrx_word' id='word_1_519' title='bbox 1015 1275 1130 1303; x_wconf 88' lang='lat' dir='ltr'><strong>animus</strong></span> <span class='ocrx_word' id='word_1_520' title='bbox 1141 1276 1181 1303; x_wconf 91' lang='lat' dir='ltr'><strong>ad</strong></span> <span class='ocrx_word' id='word_1_521' title='bbox 1190 1276 1275 1304; x_wconf 90' lang='lat' dir='ltr'><strong>istam</strong></span> <span class='ocrx_word' id='word_1_522' title='bbox 1286 1276 1462 1312; x_wconf 85' lang='lat' dir='ltr'><strong>disponitur.</strong></span> <span class='ocrx_word' id='word_1_523' title='bbox 1472 1278 1529 1305; x_wconf 88' lang='lat' dir='ltr'><strong>Sed</strong></span> <span class='ocrx_word' id='word_1_524' title='bbox 1540 1278 1610 1314; x_wconf 87' lang='lat' dir='ltr'><strong>quia</strong></span> <span class='ocrx_word' id='word_1_525' title='bbox 1620 1278 1657 1306; x_wconf 89' lang='lat' dir='ltr'><strong>de</strong></span> <span class='ocrx_word' id='word_1_526' title='bbox 1668 1279 1716 1306; x_wconf 87' lang='lat' dir='ltr'><strong>via</strong></span> <span class='ocrx_word' id='word_1_527' title='bbox 1730 1279 1795 1308; x_wconf 88' lang='lat' dir='ltr'><strong>illu-</strong></span> 
     </span>
     <span class='ocr_line' id='line_1_76' title="bbox 1015 1323 1796 1362; baseline 0.005 -12"><span class='ocrx_word' id='word_1_528' title='bbox 1015 1323 1156 1351; x_wconf 88' lang='lat' dir='ltr'><strong>minativa</strong></span> <span class='ocrx_word' id='word_1_529' title='bbox 1166 1326 1209 1351; x_wconf 87' lang='lat' dir='ltr'><strong>est</strong></span> <span class='ocrx_word' id='word_1_530' title='bbox 1218 1332 1347 1360; x_wconf 73' lang='lat' dir='ltr'><strong>praesens</strong></span> <span class='ocrx_word' id='word_1_531' title='bbox 1358 1324 1491 1360; x_wconf 86' lang='lat' dir='ltr'><strong>intentio,</strong></span> <span class='ocrx_word' id='word_1_532' title='bbox 1501 1325 1660 1353; x_wconf 86' lang='lat' dir='ltr'><strong>dicendum</strong></span> <span class='ocrx_word' id='word_1_533' title='bbox 1670 1328 1712 1353; x_wconf 90' lang='lat' dir='ltr'><strong>est</strong></span> <span class='ocrx_word' id='word_1_534' title='bbox 1721 1335 1796 1362; x_wconf 86' lang='lat' dir='ltr'><strong>quo-</strong></span> 
     </span>
     <span class='ocr_line' id='line_1_77' title="bbox 1015 1370 1794 1409; baseline 0.005 -12"><span class='ocrx_word' id='word_1_535' title='bbox 1015 1370 1107 1398; x_wconf 90' lang='lat' dir='ltr'><strong>modo</strong></span> <span class='ocrx_word' id='word_1_536' title='bbox 1124 1370 1226 1398; x_wconf 89' lang='lat' dir='ltr'><strong>lumen</strong></span> <span class='ocrx_word' id='word_1_537' title='bbox 1237 1371 1267 1398; x_wconf 89' lang='lat' dir='ltr'><strong>in</strong></span> <span class='ocrx_word' id='word_1_538' title='bbox 1282 1371 1436 1407; x_wconf 81' lang='lat' dir='ltr'><strong>scripturis</strong></span> <span class='ocrx_word' id='word_1_539' title='bbox 1455 1374 1597 1408; x_wconf 82' lang='lat' dir='ltr'><strong>appareat</strong></span> <span class='ocrx_word' id='word_1_540' title='bbox 1609 1373 1662 1409; x_wconf 83' lang='lat' dir='ltr'><strong>(a);</strong></span> <span class='ocrx_word' id='word_1_541' title='bbox 1686 1373 1794 1402; x_wconf 87' lang='lat' dir='ltr'><strong>deinde</strong></span> 
     </span>
     <span class='ocr_line' id='line_1_78' title="bbox 1015 1417 1795 1455; baseline 0.005 -11"><span class='ocrx_word' id='word_1_542' title='bbox 1015 1417 1170 1452; x_wconf 88' lang='lat' dir='ltr'><strong>quomodo</strong></span> <span class='ocrx_word' id='word_1_543' title='bbox 1195 1426 1248 1454; x_wconf 90' lang='lat' dir='ltr'><strong>per</strong></span> <span class='ocrx_word' id='word_1_544' title='bbox 1271 1418 1349 1445; x_wconf 88' lang='lat' dir='ltr'><strong>istud</strong></span> <span class='ocrx_word' id='word_1_545' title='bbox 1373 1418 1475 1446; x_wconf 85' lang='lat' dir='ltr'><strong>lumen</strong></span> <span class='ocrx_word' id='word_1_546' title='bbox 1498 1419 1537 1446; x_wconf 87' lang='lat' dir='ltr'><strong>ad</strong></span> <span class='ocrx_word' id='word_1_547' title='bbox 1561 1420 1676 1447; x_wconf 85' lang='lat' dir='ltr'><strong>tertiam</strong></span> <span class='ocrx_word' id='word_1_548' title='bbox 1698 1421 1795 1455; x_wconf 86' lang='lat' dir='ltr'><strong>viam,</strong></span> 
     </span>
     <span class='ocr_line' id='line_1_79' title="bbox 1014 1464 1794 1503; baseline 0.005 -12"><span class='ocrx_word' id='word_1_549' title='bbox 1014 1464 1124 1492; x_wconf 86' lang='lat' dir='ltr'><strong>scilicet</strong></span> <span class='ocrx_word' id='word_1_550' title='bbox 1136 1465 1278 1493; x_wconf 87' lang='lat' dir='ltr'><strong>unitivam</strong></span> <span class='ocrx_word' id='word_1_551' title='bbox 1293 1465 1508 1494; x_wconf 84' lang='lat' dir='ltr'><strong>ascendamus:</strong></span> <span class='ocrx_word' id='word_1_552' title='bbox 1527 1468 1554 1494; x_wconf 92' lang='lat' dir='ltr'><strong>et</strong></span> <span class='ocrx_word' id='word_1_553' title='bbox 1568 1475 1629 1502; x_wconf 90' lang='lat' dir='ltr'><strong>quo</strong></span> <span class='ocrx_word' id='word_1_554' title='bbox 1646 1467 1680 1503; x_wconf 82' lang='lat' dir='ltr'><strong>(b)</strong></span> <span class='ocrx_word' id='word_1_555' title='bbox 1697 1468 1794 1495; x_wconf 90' lang='lat' dir='ltr'><strong>omni-</strong></span> 
     </span>
     <span class='ocr_line' id='line_1_80' title="bbox 1014 1511 1794 1550; baseline 0.005 -12"><span class='ocrx_word' id='word_1_556' title='bbox 1014 1511 1070 1539; x_wconf 88' lang='lat' dir='ltr'><strong>bus</strong></span> <span class='ocrx_word' id='word_1_557' title='bbox 1085 1514 1199 1548; x_wconf 87' lang='lat' dir='ltr'><strong>pateat,</strong></span> <span class='ocrx_word' id='word_1_558' title='bbox 1216 1513 1300 1548; x_wconf 86' lang='lat' dir='ltr'><strong>quod</strong></span> <span class='ocrx_word' id='word_1_559' title='bbox 1315 1513 1346 1541; x_wconf 89' lang='lat' dir='ltr'><strong>in</strong></span> <span class='ocrx_word' id='word_1_560' title='bbox 1361 1514 1443 1541; x_wconf 89' lang='lat' dir='ltr'><strong>omni</strong></span> <span class='ocrx_word' id='word_1_561' title='bbox 1459 1514 1603 1550; x_wconf 87' lang='lat' dir='ltr'><strong>scriptura</strong></span> <span class='ocrx_word' id='word_1_562' title='bbox 1623 1517 1723 1542; x_wconf 81' lang='lat' dir='ltr'><strong>sancta</strong></span> <span class='ocrx_word' id='word_1_563' title='bbox 1741 1515 1794 1543; x_wconf 88' lang='lat' dir='ltr'><strong>iste</strong></span> 
     </span>
     <span class='ocr_line' id='line_1_81' title="bbox 1014 1558 1794 1595; baseline 0.005 -10"><span class='ocrx_word' id='word_1_564' title='bbox 1014 1558 1115 1585; x_wconf 85' lang='lat' dir='ltr'><strong>radius</strong></span> <span class='ocrx_word' id='word_1_565' title='bbox 1136 1559 1243 1594; x_wconf 85' lang='lat' dir='ltr'><strong>latitat,</strong></span> <span class='ocrx_word' id='word_1_566' title='bbox 1267 1560 1347 1587; x_wconf 88' lang='lat' dir='ltr'><strong>velut</strong></span> <span class='ocrx_word' id='word_1_567' title='bbox 1371 1560 1474 1587; x_wconf 89' lang='lat' dir='ltr'><strong>lumen</strong></span> <span class='ocrx_word' id='word_1_568' title='bbox 1498 1561 1528 1588; x_wconf 89' lang='lat' dir='ltr'><strong>in</strong></span> <span class='ocrx_word' id='word_1_569' title='bbox 1550 1563 1635 1595; x_wconf 86' lang='lat' dir='ltr'><strong>testa,</strong></span> <span class='ocrx_word' id='word_1_570' title='bbox 1658 1561 1794 1590; x_wconf 88' lang='lat' dir='ltr'><strong>subditur</strong></span> 
     </span>
     <span class='ocr_line' id='line_1_82' title="bbox 1015 1605 1794 1641; baseline 0.005 -9"><span class='ocrx_word' id='word_1_571' title='bbox 1015 1605 1187 1641; x_wconf 78' lang='lat' dir='ltr'><strong>exemplum</strong></span> <span class='ocrx_word' id='word_1_572' title='bbox 1208 1606 1239 1633; x_wconf 88' lang='lat' dir='ltr'><strong>in</strong></span> <span class='ocrx_word' id='word_1_573' title='bbox 1258 1614 1334 1641; x_wconf 88' lang='lat' dir='ltr'><strong>uno,</strong></span> <span class='ocrx_word' id='word_1_574' title='bbox 1354 1607 1463 1634; x_wconf 87' lang='lat' dir='ltr'><strong>scilicet</strong></span> <span class='ocrx_word' id='word_1_575' title='bbox 1484 1608 1515 1634; x_wconf 90' lang='lat' dir='ltr'><strong>in</strong></span> <span class='ocrx_word' id='word_1_576' title='bbox 1535 1607 1670 1635; x_wconf 85' lang='lat' dir='ltr'><strong>Oratione</strong></span> <span class='ocrx_word' id='word_1_577' title='bbox 1695 1609 1794 1636; x_wconf 76' lang='lat' dir='ltr'><strong>Domi-</strong></span> 
     </span>
     <span class='ocr_line' id='line_1_83' title="bbox 1014 1652 1793 1687; baseline 0.004 -8"><span class='ocrx_word' id='word_1_578' title='bbox 1014 1652 1096 1687; x_wconf 80' lang='lat' dir='ltr'><strong>nica,</strong></span> <span class='ocrx_word' id='word_1_579' title='bbox 1112 1655 1143 1680; x_wconf 93' lang='lat' dir='ltr'><strong>ut</strong></span> <span class='ocrx_word' id='word_1_580' title='bbox 1165 1653 1254 1680; x_wconf 89' lang='lat' dir='ltr'><strong>simul</strong></span> <span class='ocrx_word' id='word_1_581' title='bbox 1271 1662 1306 1681; x_wconf 80' lang='lat' dir='ltr'><strong>ex</strong></span> <span class='ocrx_word' id='word_1_582' title='bbox 1327 1654 1466 1682; x_wconf 82' lang='lat' dir='ltr'><strong>universo</strong></span> <span class='ocrx_word' id='word_1_583' title='bbox 1480 1655 1562 1682; x_wconf 87' lang='lat' dir='ltr'><strong>Novo</strong></span> <span class='ocrx_word' id='word_1_584' title='bbox 1579 1658 1607 1683; x_wconf 90' lang='lat' dir='ltr'><strong>et</strong></span> <span class='ocrx_word' id='word_1_585' title='bbox 1620 1655 1715 1682; x_wconf 87' lang='lat' dir='ltr'><strong>Veteri</strong></span> <span class='ocrx_word' id='word_1_586' title='bbox 1727 1657 1793 1683; x_wconf 91' lang='lat' dir='ltr'><strong>Tes-</strong></span> 
     </span>
     <span class='ocr_line' id='line_1_84' title="bbox 1015 1700 1794 1737; baseline 0.005 -11"><span class='ocrx_word' id='word_1_587' title='bbox 1015 1701 1145 1727; x_wconf 80' lang='lat' dir='ltr'><strong>tamento</strong></span> <span class='ocrx_word' id='word_1_588' title='bbox 1168 1700 1206 1727; x_wconf 87' lang='lat' dir='ltr'><strong>ab</strong></span> <span class='ocrx_word' id='word_1_589' title='bbox 1227 1700 1373 1728; x_wconf 85' lang='lat' dir='ltr'><strong>universis</strong></span> <span class='ocrx_word' id='word_1_590' title='bbox 1393 1701 1522 1728; x_wconf 87' lang='lat' dir='ltr'><strong>veritatis</strong></span> <span class='ocrx_word' id='word_1_591' title='bbox 1537 1701 1691 1737; x_wconf 84' lang='lat' dir='ltr'><strong>discipulis</strong></span> <span class='ocrx_word' id='word_1_592' title='bbox 1714 1710 1794 1730; x_wconf 88' lang='lat' dir='ltr'><strong>com-</strong></span> 
     </span>
     <span class='ocr_line' id='line_1_85' title="bbox 1013 1746 1793 1785; baseline 0.005 -12"><span class='ocrx_word' id='word_1_593' title='bbox 1013 1746 1167 1781; x_wconf 88' lang='lat' dir='ltr'><strong>probetur,</strong></span> <span class='ocrx_word' id='word_1_594' title='bbox 1182 1748 1209 1774; x_wconf 88' lang='lat' dir='ltr'><strong>et</strong></span> <span class='ocrx_word' id='word_1_595' title='bbox 1228 1749 1260 1774; x_wconf 91' lang='lat' dir='ltr'><strong>ut</strong></span> <span class='ocrx_word' id='word_1_596' title='bbox 1279 1755 1341 1775; x_wconf 92' lang='lat' dir='ltr'><strong>non</strong></span> <span class='ocrx_word' id='word_1_597' title='bbox 1355 1748 1391 1775; x_wconf 91' lang='lat' dir='ltr'><strong>sit</strong></span> <span class='ocrx_word' id='word_1_598' title='bbox 1410 1747 1534 1783; x_wconf 87' lang='lat' dir='ltr'><strong>aliquod</strong></span> <span class='ocrx_word' id='word_1_599' title='bbox 1549 1748 1690 1782; x_wconf 80' lang='lat' dir='ltr'><strong>verbum,</strong></span> <span class='ocrx_word' id='word_1_600' title='bbox 1710 1750 1793 1785; x_wconf 89' lang='lat' dir='ltr'><strong>quod</strong></span> 
     </span>
     <span class='ocr_line' id='line_1_86' title="bbox 1013 1793 1793 1831; baseline 0.005 -11"><span class='ocrx_word' id='word_1_601' title='bbox 1013 1801 1075 1821; x_wconf 91' lang='lat' dir='ltr'><strong>non</strong></span> <span class='ocrx_word' id='word_1_602' title='bbox 1097 1793 1255 1830; x_wconf 88' lang='lat' dir='ltr'><strong>colloquiis</strong></span> <span class='ocrx_word' id='word_1_603' title='bbox 1284 1795 1385 1831; x_wconf 88' lang='lat' dir='ltr'><strong>sponsi</strong></span> <span class='ocrx_word' id='word_1_604' title='bbox 1409 1797 1436 1822; x_wconf 91' lang='lat' dir='ltr'><strong>et</strong></span> <span class='ocrx_word' id='word_1_605' title='bbox 1461 1803 1576 1830; x_wconf 74' lang='lat' dir='ltr'><strong>sponsae</strong></span> <span class='ocrx_word' id='word_1_606' title='bbox 1601 1795 1721 1824; x_wconf 81' lang='lat' dir='ltr'><strong>interius</strong></span> <span class='ocrx_word' id='word_1_607' title='bbox 1746 1804 1793 1824; x_wconf 85' lang='lat' dir='ltr'><strong>re·-</strong></span> 
     </span>
     <span class='ocr_line' id='line_1_87' title="bbox 1012 1840 1139 1876; baseline 0.008 -9"><span class='ocrx_word' id='word_1_608' title='bbox 1012 1840 1139 1876; x_wconf 90' lang='lat' dir='ltr'><strong>pleatur.</strong></span> 
     </span>
    </p>
   </div>
   <div class='ocr_carea' id='block_1_5' title="bbox 1255 1906 1550 1999">
    <p class='ocr_par' dir='ltr' id='par_1_5' title="bbox 1255 1906 1550 1999">
     <span class='ocr_line' id='line_1_88' title="bbox 1288 1906 1518 1931; baseline 0.004 -1"><span class='ocrx_word' id='word_1_609' title='bbox 1288 1906 1467 1930; x_wconf 76' lang='lat' dir='ltr'><strong>PARTICULA</strong></span> <span class='ocrx_word' id='word_1_610' title='bbox 1489 1907 1518 1931; x_wconf 86' lang='grc' dir='ltr'><strong>ΙΙ.</strong></span> 
     </span>
     <span class='ocr_line' id='line_1_89' title="bbox 1255 1967 1550 1999; baseline 0.007 -9"><span class='ocrx_word' id='word_1_611' title='bbox 1255 1968 1290 1991; x_wconf 88' lang='lat' dir='ltr'><strong>De</strong></span> <span class='ocrx_word' id='word_1_612' title='bbox 1308 1967 1399 1998; x_wconf 87' lang='lat' dir='ltr'><strong>triplici</strong></span> <span class='ocrx_word' id='word_1_613' title='bbox 1416 1968 1550 1999; x_wconf 83' lang='lat' dir='ltr'><strong>anagogia.</strong></span> 
     </span>
    </p>
   </div>
   <div class='ocr_carea' id='block_1_6' title="bbox 1009 2031 1792 2628">
    <p class='ocr_par' dir='ltr' id='par_1_6' title="bbox 1009 2031 1792 2628">
     <span class='ocr_line' id='line_1_90' title="bbox 1048 2031 1791 2065; baseline 0.004 -8"><span class='ocrx_word' id='word_1_614' title='bbox 1048 2031 1110 2058; x_wconf 75' lang='lat' dir='ltr'><strong>Nooe</strong></span> <span class='ocrx_word' id='word_1_615' title='bbox 1124 2031 1292 2057; x_wconf 80' lang='lat' dir='ltr'><strong>illuminatio</strong></span> <span class='ocrx_word' id='word_1_616' title='bbox 1308 2039 1367 2057; x_wconf 85' lang='lat' dir='ltr'><strong>mea</strong></span> <span class='ocrx_word' id='word_1_617' title='bbox 1381 2033 1410 2057; x_wconf 78' lang='lat' dir='ltr'><strong>in</strong></span> <span class='ocrx_word' id='word_1_618' title='bbox 1426 2031 1533 2058; x_wconf 76' lang='lat' dir='ltr'><strong>deliciis</strong></span> <span class='ocrx_word' id='word_1_619' title='bbox 1545 2033 1609 2058; x_wconf 80' lang='lat' dir='ltr'><strong>meis</strong></span> <span class='ocrx_word' id='word_1_620' title='bbox 1620 2033 1644 2065; x_wconf 80' lang='lat'><strong>⁵,</strong></span> <span class='ocrx_word' id='word_1_621' title='bbox 1659 2034 1712 2059; x_wconf 78' lang='lat' dir='ltr'><strong>etc.</strong></span> <span class='ocrx_word' id='word_1_622' title='bbox 1729 2034 1791 2060; x_wconf 78' lang='lat' dir='ltr'><strong>Nox</strong></span> 
     </span>
     <span class='ocr_line' id='line_1_91' title="bbox 1013 2076 1792 2113; baseline 0.004 -10"><span class='ocrx_word' id='word_1_623' title='bbox 1013 2076 1092 2104; x_wconf 89' lang='lat' dir='ltr'><strong>enim</strong></span> <span class='ocrx_word' id='word_1_624' title='bbox 1106 2076 1154 2104; x_wconf 86' lang='lat' dir='ltr'><strong>hic</strong></span> <span class='ocrx_word' id='word_1_625' title='bbox 1164 2078 1288 2104; x_wconf 87' lang='lat' dir='ltr'><strong>vocatur</strong></span> <span class='ocrx_word' id='word_1_626' title='bbox 1300 2077 1444 2104; x_wconf 83' lang='lat' dir='ltr'><strong>obscurus</strong></span> <span class='ocrx_word' id='word_1_627' title='bbox 1460 2080 1561 2105; x_wconf 75' lang='lat' dir='ltr'><strong>cortex</strong></span> <span class='ocrx_word' id='word_1_628' title='bbox 1576 2078 1729 2113; x_wconf 79' lang='lat' dir='ltr'><strong>Scripturae</strong></span> <span class='ocrx_word' id='word_1_629' title='bbox 1745 2087 1792 2106; x_wconf 80' lang='lat' dir='ltr'><strong>ex-</strong></span> 
     </span>
     <span class='ocr_line' id='line_1_92' title="bbox 1012 2123 1792 2161; baseline 0.004 -11"><span class='ocrx_word' id='word_1_630' title='bbox 1012 2123 1111 2156; x_wconf 79' lang='lat' dir='ltr'><strong>terior,</strong></span> <span class='ocrx_word' id='word_1_631' title='bbox 1127 2123 1175 2150; x_wconf 90' lang='lat' dir='ltr'><strong>vel</strong></span> <span class='ocrx_word' id='word_1_632' title='bbox 1190 2123 1278 2150; x_wconf 91' lang='lat' dir='ltr'><strong>etiam</strong></span> <span class='ocrx_word' id='word_1_633' title='bbox 1295 2124 1391 2151; x_wconf 86' lang='lat' dir='ltr'><strong>omnis</strong></span> <span class='ocrx_word' id='word_1_634' title='bbox 1407 2124 1554 2151; x_wconf 87' lang='lat' dir='ltr'><strong>sensibilis</strong></span> <span class='ocrx_word' id='word_1_635' title='bbox 1571 2127 1723 2160; x_wconf 83' lang='lat' dir='ltr'><strong>creatura,</strong></span> <span class='ocrx_word' id='word_1_636' title='bbox 1738 2134 1792 2161; x_wconf 91' lang='lat' dir='ltr'><strong>per</strong></span> 
     </span>
     <span class='ocr_line' id='line_1_93' title="bbox 1013 2169 1792 2207; baseline 0.005 -11"><span class='ocrx_word' id='word_1_637' title='bbox 1013 2177 1104 2205; x_wconf 83' lang='lat' dir='ltr'><strong>quam</strong></span> <span class='ocrx_word' id='word_1_638' title='bbox 1118 2177 1202 2196; x_wconf 90' lang='lat' dir='ltr'><strong>mens</strong></span> <span class='ocrx_word' id='word_1_639' title='bbox 1223 2169 1344 2197; x_wconf 89' lang='lat' dir='ltr'><strong>interius</strong></span> <span class='ocrx_word' id='word_1_640' title='bbox 1364 2170 1523 2198; x_wconf 87' lang='lat' dir='ltr'><strong>irradiatur</strong></span> <span class='ocrx_word' id='word_1_641' title='bbox 1548 2171 1587 2198; x_wconf 90' lang='lat' dir='ltr'><strong>ad</strong></span> <span class='ocrx_word' id='word_1_642' title='bbox 1609 2171 1687 2206; x_wconf 77' lang='lat' dir='ltr'><strong>hoe,</strong></span> <span class='ocrx_word' id='word_1_643' title='bbox 1709 2172 1792 2207; x_wconf 91' lang='lat' dir='ltr'><strong>quod</strong></span> 
     </span>
     <span class='ocr_line' id='line_1_94' title="bbox 1012 2216 1792 2254; baseline 0.004 -11"><span class='ocrx_word' id='word_1_644' title='bbox 1012 2216 1176 2251; x_wconf 85' lang='lat' dir='ltr'><strong>anagogice</strong></span> <span class='ocrx_word' id='word_1_645' title='bbox 1192 2216 1222 2243; x_wconf 90' lang='lat' dir='ltr'><strong>in</strong></span> <span class='ocrx_word' id='word_1_646' title='bbox 1243 2216 1348 2244; x_wconf 81' lang='lat' dir='ltr'><strong>unitivi</strong></span> <span class='ocrx_word' id='word_1_647' title='bbox 1371 2217 1481 2244; x_wconf 87' lang='lat' dir='ltr'><strong>amoris</strong></span> <span class='ocrx_word' id='word_1_648' title='bbox 1501 2217 1615 2245; x_wconf 84' lang='lat' dir='ltr'><strong>deliciis</strong></span> <span class='ocrx_word' id='word_1_649' title='bbox 1635 2219 1792 2254; x_wconf 78' lang='lat' dir='ltr'><strong>conquies-</strong></span> 
     </span>
     <span class='ocr_line' id='line_1_95' title="bbox 1012 2262 1792 2299; baseline 0.004 -9"><span class='ocrx_word' id='word_1_650' title='bbox 1012 2264 1066 2290; x_wconf 84' lang='lat' dir='ltr'><strong>cat.</strong></span> <span class='ocrx_word' id='word_1_651' title='bbox 1083 2262 1135 2290; x_wconf 88' lang='lat' dir='ltr'><strong>Via</strong></span> <span class='ocrx_word' id='word_1_652' title='bbox 1150 2263 1229 2290; x_wconf 89' lang='lat' dir='ltr'><strong>enim</strong></span> <span class='ocrx_word' id='word_1_653' title='bbox 1243 2263 1402 2299; x_wconf 68' lang='lat' dir='ltr'><strong>purgativa</strong></span> <span class='ocrx_word' id='word_1_654' title='bbox 1415 2264 1576 2299; x_wconf 88' lang='lat' dir='ltr'><strong>respondet</strong></span> <span class='ocrx_word' id='word_1_655' title='bbox 1591 2265 1689 2292; x_wconf 87' lang='lat' dir='ltr'><strong>ordini</strong></span> <span class='ocrx_word' id='word_1_656' title='bbox 1705 2266 1792 2293; x_wconf 88' lang='lat' dir='ltr'><strong>Thro-</strong></span> 
     </span>
     <span class='ocr_line' id='line_1_96' title="bbox 1012 2310 1791 2347; baseline 0.005 -11"><span class='ocrx_word' id='word_1_657' title='bbox 1012 2317 1121 2337; x_wconf 88' lang='lat' dir='ltr'><strong>norum</strong></span> <span class='ocrx_word' id='word_1_658' title='bbox 1136 2318 1142 2337; x_wconf 93' lang='lat'>:</span> <span class='ocrx_word' id='word_1_659' title='bbox 1159 2317 1230 2337; x_wconf 89' lang='lat' dir='ltr'><strong>nam</strong></span> <span class='ocrx_word' id='word_1_660' title='bbox 1251 2310 1293 2337; x_wconf 89' lang='lat' dir='ltr'><strong>ibi</strong></span> <span class='ocrx_word' id='word_1_661' title='bbox 1318 2312 1387 2338; x_wconf 86' lang='lat' dir='ltr'><strong>tunc</strong></span> <span class='ocrx_word' id='word_1_662' title='bbox 1411 2311 1509 2346; x_wconf 87' lang='lat' dir='ltr'><strong>primo</strong></span> <span class='ocrx_word' id='word_1_663' title='bbox 1531 2313 1676 2347; x_wconf 85' lang='lat' dir='ltr'><strong>purgatur</strong></span> <span class='ocrx_word' id='word_1_664' title='bbox 1691 2313 1791 2340; x_wconf 90' lang='lat' dir='ltr'><strong>anima</strong></span> 
     </span>
     <span class='ocr_line' id='line_1_97' title="bbox 1011 2356 1789 2393; baseline 0.004 -9"><span class='ocrx_word' id='word_1_665' title='bbox 1011 2356 1050 2384; x_wconf 86' lang='lat' dir='ltr'><strong>ad</strong></span> <span class='ocrx_word' id='word_1_666' title='bbox 1064 2357 1132 2391; x_wconf 90' lang='lat' dir='ltr'><strong>hoc,</strong></span> <span class='ocrx_word' id='word_1_667' title='bbox 1149 2357 1230 2388; x_wconf 83' lang='lat' dir='ltr'><strong>quod</strong></span> <span class='ocrx_word' id='word_1_668' title='bbox 1244 2357 1342 2393; x_wconf 91' lang='lat' dir='ltr'><strong>primo</strong></span> <span class='ocrx_word' id='word_1_669' title='bbox 1360 2359 1435 2384; x_wconf 87' lang='lat' dir='ltr'><strong>Deus</strong></span> <span class='ocrx_word' id='word_1_670' title='bbox 1447 2357 1476 2384; x_wconf 92' lang='lat' dir='ltr'><strong>in</strong></span> <span class='ocrx_word' id='word_1_671' title='bbox 1492 2358 1557 2393; x_wconf 86' lang='lat' dir='ltr'><strong>ipsa</strong></span> <span class='ocrx_word' id='word_1_672' title='bbox 1572 2358 1662 2386; x_wconf 89' lang='lat' dir='ltr'><strong>veluti</strong></span> <span class='ocrx_word' id='word_1_673' title='bbox 1678 2359 1708 2386; x_wconf 90' lang='lat' dir='ltr'><strong>in</strong></span> <span class='ocrx_word' id='word_1_674' title='bbox 1723 2359 1789 2387; x_wconf 88' lang='lat' dir='ltr'><strong>loco</strong></span> 
     </span>
     <span class='ocr_line' id='line_1_98' title="bbox 1011 2403 1789 2439; baseline 0.004 -9"><span class='ocrx_word' id='word_1_675' title='bbox 1011 2403 1125 2431; x_wconf 91' lang='lat' dir='ltr'><strong>mundo</strong></span> <span class='ocrx_word' id='word_1_676' title='bbox 1154 2403 1290 2431; x_wconf 88' lang='lat' dir='ltr'><strong>resideat.</strong></span> <span class='ocrx_word' id='word_1_677' title='bbox 1317 2403 1373 2431; x_wconf 90' lang='lat' dir='ltr'><strong>Ista</strong></span> <span class='ocrx_word' id='word_1_678' title='bbox 1397 2406 1495 2431; x_wconf 86' lang='lat' dir='ltr'><strong>autem</strong></span> <span class='ocrx_word' id='word_1_679' title='bbox 1508 2425 1517 2438; x_wconf 93' lang='lat'><strong>,</strong></span> <span class='ocrx_word' id='word_1_680' title='bbox 1543 2407 1575 2432; x_wconf 94' lang='lat' dir='ltr'><strong>ut</strong></span> <span class='ocrx_word' id='word_1_681' title='bbox 1601 2405 1711 2433; x_wconf 87' lang='lat' dir='ltr'><strong>dictum</strong></span> <span class='ocrx_word' id='word_1_682' title='bbox 1731 2409 1789 2439; x_wconf 91' lang='lat' dir='ltr'><strong>est,</strong></span> 
     </span>
     <span class='ocr_line' id='line_1_99' title="bbox 1010 2451 1789 2487; baseline 0.003 -9"><span class='ocrx_word' id='word_1_683' title='bbox 1010 2451 1171 2487; x_wconf 79' lang='lat' dir='ltr'><strong>respondet</strong></span> <span class='ocrx_word' id='word_1_684' title='bbox 1187 2451 1345 2478; x_wconf 82' lang='lat' dir='ltr'><strong>Cherubim</strong></span> <span class='ocrx_word' id='word_1_685' title='bbox 1358 2461 1364 2478; x_wconf 90' lang='lat'>:</span> <span class='ocrx_word' id='word_1_686' title='bbox 1377 2451 1536 2479; x_wconf 87' lang='lat' dir='ltr'><strong>Cherubim</strong></span> <span class='ocrx_word' id='word_1_687' title='bbox 1549 2453 1692 2487; x_wconf 74' lang='lat' dir='ltr'><strong>plenitudo</strong></span> <span class='ocrx_word' id='word_1_688' title='bbox 1704 2455 1789 2484; x_wconf 65' lang='lat' dir='ltr'><strong>scien7</strong></span> 
     </span>
     <span class='ocr_line' id='line_1_100' title="bbox 1011 2498 1787 2535; baseline 0.003 -10"><span class='ocrx_word' id='word_1_689' title='bbox 1011 2500 1057 2525; x_wconf 77' lang='lat' dir='ltr'><strong>tz&#39;ae</strong></span> <span class='ocrx_word' id='word_1_690' title='bbox 1086 2498 1303 2533; x_wconf 85' lang='lat' dir='ltr'><strong>interpretatur.</strong></span> <span class='ocrx_word' id='word_1_691' title='bbox 1333 2499 1456 2525; x_wconf 88' lang='lat' dir='ltr'><strong>Tantum</strong></span> <span class='ocrx_word' id='word_1_692' title='bbox 1485 2500 1584 2526; x_wconf 87' lang='lat' dir='ltr'><strong>autem</strong></span> <span class='ocrx_word' id='word_1_693' title='bbox 1614 2507 1667 2535; x_wconf 88' lang='lat' dir='ltr'><strong>per</strong></span> <span class='ocrx_word' id='word_1_694' title='bbox 1695 2502 1787 2527; x_wconf 90' lang='lat' dir='ltr'><strong>artem</strong></span> 
     </span>
     <span class='ocr_line' id='line_1_101' title="bbox 1009 2544 1789 2581; baseline 0.003 -9"><span class='ocrx_word' id='word_1_695' title='bbox 1009 2545 1098 2580; x_wconf 90' lang='lat' dir='ltr'><strong>hujus</strong></span> <span class='ocrx_word' id='word_1_696' title='bbox 1123 2544 1258 2572; x_wconf 76' lang='lat' dir='ltr'><strong>theoricae</strong></span> <span class='ocrx_word' id='word_1_697' title='bbox 1280 2545 1406 2572; x_wconf 68' lang='lat' dir='ltr'><strong>scientiae</strong></span> <span class='ocrx_word' id='word_1_698' title='bbox 1434 2545 1536 2573; x_wconf 88' lang='lat' dir='ltr'><strong>lumen</strong></span> <span class='ocrx_word' id='word_1_699' title='bbox 1561 2545 1739 2581; x_wconf 80' lang='lat' dir='ltr'><strong>acquiritur,</strong></span> <span class='ocrx_word' id='word_1_700' title='bbox 1761 2549 1789 2574; x_wconf 85' lang='lat' dir='ltr'><strong>et</strong></span> 
     </span>
     <span class='ocr_line' id='line_1_102' title="bbox 1010 2591 1788 2628; baseline 0.004 -10"><span class='ocrx_word' id='word_1_701' title='bbox 1010 2593 1089 2619; x_wconf 84' lang='lat' dir='ltr'><strong>tanta</strong></span> <span class='ocrx_word' id='word_1_702' title='bbox 1103 2591 1253 2627; x_wconf 80' lang='lat' dir='ltr'><strong>sapientiae</strong></span> <span class='ocrx_word' id='word_1_703' title='bbox 1267 2591 1399 2620; x_wconf 88' lang='lat' dir='ltr'><strong>dilatatio</strong></span> <span class='ocrx_word' id='word_1_704' title='bbox 1423 2592 1453 2619; x_wconf 92' lang='lat' dir='ltr'><strong>in</strong></span> <span class='ocrx_word' id='word_1_705' title='bbox 1468 2592 1641 2628; x_wconf 82' lang='lat' dir='ltr'><strong>Soripturis,</strong></span> <span class='ocrx_word' id='word_1_706' title='bbox 1657 2594 1689 2620; x_wconf 88' lang='lat' dir='ltr'><strong>ut</strong></span> <span class='ocrx_word' id='word_1_707' title='bbox 1715 2596 1788 2628; x_wconf 85' lang='lat' dir='ltr'><strong>quot</strong></span> 
     </span>
    </p>
   </div>
   <div class='ocr_carea' id='block_1_7' title="bbox 1010 2652 1785 2718">
    <p class='ocr_par' dir='ltr' id='par_1_7' title="bbox 1010 2652 1785 2718">
     <span class='ocr_line' id='line_1_103' title="bbox 1010 2652 1785 2683; baseline 0.003 -7"><span class='ocrx_word' id='word_1_708' title='bbox 1010 2667 1039 2669; x_wconf 97' lang='lat'><strong>—</strong></span> <span class='ocrx_word' id='word_1_709' title='bbox 1061 2654 1070 2669; x_wconf 70' lang='lat'><strong><em>³</em></strong></span> <span class='ocrx_word' id='word_1_710' title='bbox 1085 2653 1152 2683; x_wconf 70' lang='lat' dir='ltr'><strong>Luc„</strong></span> <span class='ocrx_word' id='word_1_711' title='bbox 1173 2659 1226 2683; x_wconf 65' lang='lat' dir='ltr'><strong>XIV,</strong></span> <span class='ocrx_word' id='word_1_712' title='bbox 1247 2655 1283 2676; x_wconf 80' lang='grc'><strong>10.</strong></span> <span class='ocrx_word' id='word_1_713' title='bbox 1300 2665 1329 2670; x_wconf 87' lang='grc'><strong>-</strong></span> <span class='ocrx_word' id='word_1_714' title='bbox 1348 2653 1356 2668; x_wconf 75' lang='lat'><strong>&#39;⁴</strong></span> <span class='ocrx_word' id='word_1_715' title='bbox 1375 2653 1503 2681; x_wconf 19' lang='lat' dir='ltr'><strong>11i‹7›11.,rle</strong></span> <span class='ocrx_word' id='word_1_716' title='bbox 1524 2654 1597 2683; x_wconf 76' lang='lat' dir='ltr'><strong>Mys!-</strong></span> <span class='ocrx_word' id='word_1_717' title='bbox 1617 2652 1707 2680; x_wconf 53' lang='lat' dir='ltr'><strong>Timol„</strong></span> <span class='ocrx_word' id='word_1_718' title='bbox 1726 2661 1748 2677; x_wconf 84' lang='lat' dir='ltr'><strong>c.</strong></span> <span class='ocrx_word' id='word_1_719' title='bbox 1769 2660 1785 2678; x_wconf 78' lang='lat' dir='ltr'><strong>r.</strong></span> 
     </span>
     <span class='ocr_line' id='line_1_104' title="bbox 1012 2688 1332 2718; baseline -0.003 -6"><span class='ocrx_word' id='word_1_720' title='bbox 1012 2702 1036 2705; x_wconf 77' lang='lat'><strong>--</strong></span> <span class='ocrx_word' id='word_1_721' title='bbox 1051 2690 1061 2705; x_wconf 77' lang='lat'><strong>¹⁵</strong></span> <span class='ocrx_word' id='word_1_722' title='bbox 1072 2688 1140 2712; x_wconf 82' lang='lat' dir='ltr'><strong>Psal.</strong></span> <span class='ocrx_word' id='word_1_723' title='bbox 1155 2694 1284 2718; x_wconf 71' lang='lat' dir='ltr'><strong>cxxxvul,</strong></span> <span class='ocrx_word' id='word_1_724' title='bbox 1295 2690 1332 2711; x_wconf 85' lang='lat'><strong>11.</strong></span> 
     </span>
    </p>
   </div>
  </div>
 </body>
</html>
