2004 3037
266 246 325 281 532

303 323 319 341 α
332 314 406 343 Cum
419 319 510 340 mane
525 310 563 348 (a)
578 309 776 339 surrexisset»
793 310 886 340 Jacob
895 332 905 348 ,
922 321 939 339 ιι
951 312 1046 340 trans-

263 360 316 390 ivit
333 359 447 389 vadum
463 359 567 388 Jaboc.
581 357 790 394 Traductisque
813 357 955 387 omnibus
977 366 1045 396 quae

263 407 304 438 ad
324 416 355 436 se
375 406 580 444 pertinebant,
606 405 717 434 mansit
733 405 835 442 solus,
861 407 891 434 et
910 414 979 435 ecce
997 406 1046 436 vir

262 455 432 485 luctabatur
447 462 516 483 cum
529 461 584 490 eo,
600 463 616 481 n
632 454 687 482 etc.
705 453 783 486 Gen„
798 460 880 482 xxxn
891 474 900 488 ‚
914 453 1011 482 22-24.

300 512 316 531 ιι
329 504 445 539 Moyses
463 502 564 530 autem
578 500 721 538 pascebat
741 508 813 529 oves
830 500 930 529 lethi-o
949 500 1045 530 soceri

262 549 308 578 sui
323 549 486 578 sacerdotis
509 547 628 578 Madian
643 557 651 576 :
669 555 798 584 cumque
819 547 960 576 minasset
979 556 1046 584 gre-

261 604 329 633 gem
345 597 385 625 ad
399 595 542 625 interiora
557 595 683 631 deserti,
698 595 781 623 venit
793 594 833 623 ad
845 597 979 624 montem
993 595 1043 624 Dei

260 644 368 673 Horeb.
376 644 579 681 apparuitque
587 643 614 672 ei
622 642 764 672 Dominus
771 643 802 671 in
810 642 1041 680 ssammaignis,»

261 693 316 720 etc.
332 691 434 727 Emod„
450 699 502 726 ιιι,
518 692 573 719 1-2.

295 739 405 768 Videns
423 738 522 768 Jethro
542 739 664 774 Moysen
681 738 860 774 occupatum
875 736 1043 773 judicando

259 787 409 826 populum
424 787 630 823 expectantem
644 793 662 814 a
677 793 766 814 mane
779 793 875 821 usque
889 784 929 813 ad
940 793 1042 822 vespe-

259 843 325 865 ram
337 857 347 870 ‚
362 834 436 863 dixit
446 834 473 862 ei
485 843 493 861 ε
511 833 625 862 «stulto
637 832 743 861 labore
756 832 942 860 consumeris
954 834 982 861 et
998 834 1042 868 tu,

259 885 288 912 et
302 881 434 919 populus
455 881 509 910 iste
525 880 577 918 qui
591 881 690 908 tecum
711 881 764 908 est.
791 880 859 908 Esto
881 880 913 908 tu
927 879 1042 916 populo

259 930 291 960 in
305 930 371 966 his,
387 940 399 955 ιι
417 930 471 957 etc.
484 928 690 962 Eoeod.,'xvui,
707 927 760 962 ¹8,
777 927 820 955 ¹9.

299 987 313 1004 «
327 975 481 1006 Descendit
495 974 638 1004 Dominus
652 982 742 1010 super
760 974 896 1002 montem
913 973 992 1002 Sinai
1011 973 1043 1002 in

258 1025 324 1061 ipso
340 1023 450 1052 montis
462 1022 573 1050 vertice
583 1043 592 1057 ‚
604 1023 632 1050 et
643 1020 763 1049 vocavit
777 1022 897 1057 Moysen
911 1020 942 1049 in
957 1029 1042 1050 cacu-

259 1079 329 1101 men
345 1072 420 1107 eJ'us,
431 1080 444 1098 »
464 1072 518 1098 etc.
534 1069 578 1098 lbi
593 1068 737 1097 revelavit
751 1067 778 1096 ei
793 1069 867 1096 Deus
880 1069 1042 1104 praecepta,

255 1119 384 1155 judicia,
399 1120 428 1147 et
449 1117 660 1152 caeremoniaS,
681 1124 747 1153 quae
767 1115 915 1153 populum
930 1116 1039 1146 docere

259 1167 400 1196 debebat.
416 1166 519 1199 Στοά,
534 1173 600 1199 xix,
615 1165 661 1192 ¹20.

297 1224 312 1242 «
327 1213 516 1250 Loquebatur
531 1211 673 1240 Dominus
691 1210 730 1239 ad
750 1211 886 1247 Moysen,
908 1210 982 1239 facie
1002 1210 1042 1239 ad

259 1262 382 1297 facicm,
402 1262 477 1288 sicut
500 1259 577 1287 solet
599 1257 684 1294 loqui
708 1258 823 1285 amicus
846 1258 885 1285 ad
911 1258 1042 1286 amicum

259 1317 357 1337 suum.
368 1318 382 1335 η
399 1308 501 1342 Εῑοιί.,
517 1314 609 1334 xxxiii
620 1327 628 1340 ‚
644 1307 685 1333 li.
703 1307 735 1333 Et
749 1305 883 1341 sequenti
899 1305 1040 1341 capitulo,

259 1365 360 1390 xxxrv,
375 1357 410 1384 28
429 1364 435 1383 ε
455 1365 468 1382 ιι
479 1354 543 1382 Fuit
555 1355 669 1388 Moyses
684 1360 753 1380 cum
768 1352 894 1380 Domino
911 1352 1042 1389 quadra-

260 1404 342 1440 ginta
358 1403 421 1431 dies
447 1404 476 1430 et
494 1400 692 1438 quadraginta
708 1402 828 1435 noctes;
854 1407 965 1436 panem
979 1407 1041 1429 non

260 1451 390 1480 comedit
401 1471 410 1484 ,
426 1451 454 1478 et
466 1457 577 1485 aquam
593 1456 655 1476 non
671 1447 757 1475 bibit.
772 1458 786 1473 »

298 1498 402 1526 «Dixit
427 1496 568 1525 Dominus
588 1495 628 1523 ad
650 1497 771 1530 Moysen
794 1504 800 1522 :
829 1504 843 1520 ιι
858 1494 990 1522 Ascende
1011 1494 1042 1523 in

260 1548 393 1574 montem
412 1544 501 1572 istum
524 1542 665 1577 Abarim,
693 1544 720 1570 et
743 1542 946 1578 contemplare
972 1541 1041 1570 inde

259 1595 368 1621 terram
383 1600 476 1628 quam
491 1591 614 1619 daturus
629 1598 696 1618 sum
718 1589 786 1617 filiis
802 1589 900 1618 lsrael.
915 1599 929 1616 »
945 1590 1040 1625 Num„

259 1649 357 1675 xxvii,
377 1640 419 1667 19..

300 1698 312 1713 ιι
328 1686 445 1715 Samuel
467 1685 634 1713 dormiebat
659 1684 688 1711 in
711 1683 823 1719 templo
848 1683 986 1718 Domini,
1016 1684 1043 1711 et

260 1735 379 1763 vocavit
394 1733 535 1761 Dominus
557 1731 745 1766 Samuelem,
760 1741 774 1758 »
793 1733 846 1758 ctc.
870 1732 879 1759 l
900 1732 975 1766 lieo..
993 1738 1042 1766 ιιι,

261 1784 293 1817 3,
308 1783 335 1809 4.

302 1838 315 1855 ιι
327 1831 399 1857 Cum
411 1827 533 1854 sedisset
543 1833 595 1853 rex
612 1825 704 1852 David
718 1825 747 1851 in
761 1824 854 1851 domo
866 1831 935 1858 sua,
949 1825 977 1851 et
988 1824 1043 1851 Do-

263 1875 361 1903 minus
373 1873 502 1902 dedisset
514 1873 538 1900 ei
551 1872 687 1908 requiem
701 1871 834 1907 undique
846 1871 884 1898 ab
895 1870 1043 1898 universis

261 1922 388 1950 inimicis
403 1921 480 1955 suis,
502 1920 575 1948 dixit
591 1919 630 1947 ad
645 1919 758 1946 Nathan
778 1918 956 1954 prophetam
972 1927 980 1945 ι
997 1917 1043 1945 Yi-

263 1969 315 1997 dcs
331 1968 413 2005 quod
428 1976 484 2003 ego
499 1967 631 1996 habitem
646 1966 676 1994 in
692 1966 784 1994 domo
800 1965 939 2000 cedrina,
956 1975 971 1992 ι)
988 1966 1041 1993 ete.

263 2017 283 2045 11
296 2018 373 2051 Rea„
390 2023 445 2050 vii,
460 2017 520 2042 1-2.

298 2063 366 2092 Eliae
381 2061 504 2097 fugienti
525 2069 543 2089 a
565 2060 639 2088 facie
663 2059 797 2092 Jezabcl,
823 2061 975 2087 ostensum
1001 2060 1044 2087 est

262 2110 347 2147 quod
362 2109 504 2138 Dominus
519 2115 580 2136 non
599 2109 661 2135 crat
677 2107 705 2134 in
721 2106 825 2143 spiritu
846 2106 968 2142 grandi,
990 2114 1044 2134 nec

263 2157 293 2185 in
309 2156 508 2186 commotione
520 2177 529 2191 ,
547 2163 602 2182 nec
618 2155 648 2182 in
664 2154 748 2190 igne,
765 2154 817 2182 sed
840 2153 872 2181 in
886 2153 975 2182 sibilo
991 2161 1043 2182 au-

262 2213 302 2233 rae
316 2205 420 2232 tenuis.
439 2205 471 2231 lll
486 2204 564 2237 Κεφ,
580 2210 640 2229 xix.

299 2253 352 2280 Per
376 2250 585 2279 similitudines
607 2242 706 2277 rer'um
729 2248 931 2284 corporalium
955 2247 1044 2276 debet

263 2299 363 2328 anima
386 2298 454 2326 ferri
470 2298 499 2325 in
515 2298 607 2325 Deum
618 2317 626 2331 ,
644 2297 673 2323 in
690 2304 750 2332 quo
770 2295 1044 2331 incomparabiliter

262 2346 368 2374 melius
386 2345 535 2372 invenitur
557 2343 706 2379 quidquid
722 2343 897 2370 delectabile
918 2343 948 2370 in
963 2351 1044 2370 crea-

262 2396 329 2422 tura
346 2393 474 2421 videtur.
494 2392 576 2419 Unde
591 2402 605 2417 «
618 2399 685 2418 eum
706 2393 824 2418 caneret
838 2390 947 2426 psaltes
960 2400 973 2416 »
992 2398 1042 2417 co-

262 2450 326 2470 ram
344 2442 437 2469 Eliseo
449 2462 458 2475 ,
485 2450 499 2466 ιι
514 2440 591 2468 facta
606 2441 648 2466 cst
663 2446 752 2475 super
774 2446 843 2466 eum
864 2446 970 2465 manus
985 2438 1043 2466 Do-

262 2489 347 2522 mini,
360 2499 373 2514 »
392 2490 423 2517 lV
437 2490 513 2522 Κεφ,
530 2495 582 2521 ιιι,
598 2488 641 2513 15.

299 2536 424 2570 Quando
440 2535 551 2563 Eliseus
566 2534 674 2561 attente
690 2532 784 2560 voluit
800 2540 883 2560 orare
897 2540 951 2567 pro
966 2540 1044 2559 mor-

263 2585 313 2611 tuo
329 2583 390 2610 filio
406 2581 614 2616 Sunamitidis,
629 2588 690 2608 non
703 2580 770 2607 tecit
784 2580 841 2608 hoc
851 2587 953 2607 coram
966 2579 1042 2615 aliis,

263 2630 316 2658 sed
334 2641 347 2657 «
362 2629 467 2659 clausit
482 2629 589 2658 ostium
601 2650 610 2663 ,
626 2638 640 2654 η
658 2630 712 2655 etc.
731 2629 763 2656 lV
780 2629 856 2662 Rea..
871 2634 909 2662 iv,
925 2628 968 2655 33.

295 2729 330 2760 (ιι)
349 2729 421 2760 Vuly.
438 2730 545 2753 mature.

877 241 1013 276 BIBLIA
1032 239 1265 277 PAUPERUM.

1137 312 1210 341 Sara
1222 311 1288 342 filia
1302 311 1460 349 Raguelis,
1479 311 1583 343 audito
1599 313 1685 350 gravi
1705 313 1882 354 improperio

1101 358 1142 388 ab
1155 366 1216 388 una
1240 358 1278 388 de
1294 358 1410 388 ancillis
1432 359 1513 396 suis,
1530 369 1546 388 ιι
1558 361 1690 397 perrexit
1702 361 1735 390 in
1747 363 1884 400 superius

1101 405 1275 435 cubiculum
1287 406 1397 435 domus
1406 415 1479 442 suae,
1490 409 1519 436 et
1531 407 1626 437 tribus
1635 408 1743 438 diebus
1754 412 1782 438 et
1791 410 1884 441 tribus

1101 453 1240 482 noctibus
1254 461 1317 482 non
1333 454 1543 491 manducavit,
1558 463 1658 493 neque
1671 455 1769 493 bibit3
1783 457 1884 487 sedin

1102 500 1236 530 oratione
1252 501 1414 538 persistens
1426 510 1496 531 cum
1509 502 1652 540 lacrymis
1665 502 1884 540 deprecabatur

1101 548 1272 577 Dominum.
1288 559 1302 575 ι»
1327 550 1402 584 Τοὸ.,
1419 558 1466 584 ιιι,
1482 551 1578 579 10-11.

1136 595 1246 625 videns
1260 596 1361 624 iudith
1374 597 1523 634 populum
1537 605 1626 626 suum
1645 597 1677 626 in
1701 599 1783 627 arcto
1802 598 1884 636 posi-

1099 643 1180 677 tum,
1195 643 1353 680 «ingressa
1366 646 1410 672 est
1424 644 1588 673 oratorium
1599 653 1704 681 suum,
1719 647 1747 674 et
1756 645 1884 675 induens

1099 698 1131 718 se
1146 690 1245 719 cilicio
1259 691 1360 727 posuit
1373 691 1505 720 cinerem
1519 700 1610 728 super
1628 695 1717 729 caput
1731 701 1840 728 suum,
1855 695 1885 722 et

1099 739 1290 773 prosternens
1301 745 1334 766 se
1346 737 1485 767 clamavit
1497 737 1539 767 ad
1551 739 1722 768 Dominum.
1738 749 1753 768 a
1769 739 1884 774 Juditli,

1099 792 1148 819 ix,
1166 786 1191 813 1.
1574 814 1578 819 ,

1138 840 1152 857 ιι
1166 830 1268 859 Esther
1286 830 1392 867 regina
1415 831 1550 867 confugit
1567 831 1608 860 ad
1628 832 1802 869 Dominum,
1825 841 1882 871 pa-

1098 883 1172 905 vens
1186 877 1355 913 periculum
1369 877 1453 914 quod
1471 877 1663 914 imminebat;
1684 887 1814 916 cumque
1829 879 1881 908 de-

1097 924 1244 960 posuisset
1258 927 1353 953 vestes
1376 925 1492 962 regias,
1506 926 1625 955 fletibus
1645 928 1674 955 et
1686 926 1779 955 luctui
1794 926 1882 955 indu-

1098 973 1199 1000 menta
1223 974 1293 1009 apta
1315 973 1464 1010 suscepit,
1487 976 1515 1002 et
1539 973 1755 1010 deprecabatur
1780 973 1880 1002 Domi-

1098 1025 1189 1054 num,
1205 1019 1308 1048 dicens
1325 1029 1331 1048 :
1350 1020 1473 1048 Domine
1498 1020 1558 1056 mi,
1581 1020 1632 1058 qui
1652 1029 1706 1050 rex
1729 1023 1830 1050 noster
1850 1029 1882 1050 es

1098 1065 1181 1094 solus
1192 1086 1202 1100 ,
1218 1066 1330 1102 adjuva
1344 1075 1392 1095 me
1409 1067 1585 1096 solitariam.
1599 1077 1613 1094 »
1630 1069 1719 1103 Esth„
1731 1076 1792 1104 xiv,
1806 1069 1864 1097 1-3.

1134 1115 1202 1142 Post
1216 1114 1402 1143 turbationes
1426 1117 1455 1143 et
1477 1115 1682 1144 tribulationes
1700 1123 1776 1152 quas
1797 1115 1882 1144 susti-

1097 1161 1190 1191 nebat
1203 1162 1308 1197 David,
1320 1162 1458 1191 dicebat:
1476 1173 1489 1189 ιι
1498 1163 1568 1197 Quis
1581 1162 1665 1191 dabit
1679 1163 1752 1191 mihi
1766 1171 1881 1200 pennas

1097 1209 1172 1237 sicut
1195 1209 1358 1245 columboe,
1381 1209 1514 1245 volabo,
1539 1212 1567 1238 et
1591 1210 1827 1247 requiescam‘i»
1853 1213 1882 1240 et

1097 1256 1200 1285 subdit
1223 1257 1350 1285 modum
1372 1256 1544 1294 acquirendi
1567 1256 1742 1292 hujusmodi
1767 1266 1881 1295 pennas

1099 1305 1127 1332 et
1145 1304 1301 1341 requiem:
1321 1314 1336 1332 ιι
1351 1306 1422 1332 Ecce
1441 1304 1728 1341 elongavifugiens,
1743 1307 1771 1334 et
1784 1306 1879 1335 mansi

1098 1350 1129 1379 in
1143 1351 1304 1379 solitudine
1315 1373 1323 1386 ,
1338 1362 1350 1376 n
1368 1354 1423 1380 etc.
1439 1352 1514 1379 Psal.
1532 1359 1596 1387 uv,
1613 1355 1645 1387 7,
1660 1352 1687 1380 8.

1133 1400 1208 1427 Cum
1233 1401 1308 1427 esset
1332 1398 1464 1427 Ezechiel
1487 1399 1518 1426 in
1541 1398 1643 1427 medio
1669 1400 1878 1437 captivorum,

1097 1445 1174 1475 facta
1188 1448 1335 1483 estsuper
1359 1454 1429 1475 eum
1444 1454 1551 1474 manus
1574 1446 1706 1481 Domini,
1729 1450 1757 1476 et
1781 1447 1878 1484 vidit,

1099 1493 1184 1530 quod
1194 1495 1300 1522 ventus
1314 1493 1441 1522 turbinis
1455 1493 1595 1522 veniebat
1603 1494 1641 1522 ab
1651 1494 1810 1532 Aquilone,
1823 1497 1876 1524 etc.

1096 1542 1205 1576 Ezech„
1220 1549 1238 1569 ι.

1135 1588 1266 1617 Audiens
1286 1588 1387 1617 Daniel
1405 1588 1558 1617 crudelem
1580 1589 1758 1618 sententiam
1776 1590 1880 1618 contra

1097 1636 1245 1672 sapientes
1259 1635 1419 1672 Babylonis
1433 1635 1556 1671 datam,
1575 1647 1588 1662 «
1612 1636 1762 1672 ingressus
1784 1639 1827 1665 est
1848 1636 1879 1665 in

1098 1682 1225 1710 domum
1247 1691 1353 1718 suam,
1372 1693 1386 1709 »
1409 1685 1437 1711 et
1459 1683 1496 1711 de
1520 1686 1606 1711 nocte
1629 1694 1642 1709 ιι
1657 1692 1711 1719 per
1732 1683 1878 1711 visionem

1098 1730 1272 1766 mysterium
1294 1729 1455 1758 revelatum
1475 1732 1517 1757 est
1540 1730 1575 1757 ei.
1592 1740 1605 1755 ι)
1625 1731 1705 1764 Dan„
1722 1738 1760 1764 ιι,
1780 1731 1877 1759 17-19.

1133 1776 1209 1804 Dixit
1225 1776 1349 1811 angelus
1365 1775 1481 1804 Gabriel
1497 1775 1536 1803 ad
1551 1776 1701 1804 Danielem
1723 1777 1799 1804 miro
1822 1776 1879 1805 ser-

1097 1831 1169 1850 vore
1185 1826 1319 1850 orantem
1335 1831 1342 1850 :
1359 1833 1374 1849 α
1387 1824 1524 1858 Egressus
1535 1831 1620 1857 sum,
1635 1825 1666 1850 ut
1679 1823 1820 1852 docerem
1835 1827 1878 1858 te,

1098 1872 1125 1897 et
1139 1869 1317 1905 intelligeres
1326 1891 1335 1905 ‚
1351 1869 1424 1906 quia
1437 1870 1483 1899 vir
1497 1869 1717 1899 desideriorum
1728 1879 1759 1900 es
1769 1891 1779 1907 ,
1793 1881 1808 1899 ›>
1821 1872 1877 1900 etc.

1097 1917 1240 1951 Du11.,1x‚
1255 1919 1305 1951 21,
1318 1918 1364 1945 22.

1137 1975 1151 1990 ιι
1163 1965 1256 2000 Super
1271 1963 1439 1992 custodiam
1460 1971 1560 1992 meam
1574 1965 1678 2000 stabo,
1693 1975 1707 1992 ι)
1725 1965 1766 1994 ait
1780 1965 1877 1995 Haba-

1099 2019 1168 2046 cuc,
1180 2022 1192 2037 ιι
1203 2013 1230 2039 et
1240 2011 1331 2047 figam
1347 2011 1475 2047 gradum
1488 2020 1589 2040 meum
1600 2020 1690 2049 super
1701 2013 1876 2048 munitione,

1099 2061 1127 2087 et
1141 2059 1381 2095 contemplabor,
1397 2061 1428 2087 ut
1445 2059 1562 2087 videam
1577 2059 1651 2096 quid
1666 2059 1781 2088 dicatur
1793 2060 1877 2097 mihi,

1099 2106 1216 2142 etquid
1230 2106 1431 2143 respondeam
1450 2106 1489 2135 ad
1514 2109 1689 2144 arguentem
1709 2115 1767 2136 me.
1781 2116 1796 2135 i>
1819 2109 1878 2136 Ha-

1099 2153 1194 2188 bacae,
1211 2162 1247 2188 11,
1264 2154 1322 2182 1-2.

1138 2210 1152 2226 ιι
1165 2201 1288 2229 Dimissa
1302 2200 1400 2236 turba,
1411 2210 1426 2227 n
1437 2200 1720 2230 ascenditDominus
1733 2213 1746 2227 ιι
1754 2201 1784 2230 in
1794 2209 1878 2230 mon-

1099 2250 1158 2276 tem
1172 2248 1254 2276 solus
1264 2256 1366 2283 orare3
1382 2256 1505 2284 vespere
1518 2251 1618 2276 autem
1631 2248 1708 2277 sacto
1723 2249 1803 2277 solus
1815 2251 1878 2278 erat

1098 2297 1151 2324 ibi.
1166 2307 1179 2323 ν
1203 2298 1235 2324 ιιι
1251 2304 1311 2332 quo
1326 2295 1498 2332 exemplum
1513 2296 1595 2324 dedit
1610 2297 1712 2324 turbas
1725 2296 1876 2332 fugiendi,

1099 2347 1126 2372 et
1140 2343 1332 2372 solitudinem
1348 2343 1512 2379 quaerendi.
1526 2345 1640 2379 March„
1657 2352 1718 2378 xiv,
1734 2345 1779 2372 23.

1137 2402 1152 2419 «
1165 2393 1313 2427 Ingressus
1328 2401 1341 2417 »
1360 2393 1401 2418 est
1415 2391 1570 2419 Zacharias
1593 2401 1606 2417 ιι
1620 2391 1764 2427 templum
1780 2391 1877 2420 Domi-

1098 2439 1145 2474 ni,
1162 2441 1193 2466 ut
1208 2439 1360 2466 incensum
1376 2440 1519 2474 poneret,
1544 2439 1572 2466 et
1595 2438 1693 2465 omnis
1715 2438 1876 2468 multitudo

1098 2486 1202 2523 populi
1218 2488 1280 2513 erat
1294 2493 1383 2513 orans
1398 2485 1485 2520 soris,
1501 2486 1529 2512 et
1545 2487 1614 2512 tunc
1628 2485 1766 2521 apparuit
1781 2485 1808 2514 ei
1819 2490 1875 2515 An-

1099 2533 1181 2569 gelus
1197 2533 1322 2567 Domini,
1337 2542 1351 2558 »
1367 2533 1443 2566 Luc„
1459 2540 1485 2566 1,
1500 2533 1577 2560 9-11.

1137 2590 1151 2607 ιι
1166 2580 1275 2608 Martha
1285 2580 1362 2607 circa
1372 2578 1567 2607 ministerium
1580 2578 1707 2607 soIIicita
1717 2581 1745 2608 et
1759 2580 1877 2610 turbata

1099 2629 1170 2656 erat.
1186 2627 1275 2655 Maria
1295 2629 1394 2654 autem
1417 2626 1523 2655 sedens
1538 2633 1622 2654 secus
1636 2627 1728 2662 pedes
1747 2628 1874 2665 Domini,

1099 2674 1239 2702 audiebat
1251 2674 1376 2702 verbum
1391 2673 1479 2702 illius.
1494 2682 1509 2699 ι)
1527 2674 1559 2701 Et
1574 2675 1617 2702 est
1630 2674 1760 2703 notabile
1777 2675 1874 2712 valde,

1099 2720 1183 2757 quod
1194 2723 1254 2750 tam
1267 2721 1318 2757 pio
1334 2722 1363 2750 et
1377 2720 1485 2750 devoto
1495 2720 1657 2750 ministerio
1672 2721 1788 2751 Marthae
1802 2730 1874 2759 prae-
