<?xml version="1.0" encoding="UTF-8"?>
<!DOCTYPE html PUBLIC "-//W3C//DTD XHTML 1.0 Transitional//EN"
    "http://www.w3.org/TR/xhtml1/DTD/xhtml1-transitional.dtd">
<html xmlns="http://www.w3.org/1999/xhtml" xml:lang="en" lang="en">
 <head>
  <title>
</title>
<meta http-equiv="Content-Type" content="text/html;charset=utf-8" />
  <meta name='ocr-system' content='tesseract 3.04.00' />
  <meta name='ocr-capabilities' content='ocr_page ocr_carea ocr_par ocr_line ocrx_word'/>
</head>
<body>
  <div class='ocr_page' id='page_1' title='image "./operaomniasixtiv08bonauoft/operaomniasixtiv08bonauoft_0469.png"; bbox 0 0 2004 3037; ppageno 0'>
   <div class='ocr_carea' id='block_1_1' title="bbox 588 198 1357 238">
    <p class='ocr_par' dir='ltr' id='par_1_1' title="bbox 588 198 1357 238">
     <span class='ocr_line' id='line_1_1' title="bbox 588 198 1357 238; baseline -0.001 -7"><span class='ocrx_word' id='word_1_1' title='bbox 588 199 634 231; x_wconf 83' lang='lat' dir='ltr'><strong>DE</strong></span> <span class='ocrx_word' id='word_1_2' title='bbox 657 199 816 238; x_wconf 78' lang='lat' dir='ltr'>QUARTO</span> <span class='ocrx_word' id='word_1_3' title='bbox 838 198 1010 232; x_wconf 83' lang='lat' dir='ltr'><strong>ITINERE.</strong></span> <span class='ocrx_word' id='word_1_4' title='bbox 1032 198 1131 231; x_wconf 80' lang='lat' dir='ltr'><strong>nlS&#39;r.</strong></span> <span class='ocrx_word' id='word_1_5' title='bbox 1155 198 1192 230; x_wconf 85' lang='lat' dir='ltr'><strong>V.</strong></span> <span class='ocrx_word' id='word_1_6' title='bbox 1218 199 1310 230; x_wconf 72' lang='grc' dir='ltr'><strong>ΛΒΤ.</strong></span> <span class='ocrx_word' id='word_1_7' title='bbox 1335 199 1357 231; x_wconf 92' lang='lat' dir='ltr'><strong>l.</strong></span> 
     </span>
    </p>
   </div>
   <div class='ocr_carea' id='block_1_2' title="bbox 153 266 946 1713">
    <p class='ocr_par' dir='ltr' id='par_1_2' title="bbox 153 266 946 1713">
     <span class='ocr_line' id='line_1_2' title="bbox 166 266 946 304; baseline 0.004 -11"><span class='ocrx_word' id='word_1_8' title='bbox 166 266 213 294; x_wconf 85' lang='lat' dir='ltr'><strong>tur</strong></span> <span class='ocrx_word' id='word_1_9' title='bbox 232 272 286 302; x_wconf 87' lang='lat' dir='ltr'><strong>per</strong></span> <span class='ocrx_word' id='word_1_10' title='bbox 309 266 416 296; x_wconf 80' lang='lat' dir='ltr'><strong>mentis</strong></span> <span class='ocrx_word' id='word_1_11' title='bbox 440 266 593 296; x_wconf 72' lang='lat' dir='ltr'><strong>exeeSsum</strong></span> <span class='ocrx_word' id='word_1_12' title='bbox 615 276 622 296; x_wconf 70' lang='grc' dir='ltr'><strong>ε</strong></span> <span class='ocrx_word' id='word_1_13' title='bbox 642 266 696 296; x_wconf 87' lang='lat' dir='ltr'><strong>sed</strong></span> <span class='ocrx_word' id='word_1_14' title='bbox 719 266 777 302; x_wconf 89' lang='lat' dir='ltr'><strong>illi,</strong></span> <span class='ocrx_word' id='word_1_15' title='bbox 801 266 853 304; x_wconf 87' lang='lat' dir='ltr'><strong>qui</strong></span> <span class='ocrx_word' id='word_1_16' title='bbox 878 268 946 296; x_wconf 88' lang='lat' dir='ltr'><strong>sunt</strong></span> 
     </span>
     <span class='ocr_line' id='line_1_3' title="bbox 166 312 946 350; baseline 0.003 -10"><span class='ocrx_word' id='word_1_17' title='bbox 166 312 309 348; x_wconf 88' lang='lat' dir='ltr'><strong>aliorum,</strong></span> <span class='ocrx_word' id='word_1_18' title='bbox 324 316 407 343; x_wconf 85' lang='lat' dir='ltr'><strong>extra</strong></span> <span class='ocrx_word' id='word_1_19' title='bbox 421 322 452 343; x_wconf 88' lang='lat' dir='ltr'><strong>se</strong></span> <span class='ocrx_word' id='word_1_20' title='bbox 466 315 543 343; x_wconf 90' lang='lat' dir='ltr'><strong>sunt.</strong></span> <span class='ocrx_word' id='word_1_21' title='bbox 560 325 574 341; x_wconf 76' lang='lat' dir='ltr'><strong>n</strong></span> <span class='ocrx_word' id='word_1_22' title='bbox 596 314 686 350; x_wconf 86' lang='lat' dir='ltr'><strong>Quia,</strong></span> <span class='ocrx_word' id='word_1_23' title='bbox 701 314 776 343; x_wconf 85' lang='lat' dir='ltr'><strong>sicut</strong></span> <span class='ocrx_word' id='word_1_24' title='bbox 797 313 867 342; x_wconf 90' lang='lat' dir='ltr'><strong>dicit</strong></span> <span class='ocrx_word' id='word_1_25' title='bbox 881 314 946 342; x_wconf 87' lang='lat' dir='ltr'><strong>Ber-</strong></span> 
     </span>
     <span class='ocr_line' id='line_1_4' title="bbox 164 359 944 398; baseline 0.001 -11"><span class='ocrx_word' id='word_1_26' title='bbox 164 359 277 388; x_wconf 86' lang='lat' dir='ltr'><strong>nardus</strong></span> <span class='ocrx_word' id='word_1_27' title='bbox 293 364 299 380; x_wconf 92' lang='lat'>¹</span> <span class='ocrx_word' id='word_1_28' title='bbox 317 370 323 388; x_wconf 73' lang='grc' dir='ltr'>ε</span> <span class='ocrx_word' id='word_1_29' title='bbox 344 370 357 388; x_wconf 77' lang='grc' dir='ltr'><strong>κ</strong></span> <span class='ocrx_word' id='word_1_30' title='bbox 371 364 434 390; x_wconf 85' lang='lat' dir='ltr'><strong>Non</strong></span> <span class='ocrx_word' id='word_1_31' title='bbox 449 363 492 390; x_wconf 85' lang='lat' dir='ltr'><strong>est</strong></span> <span class='ocrx_word' id='word_1_32' title='bbox 512 361 686 398; x_wconf 71' lang='lat' dir='ltr'><strong>praesentior</strong></span> <span class='ocrx_word' id='word_1_33' title='bbox 705 363 805 389; x_wconf 85' lang='lat' dir='ltr'><strong>noster</strong></span> <span class='ocrx_word' id='word_1_34' title='bbox 825 360 944 397; x_wconf 87' lang='lat' dir='ltr'><strong>spiritus</strong></span> 
     </span>
     <span class='ocr_line' id='line_1_5' title="bbox 164 406 944 445; baseline 0.001 -11"><span class='ocrx_word' id='word_1_35' title='bbox 164 406 217 434; x_wconf 88' lang='lat' dir='ltr'><strong>ubi</strong></span> <span class='ocrx_word' id='word_1_36' title='bbox 233 407 360 443; x_wconf 88' lang='lat' dir='ltr'><strong>animat,</strong></span> <span class='ocrx_word' id='word_1_37' title='bbox 378 416 469 445; x_wconf 89' lang='lat' dir='ltr'><strong>quam</strong></span> <span class='ocrx_word' id='word_1_38' title='bbox 483 408 537 437; x_wconf 90' lang='lat' dir='ltr'><strong>ubi</strong></span> <span class='ocrx_word' id='word_1_39' title='bbox 551 409 640 437; x_wconf 85' lang='lat' dir='ltr'><strong>amat.</strong></span> <span class='ocrx_word' id='word_1_40' title='bbox 656 419 669 434; x_wconf 68' lang='lat' dir='ltr'><strong>n</strong></span> <span class='ocrx_word' id='word_1_41' title='bbox 687 407 774 442; x_wconf 80' lang='lat' dir='ltr'><strong>Quod</strong></span> <span class='ocrx_word' id='word_1_42' title='bbox 787 409 886 436; x_wconf 87' lang='lat' dir='ltr'><strong>tamen</strong></span> <span class='ocrx_word' id='word_1_43' title='bbox 900 407 944 436; x_wconf 91' lang='lat' dir='ltr'><strong>in-</strong></span> 
     </span>
     <span class='ocr_line' id='line_1_6' title="bbox 166 453 942 492; baseline 0.001 -11"><span class='ocrx_word' id='word_1_44' title='bbox 166 453 360 490; x_wconf 79' lang='lat' dir='ltr'><strong>telligendum</strong></span> <span class='ocrx_word' id='word_1_45' title='bbox 383 457 442 491; x_wconf 84' lang='lat' dir='ltr'><strong>est,</strong></span> <span class='ocrx_word' id='word_1_46' title='bbox 464 457 610 492; x_wconf 87' lang='lat' dir='ltr'><strong>quantum</strong></span> <span class='ocrx_word' id='word_1_47' title='bbox 634 455 673 484; x_wconf 88' lang='lat' dir='ltr'><strong>ad</strong></span> <span class='ocrx_word' id='word_1_48' title='bbox 693 457 834 484; x_wconf 88' lang='lat' dir='ltr'><strong>conatum</strong></span> <span class='ocrx_word' id='word_1_49' title='bbox 854 455 942 483; x_wconf 83' lang='lat' dir='ltr'><strong>affec-</strong></span> 
     </span>
     <span class='ocr_line' id='line_1_7' title="bbox 165 500 942 539; baseline 0.004 -11"><span class='ocrx_word' id='word_1_50' title='bbox 165 500 262 530; x_wconf 87' lang='lat' dir='ltr'><strong>tionis.</strong></span> <span class='ocrx_word' id='word_1_51' title='bbox 279 503 359 531; x_wconf 84' lang='lat' dir='ltr'><strong>Hunc</strong></span> <span class='ocrx_word' id='word_1_52' title='bbox 374 505 472 531; x_wconf 88' lang='lat' dir='ltr'><strong>autem</strong></span> <span class='ocrx_word' id='word_1_53' title='bbox 488 511 641 531; x_wconf 83' lang='lat' dir='ltr'><strong>excessum</strong></span> <span class='ocrx_word' id='word_1_54' title='bbox 659 511 722 531; x_wconf 89' lang='lat' dir='ltr'><strong>non</strong></span> <span class='ocrx_word' id='word_1_55' title='bbox 735 503 832 539; x_wconf 88' lang='lat' dir='ltr'><strong>potest</strong></span> <span class='ocrx_word' id='word_1_56' title='bbox 846 501 942 531; x_wconf 85' lang='lat' dir='ltr'><strong>facere</strong></span> 
     </span>
     <span class='ocr_line' id='line_1_8' title="bbox 164 548 943 586; baseline 0.001 -10"><span class='ocrx_word' id='word_1_57' title='bbox 164 548 220 576; x_wconf 89' lang='lat' dir='ltr'><strong>nisi</strong></span> <span class='ocrx_word' id='word_1_58' title='bbox 232 549 358 577; x_wconf 83' lang='lat' dir='ltr'><strong>charitas</strong></span> <span class='ocrx_word' id='word_1_59' title='bbox 372 549 517 586; x_wconf 84' lang='lat' dir='ltr'><strong>perfecta,</strong></span> <span class='ocrx_word' id='word_1_60' title='bbox 532 558 615 586; x_wconf 81' lang='lat' dir='ltr'><strong>quae,</strong></span> <span class='ocrx_word' id='word_1_61' title='bbox 627 557 681 586; x_wconf 90' lang='lat' dir='ltr'><strong>per</strong></span> <span class='ocrx_word' id='word_1_62' title='bbox 695 549 802 578; x_wconf 86' lang='lat' dir='ltr'><strong>fortem</strong></span> <span class='ocrx_word' id='word_1_63' title='bbox 817 549 943 577; x_wconf 88' lang='lat' dir='ltr'><strong>inclina-</strong></span> 
     </span>
     <span class='ocr_line' id='line_1_9' title="bbox 164 596 941 632; baseline 0 -8"><span class='ocrx_word' id='word_1_64' title='bbox 164 596 291 632; x_wconf 86' lang='lat' dir='ltr'><strong>tionem,</strong></span> <span class='ocrx_word' id='word_1_65' title='bbox 305 598 406 625; x_wconf 87' lang='lat' dir='ltr'><strong>eausat</strong></span> <span class='ocrx_word' id='word_1_66' title='bbox 420 597 601 625; x_wconf 87' lang='lat' dir='ltr'><strong>tendentiam</strong></span> <span class='ocrx_word' id='word_1_67' title='bbox 613 597 819 625; x_wconf 88' lang='lat' dir='ltr'><strong>vehementem</strong></span> <span class='ocrx_word' id='word_1_68' title='bbox 832 596 863 624; x_wconf 90' lang='lat' dir='ltr'><strong>in</strong></span> <span class='ocrx_word' id='word_1_69' title='bbox 877 604 941 625; x_wconf 89' lang='lat' dir='ltr'><strong>rem</strong></span> 
     </span>
     <span class='ocr_line' id='line_1_10' title="bbox 163 643 942 680; baseline 0.003 -10"><span class='ocrx_word' id='word_1_70' title='bbox 163 645 292 671; x_wconf 85' lang='lat' dir='ltr'><strong>amatam</strong></span> <span class='ocrx_word' id='word_1_71' title='bbox 311 653 318 672; x_wconf 69' lang='grc' dir='ltr'>ς</span> <span class='ocrx_word' id='word_1_72' title='bbox 335 643 418 680; x_wconf 88' lang='lat' dir='ltr'><strong>quod</strong></span> <span class='ocrx_word' id='word_1_73' title='bbox 433 643 561 672; x_wconf 81' lang='lat' dir='ltr'><strong>ostendit</strong></span> <span class='ocrx_word' id='word_1_74' title='bbox 580 643 736 680; x_wconf 86' lang='lat' dir='ltr'><strong>Dionysius</strong></span> <span class='ocrx_word' id='word_1_75' title='bbox 759 643 874 672; x_wconf 85' lang='lat' dir='ltr'><strong>ibidem</strong></span> <span class='ocrx_word' id='word_1_76' title='bbox 889 651 942 680; x_wconf 87' lang='lat' dir='ltr'><strong>per</strong></span> 
     </span>
     <span class='ocr_line' id='line_1_11' title="bbox 162 690 941 726; baseline 0.001 -9"><span class='ocrx_word' id='word_1_77' title='bbox 162 690 349 726; x_wconf 88' lang='lat' dir='ltr'><strong>exemplum,</strong></span> <span class='ocrx_word' id='word_1_78' title='bbox 365 690 467 718; x_wconf 88' lang='lat' dir='ltr'><strong>dicens</strong></span> <span class='ocrx_word' id='word_1_79' title='bbox 490 690 552 719; x_wconf 88' lang='lat' dir='ltr'><strong>sic:</strong></span> <span class='ocrx_word' id='word_1_80' title='bbox 574 700 588 717; x_wconf 85' lang='lat'>«</span> <span class='ocrx_word' id='word_1_81' title='bbox 605 691 686 720; x_wconf 86' lang='lat' dir='ltr'><strong>Unde</strong></span> <span class='ocrx_word' id='word_1_82' title='bbox 708 691 812 719; x_wconf 87' lang='lat' dir='ltr'><strong>beatus</strong></span> <span class='ocrx_word' id='word_1_83' title='bbox 833 690 941 719; x_wconf 87' lang='lat' dir='ltr'><strong>Paulus</strong></span> 
     </span>
     <span class='ocr_line' id='line_1_12' title="bbox 161 736 939 774; baseline 0.003 -10"><span class='ocrx_word' id='word_1_84' title='bbox 161 736 192 764; x_wconf 92' lang='lat' dir='ltr'><strong>in</strong></span> <span class='ocrx_word' id='word_1_85' title='bbox 206 744 308 765; x_wconf 88' lang='lat' dir='ltr'><strong>amore</strong></span> <span class='ocrx_word' id='word_1_86' title='bbox 324 738 373 765; x_wconf 90' lang='lat' dir='ltr'><strong>Dei</strong></span> <span class='ocrx_word' id='word_1_87' title='bbox 388 738 545 774; x_wconf 83' lang='lat' dir='ltr'><strong>magnifiee</strong></span> <span class='ocrx_word' id='word_1_88' title='bbox 565 738 713 766; x_wconf 81' lang='lat' dir='ltr'><strong>excellens</strong></span> <span class='ocrx_word' id='word_1_89' title='bbox 735 738 805 766; x_wconf 86' lang='lat' dir='ltr'><strong>dicit</strong></span> <span class='ocrx_word' id='word_1_90' title='bbox 818 739 828 756; x_wconf 73' lang='lat'><strong>²</strong></span> <span class='ocrx_word' id='word_1_91' title='bbox 846 747 852 766; x_wconf 90' lang='lat'>:</span> <span class='ocrx_word' id='word_1_92' title='bbox 872 739 939 766; x_wconf 79' lang='lat' dir='ltr'><strong>Vivo</strong></span> 
     </span>
     <span class='ocr_line' id='line_1_13' title="bbox 161 783 935 819; baseline 0.003 -9"><span class='ocrx_word' id='word_1_93' title='bbox 161 791 222 818; x_wconf 72' lang='lat'><strong>390,</strong></span> <span class='ocrx_word' id='word_1_94' title='bbox 236 783 297 818; x_wconf 84' lang='lat' dir='ltr'><strong>jam</strong></span> <span class='ocrx_word' id='word_1_95' title='bbox 318 792 371 812; x_wconf 78' lang='lat' dir='ltr'><strong>non</strong></span> <span class='ocrx_word' id='word_1_96' title='bbox 393 793 457 819; x_wconf 69' lang='lat' dir='ltr'><strong>eqo,</strong></span> <span class='ocrx_word' id='word_1_97' title='bbox 474 787 544 812; x_wconf 75' lang='lat' dir='ltr'><strong>vivit</strong></span> <span class='ocrx_word' id='word_1_98' title='bbox 565 788 653 813; x_wconf 81' lang='lat' dir='ltr'><strong>autem</strong></span> <span class='ocrx_word' id='word_1_99' title='bbox 670 787 700 813; x_wconf 80' lang='lat' dir='ltr'><strong>in</strong></span> <span class='ocrx_word' id='word_1_100' title='bbox 719 794 760 813; x_wconf 85' lang='lat' dir='ltr'><strong>me</strong></span> <span class='ocrx_word' id='word_1_101' title='bbox 775 786 905 814; x_wconf 83' lang='lat' dir='ltr'><strong>Christus.</strong></span> <span class='ocrx_word' id='word_1_102' title='bbox 922 795 935 811; x_wconf 65' lang='grc' dir='ltr'><strong>η</strong></span> 
     </span>
     <span class='ocr_line' id='line_1_14' title="bbox 160 830 940 867; baseline 0.003 -9"><span class='ocrx_word' id='word_1_103' title='bbox 160 830 316 866; x_wconf 79' lang='lat' dir='ltr'><strong>Sequitur:</strong></span> <span class='ocrx_word' id='word_1_104' title='bbox 337 841 349 857; x_wconf 92' lang='lat'>«</span> <span class='ocrx_word' id='word_1_105' title='bbox 366 832 425 859; x_wconf 82' lang='lat' dir='ltr'><strong>Hoc</strong></span> <span class='ocrx_word' id='word_1_106' title='bbox 439 833 539 860; x_wconf 85' lang='lat' dir='ltr'><strong>autem</strong></span> <span class='ocrx_word' id='word_1_107' title='bbox 561 832 631 860; x_wconf 91' lang='lat' dir='ltr'><strong>dicit</strong></span> <span class='ocrx_word' id='word_1_108' title='bbox 653 840 740 860; x_wconf 84' lang='lat' dir='ltr'><strong>verus</strong></span> <span class='ocrx_word' id='word_1_109' title='bbox 761 833 896 867; x_wconf 83' lang='lat' dir='ltr'><strong>amator,</strong></span> <span class='ocrx_word' id='word_1_110' title='bbox 912 834 940 860; x_wconf 85' lang='lat' dir='ltr'><strong>et</strong></span> 
     </span>
     <span class='ocr_line' id='line_1_15' title="bbox 160 877 939 914; baseline 0.003 -9"><span class='ocrx_word' id='word_1_111' title='bbox 160 877 295 906; x_wconf 81' lang='lat' dir='ltr'><strong>ecstasim</strong></span> <span class='ocrx_word' id='word_1_112' title='bbox 310 886 429 914; x_wconf 86' lang='lat' dir='ltr'><strong>passus,</strong></span> <span class='ocrx_word' id='word_1_113' title='bbox 444 879 548 907; x_wconf 86' lang='lat' dir='ltr'><strong>vivens</strong></span> <span class='ocrx_word' id='word_1_114' title='bbox 561 880 634 914; x_wconf 88' lang='lat' dir='ltr'><strong>Deo,</strong></span> <span class='ocrx_word' id='word_1_115' title='bbox 652 881 679 907; x_wconf 87' lang='lat' dir='ltr'><strong>ct</strong></span> <span class='ocrx_word' id='word_1_116' title='bbox 693 887 755 908; x_wconf 91' lang='lat' dir='ltr'><strong>non</strong></span> <span class='ocrx_word' id='word_1_117' title='bbox 768 879 835 908; x_wconf 91' lang='lat' dir='ltr'><strong>sibi.</strong></span> <span class='ocrx_word' id='word_1_118' title='bbox 846 889 860 905; x_wconf 69' lang='lat' dir='ltr'><strong>n</strong></span> <span class='ocrx_word' id='word_1_119' title='bbox 876 881 939 907; x_wconf 83' lang='lat' dir='ltr'><strong>Haee</strong></span> 
     </span>
     <span class='ocr_line' id='line_1_16' title="bbox 160 925 939 962; baseline 0.004 -11"><span class='ocrx_word' id='word_1_120' title='bbox 160 932 311 961; x_wconf 86' lang='lat' dir='ltr'><strong>exponens</strong></span> <span class='ocrx_word' id='word_1_121' title='bbox 334 925 523 953; x_wconf 84' lang='lat' dir='ltr'><strong>vercellensis</strong></span> <span class='ocrx_word' id='word_1_122' title='bbox 548 926 619 954; x_wconf 86' lang='lat' dir='ltr'><strong>dicit</strong></span> <span class='ocrx_word' id='word_1_123' title='bbox 635 927 645 943; x_wconf 78' lang='lat'>³</span> <span class='ocrx_word' id='word_1_124' title='bbox 660 935 667 954; x_wconf 71' lang='grc' dir='ltr'>ι</span> <span class='ocrx_word' id='word_1_125' title='bbox 685 926 784 954; x_wconf 90' lang='lat' dir='ltr'><strong>«Vivo</strong></span> <span class='ocrx_word' id='word_1_126' title='bbox 806 934 862 962; x_wconf 83' lang='lat' dir='ltr'><strong>ego</strong></span> <span class='ocrx_word' id='word_1_127' title='bbox 879 926 939 955; x_wconf 90' lang='lat' dir='ltr'><strong>vita</strong></span> 
     </span>
     <span class='ocr_line' id='line_1_17' title="bbox 159 972 939 1009; baseline 0.003 -10"><span class='ocrx_word' id='word_1_128' title='bbox 159 972 302 1007; x_wconf 85' lang='lat' dir='ltr'><strong>naturali,</strong></span> <span class='ocrx_word' id='word_1_129' title='bbox 316 972 380 1008; x_wconf 76' lang='lat' dir='ltr'><strong>Jam</strong></span> <span class='ocrx_word' id='word_1_130' title='bbox 394 980 456 1001; x_wconf 93' lang='lat' dir='ltr'><strong>non</strong></span> <span class='ocrx_word' id='word_1_131' title='bbox 477 981 549 1008; x_wconf 84' lang='lat' dir='ltr'><strong>ego,</strong></span> <span class='ocrx_word' id='word_1_132' title='bbox 563 981 616 1009; x_wconf 90' lang='lat' dir='ltr'><strong>per</strong></span> <span class='ocrx_word' id='word_1_133' title='bbox 629 973 825 1002; x_wconf 89' lang='lat' dir='ltr'><strong>imitationem</strong></span> <span class='ocrx_word' id='word_1_134' title='bbox 841 982 939 1002; x_wconf 79' lang='lat' dir='ltr'><strong>exces-</strong></span> 
     </span>
     <span class='ocr_line' id='line_1_18' title="bbox 159 1019 938 1056; baseline 0.003 -10"><span class='ocrx_word' id='word_1_135' title='bbox 159 1019 253 1047; x_wconf 88' lang='lat' dir='ltr'><strong>sivam</strong></span> <span class='ocrx_word' id='word_1_136' title='bbox 273 1019 312 1047; x_wconf 87' lang='lat' dir='ltr'><strong>ad</strong></span> <span class='ocrx_word' id='word_1_137' title='bbox 333 1019 500 1048; x_wconf 65' lang='lat' dir='ltr'><strong>aeternitatis</strong></span> <span class='ocrx_word' id='word_1_138' title='bbox 521 1019 767 1055; x_wconf 83' lang='lat' dir='ltr'><strong>immensitatem,</strong></span> <span class='ocrx_word' id='word_1_139' title='bbox 784 1020 869 1056; x_wconf 82' lang='lat' dir='ltr'><strong>quasi</strong></span> <span class='ocrx_word' id='word_1_140' title='bbox 885 1021 938 1048; x_wconf 87' lang='lat' dir='ltr'><strong>ab·</strong></span> 
     </span>
     <span class='ocr_line' id='line_1_19' title="bbox 158 1066 936 1103; baseline 0.003 -10"><span class='ocrx_word' id='word_1_141' title='bbox 158 1067 258 1101; x_wconf 87' lang='lat' dir='ltr'><strong>sorpta</strong></span> <span class='ocrx_word' id='word_1_142' title='bbox 269 1068 297 1094; x_wconf 84' lang='lat' dir='ltr'><strong>et</strong></span> <span class='ocrx_word' id='word_1_143' title='bbox 306 1074 360 1094; x_wconf 93' lang='lat' dir='ltr'><strong>suo</strong></span> <span class='ocrx_word' id='word_1_144' title='bbox 372 1066 470 1094; x_wconf 87' lang='lat' dir='ltr'><strong>officio</strong></span> <span class='ocrx_word' id='word_1_145' title='bbox 487 1075 630 1103; x_wconf 87' lang='lat' dir='ltr'><strong>suspensa</strong></span> <span class='ocrx_word' id='word_1_146' title='bbox 642 1077 648 1102; x_wconf 93' lang='lat'>;</span> <span class='ocrx_word' id='word_1_147' title='bbox 663 1067 787 1102; x_wconf 84' lang='lat' dir='ltr'><strong>dirigor,</strong></span> <span class='ocrx_word' id='word_1_148' title='bbox 801 1075 936 1102; x_wconf 88' lang='lat' dir='ltr'><strong>moveor,</strong></span> 
     </span>
     <span class='ocr_line' id='line_1_20' title="bbox 158 1112 938 1149; baseline 0.004 -9"><span class='ocrx_word' id='word_1_149' title='bbox 158 1112 286 1147; x_wconf 86' lang='lat' dir='ltr'><strong>doceor,</strong></span> <span class='ocrx_word' id='word_1_150' title='bbox 311 1115 339 1140; x_wconf 90' lang='lat' dir='ltr'><strong>et</strong></span> <span class='ocrx_word' id='word_1_151' title='bbox 366 1121 455 1148; x_wconf 77' lang='lat' dir='ltr'><strong>regor</strong></span> <span class='ocrx_word' id='word_1_152' title='bbox 481 1113 542 1142; x_wconf 84' lang='lat' dir='ltr'><strong>vita</strong></span> <span class='ocrx_word' id='word_1_153' title='bbox 570 1114 871 1149; x_wconf 87' lang='lat' dir='ltr'><strong>supersubstantiali,</strong></span> <span class='ocrx_word' id='word_1_154' title='bbox 890 1115 938 1143; x_wconf 90' lang='lat' dir='ltr'><strong>cui</strong></span> 
     </span>
     <span class='ocr_line' id='line_1_21' title="bbox 157 1159 936 1196; baseline 0.003 -9"><span class='ocrx_word' id='word_1_155' title='bbox 157 1159 255 1195; x_wconf 91' lang='lat' dir='ltr'><strong>unior,</strong></span> <span class='ocrx_word' id='word_1_156' title='bbox 271 1168 331 1196; x_wconf 86' lang='lat' dir='ltr'><strong>qua</strong></span> <span class='ocrx_word' id='word_1_157' title='bbox 343 1160 463 1196; x_wconf 84' lang='lat' dir='ltr'><strong>repleor</strong></span> <span class='ocrx_word' id='word_1_158' title='bbox 472 1170 479 1196; x_wconf 88' lang='lat'>;</span> <span class='ocrx_word' id='word_1_159' title='bbox 493 1160 566 1188; x_wconf 85' lang='lat' dir='ltr'><strong>vivit</strong></span> <span class='ocrx_word' id='word_1_160' title='bbox 576 1162 675 1189; x_wconf 88' lang='lat' dir='ltr'><strong>autem</strong></span> <span class='ocrx_word' id='word_1_161' title='bbox 690 1161 720 1188; x_wconf 92' lang='lat' dir='ltr'><strong>in</strong></span> <span class='ocrx_word' id='word_1_162' title='bbox 735 1169 783 1189; x_wconf 90' lang='lat' dir='ltr'><strong>me</strong></span> <span class='ocrx_word' id='word_1_163' title='bbox 795 1161 936 1196; x_wconf 88' lang='lat' dir='ltr'><strong>Christus,</strong></span> 
     </span>
     <span class='ocr_line' id='line_1_22' title="bbox 156 1206 935 1243; baseline 0.004 -10"><span class='ocrx_word' id='word_1_164' title='bbox 156 1206 188 1234; x_wconf 85' lang='lat' dir='ltr'><strong>id</strong></span> <span class='ocrx_word' id='word_1_165' title='bbox 203 1209 259 1242; x_wconf 87' lang='lat' dir='ltr'><strong>est,</strong></span> <span class='ocrx_word' id='word_1_166' title='bbox 276 1207 350 1235; x_wconf 90' lang='lat' dir='ltr'><strong>sicut</strong></span> <span class='ocrx_word' id='word_1_167' title='bbox 364 1207 465 1236; x_wconf 84' lang='lat' dir='ltr'><strong>anima</strong></span> <span class='ocrx_word' id='word_1_168' title='bbox 480 1207 581 1236; x_wconf 85' lang='lat' dir='ltr'><strong>sobria</strong></span> <span class='ocrx_word' id='word_1_169' title='bbox 594 1215 643 1235; x_wconf 91' lang='lat' dir='ltr'><strong>me</strong></span> <span class='ocrx_word' id='word_1_170' title='bbox 660 1208 737 1243; x_wconf 83' lang='lat' dir='ltr'><strong>regit</strong></span> <span class='ocrx_word' id='word_1_171' title='bbox 752 1208 935 1243; x_wconf 80' lang='lat' dir='ltr'><strong>naturaliter,</strong></span> 
     </span>
     <span class='ocr_line' id='line_1_23' title="bbox 157 1253 936 1291; baseline 0.003 -10"><span class='ocrx_word' id='word_1_172' title='bbox 157 1255 185 1281; x_wconf 86' lang='lat' dir='ltr'><strong>et</strong></span> <span class='ocrx_word' id='word_1_173' title='bbox 205 1253 336 1290; x_wconf 86' lang='lat' dir='ltr'><strong>disponit</strong></span> <span class='ocrx_word' id='word_1_174' title='bbox 359 1254 398 1282; x_wconf 86' lang='lat' dir='ltr'><strong>ad</strong></span> <span class='ocrx_word' id='word_1_175' title='bbox 419 1262 540 1282; x_wconf 90' lang='lat' dir='ltr'><strong>omnem</strong></span> <span class='ocrx_word' id='word_1_176' title='bbox 564 1256 663 1283; x_wconf 86' lang='lat' dir='ltr'><strong>actum</strong></span> <span class='ocrx_word' id='word_1_177' title='bbox 685 1255 871 1291; x_wconf 87' lang='lat' dir='ltr'><strong>interiorem,</strong></span> <span class='ocrx_word' id='word_1_178' title='bbox 894 1257 936 1284; x_wconf 84' lang='lat' dir='ltr'><strong>sic</strong></span> 
     </span>
     <span class='ocr_line' id='line_1_24' title="bbox 155 1301 936 1337; baseline 0.003 -9"><span class='ocrx_word' id='word_1_179' title='bbox 155 1301 247 1328; x_wconf 87' lang='lat' dir='ltr'><strong>virtus</strong></span> <span class='ocrx_word' id='word_1_180' title='bbox 266 1301 384 1334; x_wconf 82' lang='lat' dir='ltr'><strong>Christi,</strong></span> <span class='ocrx_word' id='word_1_181' title='bbox 402 1301 449 1329; x_wconf 91' lang='lat' dir='ltr'><strong>cui</strong></span> <span class='ocrx_word' id='word_1_182' title='bbox 475 1301 562 1329; x_wconf 89' lang='lat' dir='ltr'><strong>unior</strong></span> <span class='ocrx_word' id='word_1_183' title='bbox 586 1301 727 1337; x_wconf 83' lang='lat' dir='ltr'><strong>gratuite,</strong></span> <span class='ocrx_word' id='word_1_184' title='bbox 742 1310 790 1330; x_wconf 86' lang='lat' dir='ltr'><strong>me</strong></span> <span class='ocrx_word' id='word_1_185' title='bbox 805 1303 936 1331; x_wconf 83' lang='lat' dir='ltr'><strong>vivificat</strong></span> 
     </span>
     <span class='ocr_line' id='line_1_25' title="bbox 156 1347 935 1385; baseline 0.004 -10"><span class='ocrx_word' id='word_1_186' title='bbox 156 1349 184 1375; x_wconf 87' lang='lat' dir='ltr'><strong>et</strong></span> <span class='ocrx_word' id='word_1_187' title='bbox 198 1347 237 1375; x_wconf 89' lang='lat' dir='ltr'><strong>ad</strong></span> <span class='ocrx_word' id='word_1_188' title='bbox 251 1348 353 1376; x_wconf 89' lang='lat' dir='ltr'><strong>omnia</strong></span> <span class='ocrx_word' id='word_1_189' title='bbox 372 1347 511 1384; x_wconf 88' lang='lat' dir='ltr'><strong>disponit.</strong></span> <span class='ocrx_word' id='word_1_190' title='bbox 528 1358 542 1374; x_wconf 81' lang='lat'>»</span> <span class='ocrx_word' id='word_1_191' title='bbox 560 1348 696 1384; x_wconf 82' lang='lat' dir='ltr'><strong>Sequitur</strong></span> <span class='ocrx_word' id='word_1_192' title='bbox 713 1357 719 1376; x_wconf 73' lang='grc' dir='ltr'>ε</span> <span class='ocrx_word' id='word_1_193' title='bbox 740 1358 753 1375; x_wconf 89' lang='lat'>«</span> <span class='ocrx_word' id='word_1_194' title='bbox 769 1350 833 1377; x_wconf 84' lang='lat' dir='ltr'><strong>Ilaec</strong></span> <span class='ocrx_word' id='word_1_195' title='bbox 850 1349 935 1385; x_wconf 81' lang='lat' dir='ltr'><strong>dixit,</strong></span> 
     </span>
     <span class='ocr_line' id='line_1_26' title="bbox 155 1394 934 1432; baseline 0.003 -10"><span class='ocrx_word' id='word_1_196' title='bbox 155 1394 229 1423; x_wconf 86' lang='lat' dir='ltr'><strong>sicut</strong></span> <span class='ocrx_word' id='word_1_197' title='bbox 248 1403 337 1423; x_wconf 87' lang='lat' dir='ltr'><strong>verus</strong></span> <span class='ocrx_word' id='word_1_198' title='bbox 361 1396 485 1423; x_wconf 84' lang='lat' dir='ltr'><strong>amator.</strong></span> <span class='ocrx_word' id='word_1_199' title='bbox 503 1396 593 1423; x_wconf 88' lang='lat' dir='ltr'><strong>Verus</strong></span> <span class='ocrx_word' id='word_1_200' title='bbox 612 1398 728 1424; x_wconf 85' lang='lat' dir='ltr'><strong>amator</strong></span> <span class='ocrx_word' id='word_1_201' title='bbox 748 1398 806 1431; x_wconf 84' lang='lat' dir='ltr'><strong>est,</strong></span> <span class='ocrx_word' id='word_1_202' title='bbox 830 1396 882 1432; x_wconf 88' lang='lat' dir='ltr'><strong>qui</strong></span> <span class='ocrx_word' id='word_1_203' title='bbox 903 1396 934 1424; x_wconf 91' lang='lat' dir='ltr'><strong>in</strong></span> 
     </span>
     <span class='ocr_line' id='line_1_27' title="bbox 156 1442 935 1478; baseline 0.003 -9"><span class='ocrx_word' id='word_1_204' title='bbox 156 1442 268 1476; x_wconf 90' lang='lat' dir='ltr'><strong>solum,</strong></span> <span class='ocrx_word' id='word_1_205' title='bbox 284 1443 312 1470; x_wconf 90' lang='lat' dir='ltr'><strong>et</strong></span> <span class='ocrx_word' id='word_1_206' title='bbox 326 1450 457 1476; x_wconf 88' lang='lat' dir='ltr'><strong>summe,</strong></span> <span class='ocrx_word' id='word_1_207' title='bbox 473 1444 500 1470; x_wconf 89' lang='lat' dir='ltr'><strong>et</strong></span> <span class='ocrx_word' id='word_1_208' title='bbox 516 1450 584 1470; x_wconf 84' lang='lat' dir='ltr'><strong>vere</strong></span> <span class='ocrx_word' id='word_1_209' title='bbox 599 1442 762 1478; x_wconf 80' lang='lat' dir='ltr'><strong>diligibile,</strong></span> <span class='ocrx_word' id='word_1_210' title='bbox 780 1445 807 1471; x_wconf 87' lang='lat' dir='ltr'><strong>et</strong></span> <span class='ocrx_word' id='word_1_211' title='bbox 819 1443 935 1471; x_wconf 87' lang='lat' dir='ltr'><strong>deside-</strong></span> 
     </span>
     <span class='ocr_line' id='line_1_28' title="bbox 155 1489 933 1526; baseline 0.001 -10"><span class='ocrx_word' id='word_1_212' title='bbox 155 1489 266 1524; x_wconf 84' lang='lat' dir='ltr'><strong>rabile,</strong></span> <span class='ocrx_word' id='word_1_213' title='bbox 282 1489 453 1516; x_wconf 82' lang='lat' dir='ltr'><strong>immediate</strong></span> <span class='ocrx_word' id='word_1_214' title='bbox 465 1509 473 1523; x_wconf 93' lang='lat'><strong>,</strong></span> <span class='ocrx_word' id='word_1_215' title='bbox 493 1491 520 1516; x_wconf 88' lang='lat' dir='ltr'><strong>et</strong></span> <span class='ocrx_word' id='word_1_216' title='bbox 543 1491 664 1525; x_wconf 83' lang='lat' dir='ltr'><strong>propter</strong></span> <span class='ocrx_word' id='word_1_217' title='bbox 685 1490 784 1525; x_wconf 89' lang='lat' dir='ltr'><strong>ipsum</strong></span> <span class='ocrx_word' id='word_1_218' title='bbox 796 1511 804 1524; x_wconf 97' lang='lat'><strong>,</strong></span> <span class='ocrx_word' id='word_1_219' title='bbox 829 1498 933 1526; x_wconf 85' lang='lat' dir='ltr'><strong>super-</strong></span> 
     </span>
     <span class='ocr_line' id='line_1_29' title="bbox 155 1536 935 1572; baseline 0.001 -8"><span class='ocrx_word' id='word_1_220' title='bbox 155 1536 390 1564; x_wconf 78' lang='lat' dir='ltr'><strong>intellectualiter</strong></span> <span class='ocrx_word' id='word_1_221' title='bbox 413 1536 516 1564; x_wconf 87' lang='lat' dir='ltr'><strong>tendit.</strong></span> <span class='ocrx_word' id='word_1_222' title='bbox 537 1546 550 1562; x_wconf 84' lang='lat'>»</span> <span class='ocrx_word' id='word_1_223' title='bbox 578 1537 642 1564; x_wconf 78' lang='lat' dir='ltr'><strong>Haee</strong></span> <span class='ocrx_word' id='word_1_224' title='bbox 665 1536 724 1564; x_wconf 83' lang='lat' dir='ltr'><strong>ille.</strong></span> <span class='ocrx_word' id='word_1_225' title='bbox 748 1538 780 1564; x_wconf 87' lang='lat' dir='ltr'><strong>Et</strong></span> <span class='ocrx_word' id='word_1_226' title='bbox 800 1537 840 1564; x_wconf 85' lang='lat' dir='ltr'><strong>sic</strong></span> <span class='ocrx_word' id='word_1_227' title='bbox 855 1539 935 1572; x_wconf 89' lang='lat' dir='ltr'><strong>patet</strong></span> 
     </span>
     <span class='ocr_line' id='line_1_30' title="bbox 156 1583 932 1619; baseline 0.003 -9"><span class='ocrx_word' id='word_1_228' title='bbox 156 1583 293 1618; x_wconf 88' lang='lat' dir='ltr'><strong>quintum</strong></span> <span class='ocrx_word' id='word_1_229' title='bbox 317 1583 434 1618; x_wconf 80' lang='lat' dir='ltr'><strong>signum</strong></span> <span class='ocrx_word' id='word_1_230' title='bbox 459 1583 607 1611; x_wconf 88' lang='lat' dir='ltr'><strong>eharitatis</strong></span> <span class='ocrx_word' id='word_1_231' title='bbox 630 1583 775 1619; x_wconf 57' lang='lat' dir='ltr'><strong>perfectae.</strong></span> <span class='ocrx_word' id='word_1_232' title='bbox 800 1584 872 1611; x_wconf 83' lang='lat' dir='ltr'><strong>Sunt</strong></span> <span class='ocrx_word' id='word_1_233' title='bbox 891 1586 932 1612; x_wconf 85' lang='lat' dir='ltr'><strong>ta-</strong></span> 
     </span>
     <span class='ocr_line' id='line_1_31' title="bbox 154 1630 933 1666; baseline 0.001 -9"><span class='ocrx_word' id='word_1_234' title='bbox 154 1638 223 1657; x_wconf 87' lang='lat' dir='ltr'><strong>men</strong></span> <span class='ocrx_word' id='word_1_235' title='bbox 246 1630 334 1666; x_wconf 85' lang='lat' dir='ltr'><strong>plura</strong></span> <span class='ocrx_word' id='word_1_236' title='bbox 354 1630 412 1658; x_wconf 86' lang='lat' dir='ltr'><strong>alia</strong></span> <span class='ocrx_word' id='word_1_237' title='bbox 433 1630 518 1665; x_wconf 81' lang='lat' dir='ltr'><strong>signa</strong></span> <span class='ocrx_word' id='word_1_238' title='bbox 540 1630 688 1657; x_wconf 87' lang='lat' dir='ltr'><strong>charitatis</strong></span> <span class='ocrx_word' id='word_1_239' title='bbox 708 1630 862 1666; x_wconf 80' lang='lat' dir='ltr'><strong>perfectae3</strong></span> <span class='ocrx_word' id='word_1_240' title='bbox 880 1631 933 1658; x_wconf 89' lang='lat' dir='ltr'><strong>sed</strong></span> 
     </span>
     <span class='ocr_line' id='line_1_32' title="bbox 153 1677 931 1713; baseline 0.003 -8"><span class='ocrx_word' id='word_1_241' title='bbox 153 1677 215 1705; x_wconf 82' lang='lat' dir='ltr'><strong>haec</strong></span> <span class='ocrx_word' id='word_1_242' title='bbox 229 1678 351 1713; x_wconf 89' lang='lat' dir='ltr'><strong>propter</strong></span> <span class='ocrx_word' id='word_1_243' title='bbox 373 1677 548 1705; x_wconf 86' lang='lat' dir='ltr'><strong>brevitatem</strong></span> <span class='ocrx_word' id='word_1_244' title='bbox 569 1677 608 1705; x_wconf 87' lang='lat' dir='ltr'><strong>ad</strong></span> <span class='ocrx_word' id='word_1_245' title='bbox 627 1685 754 1713; x_wconf 82' lang='lat' dir='ltr'><strong>proesens</strong></span> <span class='ocrx_word' id='word_1_246' title='bbox 775 1677 931 1707; x_wconf 79' lang='lat' dir='ltr'><strong>sufficiant.</strong></span> 
     </span>
    </p>
   </div>
   <div class='ocr_carea' id='block_1_3' title="bbox 388 1783 695 1817">
    <p class='ocr_par' dir='ltr' id='par_1_3' title="bbox 388 1783 695 1817">
     <span class='ocr_line' id='line_1_33' title="bbox 388 1783 695 1817; baseline 0 -1"><span class='ocrx_word' id='word_1_247' title='bbox 388 1783 627 1817; x_wconf 83' lang='lat' dir='ltr'><strong>DISTINCTIO</strong></span> <span class='ocrx_word' id='word_1_248' title='bbox 651 1783 695 1817; x_wconf 88' lang='lat' dir='ltr'><strong>V.</strong></span> 
     </span>
    </p>
   </div>
   <div class='ocr_carea' id='block_1_4' title="bbox 166 1862 913 1941">
    <p class='ocr_par' dir='ltr' id='par_1_4' title="bbox 166 1862 913 1941">
     <span class='ocr_line' id='line_1_34' title="bbox 166 1862 913 1897; baseline -0.001 -7"><span class='ocrx_word' id='word_1_249' title='bbox 166 1863 289 1896; x_wconf 69' lang='lat' dir='ltr'><strong>Qualiter</strong></span> <span class='ocrx_word' id='word_1_250' title='bbox 302 1862 471 1889; x_wconf 64' lang='lat' dir='ltr'><strong>charitativa</strong></span> <span class='ocrx_word' id='word_1_251' title='bbox 486 1862 593 1897; x_wconf 75' lang='lat' dir='ltr'><strong>affectio</strong></span> <span class='ocrx_word' id='word_1_252' title='bbox 608 1871 625 1889; x_wconf 83' lang='grc' dir='ltr'><em>α</em></span> <span class='ocrx_word' id='word_1_253' title='bbox 640 1863 742 1889; x_wconf 76' lang='lat' dir='ltr'><strong>sanctis</strong></span> <span class='ocrx_word' id='word_1_254' title='bbox 759 1862 913 1890; x_wconf 76' lang='lat' dir='ltr'><strong>Ductoribus</strong></span> 
     </span>
     <span class='ocr_line' id='line_1_35' title="bbox 366 1906 706 1941; baseline 0 -8"><span class='ocrx_word' id='word_1_255' title='bbox 366 1915 415 1941; x_wconf 78' lang='lat' dir='ltr'><strong>per</strong></span> <span class='ocrx_word' id='word_1_256' title='bbox 434 1907 534 1941; x_wconf 80' lang='lat' dir='ltr'><strong>9radus</strong></span> <span class='ocrx_word' id='word_1_257' title='bbox 554 1906 706 1933; x_wconf 65' lang='lat' dir='ltr'><strong>dividatur.</strong></span> 
     </span>
    </p>
   </div>
   <div class='ocr_carea' id='block_1_5' title="bbox 431 1991 649 2015">
    <p class='ocr_par' dir='ltr' id='par_1_5' title="bbox 431 1991 649 2015">
     <span class='ocr_line' id='line_1_36' title="bbox 431 1991 649 2015; baseline 0 0"><span class='ocrx_word' id='word_1_258' title='bbox 431 1991 611 2015; x_wconf 81' lang='lat' dir='ltr'><strong>ARTICULUS</strong></span> <span class='ocrx_word' id='word_1_259' title='bbox 631 1992 649 2015; x_wconf 85' lang='lat' dir='ltr'><strong>l.</strong></span> 
     </span>
    </p>
   </div>
   <div class='ocr_carea' id='block_1_6' title="bbox 331 2044 745 2076">
    <p class='ocr_par' dir='ltr' id='par_1_6' title="bbox 331 2044 745 2076">
     <span class='ocr_line' id='line_1_37' title="bbox 331 2044 745 2076; baseline -0.002 -7"><span class='ocrx_word' id='word_1_260' title='bbox 331 2045 367 2069; x_wconf 89' lang='lat' dir='ltr'><strong>De</strong></span> <span class='ocrx_word' id='word_1_261' title='bbox 384 2045 504 2076; x_wconf 79' lang='lat' dir='ltr'><strong>gradibus</strong></span> <span class='ocrx_word' id='word_1_262' title='bbox 521 2044 616 2068; x_wconf 83' lang='lat' dir='ltr'><strong>amoris</strong></span> <span class='ocrx_word' id='word_1_263' title='bbox 634 2044 745 2075; x_wconf 79' lang='lat' dir='ltr'><strong>gratuiti.</strong></span> 
     </span>
    </p>
   </div>
   <div class='ocr_carea' id='block_1_7' title="bbox 148 2102 929 2561">
    <p class='ocr_par' dir='ltr' id='par_1_7' title="bbox 148 2102 929 2561">
     <span class='ocr_line' id='line_1_38' title="bbox 185 2102 928 2138; baseline -0.001 -6"><span class='ocrx_word' id='word_1_264' title='bbox 185 2104 292 2138; x_wconf 85' lang='lat' dir='ltr'><strong>Quinto</strong></span> <span class='ocrx_word' id='word_1_265' title='bbox 318 2103 483 2131; x_wconf 88' lang='lat' dir='ltr'><strong>videndum</strong></span> <span class='ocrx_word' id='word_1_266' title='bbox 511 2105 575 2138; x_wconf 86' lang='lat' dir='ltr'><strong>est,</strong></span> <span class='ocrx_word' id='word_1_267' title='bbox 601 2102 729 2138; x_wconf 81' lang='lat' dir='ltr'><strong>qualiter</strong></span> <span class='ocrx_word' id='word_1_268' title='bbox 756 2102 928 2131; x_wconf 88' lang='lat' dir='ltr'><strong>charitativa</strong></span> 
     </span>
     <span class='ocr_line' id='line_1_39' title="bbox 149 2149 928 2185; baseline -0.001 -6"><span class='ocrx_word' id='word_1_269' title='bbox 149 2151 264 2179; x_wconf 83' lang='lat' dir='ltr'><strong>affectio</strong></span> <span class='ocrx_word' id='word_1_270' title='bbox 287 2159 304 2178; x_wconf 88' lang='lat' dir='ltr'><strong>a</strong></span> <span class='ocrx_word' id='word_1_271' title='bbox 327 2150 433 2178; x_wconf 87' lang='lat' dir='ltr'><strong>sanetis</strong></span> <span class='ocrx_word' id='word_1_272' title='bbox 458 2150 630 2178; x_wconf 85' lang='lat' dir='ltr'><strong>Doetoribus</strong></span> <span class='ocrx_word' id='word_1_273' title='bbox 656 2149 854 2184; x_wconf 77' lang='lat' dir='ltr'><strong>distinguatur</strong></span> <span class='ocrx_word' id='word_1_274' title='bbox 875 2158 928 2185; x_wconf 86' lang='lat' dir='ltr'><strong>per</strong></span> 
     </span>
     <span class='ocr_line' id='line_1_40' title="bbox 150 2196 927 2233; baseline -0.004 -7"><span class='ocrx_word' id='word_1_275' title='bbox 150 2198 270 2233; x_wconf 84' lang='lat' dir='ltr'><strong>gradus.</strong></span> <span class='ocrx_word' id='word_1_276' title='bbox 283 2197 353 2225; x_wconf 80' lang='lat' dir='ltr'><strong>Dicit</strong></span> <span class='ocrx_word' id='word_1_277' title='bbox 368 2197 448 2225; x_wconf 89' lang='lat' dir='ltr'><strong>enim</strong></span> <span class='ocrx_word' id='word_1_278' title='bbox 462 2197 642 2232; x_wconf 84' lang='lat' dir='ltr'><strong>Augustinus</strong></span> <span class='ocrx_word' id='word_1_279' title='bbox 655 2196 696 2223; x_wconf 86' lang='lat' dir='ltr'><strong>sic</strong></span> <span class='ocrx_word' id='word_1_280' title='bbox 708 2197 717 2213; x_wconf 47' lang='grc' dir='ltr'>ἰ</span> <span class='ocrx_word' id='word_1_281' title='bbox 730 2205 736 2223; x_wconf 90' lang='lat'>:</span> <span class='ocrx_word' id='word_1_282' title='bbox 754 2206 766 2221; x_wconf 73' lang='lat' dir='ltr'><strong>u</strong></span> <span class='ocrx_word' id='word_1_283' title='bbox 777 2196 927 2231; x_wconf 71' lang='lat' dir='ltr'><strong>&#39;Numquid</strong></span> 
     </span>
     <span class='ocr_line' id='line_1_41' title="bbox 149 2242 927 2279; baseline 0 -7"><span class='ocrx_word' id='word_1_284' title='bbox 149 2253 219 2272; x_wconf 85' lang='lat' dir='ltr'><strong>mox</strong></span> <span class='ocrx_word' id='word_1_285' title='bbox 234 2247 265 2273; x_wconf 90' lang='lat' dir='ltr'><strong>ut</strong></span> <span class='ocrx_word' id='word_1_286' title='bbox 279 2244 408 2272; x_wconf 86' lang='lat' dir='ltr'><strong>nascitur</strong></span> <span class='ocrx_word' id='word_1_287' title='bbox 427 2244 568 2279; x_wconf 78' lang='lat' dir='ltr'><strong>charitas,</strong></span> <span class='ocrx_word' id='word_1_288' title='bbox 580 2245 642 2279; x_wconf 75' lang='lat' dir='ltr'><strong>Jam</strong></span> <span class='ocrx_word' id='word_1_289' title='bbox 661 2251 783 2279; x_wconf 86' lang='lat' dir='ltr'><strong>prorsus</strong></span> <span class='ocrx_word' id='word_1_290' title='bbox 798 2242 927 2279; x_wconf 85' lang='lat' dir='ltr'><strong>perfecta</strong></span> 
     </span>
     <span class='ocr_line' id='line_1_42' title="bbox 149 2290 929 2327; baseline -0.004 -7"><span class='ocrx_word' id='word_1_291' title='bbox 149 2293 213 2320; x_wconf 71' lang='lat' dir='ltr'><strong>est?</strong></span> <span class='ocrx_word' id='word_1_292' title='bbox 238 2294 315 2326; x_wconf 86' lang='lat' dir='ltr'><strong>imo,</strong></span> <span class='ocrx_word' id='word_1_293' title='bbox 331 2293 362 2319; x_wconf 91' lang='lat' dir='ltr'><strong>ut</strong></span> <span class='ocrx_word' id='word_1_294' title='bbox 384 2291 553 2327; x_wconf 84' lang='lat' dir='ltr'><strong>perficiatur</strong></span> <span class='ocrx_word' id='word_1_295' title='bbox 565 2312 573 2325; x_wconf 90' lang='lat'><strong>,</strong></span> <span class='ocrx_word' id='word_1_296' title='bbox 594 2291 743 2325; x_wconf 68' lang='lat' dir='ltr'><strong>naseitun:</strong></span> <span class='ocrx_word' id='word_1_297' title='bbox 760 2298 828 2318; x_wconf 87' lang='lat' dir='ltr'><strong>eum</strong></span> <span class='ocrx_word' id='word_1_298' title='bbox 843 2290 929 2317; x_wconf 83' lang='lat' dir='ltr'><strong>fuerit</strong></span> 
     </span>
     <span class='ocr_line' id='line_1_43' title="bbox 149 2336 926 2373; baseline -0.003 -7"><span class='ocrx_word' id='word_1_299' title='bbox 149 2341 217 2367; x_wconf 86' lang='lat' dir='ltr'><strong>nata</strong></span> <span class='ocrx_word' id='word_1_300' title='bbox 234 2360 243 2373; x_wconf 91' lang='lat'><strong>,</strong></span> <span class='ocrx_word' id='word_1_301' title='bbox 265 2338 405 2373; x_wconf 82' lang='lat' dir='ltr'><strong>nutritur3</strong></span> <span class='ocrx_word' id='word_1_302' title='bbox 436 2347 505 2366; x_wconf 88' lang='lat' dir='ltr'><strong>cum</strong></span> <span class='ocrx_word' id='word_1_303' title='bbox 526 2338 613 2365; x_wconf 85' lang='lat' dir='ltr'><strong>fuerit</strong></span> <span class='ocrx_word' id='word_1_304' title='bbox 645 2337 754 2365; x_wconf 83' lang='lat' dir='ltr'><strong>nutrita</strong></span> <span class='ocrx_word' id='word_1_305' title='bbox 769 2359 777 2372; x_wconf 94' lang='lat'><strong>,</strong></span> <span class='ocrx_word' id='word_1_306' title='bbox 803 2336 926 2364; x_wconf 90' lang='lat' dir='ltr'><strong>robora-</strong></span> 
     </span>
     <span class='ocr_line' id='line_1_44' title="bbox 148 2384 926 2421; baseline -0.004 -8"><span class='ocrx_word' id='word_1_307' title='bbox 148 2388 213 2421; x_wconf 78' lang='lat' dir='ltr'><strong>tur-3</strong></span> <span class='ocrx_word' id='word_1_308' title='bbox 230 2394 298 2413; x_wconf 88' lang='lat' dir='ltr'><strong>eum</strong></span> <span class='ocrx_word' id='word_1_309' title='bbox 319 2385 405 2413; x_wconf 81' lang='lat' dir='ltr'><strong>suerit</strong></span> <span class='ocrx_word' id='word_1_310' title='bbox 427 2385 583 2419; x_wconf 83' lang='lat' dir='ltr'><strong>roborata,</strong></span> <span class='ocrx_word' id='word_1_311' title='bbox 608 2384 773 2420; x_wconf 86' lang='lat' dir='ltr'><strong>perficitur;</strong></span> <span class='ocrx_word' id='word_1_312' title='bbox 807 2386 834 2410; x_wconf 85' lang='lat' dir='ltr'><strong>et</strong></span> <span class='ocrx_word' id='word_1_313' title='bbox 858 2391 926 2411; x_wconf 88' lang='lat' dir='ltr'><strong>eum</strong></span> 
     </span>
     <span class='ocr_line' id='line_1_45' title="bbox 150 2431 926 2468; baseline -0.005 -8"><span class='ocrx_word' id='word_1_314' title='bbox 150 2432 188 2460; x_wconf 82' lang='lat' dir='ltr'><strong>ad</strong></span> <span class='ocrx_word' id='word_1_315' title='bbox 212 2433 374 2468; x_wconf 80' lang='lat' dir='ltr'><strong>perfectum</strong></span> <span class='ocrx_word' id='word_1_316' title='bbox 397 2432 525 2465; x_wconf 85' lang='lat' dir='ltr'><strong>venerit,</strong></span> <span class='ocrx_word' id='word_1_317' title='bbox 552 2432 623 2459; x_wconf 87' lang='lat' dir='ltr'><strong>dicit</strong></span> <span class='ocrx_word' id='word_1_318' title='bbox 637 2432 646 2448; x_wconf 73' lang='lat'><strong>⁵</strong></span> <span class='ocrx_word' id='word_1_319' title='bbox 663 2440 669 2458; x_wconf 77' lang='grc' dir='ltr'>ε</span> <span class='ocrx_word' id='word_1_320' title='bbox 689 2432 773 2466; x_wconf 76' lang='lat' dir='ltr'><strong>Cupio</strong></span> <span class='ocrx_word' id='word_1_321' title='bbox 798 2431 926 2464; x_wconf 64' lang='lat' dir='ltr'><strong>dissolvi,</strong></span> 
     </span>
     <span class='ocr_line' id='line_1_46' title="bbox 149 2476 926 2515; baseline -0.004 -9"><span class='ocrx_word' id='word_1_322' title='bbox 149 2482 174 2506; x_wconf 82' lang='lat' dir='ltr'><strong>et</strong></span> <span class='ocrx_word' id='word_1_323' title='bbox 199 2487 251 2506; x_wconf 82' lang='lat' dir='ltr'><strong>esse</strong></span> <span class='ocrx_word' id='word_1_324' title='bbox 273 2488 332 2507; x_wconf 85' lang='lat' dir='ltr'><strong>cum</strong></span> <span class='ocrx_word' id='word_1_325' title='bbox 354 2479 498 2507; x_wconf 82' lang='lat' dir='ltr'><strong>Christo.»</strong></span> <span class='ocrx_word' id='word_1_326' title='bbox 518 2480 559 2506; x_wconf 77' lang='lat' dir='ltr'><strong>Ex</strong></span> <span class='ocrx_word' id='word_1_327' title='bbox 582 2486 643 2515; x_wconf 89' lang='lat' dir='ltr'><strong>quo</strong></span> <span class='ocrx_word' id='word_1_328' title='bbox 666 2479 768 2514; x_wconf 87' lang='lat' dir='ltr'><strong>patet,</strong></span> <span class='ocrx_word' id='word_1_329' title='bbox 789 2476 873 2512; x_wconf 85' lang='lat' dir='ltr'><strong>quod</strong></span> <span class='ocrx_word' id='word_1_330' title='bbox 894 2476 926 2503; x_wconf 88' lang='lat' dir='ltr'><strong>in</strong></span> 
     </span>
     <span class='ocr_line' id='line_1_47' title="bbox 150 2523 925 2561; baseline -0.003 -9"><span class='ocrx_word' id='word_1_331' title='bbox 150 2525 288 2554; x_wconf 85' lang='lat' dir='ltr'><strong>charitate</strong></span> <span class='ocrx_word' id='word_1_332' title='bbox 303 2528 370 2554; x_wconf 88' lang='lat' dir='ltr'><strong>sunt</strong></span> <span class='ocrx_word' id='word_1_333' title='bbox 389 2525 497 2554; x_wconf 88' lang='lat' dir='ltr'><strong>diversi</strong></span> <span class='ocrx_word' id='word_1_334' title='bbox 518 2525 638 2561; x_wconf 86' lang='lat' dir='ltr'><strong>gradus.</strong></span> <span class='ocrx_word' id='word_1_335' title='bbox 656 2527 687 2553; x_wconf 88' lang='lat' dir='ltr'><strong>Et</strong></span> <span class='ocrx_word' id='word_1_336' title='bbox 702 2524 773 2561; x_wconf 83' lang='lat' dir='ltr'><strong>quia</strong></span> <span class='ocrx_word' id='word_1_337' title='bbox 788 2523 925 2558; x_wconf 84' lang='lat' dir='ltr'><strong>Augusti-</strong></span> 
     </span>
    </p>
   </div>
   <div class='ocr_carea' id='block_1_8' title="bbox 149 2598 924 2703">
    <p class='ocr_par' dir='ltr' id='par_1_8' title="bbox 149 2598 924 2703">
     <span class='ocr_line' id='line_1_48' title="bbox 183 2598 922 2631; baseline -0.001 -7"><span class='ocrx_word' id='word_1_338' title='bbox 183 2600 189 2615; x_wconf 86' lang='lat'>¹</span> <span class='ocrx_word' id='word_1_339' title='bbox 205 2601 292 2630; x_wconf 87' lang='lat' dir='ltr'><strong>Bern.‚</strong></span> <span class='ocrx_word' id='word_1_340' title='bbox 309 2601 338 2624; x_wconf 76' lang='lat' dir='ltr'><strong>(Ie</strong></span> <span class='ocrx_word' id='word_1_341' title='bbox 354 2601 431 2625; x_wconf 71' lang='lat' dir='ltr'><strong>Praec.</strong></span> <span class='ocrx_word' id='word_1_342' title='bbox 451 2602 474 2624; x_wconf 76' lang='lat' dir='ltr'><strong>et</strong></span> <span class='ocrx_word' id='word_1_343' title='bbox 494 2600 620 2631; x_wconf 66' lang='lat' dir='ltr'><strong>Dispens„</strong></span> <span class='ocrx_word' id='word_1_344' title='bbox 636 2606 658 2624; x_wconf 85' lang='lat' dir='ltr'><strong>c.</strong></span> <span class='ocrx_word' id='word_1_345' title='bbox 676 2605 721 2624; x_wconf 78' lang='lat' dir='ltr'><strong>vir.</strong></span> <span class='ocrx_word' id='word_1_346' title='bbox 737 2611 768 2617; x_wconf 94' lang='lat'>—</span> <span class='ocrx_word' id='word_1_347' title='bbox 783 2599 791 2613; x_wconf 81' lang='lat'><em>³</em></span> <span class='ocrx_word' id='word_1_348' title='bbox 807 2598 874 2628; x_wconf 64' lang='lat' dir='ltr'><strong>Gal„</strong></span> <span class='ocrx_word' id='word_1_349' title='bbox 892 2603 922 2628; x_wconf 82' lang='lat'><strong>11,</strong></span> 
     </span>
     <span class='ocr_line' id='line_1_49' title="bbox 149 2635 924 2668; baseline -0.003 -8"><span class='ocrx_word' id='word_1_350' title='bbox 149 2637 188 2660; x_wconf 83' lang='lat'><strong>20.</strong></span> <span class='ocrx_word' id='word_1_351' title='bbox 204 2649 235 2654; x_wconf 90' lang='lat'>—</span> <span class='ocrx_word' id='word_1_352' title='bbox 254 2637 262 2650; x_wconf 85' lang='lat'><strong>³</strong></span> <span class='ocrx_word' id='word_1_353' title='bbox 279 2636 397 2666; x_wconf 83' lang='lat' dir='ltr'><strong>Vercell.,</strong></span> <span class='ocrx_word' id='word_1_354' title='bbox 412 2637 438 2661; x_wconf 88' lang='lat' dir='ltr'><strong>in</strong></span> <span class='ocrx_word' id='word_1_355' title='bbox 453 2636 554 2668; x_wconf 83' lang='lat' dir='ltr'><strong>Prolog.</strong></span> <span class='ocrx_word' id='word_1_356' title='bbox 576 2643 633 2667; x_wconf 80' lang='lat' dir='ltr'><strong>sup.</strong></span> <span class='ocrx_word' id='word_1_357' title='bbox 650 2635 762 2660; x_wconf 79' lang='lat' dir='ltr'><strong>Cantica.</strong></span> <span class='ocrx_word' id='word_1_358' title='bbox 780 2647 810 2653; x_wconf 90' lang='lat'>—</span> <span class='ocrx_word' id='word_1_359' title='bbox 823 2635 834 2651; x_wconf 80' lang='lat'><strong>¹·</strong></span> <span class='ocrx_word' id='word_1_360' title='bbox 849 2637 924 2665; x_wconf 81' lang='lat' dir='ltr'><strong>Aug.‚</strong></span> 
     </span>
     <span class='ocr_line' id='line_1_50' title="bbox 149 2670 922 2703; baseline -0.004 -8"><span class='ocrx_word' id='word_1_361' title='bbox 149 2673 175 2695; x_wconf 79' lang='lat' dir='ltr'><strong>in</strong></span> <span class='ocrx_word' id='word_1_362' title='bbox 193 2672 271 2703; x_wconf 64' lang='lat' dir='ltr'><strong>Epist.</strong></span> <span class='ocrx_word' id='word_1_363' title='bbox 287 2673 368 2703; x_wconf 57' lang='lat' dir='ltr'><strong>loun„</strong></span> <span class='ocrx_word' id='word_1_364' title='bbox 383 2672 454 2696; x_wconf 83' lang='lat' dir='ltr'><strong>hom.</strong></span> <span class='ocrx_word' id='word_1_365' title='bbox 472 2678 494 2695; x_wconf 93' lang='lat' dir='ltr'><strong>v.</strong></span> <span class='ocrx_word' id='word_1_366' title='bbox 507 2686 533 2689; x_wconf 97' lang='lat'><strong>—</strong></span> <span class='ocrx_word' id='word_1_367' title='bbox 552 2672 561 2688; x_wconf 73' lang='lat'>5</span> <span class='ocrx_word' id='word_1_368' title='bbox 578 2671 683 2702; x_wconf 61' lang='lat' dir='ltr'><strong>Philip„</strong></span> <span class='ocrx_word' id='word_1_369' title='bbox 697 2678 714 2699; x_wconf 84' lang='lat'><strong>1,</strong></span> <span class='ocrx_word' id='word_1_370' title='bbox 731 2672 769 2695; x_wconf 77' lang='lat'><strong>23.</strong></span> <span class='ocrx_word' id='word_1_371' title='bbox 780 2684 811 2689; x_wconf 92' lang='lat'><strong>—</strong></span> <span class='ocrx_word' id='word_1_372' title='bbox 826 2670 834 2684; x_wconf 71' lang='lat'>⁸</span> <span class='ocrx_word' id='word_1_373' title='bbox 848 2671 922 2701; x_wconf 56' lang='lat' dir='ltr'><strong>Aug„</strong></span> 
     </span>
    </p>
   </div>
   <div class='ocr_carea' id='block_1_9' title="bbox 1720 203 1779 231">
    <p class='ocr_par' dir='ltr' id='par_1_9' title="bbox 1720 203 1779 231">
     <span class='ocr_line' id='line_1_51' title="bbox 1720 203 1779 231; baseline 0 0"><span class='ocrx_word' id='word_1_374' title='bbox 1720 203 1779 231; x_wconf 70' lang='lat'><strong>447</strong></span> 
     </span>
    </p>
   </div>
   <div class='ocr_carea' id='block_1_10' title="bbox 982 266 1780 2558">
    <p class='ocr_par' dir='ltr' id='par_1_10' title="bbox 994 266 1780 859">
     <span class='ocr_line' id='line_1_52' title="bbox 1001 266 1780 304; baseline 0 -9"><span class='ocrx_word' id='word_1_375' title='bbox 1001 274 1057 295; x_wconf 85' lang='lat' dir='ltr'><strong>nus</strong></span> <span class='ocrx_word' id='word_1_376' title='bbox 1075 266 1147 295; x_wconf 87' lang='lat' dir='ltr'><strong>alibi</strong></span> <span class='ocrx_word' id='word_1_377' title='bbox 1167 266 1237 295; x_wconf 86' lang='lat' dir='ltr'><strong>dicit</strong></span> <span class='ocrx_word' id='word_1_378' title='bbox 1251 266 1261 284; x_wconf 79' lang='lat'><strong>⁶</strong></span> <span class='ocrx_word' id='word_1_379' title='bbox 1278 275 1284 294; x_wconf 95' lang='lat'><strong>:</strong></span> <span class='ocrx_word' id='word_1_380' title='bbox 1300 276 1314 292; x_wconf 88' lang='lat'>«</span> <span class='ocrx_word' id='word_1_381' title='bbox 1327 267 1418 295; x_wconf 82' lang='lat' dir='ltr'><strong>Tanto</strong></span> <span class='ocrx_word' id='word_1_382' title='bbox 1433 266 1520 295; x_wconf 85' lang='lat' dir='ltr'><strong>nobis</strong></span> <span class='ocrx_word' id='word_1_383' title='bbox 1535 266 1657 302; x_wconf 86' lang='lat' dir='ltr'><strong>melius,</strong></span> <span class='ocrx_word' id='word_1_384' title='bbox 1668 268 1780 304; x_wconf 85' lang='lat' dir='ltr'><strong>quanto</strong></span> 
     </span>
     <span class='ocr_line' id='line_1_53' title="bbox 1000 313 1778 350; baseline 0.001 -9"><span class='ocrx_word' id='word_1_385' title='bbox 1000 313 1095 349; x_wconf 84' lang='lat' dir='ltr'><strong>magis</strong></span> <span class='ocrx_word' id='word_1_386' title='bbox 1119 313 1159 342; x_wconf 89' lang='lat' dir='ltr'><strong>ad</strong></span> <span class='ocrx_word' id='word_1_387' title='bbox 1179 315 1271 342; x_wconf 90' lang='lat' dir='ltr'><strong>Deum</strong></span> <span class='ocrx_word' id='word_1_388' title='bbox 1292 313 1386 348; x_wconf 84' lang='lat' dir='ltr'><strong>imus,</strong></span> <span class='ocrx_word' id='word_1_389' title='bbox 1407 321 1469 350; x_wconf 90' lang='lat' dir='ltr'><strong>quo</strong></span> <span class='ocrx_word' id='word_1_390' title='bbox 1492 313 1566 342; x_wconf 88' lang='lat' dir='ltr'><strong>nihil</strong></span> <span class='ocrx_word' id='word_1_391' title='bbox 1591 313 1698 342; x_wconf 88' lang='lat' dir='ltr'><strong>melius</strong></span> <span class='ocrx_word' id='word_1_392' title='bbox 1713 316 1778 342; x_wconf 85' lang='lat' dir='ltr'><strong>est:</strong></span> 
     </span>
     <span class='ocr_line' id='line_1_54' title="bbox 999 360 1778 396; baseline 0.001 -8"><span class='ocrx_word' id='word_1_393' title='bbox 999 360 1077 388; x_wconf 87' lang='lat' dir='ltr'><strong>imus</strong></span> <span class='ocrx_word' id='word_1_394' title='bbox 1098 362 1196 389; x_wconf 86' lang='lat' dir='ltr'><strong>autem</strong></span> <span class='ocrx_word' id='word_1_395' title='bbox 1220 369 1282 388; x_wconf 91' lang='lat' dir='ltr'><strong>non</strong></span> <span class='ocrx_word' id='word_1_396' title='bbox 1310 360 1495 389; x_wconf 87' lang='lat' dir='ltr'><strong>ambulando</strong></span> <span class='ocrx_word' id='word_1_397' title='bbox 1510 382 1519 396; x_wconf 96' lang='lat'><strong>,</strong></span> <span class='ocrx_word' id='word_1_398' title='bbox 1545 360 1599 389; x_wconf 84' lang='lat' dir='ltr'><strong>sed</strong></span> <span class='ocrx_word' id='word_1_399' title='bbox 1623 361 1754 390; x_wconf 90' lang='lat' dir='ltr'><strong>amando</strong></span> <span class='ocrx_word' id='word_1_400' title='bbox 1769 382 1778 396; x_wconf 90' lang='lat'><strong>,</strong></span> 
     </span>
     <span class='ocr_line' id='line_1_55' title="bbox 1000 407 1778 444; baseline 0 -8"><span class='ocrx_word' id='word_1_401' title='bbox 1000 416 1090 444; x_wconf 89' lang='lat' dir='ltr'><strong>quem</strong></span> <span class='ocrx_word' id='word_1_402' title='bbox 1112 409 1192 436; x_wconf 86' lang='lat' dir='ltr'><strong>tanto</strong></span> <span class='ocrx_word' id='word_1_403' title='bbox 1215 407 1394 435; x_wconf 85' lang='lat' dir='ltr'><strong>habebimus</strong></span> <span class='ocrx_word' id='word_1_404' title='bbox 1412 407 1649 444; x_wconf 70' lang='lat' dir='ltr'><strong>praesentiorem,</strong></span> <span class='ocrx_word' id='word_1_405' title='bbox 1666 409 1778 444; x_wconf 88' lang='lat' dir='ltr'><strong>quanto</strong></span> 
     </span>
     <span class='ocr_line' id='line_1_56' title="bbox 999 454 1777 491; baseline 0.003 -9"><span class='ocrx_word' id='word_1_406' title='bbox 999 455 1140 482; x_wconf 86' lang='lat' dir='ltr'><strong>eumdem</strong></span> <span class='ocrx_word' id='word_1_407' title='bbox 1154 463 1303 489; x_wconf 89' lang='lat' dir='ltr'><strong>amorem,</strong></span> <span class='ocrx_word' id='word_1_408' title='bbox 1320 462 1381 491; x_wconf 91' lang='lat' dir='ltr'><strong>quo</strong></span> <span class='ocrx_word' id='word_1_409' title='bbox 1403 454 1434 482; x_wconf 89' lang='lat' dir='ltr'><strong>in</strong></span> <span class='ocrx_word' id='word_1_410' title='bbox 1456 462 1524 482; x_wconf 88' lang='lat' dir='ltr'><strong>eum</strong></span> <span class='ocrx_word' id='word_1_411' title='bbox 1540 454 1703 490; x_wconf 75' lang='lat' dir='ltr'><strong>tendimus,</strong></span> <span class='ocrx_word' id='word_1_412' title='bbox 1720 463 1777 491; x_wconf 90' lang='lat' dir='ltr'><strong>po-</strong></span> 
     </span>
     <span class='ocr_line' id='line_1_57' title="bbox 998 501 1777 538; baseline 0.001 -8"><span class='ocrx_word' id='word_1_413' title='bbox 998 502 1120 530; x_wconf 86' lang='lat' dir='ltr'><strong>terimus</strong></span> <span class='ocrx_word' id='word_1_414' title='bbox 1140 501 1252 530; x_wconf 86' lang='lat' dir='ltr'><strong>habere</strong></span> <span class='ocrx_word' id='word_1_415' title='bbox 1273 501 1464 537; x_wconf 75' lang='lat' dir='ltr'><strong>puriorem.»</strong></span> <span class='ocrx_word' id='word_1_416' title='bbox 1484 502 1547 529; x_wconf 83' lang='lat' dir='ltr'><strong>Haee</strong></span> <span class='ocrx_word' id='word_1_417' title='bbox 1562 501 1622 529; x_wconf 88' lang='lat' dir='ltr'><strong>ille.</strong></span> <span class='ocrx_word' id='word_1_418' title='bbox 1646 503 1677 530; x_wconf 83' lang='lat' dir='ltr'><strong>Et</strong></span> <span class='ocrx_word' id='word_1_419' title='bbox 1698 510 1777 538; x_wconf 87' lang='lat' dir='ltr'><strong>quo-</strong></span> 
     </span>
     <span class='ocr_line' id='line_1_58' title="bbox 998 548 1778 585; baseline 0.003 -9"><span class='ocrx_word' id='word_1_420' title='bbox 998 548 1080 576; x_wconf 86' lang='lat' dir='ltr'><strong>niam</strong></span> <span class='ocrx_word' id='word_1_421' title='bbox 1094 549 1190 584; x_wconf 86' lang='lat' dir='ltr'><strong>major</strong></span> <span class='ocrx_word' id='word_1_422' title='bbox 1205 550 1232 576; x_wconf 89' lang='lat' dir='ltr'><strong>et</strong></span> <span class='ocrx_word' id='word_1_423' title='bbox 1246 548 1345 576; x_wconf 84' lang='lat' dir='ltr'><strong>minor</strong></span> <span class='ocrx_word' id='word_1_424' title='bbox 1359 548 1473 585; x_wconf 87' lang='lat' dir='ltr'><strong>puritas</strong></span> <span class='ocrx_word' id='word_1_425' title='bbox 1490 548 1521 576; x_wconf 91' lang='lat' dir='ltr'><strong>in</strong></span> <span class='ocrx_word' id='word_1_426' title='bbox 1537 548 1680 584; x_wconf 87' lang='lat' dir='ltr'><strong>gradibus</strong></span> <span class='ocrx_word' id='word_1_427' title='bbox 1695 549 1778 578; x_wconf 88' lang='lat' dir='ltr'><strong>inve-</strong></span> 
     </span>
     <span class='ocr_line' id='line_1_59' title="bbox 997 595 1777 631; baseline 0.001 -8"><span class='ocrx_word' id='word_1_428' title='bbox 997 595 1076 624; x_wconf 87' lang='lat' dir='ltr'><strong>nitur</strong></span> <span class='ocrx_word' id='word_1_429' title='bbox 1091 595 1255 630; x_wconf 87' lang='lat' dir='ltr'><strong>charitatis,</strong></span> <span class='ocrx_word' id='word_1_430' title='bbox 1276 595 1345 623; x_wconf 89' lang='lat' dir='ltr'><strong>ideo</strong></span> <span class='ocrx_word' id='word_1_431' title='bbox 1367 595 1404 623; x_wconf 89' lang='lat' dir='ltr'><strong>de</strong></span> <span class='ocrx_word' id='word_1_432' title='bbox 1420 595 1563 631; x_wconf 79' lang='lat' dir='ltr'><strong>gradibus</strong></span> <span class='ocrx_word' id='word_1_433' title='bbox 1586 596 1649 631; x_wconf 83' lang='lat' dir='ltr'><strong>ejus</strong></span> <span class='ocrx_word' id='word_1_434' title='bbox 1672 595 1777 624; x_wconf 89' lang='lat' dir='ltr'><strong>viden-</strong></span> 
     </span>
     <span class='ocr_line' id='line_1_60' title="bbox 997 642 1777 678; baseline 0.001 -8"><span class='ocrx_word' id='word_1_435' title='bbox 997 642 1071 670; x_wconf 89' lang='lat' dir='ltr'><strong>dum</strong></span> <span class='ocrx_word' id='word_1_436' title='bbox 1087 644 1144 678; x_wconf 89' lang='lat' dir='ltr'><strong>est,</strong></span> <span class='ocrx_word' id='word_1_437' title='bbox 1161 642 1317 678; x_wconf 89' lang='lat' dir='ltr'><strong>quomodo</strong></span> <span class='ocrx_word' id='word_1_438' title='bbox 1342 642 1381 670; x_wconf 88' lang='lat' dir='ltr'><strong>ab</strong></span> <span class='ocrx_word' id='word_1_439' title='bbox 1396 642 1506 670; x_wconf 88' lang='lat' dir='ltr'><strong>infimis</strong></span> <span class='ocrx_word' id='word_1_440' title='bbox 1526 642 1722 671; x_wconf 82' lang='lat' dir='ltr'><strong>ascendamus</strong></span> <span class='ocrx_word' id='word_1_441' title='bbox 1737 643 1777 671; x_wconf 88' lang='lat' dir='ltr'><strong>ad</strong></span> 
     </span>
     <span class='ocr_line' id='line_1_61' title="bbox 996 689 1775 726; baseline 0.003 -9"><span class='ocrx_word' id='word_1_442' title='bbox 996 689 1128 724; x_wconf 90' lang='lat' dir='ltr'><strong>medios,</strong></span> <span class='ocrx_word' id='word_1_443' title='bbox 1144 691 1172 717; x_wconf 89' lang='lat' dir='ltr'><strong>et</strong></span> <span class='ocrx_word' id='word_1_444' title='bbox 1185 697 1239 726; x_wconf 87' lang='lat' dir='ltr'><strong>per</strong></span> <span class='ocrx_word' id='word_1_445' title='bbox 1253 689 1369 717; x_wconf 87' lang='lat' dir='ltr'><strong>medios</strong></span> <span class='ocrx_word' id='word_1_446' title='bbox 1383 689 1540 717; x_wconf 80' lang='lat' dir='ltr'><strong>veniamus</strong></span> <span class='ocrx_word' id='word_1_447' title='bbox 1556 689 1596 717; x_wconf 88' lang='lat' dir='ltr'><strong>ad</strong></span> <span class='ocrx_word' id='word_1_448' title='bbox 1617 698 1750 718; x_wconf 88' lang='lat' dir='ltr'><strong>summos</strong></span> <span class='ocrx_word' id='word_1_449' title='bbox 1767 699 1775 719; x_wconf 75' lang='grc' dir='ltr'><strong><em>ε</em></strong></span> 
     </span>
     <span class='ocr_line' id='line_1_62' title="bbox 996 736 1777 773; baseline 0.001 -9"><span class='ocrx_word' id='word_1_450' title='bbox 996 737 1084 773; x_wconf 87' lang='lat' dir='ltr'><strong>quia,</strong></span> <span class='ocrx_word' id='word_1_451' title='bbox 1108 739 1140 764; x_wconf 89' lang='lat' dir='ltr'><strong>ut</strong></span> <span class='ocrx_word' id='word_1_452' title='bbox 1162 736 1202 764; x_wconf 88' lang='lat' dir='ltr'><strong>ait</strong></span> <span class='ocrx_word' id='word_1_453' title='bbox 1225 736 1383 772; x_wconf 74' lang='lat' dir='ltr'><strong>Gregorius</strong></span> <span class='ocrx_word' id='word_1_454' title='bbox 1396 736 1406 753; x_wconf 91' lang='lat'><em>⁷</em></span> <span class='ocrx_word' id='word_1_455' title='bbox 1428 745 1434 765; x_wconf 75' lang='grc' dir='ltr'><strong><em>ε</em></strong></span> <span class='ocrx_word' id='word_1_456' title='bbox 1455 746 1468 763; x_wconf 89' lang='lat'><strong>‹&lt;</strong></span> <span class='ocrx_word' id='word_1_457' title='bbox 1488 738 1579 765; x_wconf 90' lang='lat' dir='ltr'><strong>Nemo</strong></span> <span class='ocrx_word' id='word_1_458' title='bbox 1605 739 1725 773; x_wconf 85' lang='lat' dir='ltr'><strong>repente</strong></span> <span class='ocrx_word' id='word_1_459' title='bbox 1744 737 1777 765; x_wconf 88' lang='lat' dir='ltr'><strong>fit</strong></span> 
     </span>
     <span class='ocr_line' id='line_1_63' title="bbox 995 783 1774 820; baseline 0.001 -9"><span class='ocrx_word' id='word_1_460' title='bbox 995 792 1146 819; x_wconf 85' lang='lat' dir='ltr'><strong>summus,</strong></span> <span class='ocrx_word' id='word_1_461' title='bbox 1163 783 1216 811; x_wconf 91' lang='lat' dir='ltr'><strong>sed</strong></span> <span class='ocrx_word' id='word_1_462' title='bbox 1236 791 1290 820; x_wconf 89' lang='lat' dir='ltr'><strong>per</strong></span> <span class='ocrx_word' id='word_1_463' title='bbox 1310 783 1420 819; x_wconf 85' lang='lat' dir='ltr'><strong>gradus</strong></span> <span class='ocrx_word' id='word_1_464' title='bbox 1440 783 1479 811; x_wconf 88' lang='lat' dir='ltr'><strong>ad</strong></span> <span class='ocrx_word' id='word_1_465' title='bbox 1500 792 1652 812; x_wconf 86' lang='lat' dir='ltr'><strong>summum</strong></span> <span class='ocrx_word' id='word_1_466' title='bbox 1667 792 1774 820; x_wconf 91' lang='lat' dir='ltr'><strong>perve-</strong></span> 
     </span>
     <span class='ocr_line' id='line_1_64' title="bbox 994 830 1113 859; baseline -0.017 -1"><span class='ocrx_word' id='word_1_467' title='bbox 994 830 1084 859; x_wconf 72' lang='lat' dir='ltr'><strong>nitur.</strong></span> <span class='ocrx_word' id='word_1_468' title='bbox 1100 841 1113 857; x_wconf 73' lang='lat' dir='ltr'><strong>n</strong></span> 
     </span>
    </p>

    <p class='ocr_par' dir='ltr' id='par_1_11' title="bbox 992 877 1775 1196">
     <span class='ocr_line' id='line_1_65' title="bbox 1032 877 1774 915; baseline 0.003 -10"><span class='ocrx_word' id='word_1_469' title='bbox 1032 879 1153 914; x_wconf 83' lang='lat' dir='ltr'><strong>Propter</strong></span> <span class='ocrx_word' id='word_1_470' title='bbox 1168 877 1251 914; x_wconf 85' lang='lat' dir='ltr'><strong>quod</strong></span> <span class='ocrx_word' id='word_1_471' title='bbox 1272 878 1440 906; x_wconf 89' lang='lat' dir='ltr'><strong>notandum</strong></span> <span class='ocrx_word' id='word_1_472' title='bbox 1461 880 1519 913; x_wconf 88' lang='lat' dir='ltr'><strong>est,</strong></span> <span class='ocrx_word' id='word_1_473' title='bbox 1544 878 1629 914; x_wconf 89' lang='lat' dir='ltr'><strong>quod</strong></span> <span class='ocrx_word' id='word_1_474' title='bbox 1648 879 1774 915; x_wconf 84' lang='lat' dir='ltr'><strong>quidam</strong></span> 
     </span>
     <span class='ocr_line' id='line_1_66' title="bbox 995 925 1775 961; baseline 0.003 -9"><span class='ocrx_word' id='word_1_475' title='bbox 995 925 1204 960; x_wconf 80' lang='lat' dir='ltr'><strong>distinguendo</strong></span> <span class='ocrx_word' id='word_1_476' title='bbox 1234 925 1344 961; x_wconf 78' lang='lat' dir='ltr'><strong>gradus</strong></span> <span class='ocrx_word' id='word_1_477' title='bbox 1371 925 1520 954; x_wconf 86' lang='lat' dir='ltr'><strong>charitatis</strong></span> <span class='ocrx_word' id='word_1_478' title='bbox 1541 947 1549 960; x_wconf 90' lang='lat'><strong>,</strong></span> <span class='ocrx_word' id='word_1_479' title='bbox 1574 926 1635 954; x_wconf 87' lang='lat' dir='ltr'><strong>sive</strong></span> <span class='ocrx_word' id='word_1_480' title='bbox 1664 926 1775 954; x_wconf 82' lang='lat' dir='ltr'><strong>amoris</strong></span> 
     </span>
     <span class='ocr_line' id='line_1_67' title="bbox 994 972 1775 1008; baseline 0.001 -8"><span class='ocrx_word' id='word_1_481' title='bbox 994 972 1134 1007; x_wconf 83' lang='lat' dir='ltr'><strong>gratuiti,</strong></span> <span class='ocrx_word' id='word_1_482' title='bbox 1159 972 1302 1008; x_wconf 88' lang='lat' dir='ltr'><strong>incipiunt</strong></span> <span class='ocrx_word' id='word_1_483' title='bbox 1327 973 1364 1000; x_wconf 86' lang='lat' dir='ltr'><strong>ab</strong></span> <span class='ocrx_word' id='word_1_484' title='bbox 1390 973 1494 1000; x_wconf 84' lang='lat' dir='ltr'><strong>infimo</strong></span> <span class='ocrx_word' id='word_1_485' title='bbox 1524 973 1621 1008; x_wconf 84' lang='lat' dir='ltr'><strong>gradu</strong></span> <span class='ocrx_word' id='word_1_486' title='bbox 1646 973 1775 1008; x_wconf 86' lang='lat' dir='ltr'><strong>amoris,</strong></span> 
     </span>
     <span class='ocr_line' id='line_1_68' title="bbox 993 1019 1772 1056; baseline 0.003 -10"><span class='ocrx_word' id='word_1_487' title='bbox 993 1019 1183 1047; x_wconf 82' lang='lat' dir='ltr'><strong>ascendendo</strong></span> <span class='ocrx_word' id='word_1_488' title='bbox 1206 1028 1299 1056; x_wconf 89' lang='lat' dir='ltr'><strong>usque</strong></span> <span class='ocrx_word' id='word_1_489' title='bbox 1322 1020 1361 1048; x_wconf 87' lang='lat' dir='ltr'><strong>ad</strong></span> <span class='ocrx_word' id='word_1_490' title='bbox 1385 1020 1495 1055; x_wconf 86' lang='lat' dir='ltr'><strong>gradus</strong></span> <span class='ocrx_word' id='word_1_491' title='bbox 1512 1020 1622 1048; x_wconf 92' lang='lat' dir='ltr'><strong>amoris</strong></span> <span class='ocrx_word' id='word_1_492' title='bbox 1635 1020 1772 1048; x_wconf 89' lang='lat' dir='ltr'><strong>violenti.</strong></span> 
     </span>
     <span class='ocr_line' id='line_1_69' title="bbox 993 1066 1774 1103; baseline 0.003 -9"><span class='ocrx_word' id='word_1_493' title='bbox 993 1068 1025 1094; x_wconf 90' lang='lat' dir='ltr'><strong>Et</strong></span> <span class='ocrx_word' id='word_1_494' title='bbox 1040 1066 1165 1102; x_wconf 86' lang='lat' dir='ltr'><strong>quidam</strong></span> <span class='ocrx_word' id='word_1_495' title='bbox 1180 1067 1230 1095; x_wconf 85' lang='lat' dir='ltr'><strong>alii</strong></span> <span class='ocrx_word' id='word_1_496' title='bbox 1247 1067 1355 1095; x_wconf 87' lang='lat' dir='ltr'><strong>docent</strong></span> <span class='ocrx_word' id='word_1_497' title='bbox 1370 1067 1530 1095; x_wconf 83' lang='lat' dir='ltr'><strong>ascendere</strong></span> <span class='ocrx_word' id='word_1_498' title='bbox 1545 1067 1624 1095; x_wconf 86' lang='lat' dir='ltr'><strong>ultra</strong></span> <span class='ocrx_word' id='word_1_499' title='bbox 1639 1075 1692 1103; x_wconf 89' lang='lat' dir='ltr'><strong>per</strong></span> <span class='ocrx_word' id='word_1_500' title='bbox 1706 1075 1774 1103; x_wconf 88' lang='lat' dir='ltr'><strong>gra-</strong></span> 
     </span>
     <span class='ocr_line' id='line_1_70' title="bbox 993 1113 1774 1151; baseline 0.003 -11"><span class='ocrx_word' id='word_1_501' title='bbox 993 1113 1049 1141; x_wconf 90' lang='lat' dir='ltr'><strong>dus</strong></span> <span class='ocrx_word' id='word_1_502' title='bbox 1073 1114 1183 1141; x_wconf 90' lang='lat' dir='ltr'><strong>amoris</strong></span> <span class='ocrx_word' id='word_1_503' title='bbox 1202 1113 1340 1149; x_wconf 87' lang='lat' dir='ltr'><strong>violenti,</strong></span> <span class='ocrx_word' id='word_1_504' title='bbox 1361 1122 1455 1151; x_wconf 85' lang='lat' dir='ltr'><strong>usque</strong></span> <span class='ocrx_word' id='word_1_505' title='bbox 1480 1114 1519 1142; x_wconf 90' lang='lat' dir='ltr'><strong>ad</strong></span> <span class='ocrx_word' id='word_1_506' title='bbox 1536 1114 1647 1150; x_wconf 89' lang='lat' dir='ltr'><strong>gradus</strong></span> <span class='ocrx_word' id='word_1_507' title='bbox 1663 1114 1774 1143; x_wconf 89' lang='lat' dir='ltr'><strong>amoris</strong></span> 
     </span>
     <span class='ocr_line' id='line_1_71' title="bbox 992 1160 1148 1196; baseline 0 -9"><span class='ocrx_word' id='word_1_508' title='bbox 992 1160 1148 1196; x_wconf 87' lang='lat' dir='ltr'><strong>seraphici.</strong></span> 
     </span>
    </p>

    <p class='ocr_par' dir='ltr' id='par_1_12' title="bbox 985 1206 1774 2135">
     <span class='ocr_line' id='line_1_72' title="bbox 1027 1206 1772 1245; baseline 0.004 -11"><span class='ocrx_word' id='word_1_509' title='bbox 1027 1206 1125 1234; x_wconf 84' lang='lat' dir='ltr'><strong>Primo</strong></span> <span class='ocrx_word' id='word_1_510' title='bbox 1141 1207 1231 1242; x_wconf 82' lang='lat' dir='ltr'><strong>igitur</strong></span> <span class='ocrx_word' id='word_1_511' title='bbox 1253 1208 1437 1242; x_wconf 87' lang='lat' dir='ltr'><strong>notandum,</strong></span> <span class='ocrx_word' id='word_1_512' title='bbox 1455 1208 1538 1244; x_wconf 88' lang='lat' dir='ltr'><strong>quod</strong></span> <span class='ocrx_word' id='word_1_513' title='bbox 1559 1208 1684 1245; x_wconf 89' lang='lat' dir='ltr'><strong>quidam</strong></span> <span class='ocrx_word' id='word_1_514' title='bbox 1699 1209 1772 1237; x_wconf 87' lang='lat' dir='ltr'><strong>doc-</strong></span> 
     </span>
     <span class='ocr_line' id='line_1_73' title="bbox 991 1253 1774 1292; baseline 0.004 -12"><span class='ocrx_word' id='word_1_515' title='bbox 991 1255 1047 1287; x_wconf 88' lang='lat' dir='ltr'><strong>tor,</strong></span> <span class='ocrx_word' id='word_1_516' title='bbox 1064 1253 1175 1281; x_wconf 85' lang='lat' dir='ltr'><strong>scilicet</strong></span> <span class='ocrx_word' id='word_1_517' title='bbox 1190 1254 1418 1290; x_wconf 75' lang='lat' dir='ltr'><strong>cantuariensis,</strong></span> <span class='ocrx_word' id='word_1_518' title='bbox 1431 1263 1520 1291; x_wconf 88' lang='lat' dir='ltr'><strong>super</strong></span> <span class='ocrx_word' id='word_1_519' title='bbox 1535 1256 1658 1290; x_wconf 79' lang='lat' dir='ltr'><strong>Cantica,</strong></span> <span class='ocrx_word' id='word_1_520' title='bbox 1670 1256 1774 1292; x_wconf 85' lang='lat' dir='ltr'><strong>incipit</strong></span> 
     </span>
     <span class='ocr_line' id='line_1_74' title="bbox 990 1300 1772 1337; baseline 0.004 -10"><span class='ocrx_word' id='word_1_521' title='bbox 990 1300 1206 1328; x_wconf 86' lang='lat' dir='ltr'><strong>rationabiliter</strong></span> <span class='ocrx_word' id='word_1_522' title='bbox 1223 1301 1261 1328; x_wconf 84' lang='lat' dir='ltr'><strong>ab</strong></span> <span class='ocrx_word' id='word_1_523' title='bbox 1283 1301 1387 1329; x_wconf 86' lang='lat' dir='ltr'><strong>infimo</strong></span> <span class='ocrx_word' id='word_1_524' title='bbox 1410 1302 1507 1337; x_wconf 83' lang='lat' dir='ltr'><strong>gradu</strong></span> <span class='ocrx_word' id='word_1_525' title='bbox 1529 1302 1691 1337; x_wconf 77' lang='lat' dir='ltr'><strong>charitatis,</strong></span> <span class='ocrx_word' id='word_1_526' title='bbox 1711 1302 1772 1330; x_wconf 90' lang='lat' dir='ltr'><strong>sive</strong></span> 
     </span>
     <span class='ocr_line' id='line_1_75' title="bbox 991 1348 1771 1385; baseline 0.004 -10"><span class='ocrx_word' id='word_1_527' title='bbox 991 1348 1101 1375; x_wconf 90' lang='lat' dir='ltr'><strong>amoris</strong></span> <span class='ocrx_word' id='word_1_528' title='bbox 1129 1348 1262 1383; x_wconf 83' lang='lat' dir='ltr'><strong>gratuiti,</strong></span> <span class='ocrx_word' id='word_1_529' title='bbox 1277 1349 1468 1376; x_wconf 87' lang='lat' dir='ltr'><strong>ascendendo</strong></span> <span class='ocrx_word' id='word_1_530' title='bbox 1492 1357 1546 1385; x_wconf 89' lang='lat' dir='ltr'><strong>per</strong></span> <span class='ocrx_word' id='word_1_531' title='bbox 1568 1358 1619 1377; x_wconf 78' lang='lat' dir='ltr'><strong>sex</strong></span> <span class='ocrx_word' id='word_1_532' title='bbox 1643 1350 1771 1385; x_wconf 87' lang='lat' dir='ltr'><strong>gradus,</strong></span> 
     </span>
     <span class='ocr_line' id='line_1_76' title="bbox 990 1395 1772 1431; baseline 0.004 -9"><span class='ocrx_word' id='word_1_533' title='bbox 990 1402 1084 1431; x_wconf 88' lang='lat' dir='ltr'><strong>usque</strong></span> <span class='ocrx_word' id='word_1_534' title='bbox 1101 1395 1140 1422; x_wconf 89' lang='lat' dir='ltr'><strong>ad</strong></span> <span class='ocrx_word' id='word_1_535' title='bbox 1154 1395 1264 1430; x_wconf 83' lang='lat' dir='ltr'><strong>gradus</strong></span> <span class='ocrx_word' id='word_1_536' title='bbox 1279 1396 1389 1424; x_wconf 87' lang='lat' dir='ltr'><strong>amoris</strong></span> <span class='ocrx_word' id='word_1_537' title='bbox 1404 1396 1524 1424; x_wconf 86' lang='lat' dir='ltr'><strong>violenti</strong></span> <span class='ocrx_word' id='word_1_538' title='bbox 1537 1396 1598 1424; x_wconf 86' lang='lat' dir='ltr'><strong>sive</strong></span> <span class='ocrx_word' id='word_1_539' title='bbox 1615 1397 1772 1425; x_wconf 78' lang='lat' dir='ltr'><strong>veliemen-</strong></span> 
     </span>
     <span class='ocr_line' id='line_1_77' title="bbox 990 1442 1770 1479; baseline 0.005 -11"><span class='ocrx_word' id='word_1_540' title='bbox 990 1442 1039 1476; x_wconf 83' lang='lat' dir='ltr'><strong>tis,</strong></span> <span class='ocrx_word' id='word_1_541' title='bbox 1055 1442 1155 1469; x_wconf 90' lang='lat' dir='ltr'><strong>dicens</strong></span> <span class='ocrx_word' id='word_1_542' title='bbox 1172 1451 1178 1469; x_wconf 77' lang='lat' dir='ltr'><em>z</em></span> <span class='ocrx_word' id='word_1_543' title='bbox 1200 1452 1212 1467; x_wconf 84' lang='lat'>«</span> <span class='ocrx_word' id='word_1_544' title='bbox 1227 1444 1290 1470; x_wconf 91' lang='lat' dir='ltr'><strong>Non</strong></span> <span class='ocrx_word' id='word_1_545' title='bbox 1306 1443 1403 1470; x_wconf 87' lang='lat' dir='ltr'><strong>omnis</strong></span> <span class='ocrx_word' id='word_1_546' title='bbox 1419 1451 1503 1471; x_wconf 86' lang='lat' dir='ltr'><strong>amor</strong></span> <span class='ocrx_word' id='word_1_547' title='bbox 1515 1443 1629 1471; x_wconf 86' lang='lat' dir='ltr'><strong>inducit</strong></span> <span class='ocrx_word' id='word_1_548' title='bbox 1644 1444 1770 1479; x_wconf 82' lang='lat' dir='ltr'><strong>languo-</strong></span> 
     </span>
     <span class='ocr_line' id='line_1_78' title="bbox 989 1489 1770 1526; baseline 0.004 -10"><span class='ocrx_word' id='word_1_549' title='bbox 989 1497 1067 1523; x_wconf 85' lang='lat' dir='ltr'><strong>rem,</strong></span> <span class='ocrx_word' id='word_1_550' title='bbox 1085 1489 1146 1517; x_wconf 88' lang='lat' dir='ltr'><strong>sive</strong></span> <span class='ocrx_word' id='word_1_551' title='bbox 1161 1489 1314 1524; x_wconf 83' lang='lat' dir='ltr'><strong>vulnerat3</strong></span> <span class='ocrx_word' id='word_1_552' title='bbox 1336 1489 1388 1517; x_wconf 86' lang='lat' dir='ltr'><strong>sed</strong></span> <span class='ocrx_word' id='word_1_553' title='bbox 1410 1490 1572 1518; x_wconf 86' lang='lat' dir='ltr'><strong>vehemens</strong></span> <span class='ocrx_word' id='word_1_554' title='bbox 1596 1499 1699 1523; x_wconf 86' lang='lat' dir='ltr'><strong>amor,</strong></span> <span class='ocrx_word' id='word_1_555' title='bbox 1718 1492 1770 1526; x_wconf 92' lang='lat' dir='ltr'><strong>qui</strong></span> 
     </span>
     <span class='ocr_line' id='line_1_79' title="bbox 989 1535 1771 1571; baseline 0.003 -8"><span class='ocrx_word' id='word_1_556' title='bbox 989 1535 1080 1563; x_wconf 82' lang='lat' dir='ltr'><strong>habet</strong></span> <span class='ocrx_word' id='word_1_557' title='bbox 1094 1543 1145 1563; x_wconf 81' lang='lat' dir='ltr'><strong>sex</strong></span> <span class='ocrx_word' id='word_1_558' title='bbox 1161 1536 1270 1570; x_wconf 84' lang='lat' dir='ltr'><strong>gradus</strong></span> <span class='ocrx_word' id='word_1_559' title='bbox 1290 1536 1501 1571; x_wconf 71' lang='lat' dir='ltr'><strong>prcecedentes.</strong></span> <span class='ocrx_word' id='word_1_560' title='bbox 1519 1547 1531 1563; x_wconf 86' lang='lat'>»</span> <span class='ocrx_word' id='word_1_561' title='bbox 1550 1538 1629 1570; x_wconf 80' lang='lat' dir='ltr'><strong>Quos</strong></span> <span class='ocrx_word' id='word_1_562' title='bbox 1648 1545 1771 1566; x_wconf 85' lang='lat' dir='ltr'><strong>enume-</strong></span> 
     </span>
     <span class='ocr_line' id='line_1_80' title="bbox 989 1582 1770 1619; baseline 0.003 -9"><span class='ocrx_word' id='word_1_563' title='bbox 989 1584 1033 1610; x_wconf 87' lang='lat' dir='ltr'><strong>rat</strong></span> <span class='ocrx_word' id='word_1_564' title='bbox 1050 1582 1091 1610; x_wconf 86' lang='lat' dir='ltr'><strong>ibi</strong></span> <span class='ocrx_word' id='word_1_565' title='bbox 1109 1582 1209 1610; x_wconf 88' lang='lat' dir='ltr'><strong>dicens</strong></span> <span class='ocrx_word' id='word_1_566' title='bbox 1228 1591 1234 1609; x_wconf 86' lang='lat'>:</span> <span class='ocrx_word' id='word_1_567' title='bbox 1254 1592 1267 1608; x_wconf 89' lang='lat'>«</span> <span class='ocrx_word' id='word_1_568' title='bbox 1283 1583 1395 1611; x_wconf 81' lang='lat' dir='ltr'><strong>Primus</strong></span> <span class='ocrx_word' id='word_1_569' title='bbox 1412 1583 1522 1611; x_wconf 87' lang='lat' dir='ltr'><strong>amoris</strong></span> <span class='ocrx_word' id='word_1_570' title='bbox 1537 1584 1647 1619; x_wconf 76' lang='lat' dir='ltr'><strong>gradus</strong></span> <span class='ocrx_word' id='word_1_571' title='bbox 1663 1584 1770 1612; x_wconf 88' lang='lat' dir='ltr'><strong>dicitur</strong></span> 
     </span>
     <span class='ocr_line' id='line_1_81' title="bbox 989 1629 1769 1665; baseline 0.003 -9"><span class='ocrx_word' id='word_1_572' title='bbox 989 1637 1075 1657; x_wconf 83' lang='lat' dir='ltr'><strong>amor</strong></span> <span class='ocrx_word' id='word_1_573' title='bbox 1101 1629 1370 1665; x_wconf 87' lang='lat' dir='ltr'><strong>incomparabilis,</strong></span> <span class='ocrx_word' id='word_1_574' title='bbox 1401 1632 1428 1658; x_wconf 87' lang='lat' dir='ltr'><strong>et</strong></span> <span class='ocrx_word' id='word_1_575' title='bbox 1456 1630 1508 1658; x_wconf 83' lang='lat' dir='ltr'><strong>iste</strong></span> <span class='ocrx_word' id='word_1_576' title='bbox 1533 1632 1575 1658; x_wconf 79' lang='lat' dir='ltr'><strong>est</strong></span> <span class='ocrx_word' id='word_1_577' title='bbox 1602 1631 1769 1659; x_wconf 89' lang='lat' dir='ltr'><strong>communis</strong></span> 
     </span>
     <span class='ocr_line' id='line_1_82' title="bbox 990 1677 1770 1713; baseline 0.003 -8"><span class='ocrx_word' id='word_1_578' title='bbox 990 1678 1125 1706; x_wconf 88' lang='lat' dir='ltr'><strong>omnium</strong></span> <span class='ocrx_word' id='word_1_579' title='bbox 1141 1678 1311 1705; x_wconf 83' lang='lat' dir='ltr'><strong>electorum.</strong></span> <span class='ocrx_word' id='word_1_580' title='bbox 1328 1677 1480 1705; x_wconf 85' lang='lat' dir='ltr'><strong>Secundus</strong></span> <span class='ocrx_word' id='word_1_581' title='bbox 1496 1678 1616 1713; x_wconf 82' lang='lat' dir='ltr'><strong>gradus,</strong></span> <span class='ocrx_word' id='word_1_582' title='bbox 1630 1681 1672 1706; x_wconf 88' lang='lat' dir='ltr'><strong>est</strong></span> <span class='ocrx_word' id='word_1_583' title='bbox 1684 1687 1770 1707; x_wconf 87' lang='lat' dir='ltr'><strong>amor</strong></span> 
     </span>
     <span class='ocr_line' id='line_1_83' title="bbox 987 1724 1768 1762; baseline 0.001 -10"><span class='ocrx_word' id='word_1_584' title='bbox 987 1724 1279 1759; x_wconf 84' lang='lat' dir='ltr'><strong>incontaminabilis,</strong></span> <span class='ocrx_word' id='word_1_585' title='bbox 1295 1727 1322 1752; x_wconf 94' lang='lat' dir='ltr'><strong>et</strong></span> <span class='ocrx_word' id='word_1_586' title='bbox 1342 1724 1395 1752; x_wconf 82' lang='lat' dir='ltr'><strong>iste</strong></span> <span class='ocrx_word' id='word_1_587' title='bbox 1417 1726 1459 1752; x_wconf 87' lang='lat' dir='ltr'><strong>est</strong></span> <span class='ocrx_word' id='word_1_588' title='bbox 1482 1725 1587 1752; x_wconf 90' lang='lat' dir='ltr'><strong>mundi</strong></span> <span class='ocrx_word' id='word_1_589' title='bbox 1611 1727 1768 1762; x_wconf 85' lang='lat' dir='ltr'><strong>contemp-</strong></span> 
     </span>
     <span class='ocr_line' id='line_1_84' title="bbox 988 1771 1768 1807; baseline 0.003 -8"><span class='ocrx_word' id='word_1_590' title='bbox 988 1774 1086 1800; x_wconf 88' lang='lat' dir='ltr'><strong>torum</strong></span> <span class='ocrx_word' id='word_1_591' title='bbox 1102 1774 1129 1799; x_wconf 90' lang='lat' dir='ltr'><strong>et</strong></span> <span class='ocrx_word' id='word_1_592' title='bbox 1143 1771 1362 1807; x_wconf 83' lang='lat' dir='ltr'><strong>religiosorum.</strong></span> <span class='ocrx_word' id='word_1_593' title='bbox 1376 1771 1485 1799; x_wconf 86' lang='lat' dir='ltr'><strong>Tertius</strong></span> <span class='ocrx_word' id='word_1_594' title='bbox 1501 1772 1611 1807; x_wconf 75' lang='lat' dir='ltr'><strong>gradus</strong></span> <span class='ocrx_word' id='word_1_595' title='bbox 1626 1775 1668 1800; x_wconf 89' lang='lat' dir='ltr'><strong>est</strong></span> <span class='ocrx_word' id='word_1_596' title='bbox 1683 1781 1768 1801; x_wconf 87' lang='lat' dir='ltr'><strong>amor</strong></span> 
     </span>
     <span class='ocr_line' id='line_1_85' title="bbox 987 1818 1766 1855; baseline 0.001 -9"><span class='ocrx_word' id='word_1_597' title='bbox 987 1818 1193 1854; x_wconf 80' lang='lat' dir='ltr'><strong>infatigabilis,</strong></span> <span class='ocrx_word' id='word_1_598' title='bbox 1209 1820 1237 1846; x_wconf 87' lang='lat' dir='ltr'><strong>et</strong></span> <span class='ocrx_word' id='word_1_599' title='bbox 1250 1818 1303 1846; x_wconf 90' lang='lat' dir='ltr'><strong>iste</strong></span> <span class='ocrx_word' id='word_1_600' title='bbox 1319 1827 1404 1846; x_wconf 86' lang='lat' dir='ltr'><strong>amor</strong></span> <span class='ocrx_word' id='word_1_601' title='bbox 1421 1820 1464 1846; x_wconf 88' lang='lat' dir='ltr'><strong>est</strong></span> <span class='ocrx_word' id='word_1_602' title='bbox 1475 1819 1583 1854; x_wconf 84' lang='lat' dir='ltr'><strong>jugiter</strong></span> <span class='ocrx_word' id='word_1_603' title='bbox 1604 1820 1766 1855; x_wconf 86' lang='lat' dir='ltr'><strong>proficien-</strong></span> 
     </span>
     <span class='ocr_line' id='line_1_86' title="bbox 988 1865 1768 1901; baseline 0.003 -8"><span class='ocrx_word' id='word_1_604' title='bbox 988 1866 1060 1893; x_wconf 85' lang='lat' dir='ltr'><strong>tium</strong></span> <span class='ocrx_word' id='word_1_605' title='bbox 1075 1868 1101 1893; x_wconf 88' lang='lat' dir='ltr'><strong>ct</strong></span> <span class='ocrx_word' id='word_1_606' title='bbox 1116 1865 1332 1893; x_wconf 84' lang='lat' dir='ltr'><strong>confessorum.</strong></span> <span class='ocrx_word' id='word_1_607' title='bbox 1349 1867 1476 1899; x_wconf 83' lang='lat' dir='ltr'><strong>Quartus</strong></span> <span class='ocrx_word' id='word_1_608' title='bbox 1491 1867 1602 1901; x_wconf 81' lang='lat' dir='ltr'><strong>gradus</strong></span> <span class='ocrx_word' id='word_1_609' title='bbox 1621 1869 1663 1895; x_wconf 87' lang='lat' dir='ltr'><strong>est</strong></span> <span class='ocrx_word' id='word_1_610' title='bbox 1682 1875 1768 1895; x_wconf 89' lang='lat' dir='ltr'><strong>amor</strong></span> 
     </span>
     <span class='ocr_line' id='line_1_87' title="bbox 987 1912 1767 1951; baseline 0.003 -11"><span class='ocrx_word' id='word_1_611' title='bbox 987 1912 1208 1948; x_wconf 75' lang='lat' dir='ltr'><strong>inseparabiliS,</strong></span> <span class='ocrx_word' id='word_1_612' title='bbox 1226 1915 1252 1940; x_wconf 91' lang='lat' dir='ltr'><strong>et</strong></span> <span class='ocrx_word' id='word_1_613' title='bbox 1266 1913 1318 1941; x_wconf 86' lang='lat' dir='ltr'><strong>iste</strong></span> <span class='ocrx_word' id='word_1_614' title='bbox 1341 1916 1383 1941; x_wconf 90' lang='lat' dir='ltr'><strong>est</strong></span> <span class='ocrx_word' id='word_1_615' title='bbox 1407 1914 1559 1942; x_wconf 88' lang='lat' dir='ltr'><strong>bonorum</strong></span> <span class='ocrx_word' id='word_1_616' title='bbox 1584 1914 1767 1951; x_wconf 86' lang='lat' dir='ltr'><strong>contempla-</strong></span> 
     </span>
     <span class='ocr_line' id='line_1_88' title="bbox 985 1960 1767 1998; baseline 0.004 -12"><span class='ocrx_word' id='word_1_617' title='bbox 985 1960 1124 1987; x_wconf 83' lang='lat' dir='ltr'><strong>tivorum.</strong></span> <span class='ocrx_word' id='word_1_618' title='bbox 1150 1960 1274 1993; x_wconf 82' lang='lat' dir='ltr'><strong>Quintus</strong></span> <span class='ocrx_word' id='word_1_619' title='bbox 1303 1961 1413 1996; x_wconf 87' lang='lat' dir='ltr'><strong>gradus</strong></span> <span class='ocrx_word' id='word_1_620' title='bbox 1441 1963 1483 1989; x_wconf 90' lang='lat' dir='ltr'><strong>est</strong></span> <span class='ocrx_word' id='word_1_621' title='bbox 1510 1969 1594 1989; x_wconf 85' lang='lat' dir='ltr'><strong>amor</strong></span> <span class='ocrx_word' id='word_1_622' title='bbox 1616 1962 1767 1998; x_wconf 87' lang='lat' dir='ltr'><strong>insupera-</strong></span> 
     </span>
     <span class='ocr_line' id='line_1_89' title="bbox 985 2006 1765 2043; baseline 0.003 -10"><span class='ocrx_word' id='word_1_623' title='bbox 985 2006 1069 2040; x_wconf 85' lang='lat' dir='ltr'><strong>bilis,</strong></span> <span class='ocrx_word' id='word_1_624' title='bbox 1086 2008 1114 2033; x_wconf 87' lang='lat' dir='ltr'><strong>et</strong></span> <span class='ocrx_word' id='word_1_625' title='bbox 1136 2006 1188 2034; x_wconf 87' lang='lat' dir='ltr'><strong>istc</strong></span> <span class='ocrx_word' id='word_1_626' title='bbox 1210 2009 1252 2034; x_wconf 88' lang='lat' dir='ltr'><strong>est</strong></span> <span class='ocrx_word' id='word_1_627' title='bbox 1274 2007 1377 2034; x_wconf 83' lang='lat' dir='ltr'><strong>Christi</strong></span> <span class='ocrx_word' id='word_1_628' title='bbox 1398 2010 1562 2043; x_wconf 85' lang='lat' dir='ltr'><strong>martyrum</strong></span> <span class='ocrx_word' id='word_1_629' title='bbox 1587 2008 1649 2035; x_wconf 90' lang='lat' dir='ltr'><strong>sive</strong></span> <span class='ocrx_word' id='word_1_630' title='bbox 1671 2008 1765 2036; x_wconf 91' lang='lat' dir='ltr'><strong>victo-</strong></span> 
     </span>
     <span class='ocr_line' id='line_1_90' title="bbox 985 2053 1765 2088; baseline 0.003 -8"><span class='ocrx_word' id='word_1_631' title='bbox 985 2061 1062 2080; x_wconf 86' lang='lat' dir='ltr'><strong>rum.</strong></span> <span class='ocrx_word' id='word_1_632' title='bbox 1075 2055 1177 2081; x_wconf 79' lang='lat' dir='ltr'><strong>Sextus</strong></span> <span class='ocrx_word' id='word_1_633' title='bbox 1190 2053 1301 2088; x_wconf 84' lang='lat' dir='ltr'><strong>gradus</strong></span> <span class='ocrx_word' id='word_1_634' title='bbox 1317 2056 1359 2081; x_wconf 87' lang='lat' dir='ltr'><strong>est</strong></span> <span class='ocrx_word' id='word_1_635' title='bbox 1374 2062 1457 2082; x_wconf 84' lang='lat' dir='ltr'><strong>amor</strong></span> <span class='ocrx_word' id='word_1_636' title='bbox 1471 2054 1657 2088; x_wconf 74' lang='lat' dir='ltr'><strong>insatiabilis,</strong></span> <span class='ocrx_word' id='word_1_637' title='bbox 1670 2057 1698 2082; x_wconf 91' lang='lat' dir='ltr'><strong>et</strong></span> <span class='ocrx_word' id='word_1_638' title='bbox 1711 2055 1765 2083; x_wconf 85' lang='lat' dir='ltr'><strong>iste</strong></span> 
     </span>
     <span class='ocr_line' id='line_1_91' title="bbox 986 2100 1715 2135; baseline 0.001 -8"><span class='ocrx_word' id='word_1_639' title='bbox 986 2102 1028 2128; x_wconf 88' lang='lat' dir='ltr'><strong>est</strong></span> <span class='ocrx_word' id='word_1_640' title='bbox 1040 2101 1149 2135; x_wconf 79' lang='lat' dir='ltr'><strong>jugiter</strong></span> <span class='ocrx_word' id='word_1_641' title='bbox 1164 2100 1409 2134; x_wconf 86' lang='lat' dir='ltr'><strong>desiderantium,</strong></span> <span class='ocrx_word' id='word_1_642' title='bbox 1427 2103 1458 2129; x_wconf 87' lang='lat' dir='ltr'><strong>ut</strong></span> <span class='ocrx_word' id='word_1_643' title='bbox 1473 2101 1684 2129; x_wconf 87' lang='lat' dir='ltr'><strong>solitariorum.</strong></span> <span class='ocrx_word' id='word_1_644' title='bbox 1702 2113 1715 2129; x_wconf 81' lang='lat'>»</span> 
     </span>
    </p>

    <p class='ocr_par' dir='ltr' id='par_1_13' title="bbox 984 2147 1764 2229">
     <span class='ocr_line' id='line_1_92' title="bbox 1022 2147 1764 2184; baseline 0.005 -11"><span class='ocrx_word' id='word_1_645' title='bbox 1022 2147 1069 2174; x_wconf 79' lang='lat' dir='ltr'><strong>llis</strong></span> <span class='ocrx_word' id='word_1_646' title='bbox 1095 2155 1146 2175; x_wconf 83' lang='lat' dir='ltr'><strong>sex</strong></span> <span class='ocrx_word' id='word_1_647' title='bbox 1176 2147 1318 2182; x_wconf 78' lang='lat' dir='ltr'><strong>gradibus</strong></span> <span class='ocrx_word' id='word_1_648' title='bbox 1347 2147 1493 2183; x_wconf 86' lang='lat' dir='ltr'><strong>decursis,</strong></span> <span class='ocrx_word' id='word_1_649' title='bbox 1521 2149 1653 2184; x_wconf 83' lang='lat' dir='ltr'><strong>sequitur</strong></span> <span class='ocrx_word' id='word_1_650' title='bbox 1679 2157 1764 2178; x_wconf 87' lang='lat' dir='ltr'><strong>amor</strong></span> 
     </span>
     <span class='ocr_line' id='line_1_93' title="bbox 984 2193 1488 2229; baseline 0.004 -8"><span class='ocrx_word' id='word_1_651' title='bbox 984 2194 1129 2221; x_wconf 89' lang='lat' dir='ltr'><strong>violenter</strong></span> <span class='ocrx_word' id='word_1_652' title='bbox 1143 2193 1287 2221; x_wconf 83' lang='lat' dir='ltr'><strong>inducens</strong></span> <span class='ocrx_word' id='word_1_653' title='bbox 1302 2194 1488 2229; x_wconf 78' lang='lat' dir='ltr'><strong>languorem.</strong></span> 
     </span>
    </p>

    <p class='ocr_par' dir='ltr' id='par_1_14' title="bbox 982 2240 1764 2558">
     <span class='ocr_line' id='line_1_94' title="bbox 1021 2240 1763 2276; baseline 0.005 -9"><span class='ocrx_word' id='word_1_654' title='bbox 1021 2240 1133 2268; x_wconf 84' lang='lat' dir='ltr'><strong>Primus</strong></span> <span class='ocrx_word' id='word_1_655' title='bbox 1157 2240 1268 2276; x_wconf 81' lang='lat' dir='ltr'><strong>gradus</strong></span> <span class='ocrx_word' id='word_1_656' title='bbox 1291 2241 1439 2269; x_wconf 86' lang='lat' dir='ltr'><strong>eharitatis</strong></span> <span class='ocrx_word' id='word_1_657' title='bbox 1457 2242 1518 2270; x_wconf 88' lang='lat' dir='ltr'><strong>sive</strong></span> <span class='ocrx_word' id='word_1_658' title='bbox 1542 2243 1661 2276; x_wconf 78' lang='lat' dir='ltr'><strong>amoris,</strong></span> <span class='ocrx_word' id='word_1_659' title='bbox 1677 2245 1704 2271; x_wconf 91' lang='lat' dir='ltr'><strong>et</strong></span> <span class='ocrx_word' id='word_1_660' title='bbox 1719 2244 1763 2271; x_wconf 87' lang='lat' dir='ltr'><strong>in-</strong></span> 
     </span>
     <span class='ocr_line' id='line_1_95' title="bbox 984 2287 1763 2326; baseline 0.005 -12"><span class='ocrx_word' id='word_1_661' title='bbox 984 2287 1082 2322; x_wconf 79' lang='lat' dir='ltr'><strong>fimus,</strong></span> <span class='ocrx_word' id='word_1_662' title='bbox 1095 2290 1136 2315; x_wconf 85' lang='lat' dir='ltr'><strong>est</strong></span> <span class='ocrx_word' id='word_1_663' title='bbox 1147 2296 1231 2315; x_wconf 85' lang='lat' dir='ltr'><strong>amor</strong></span> <span class='ocrx_word' id='word_1_664' title='bbox 1245 2288 1488 2324; x_wconf 88' lang='lat' dir='ltr'><strong>incomparabilis</strong></span> <span class='ocrx_word' id='word_1_665' title='bbox 1498 2289 1545 2325; x_wconf 86' lang='lat' dir='ltr'><strong>(a),</strong></span> <span class='ocrx_word' id='word_1_666' title='bbox 1558 2290 1609 2326; x_wconf 88' lang='lat' dir='ltr'><strong>qui</strong></span> <span class='ocrx_word' id='word_1_667' title='bbox 1624 2293 1666 2318; x_wconf 82' lang='lat' dir='ltr'><strong>est</strong></span> <span class='ocrx_word' id='word_1_668' title='bbox 1682 2299 1763 2318; x_wconf 80' lang='lat' dir='ltr'><strong>coin-</strong></span> 
     </span>
     <span class='ocr_line' id='line_1_96' title="bbox 984 2334 1762 2372; baseline 0.005 -11"><span class='ocrx_word' id='word_1_669' title='bbox 984 2335 1081 2362; x_wconf 89' lang='lat' dir='ltr'><strong>munis</strong></span> <span class='ocrx_word' id='word_1_670' title='bbox 1096 2335 1236 2362; x_wconf 87' lang='lat' dir='ltr'><strong>omnibus</strong></span> <span class='ocrx_word' id='word_1_671' title='bbox 1254 2334 1369 2369; x_wconf 75' lang='lat' dir='ltr'><strong>electis,</strong></span> <span class='ocrx_word' id='word_1_672' title='bbox 1386 2335 1437 2371; x_wconf 84' lang='lat' dir='ltr'><strong>qui</strong></span> <span class='ocrx_word' id='word_1_673' title='bbox 1457 2337 1499 2363; x_wconf 85' lang='lat' dir='ltr'><strong>est</strong></span> <span class='ocrx_word' id='word_1_674' title='bbox 1520 2338 1605 2364; x_wconf 66' lang='lat' dir='ltr'><strong>tantae</strong></span> <span class='ocrx_word' id='word_1_675' title='bbox 1627 2337 1762 2372; x_wconf 87' lang='lat' dir='ltr'><strong>virtutis,</strong></span> 
     </span>
     <span class='ocr_line' id='line_1_97' title="bbox 984 2381 1761 2417; baseline 0.005 -8"><span class='ocrx_word' id='word_1_676' title='bbox 984 2381 1067 2417; x_wconf 89' lang='lat' dir='ltr'><strong>quod</strong></span> <span class='ocrx_word' id='word_1_677' title='bbox 1089 2390 1178 2409; x_wconf 88' lang='lat' dir='ltr'><strong>omne</strong></span> <span class='ocrx_word' id='word_1_678' title='bbox 1202 2384 1358 2417; x_wconf 86' lang='lat' dir='ltr'><strong>peecatum</strong></span> <span class='ocrx_word' id='word_1_679' title='bbox 1379 2383 1504 2411; x_wconf 85' lang='lat' dir='ltr'><strong>mortale</strong></span> <span class='ocrx_word' id='word_1_680' title='bbox 1527 2384 1565 2411; x_wconf 89' lang='lat' dir='ltr'><strong>ab</strong></span> <span class='ocrx_word' id='word_1_681' title='bbox 1589 2384 1689 2413; x_wconf 83' lang='lat' dir='ltr'><strong>anima</strong></span> <span class='ocrx_word' id='word_1_682' title='bbox 1712 2393 1761 2413; x_wconf 81' lang='lat' dir='ltr'><strong>ex-</strong></span> 
     </span>
     <span class='ocr_line' id='line_1_98' title="bbox 982 2429 1764 2464; baseline 0.004 -8"><span class='ocrx_word' id='word_1_683' title='bbox 982 2429 1079 2464; x_wconf 83' lang='lat' dir='ltr'><strong>pellit,</strong></span> <span class='ocrx_word' id='word_1_684' title='bbox 1096 2431 1124 2456; x_wconf 84' lang='lat' dir='ltr'><strong>et</strong></span> <span class='ocrx_word' id='word_1_685' title='bbox 1146 2430 1239 2456; x_wconf 86' lang='lat' dir='ltr'><strong>Deum</strong></span> <span class='ocrx_word' id='word_1_686' title='bbox 1260 2437 1349 2464; x_wconf 85' lang='lat' dir='ltr'><strong>super</strong></span> <span class='ocrx_word' id='word_1_687' title='bbox 1374 2438 1495 2457; x_wconf 84' lang='lat' dir='ltr'><strong>omnem</strong></span> <span class='ocrx_word' id='word_1_688' title='bbox 1516 2433 1681 2459; x_wconf 89' lang='lat' dir='ltr'><strong>creaturam</strong></span> <span class='ocrx_word' id='word_1_689' title='bbox 1697 2431 1764 2459; x_wconf 79' lang='lat' dir='ltr'><strong>dili-</strong></span> 
     </span>
     <span class='ocr_line' id='line_1_99' title="bbox 983 2475 1762 2512; baseline 0.004 -10"><span class='ocrx_word' id='word_1_690' title='bbox 983 2476 1032 2510; x_wconf 85' lang='lat' dir='ltr'><strong>git.</strong></span> <span class='ocrx_word' id='word_1_691' title='bbox 1050 2477 1082 2503; x_wconf 86' lang='lat' dir='ltr'><strong>Et</strong></span> <span class='ocrx_word' id='word_1_692' title='bbox 1095 2475 1143 2503; x_wconf 86' lang='lat' dir='ltr'><strong>hic</strong></span> <span class='ocrx_word' id='word_1_693' title='bbox 1168 2475 1278 2511; x_wconf 83' lang='lat' dir='ltr'><strong>gradus</strong></span> <span class='ocrx_word' id='word_1_694' title='bbox 1303 2477 1345 2503; x_wconf 87' lang='lat' dir='ltr'><strong>est</strong></span> <span class='ocrx_word' id='word_1_695' title='bbox 1365 2476 1562 2512; x_wconf 85' lang='lat' dir='ltr'><strong>necessitatis,</strong></span> <span class='ocrx_word' id='word_1_696' title='bbox 1579 2480 1610 2505; x_wconf 90' lang='lat' dir='ltr'><strong>ut</strong></span> <span class='ocrx_word' id='word_1_697' title='bbox 1635 2478 1762 2506; x_wconf 85' lang='lat' dir='ltr'><strong>ostendit</strong></span> 
     </span>
     <span class='ocr_line' id='line_1_100' title="bbox 983 2522 1757 2558; baseline 0.003 -8"><span class='ocrx_word' id='word_1_698' title='bbox 983 2522 1124 2550; x_wconf 85' lang='lat' dir='ltr'><strong>Dominus</strong></span> <span class='ocrx_word' id='word_1_699' title='bbox 1147 2522 1178 2550; x_wconf 89' lang='lat' dir='ltr'><strong>in</strong></span> <span class='ocrx_word' id='word_1_700' title='bbox 1201 2522 1360 2557; x_wconf 81' lang='lat' dir='ltr'><strong>Evangelio</strong></span> <span class='ocrx_word' id='word_1_701' title='bbox 1384 2523 1530 2558; x_wconf 77' lang='lat' dir='ltr'><strong>Matthaei,</strong></span> <span class='ocrx_word' id='word_1_702' title='bbox 1554 2524 1606 2552; x_wconf 92' lang='lat' dir='ltr'><strong>ubi</strong></span> <span class='ocrx_word' id='word_1_703' title='bbox 1640 2524 1757 2552; x_wconf 80' lang='lat' dir='ltr'><strong>dicit⁸:</strong></span> 
     </span>
    </p>
   </div>
   <div class='ocr_carea' id='block_1_11' title="bbox 982 2596 1760 2700">
    <p class='ocr_par' dir='ltr' id='par_1_15' title="bbox 982 2596 1760 2700">
     <span class='ocr_line' id='line_1_101' title="bbox 982 2596 1759 2630; baseline 0.003 -9"><span class='ocrx_word' id='word_1_704' title='bbox 982 2597 1016 2621; x_wconf 67' lang='lat' dir='ltr'><strong>acl</strong></span> <span class='ocrx_word' id='word_1_705' title='bbox 1038 2596 1141 2627; x_wconf 55' lang='lat' dir='ltr'><strong>Maced„</strong></span> <span class='ocrx_word' id='word_1_706' title='bbox 1168 2597 1242 2627; x_wconf 80' lang='lat' dir='ltr'><strong>epist.</strong></span> <span class='ocrx_word' id='word_1_707' title='bbox 1262 2602 1314 2627; x_wconf 76' lang='lat' dir='ltr'><strong>Lu,</strong></span> <span class='ocrx_word' id='word_1_708' title='bbox 1338 2597 1370 2621; x_wconf 85' lang='lat' dir='ltr'><strong>al.</strong></span> <span class='ocrx_word' id='word_1_709' title='bbox 1392 2602 1449 2627; x_wconf 80' lang='lat' dir='ltr'><strong>eLv,</strong></span> <span class='ocrx_word' id='word_1_710' title='bbox 1472 2604 1499 2621; x_wconf 90' lang='lat' dir='ltr'><strong>n.</strong></span> <span class='ocrx_word' id='word_1_711' title='bbox 1525 2598 1563 2622; x_wconf 56' lang='lat'><strong>113.</strong></span> <span class='ocrx_word' id='word_1_712' title='bbox 1587 2610 1618 2615; x_wconf 93' lang='lat'><strong>-—</strong></span> <span class='ocrx_word' id='word_1_713' title='bbox 1640 2598 1650 2614; x_wconf 76' lang='lat'><strong>⁷</strong></span> <span class='ocrx_word' id='word_1_714' title='bbox 1673 2600 1759 2630; x_wconf 83' lang='lat' dir='ltr'><strong>Greg.,</strong></span> 
     </span>
     <span class='ocr_line' id='line_1_102' title="bbox 982 2632 1760 2664; baseline 0.004 -8"><span class='ocrx_word' id='word_1_715' title='bbox 982 2632 1083 2662; x_wconf 54' lang='lat' dir='ltr'><strong>Marah,</strong></span> <span class='ocrx_word' id='word_1_716' title='bbox 1108 2632 1151 2656; x_wconf 85' lang='lat' dir='ltr'><strong>lib.</strong></span> <span class='ocrx_word' id='word_1_717' title='bbox 1179 2633 1261 2662; x_wconf 69' lang='lat' dir='ltr'><strong>xxm,</strong></span> <span class='ocrx_word' id='word_1_718' title='bbox 1287 2639 1308 2656; x_wconf 81' lang='lat' dir='ltr'><strong>c.</strong></span> <span class='ocrx_word' id='word_1_719' title='bbox 1335 2638 1388 2662; x_wconf 79' lang='lat' dir='ltr'><strong>xiv,</strong></span> <span class='ocrx_word' id='word_1_720' title='bbox 1414 2640 1466 2656; x_wconf 87' lang='lat' dir='ltr'><strong>non</strong></span> <span class='ocrx_word' id='word_1_721' title='bbox 1489 2632 1565 2661; x_wconf 69' lang='lat' dir='ltr'><strong>longe</strong></span> <span class='ocrx_word' id='word_1_722' title='bbox 1586 2639 1601 2657; x_wconf 78' lang='lat' dir='ltr'><strong>a</strong></span> <span class='ocrx_word' id='word_1_723' title='bbox 1624 2633 1706 2664; x_wconf 80' lang='lat' dir='ltr'><strong>princ.</strong></span> <span class='ocrx_word' id='word_1_724' title='bbox 1730 2647 1760 2655; x_wconf 87' lang='lat'>-</span> 
     </span>
     <span class='ocr_line' id='line_1_103' title="bbox 982 2668 1665 2700; baseline 0.004 -9"><span class='ocrx_word' id='word_1_725' title='bbox 982 2669 992 2684; x_wconf 76' lang='lat'>³</span> <span class='ocrx_word' id='word_1_726' title='bbox 1007 2670 1110 2698; x_wconf 45' lang='lat' dir='ltr'><strong>thuim,</strong></span> <span class='ocrx_word' id='word_1_727' title='bbox 1125 2675 1150 2697; x_wconf 69' lang='lat' dir='ltr'><strong>x,</strong></span> <span class='ocrx_word' id='word_1_728' title='bbox 1167 2670 1205 2692; x_wconf 68' lang='lat'><strong>37.</strong></span> <span class='ocrx_word' id='word_1_729' title='bbox 1219 2681 1247 2685; x_wconf 92' lang='lat'><em>-</em></span> <span class='ocrx_word' id='word_1_730' title='bbox 1266 2668 1296 2698; x_wconf 72' lang='lat' dir='ltr'><strong>(a)</strong></span> <span class='ocrx_word' id='word_1_731' title='bbox 1316 2668 1385 2692; x_wconf 78' lang='lat' dir='ltr'><strong>Edit.</strong></span> <span class='ocrx_word' id='word_1_732' title='bbox 1409 2669 1464 2692; x_wconf 65' lang='lat' dir='ltr'><strong>Ven.</strong></span> <span class='ocrx_word' id='word_1_733' title='bbox 1480 2668 1665 2700; x_wconf 81' lang='lat' dir='ltr'><strong>intemporalis.</strong></span> 
     </span>
    </p>
   </div>
   <div class='ocr_carea' id='block_1_12' title="bbox 1779 2155 1887 2267">
    <p class='ocr_par' dir='ltr' id='par_1_16' title="bbox 1779 2155 1886 2181">
     <span class='ocr_line' id='line_1_104' title="bbox 1779 2155 1886 2181; baseline -0.019 -8"><span class='ocrx_word' id='word_1_734' title='bbox 1779 2155 1821 2173; x_wconf 77' lang='lat' dir='ltr'><strong>Sex</strong></span> <span class='ocrx_word' id='word_1_735' title='bbox 1833 2161 1886 2181; x_wconf 70' lang='lat' dir='ltr'><strong>gra-</strong></span> 
     </span>
    </p>

    <p class='ocr_par' dir='ltr' id='par_1_17' title="bbox 1779 2184 1887 2205">
     <span class='ocr_line' id='line_1_105' title="bbox 1779 2184 1887 2205; baseline 0.019 -2"><span class='ocrx_word' id='word_1_736' title='bbox 1779 2184 1820 2204; x_wconf 80' lang='lat' dir='ltr'><strong>dus</strong></span> <span class='ocrx_word' id='word_1_737' title='bbox 1828 2191 1887 2205; x_wconf 79' lang='lat' dir='ltr'><strong>auo-</strong></span> 
     </span>
    </p>

    <p class='ocr_par' dir='ltr' id='par_1_18' title="bbox 1779 2215 1882 2267">
     <span class='ocr_line' id='line_1_106' title="bbox 1779 2215 1882 2239; baseline 0.01 -5"><span class='ocrx_word' id='word_1_738' title='bbox 1779 2215 1809 2235; x_wconf 80' lang='lat' dir='ltr'><strong>ris</strong></span> <span class='ocrx_word' id='word_1_739' title='bbox 1832 2222 1882 2239; x_wconf 51' lang='lat' dir='ltr'><strong>nra-</strong></span> 
     </span>
     <span class='ocr_line' id='line_1_107' title="bbox 1801 2248 1857 2267; baseline 0 0"><span class='ocrx_word' id='word_1_740' title='bbox 1801 2248 1857 2267; x_wconf 60' lang='lat' dir='ltr'><strong>tuiti.</strong></span> 
     </span>
    </p>
   </div>
  </div>
 </body>
</html>
