2004 3037
753 151 803 184 DE
825 149 1027 183 PECGATIS.
1050 150 1138 182 GAP.
1161 150 1212 182 lv.

177 218 242 247 diso
251 228 260 255 ;
275 219 534 250 morereturenim
549 227 610 257 proe
635 219 755 255 dolore,
769 217 822 247 ubi
840 217 956 246 videret

178 265 253 294 alios
268 266 412 302 gaudere.

212 314 332 349 Quarto,
349 313 453 342 similis
467 315 510 343 est
521 313 640 343 invidus
651 313 740 342 oculo
755 314 954 341 menstruatae.

176 361 250 388 Nam
272 360 347 389 sicut
368 360 420 390 illa
439 360 532 390 inficit
552 360 724 397 speculum,
751 367 819 388 cum
839 358 958 396 respicit

178 414 260 442 eum;
277 407 318 436 sic
331 407 448 436 invidus
463 407 555 436 inficit
569 407 755 444 proximum,
774 415 843 435 cum
860 405 956 442 respi-

179 454 217 482 cit
231 454 294 490 ejus
309 454 442 490 honum,
458 454 604 491 quoniam
618 453 701 483 omni
722 453 820 483 studio
840 453 958 481 laborat

178 508 290 537 ponere
317 501 450 538 aliquam
472 501 621 530 maculam
646 501 677 529 in
697 501 848 538 proximo.
876 499 957 528 Unde

180 547 286 576 dicitur
302 549 310 566 ¹
327 557 334 576 :
350 549 426 576 Bona
448 549 478 576 in
501 549 574 576 mala
597 550 728 576 convertit
749 548 910 582 insidiator,
933 549 958 575 et

179 595 209 622 in
223 595 311 623 electis
324 596 404 631 ponit
417 595 562 623 maculam.

215 641 332 676 Quinto,
348 641 452 670 similis
481 643 524 670 est
551 642 671 670 invidus
699 643 813 670 noctuoe
841 643 869 670 et
896 642 958 677 igni

181 696 286 724 graeco.
307 690 417 717 Noctua
432 688 512 717 enim
528 689 565 717 de
580 690 665 717 nocte
679 688 775 724 videt,
790 689 828 716 de
843 688 890 716 die
905 696 957 716 ex-

180 737 315 771 eoecatur3
335 737 363 764 θῖ
383 735 461 771 ignis
481 744 593 772 graecus
612 736 643 764 in
662 743 741 772 aqua
759 736 862 764 fortius
882 736 960 764 inar-

181 781 285 817 descit,
311 782 372 810 sive
393 783 599 811 succenditur:
625 783 666 811 sic
690 783 803 811 invidia
822 783 853 810 in
874 782 960 819 aquis

180 829 342 864 gratiarum
356 829 459 858 fortius
474 830 654 864 exardescit,
671 830 751 858 unde
772 829 894 858 deberet
911 838 960 857 ex-

179 876 289 912 tingui,
305 878 333 905 et
353 877 392 904 ad
408 876 535 905 modum
549 878 664 905 noctuae
677 885 695 905 a
707 877 773 905 luce
789 879 958 912 excaecatur,

181 923 261 951 unde
284 923 405 952 deberet
426 924 587 952 illuminari
602 933 608 952 :
621 924 705 952 sicut
723 924 800 958 Heli,
825 924 876 960 qui
900 932 960 952 non

180 972 296 1006 poterat
309 971 411 999 videre
432 971 596 1006 lucernam,
615 971 712 999 donec
727 971 960 1007 extingueretur,

1732 148 1792 179 253

1010 217 1094 254 quod
1110 221 1153 246 est
1166 225 1235 254 sme,
1251 219 1279 246 et
1289 219 1369 246 crisis
1379 216 1488 254 (κρίσις),
1503 215 1587 253 quod
1595 216 1638 244 est
1643 214 1792 250 judicium,

1011 265 1083 301 quia
1102 265 1221 293 invidus
1239 273 1301 294 non
1318 263 1514 301 judicatum,
1537 271 1604 299 quae
1619 263 1735 300 oportet
1747 260 1793 290 vi-

1013 312 1083 341 dere
1098 314 1125 340 ct
1137 312 1281 348 Judicare.

1047 361 1142 394 Nono,
1155 359 1274 388 invidus
1288 359 1393 387 similis
1408 360 1450 386 est
1461 357 1567 392 nihilo,
1579 364 1635 394 pro
1651 363 1698 390 eo,
1709 354 1793 392 quod

1012 406 1163 435 dissimilis
1185 408 1227 434 cst
1250 408 1311 434 tam
1333 404 1479 439 Creatori,
1499 412 1591 441 quam
1609 402 1691 432 omni
1711 410 1794 430 crea-

1012 455 1100 489 turae,
1117 453 1178 481 sive
1193 453 1275 482 bono
1293 455 1391 481 creato
1405 461 1410 480 :
1427 452 1547 480 Creator
1565 450 1644 479 enim
1660 457 1795 478 commu·

1013 501 1090 529 nicat
1108 501 1189 530 bona
1204 509 1259 529 sua
1272 499 1445 533 liberaliter,
1461 501 1489 527 et
1503 500 1635 527 creatura
1650 496 1792 526 similiter.

1012 549 1085 576 Nam
1099 548 1235 576 videmus
1250 547 1281 576 in
1295 547 1373 582 sole,
1393 545 1477 583 quod
1496 546 1598 574 lumen
1612 552 1699 572 suum
1713 551 1795 573 com-

1013 595 1146 623 municat
1169 595 1310 623 omnibus
1331 593 1488 628 creaturis,
1514 595 1542 620 et
1563 592 1640 628 ignis
1664 591 1795 619 calorem

1013 650 1121 677 suum,
1137 643 1165 670 et
1185 642 1226 670 sic
1246 641 1283 669 de
1302 641 1384 676 aliis3
1405 640 1457 668 sed
1475 639 1595 668 invidus
1613 646 1675 666 non
1696 638 1794 666 solum

1013 697 1076 717 non
1095 689 1294 717 communicat
1313 689 1395 716 bona
1417 696 1489 722 sua,
1511 687 1565 715 scd
1580 685 1684 721 etiam,
1701 693 1795 721 quan-

1014 738 1077 764 tum
1091 735 1123 763 in
1137 744 1168 764 se
1183 737 1239 770 est,
1257 735 1403 764 adnihilat
1422 734 1534 769 aliena,
1549 733 1619 770 quia
1634 732 1691 760 sibi
1706 732 1795 760 valde

1015 782 1185 819 displicent,
1200 784 1227 810 et
1241 783 1330 811 etiam
1344 790 1413 810 cum
1429 781 1510 809 solus
1528 780 1647 808 invidus
1661 779 1697 808 sit
1710 779 1794 815 nihil,

1014 829 1054 858 ita
1069 829 1168 865 vellet,
1184 829 1267 866 quod
1280 829 1353 857 nihil
1368 829 1423 857 nisi
1439 828 1553 856 invidia
1567 829 1651 855 esset.

1051 878 1163 904 Damna
1182 876 1303 904 invidiae
1317 879 1384 904 sunt
1399 875 1565 912 specialiter
1576 874 1718 911 quinque.
1737 873 1795 901 Pri-

1015 931 1099 951 mum
1117 925 1173 959 est,
1197 924 1268 960 quia
1282 923 1393 951 claudit
1412 923 1492 951 viam
1506 922 1626 957 salutis,
1642 923 1670 949 et
1683 921 1796 950 aditum

1015 970 1162 1006 paradisi:
1175 973 1217 998 est
1230 971 1308 999 enim
1319 970 1506 1007 blasphemia
1519 970 1549 998 in
1563 969 1703 1006 Spiritum
1715 976 1797 997 sanc-

1827 830 1918 852 Invidia

1824 861 1905 895 damna

1811 897 1918 919 quinque.

180 1018 212 1044 ut
227 1017 333 1045 dicitur
347 1017 378 1045 in
390 1017 468 1046 libro
483 1019 586 1053 Regum
595 1020 615 1045 ².

218 1064 315 1099 sexto,
336 1063 456 1092 invidus
479 1064 584 1092 similis
605 1066 647 1092 est
659 1072 755 1101 aquae,
778 1067 805 1092 et
823 1063 910 1100 navi,
934 1066 961 1092 θῖ

180 1110 312 1138 candelae
331 1111 514 1147 serpentinae.
540 1113 613 1139 Nam
634 1111 665 1139 in
685 1119 765 1147 aqua
784 1111 868 1146 virga
882 1113 961 1140 recta

1016 1020 1095 1052 tum,
1111 1026 1177 1054 quae
1192 1026 1244 1046 non
1257 1020 1410 1046 remittitur
1425 1019 1455 1045 in
1474 1018 1519 1045 hoc
1541 1018 1652 1051 soeculo,
1671 1025 1754 1052 neque
1768 1019 1797 1044 in
1812 1018 1919 1052 *renouata

1016 1066 1125 1100 future,
1142 1067 1175 1093 ut
1189 1065 1296 1093 dicitur
1318 1065 1347 1093 in
1362 1066 1493 1093 Matthoeo
1506 1066 1526 1092 ⁵.
1542 1065 1615 1092 Sunt
1632 1066 1731 1092 autem
1746 1072 1797 1092 sex
1811 1049 1920 1100 ζ’ζαῗξζῖζ

1015 1115 1137 1148 peccata
1155 1113 1186 1140 in
1207 1113 1346 1149 Spiritum
1364 1114 1513 1147 sanctum,
1536 1120 1666 1148 quorum
1684 1111 1798 1139 invidia
1812 1111 1881 1130 cium.

179 1159 301 1194 apparet
315 1160 446 1186 tortuosa
457 1168 465 1194 3
488 1160 516 1186 et
535 1159 566 1186 in
580 1159 647 1186 navi
669 1158 876 1193 existentibus,
893 1166 961 1185 cum

178 1204 235 1240 ipsi
258 1205 369 1233 sortiter
388 1205 583 1240 descendunt,
603 1205 721 1233 videtur
742 1204 826 1241 quod
845 1207 961 1232 montes

180 1253 300 1280 currant
310 1251 451 1280 velociter
457 1262 465 1288 ;
483 1256 511 1281 et
528 1253 567 1280 ad
580 1252 679 1280 lucem
694 1252 825 1280 candelae
840 1260 961 1288 serpen-

179 1298 262 1333 tinae,
278 1307 381 1327 omnes
399 1299 494 1335 paleae
509 1299 648 1327 videntur
663 1307 726 1327 esse
743 1301 903 1335 serpentes.
920 1299 962 1327 Fit

179 1347 279 1374 autem
294 1345 420 1374 candela
431 1346 601 1382 serpentina
616 1346 653 1374 de
669 1354 736 1374 cera
753 1348 917 1382 temperata
930 1346 962 1374 in

180 1400 276 1428 aqua,
292 1392 322 1420 in
338 1401 399 1428 qua
412 1401 531 1428 serpens
554 1395 654 1421 coetus
673 1396 728 1428 est,
748 1395 776 1420 et
795 1396 877 1429 post,
894 1401 962 1421 cum

181 1438 306 1467 candela
329 1439 382 1468 illa
402 1439 478 1467 facta
502 1440 539 1467 de
562 1440 612 1467 tali
637 1448 704 1467 cera
729 1440 829 1475 ardet,
844 1439 962 1468 videtur

180 1486 352 1514 hominibus
374 1487 457 1524 quod
482 1495 585 1515 omnes
606 1487 698 1523 paleae
721 1490 748 1515 et
769 1495 873 1515 omncs
899 1488 962 1515 aliae

180 1533 311 1561 candelae
328 1542 393 1570 quae
407 1533 451 1561 ibi
466 1534 583 1569 ardent,
599 1534 655 1562 sint
670 1536 818 1570 serpentes
833 1544 838 1562 :
862 1534 903 1562 sic
917 1534 962 1562 in-

180 1580 267 1608 vidus
282 1580 322 1608 ad
342 1581 469 1608 modum
490 1589 574 1616 aquas
589 1583 668 1609 recta
683 1581 752 1609 facit
768 1583 917 1609 tortuosa:
935 1584 963 1609 et

180 1627 271 1655 instar
286 1627 474 1656 existentium
489 1628 520 1655 in
534 1628 614 1663 navi,
631 1628 702 1664 quia
717 1636 785 1655 cum
799 1628 856 1664 ipsi
868 1628 962 1656 invidi

181 1674 221 1702 ad
248 1673 397 1702 infernum
425 1675 629 1709 descendunt,
657 1675 775 1703 videtur
810 1675 850 1703 cis
879 1675 962 1710 quod

181 1723 308 1757 montes,
323 1721 354 1749 id
370 1724 422 1756 est,
433 1723 489 1750 viri
503 1722 594 1750 sancti
607 1724 636 1750 et
651 1722 770 1750 stabiles
786 1722 825 1749 ad
841 1722 963 1750 damna-

181 1768 292 1796 tionem
312 1772 445 1798 currant:
469 1771 496 1797 et
519 1769 558 1797 ad
579 1769 677 1797 lucem
699 1769 830 1797 candelae
845 1778 964 1806 serpen-

181 1815 257 1851 tinae,
273 1816 383 1844 scilicet
398 1817 529 1851 invidiae,
545 1817 717 1845 innocentes
733 1819 760 1845 ct
773 1817 870 1845 bonos
884 1816 962 1844 exis-

182 1861 286 1890 timant
299 1864 495 1899 serpentinos.
508 1864 614 1892 Omnia
629 1864 708 1891 enim
723 1864 753 1891 in
766 1864 880 1892 malum
893 1872 963 1892 con-

182 1911 313 1945 vertunt,
333 1912 364 1938 ut
387 1911 492 1939 dicitur
506 1911 538 1938 in
552 1911 753 1939 Ecclesiastico
769 1912 798 1938 ³:
816 1913 918 1939 Bonum
933 1913 963 1939 in

183 1957 282 1984 malum
297 1959 425 1984 concertit
440 1958 599 1986 insidiator.

220 2004 365 2039 Septimo,
386 2007 574 2040 comparatur
591 2005 711 2032 invidus
734 2005 822 2040 Cain,
845 2005 882 2033 de
902 2013 962 2041 quo

186 2050 331 2077 dicitur&
359 2051 523 2086 Quicumque
543 2053 676 2079 invenerit
701 2060 758 2086 me,
781 2053 880 2079 occidet
901 2061 961 2079 me:

184 2097 225 2124 sic
245 2097 381 2125 invidum
404 2097 540 2126 interficit
563 2098 660 2126 omnis
682 2099 793 2132 homo,
819 2099 889 2134 quia
914 2100 963 2127 aut

184 2145 265 2173 videt
279 2145 394 2174 bonum
408 2146 439 2173 in
454 2146 584 2179 homine,
599 2148 627 2173 ct
641 2147 710 2173 tunc
726 2146 820 2180 dolet3
838 2147 888 2174 aut
903 2154 964 2174 ma-

183 2192 262 2227 lum,
279 2195 306 2220 et
321 2193 361 2221 sic
382 2193 505 2228 gaudet:
521 2193 601 2221 etsie
617 2193 647 2220 in
663 2193 744 2220 omni
759 2193 880 2221 homine
896 2201 964 2229 pec-

185 2242 243 2274 cat,
260 2239 308 2267 vel
322 2240 443 2267 moritur
457 2248 510 2276 per
521 2241 686 2276 peccatum.

219 2288 340 2321 Octavo,
356 2286 474 2314 invidus
489 2289 678 2323 comparatur
694 2287 804 2315 acrisiae
820 2287 963 2316 Sodomo-

184 2342 268 2369 rum,
288 2334 320 2362 id
342 2336 398 2369 est,
419 2334 552 2368 caecitati,
577 2343 637 2370 qua
661 2336 805 2371 percussit
822 2335 963 2363 Dominus

184 2381 366 2416 Sodomitas,
388 2383 420 2409 ut
439 2381 545 2409 dicitur
561 2382 589 2409 in
609 2382 724 2410 Genesi.
739 2382 849 2410 Acrisia
864 2384 963 2410 autem

185 2429 228 2456 est
241 2428 351 2464 passio,
363 2437 430 2465 quae
439 2428 535 2457 aufert
544 2428 703 2465 judicium,
716 2432 745 2458 et
759 2429 865 2458 dicitur
881 2430 919 2458 ab
935 2438 962 2464 a,

219 2514 223 2526 ¹
243 2513 330 2544 Eccli„
351 2520 391 2545 xi,
412 2516 451 2538 33.
472 2529 503 2533 -
522 2515 532 2531 ⁹
547 2515 624 2539 Liber
646 2516 736 2546 Reywn
756 2517 780 2546 l,
801 2522 845 2547 111,
859 2517 912 2548 ‘2-3,
927 2517 962 2540 sic

186 2548 279 2573 habet:
297 2550 384 2574 Heli...
399 2550 465 2574 oculi
479 2551 534 2582 ejus
552 2551 733 2582 caligaverant,
754 2559 796 2576 nec
808 2554 905 2583 poterat
924 2553 961 2577 vi-

186 2584 243 2607 llere
252 2594 259 2607 :
274 2585 373 2610 lucerna
388 2588 521 2618 antequam
536 2588 736 2617 exti'nquerelur,
750 2590 798 2613 eie.
809 2602 839 2606 --
851 2589 861 2603 ³
874 2588 962 2620 Eccli.‚

187 2625 228 2649 xi,
247 2622 287 2645 33.
307 2633 338 2639 -
359 2622 368 2638 ⁶
391 2622 464 2651 Gen„
486 2628 522 2652 ιν,
547 2624 585 2647 14.
602 2636 632 2642 —
653 2624 663 2640 ⁵
680 2624 784 2653 Manli„
803 2630 858 2655 xii,
873 2625 913 2649 31.
934 2637 960 2642 -

1017 1162 1059 1187 cst
1078 1168 1172 1187 unum
1189 1169 1196 1188 2
1219 1159 1328 1187 scilicet
1347 1159 1510 1187 invidentia
1530 1159 1663 1187 fraternae
1683 1158 1796 1194 gratiae,

1016 1205 1202 1242 impugnatio
1215 1207 1345 1235 veritatis
1359 1207 1475 1242 agnitae,
1487 1205 1679 1242 praesumptio
1695 1206 1732 1233 de
1747 1205 1800 1233 im-

1016 1253 1164 1289 punitate,
1181 1253 1341 1281 obstinatio
1353 1253 1470 1288 mentis,
1487 1253 1666 1289 desperatio,
1683 1254 1711 1280 et
1725 1253 1799 1281 fina-

1017 1300 1053 1327 lis
1068 1300 1293 1336 impoenitentia.
1312 1300 1451 1328 Dicuntur
1466 1300 1546 1328 enim
1559 1302 1679 1336 peccata
1693 1299 1724 1327 in
1738 1300 1799 1336 Spi-

1016 1347 1106 1375 ritum
1118 1349 1263 1382 sanetum,
1274 1347 1382 1375 scilicet
1396 1347 1468 1383 quia
1482 1347 1659 1383 impugnant
1674 1347 1799 1382 gratiam

1017 1394 1140 1430 Spiritus
1155 1394 1257 1422 sancti.
1274 1394 1443 1422 Secundum
1458 1396 1514 1429 est,
1532 1393 1614 1430 quod
1629 1393 1731 1430 implet
1745 1394 1799 1421 ho-

1018 1441 1130 1468 minem
1155 1441 1236 1468 omni
1260 1441 1356 1469 malo:
1383 1441 1475 1475 unde,
1497 1442 1529 1468 ut
1543 1441 1666 1476 plenum
1683 1440 1799 1468 dolium

1018 1489 1100 1523 vino,
1116 1489 1200 1525 quod
1214 1490 1305 1525 vulgo
1321 1489 1438 1523 dicitnr,
1453 1490 1496 1516 est
1510 1489 1633 1524 plenum
1650 1496 1744 1524 usque
1761 1488 1799 1516 ad

1019 1536 1154 1571 oculum3
1175 1536 1216 1563 sic
1237 1536 1370 1571 invidus,
1397 1537 1480 1571 cujus
1505 1535 1623 1570 signum
1647 1537 1705 1570 est,
1728 1535 1799 1571 quia

1019 1583 1130 1610 malitia
1149 1583 1241 1611 invidi
1260 1591 1313 1618 per
1333 1583 1454 1610 oculum
1474 1583 1542 1610 exit.
1559 1585 1631 1611 Nam
1651 1582 1799 1610 diciturin

1019 1629 1219 1658 Ecclesiastico
1235 1629 1262 1658 ⁶:
1284 1632 1405 1665 Nequam
1425 1633 1463 1657 est
1483 1631 1573 1657 oculus
1594 1630 1685 1656 invidi
1701 1628 1751 1665 (α);
1773 1631 1800 1656 ct

1019 1676 1049 1704 in
1069 1677 1201 1704 Matthaeo
1215 1678 1244 1704 ⁷:
1268 1678 1313 1704 An
1334 1678 1423 1704 oculus
1445 1680 1506 1704 tuus
1530 1685 1644 1712 nequam
1666 1679 1720 1710 est,
1735 1678 1801 1711 quia

1020 1731 1064 1758 eqo
1080 1725 1162 1751 bonus
1176 1726 1258 1752 sum?
1272 1724 1399 1752 Tertium
1414 1726 1466 1758 est,
1483 1723 1566 1760 quod
1585 1723 1693 1760 spoliat
1706 1723 1801 1751 homi-

1019 1778 1088 1798 nem
1103 1771 1184 1798 omni
1199 1771 1281 1799 bono
1294 1780 1300 1799 :
1319 1774 1347 1799 et
1364 1779 1453 1799 causa
1468 1773 1521 1806 est,
1541 1771 1612 1807 quia
1627 1771 1690 1799 odit
1705 1772 1732 1798 et
1747 1771 1800 1798 im-

1018 1820 1132 1853 pugnat
1147 1826 1235 1846 omne
1252 1819 1378 1846 bonum.
1394 1818 1458 1846 Alia
1474 1826 1604 1854 namque
1620 1817 1690 1845 vilia
1709 1826 1801 1854 oppo-

1019 1867 1130 1892 nuntur
1145 1866 1196 1893 uni
1211 1865 1321 1900 virtuti,
1335 1867 1366 1893 ut
1380 1865 1521 1901 superbia
1532 1865 1700 1899 humilitati,
1715 1865 1800 1892 luxu-

1019 1911 1063 1939 ria
1082 1912 1221 1946 castitati,
1237 1912 1361 1940 avaritia
1382 1912 1529 1947 largitati,
1546 1914 1573 1940 et
1594 1912 1634 1939 sic
1658 1912 1695 1939 de
1717 1911 1798 1947 aliis;

1019 1958 1133 1987 invidia
1153 1967 1241 1994 vero,
1266 1961 1297 1987 ut
1322 1959 1433 1987 dictum
1455 1961 1511 1994 est,
1535 1959 1696 1995 opponitur
1719 1959 1801 1986 omni

1020 2005 1101 2033 bono
1115 2015 1120 2033 :
1137 2006 1216 2033 unde
1232 2014 1293 2033 non
1309 2008 1423 2034 tantum
1439 2006 1545 2033 dicitur
1559 2005 1649 2040 mala,
1665 2005 1718 2032 scd
1732 2013 1799 2041 pes-

1020 2053 1104 2081 sima.
1121 2055 1184 2081 Haec
1197 2056 1239 2081 est
1253 2054 1332 2081 enim
1351 2056 1410 2087 fera
1428 2055 1561 2088 pessima,
1579 2061 1644 2088 quoe
1660 2053 1799 2080 devoravit

1020 2100 1142 2135 loseph,
1166 2100 1240 2127 sicut
1258 2100 1364 2128 dicitur
1385 2100 1415 2127 in
1435 2100 1537 2128 Genesi
1550 2101 1570 2127 8.
1587 2100 1728 2133 Quartum
1744 2103 1799 2133 est,

1021 2147 1091 2182 quia
1115 2147 1183 2174 facit
1203 2147 1356 2175 hominem
1376 2147 1493 2183 penitus
1517 2146 1798 2181 inimisericorden1;

1020 2193 1095 2220 sicut
1109 2196 1190 2229 patet
1204 2194 1234 2222 in
1254 2194 1335 2228 Cain,
1351 2194 1403 2230 qui
1419 2202 1454 2222 ex
1466 2194 1580 2222 invidia
1594 2202 1654 2222 non
1669 2195 1800 2230 pepercit

1020 2240 1092 2268 Abel
1106 2240 1187 2268 fratri
1203 2249 1256 2269 suo
1272 2241 1438 2276 innocentig
1460 2241 1534 2268 sieut
1556 2241 1650 2276 patuit
1670 2242 1756 2269 etiam
1770 2242 1799 2269 iu

1021 2287 1088 2315 filiis
1103 2288 1204 2323 Jacob,
1222 2289 1284 2324 qui,
1298 2288 1410 2317 invidia
1425 2288 1604 2323 stimulante,
1621 2296 1682 2316 non
1697 2297 1799 2324 peper-

1020 2337 1124 2362 cerunt
1142 2335 1250 2371 loseph
1272 2335 1438 2370 innocenti,
1461 2335 1535 2362 sicut
1553 2335 1647 2371 patuit
1658 2335 1746 2362 etiam
1768 2335 1798 2363 in

1020 2382 1140 2417 JudaeiS,
1164 2382 1216 2418 qui
1235 2390 1296 2410 non
1314 2384 1509 2418 pepercerunt
1524 2382 1635 2410 Christo
1655 2382 1798 2409 innocen-

1021 2428 1149 2464 tissimo,
1173 2429 1234 2456 imo
1261 2429 1434 2457 innocentiae
1450 2428 1574 2456 Domino
1588 2438 1594 2456 :
1610 2429 1693 2463 cujus
1708 2436 1798 2456 cansa

1020 2475 1074 2504 suit
1089 2475 1216 2511 invidia,
1235 2478 1268 2504 ut
1286 2478 1365 2512 patet
1379 2476 1409 2503 in
1426 2477 1567 2508 Matclzaeo;
1583 2475 1653 2511 quia
1669 2475 1775 2503 Pilatus
1788 2476 1798 2493 ⁹

1020 2543 1029 2559 ⁸
1042 2543 1132 2569 lice-li„
1147 2550 1198 2573 xiv,
1212 2545 1234 2567 8.
1247 2557 1276 2562 -
1292 2543 1414 2573 hunilla,
1429 2550 1473 2574 xx,
1491 2545 1528 2568 15.
1541 2557 1570 2561 -
1584 2543 1594 2559 ⁸
1609 2543 1679 2574 Gen„
1696 2549 1796 2574 xxxvn,

1021 2581 1061 2604 20.
1075 2593 1106 2598 -—
1117 2582 1126 2594 ’Δ
1141 2580 1243 2610 Mamm,
1258 2586 1342 2610 xxvu,
1359 2581 1396 2604 18.

1051 2623 1086 2654 (α)
1102 2623 1178 2654 Vulg.
1196 2623 1280 2647 lividi.
