2004 3037
40 1337 139 1359 charim-

49 1370 77 1389 tis
88 1375 141 1396 per-

42 1400 104 1421 fectio
111 1401 149 1420 du-

64 1431 123 1458 plex-

153 228 214 259 m

154 292 343 322 manifestum
357 291 466 320 divium
476 291 643 321 dilectionis
655 291 810 326 indicium,
827 290 898 319 audi
907 291 932 318 ¹:

154 341 215 368 Jam
229 347 282 368 non
303 339 392 368 dicam
410 347 456 368 vos
476 347 576 374 servos,
599 338 696 376 inquit
715 337 872 373 Dominus,
887 337 934 366 sed

155 387 268 421 amicos,
287 387 355 422 quia
371 387 464 414 omnia
476 388 543 414 nota
558 387 614 420 feci
626 386 714 418 vobis,
732 393 792 421 quoe
806 384 904 412 audivi
917 393 934 412 a

154 434 250 468 Patre,
271 433 342 469 quia
360 441 397 461 ex
420 432 626 468 magnitudine
644 431 753 460 divinas
767 430 934 460 dilectionis

154 479 264 516 pendet
292 479 401 508 modus
429 479 537 508 divinae
563 479 763 508 revelationis
793 479 826 506 Et
851 477 934 506 idem

155 526 227 554 dicit
241 525 300 555 sic'
314 535 321 554 τ
335 527 475 555 «Certum
490 526 579 562 igitur
592 526 711 562 signum
726 525 779 554 tibi
790 525 837 559 sit,
851 524 935 561 quod

155 573 296 602 dilectum
311 575 395 602 tuum
408 573 508 602 minus
529 573 644 609 diligis,
659 575 688 601 et
706 573 745 600 ab
765 572 816 600 illo
834 571 934 603 minus

156 619 306 655 diligeris,
334 620 358 648 si
384 620 424 648 ad
448 619 597 648 theoricos
620 627 774 654 excessuS,
797 618 934 647 nondum

155 668 327 702 vocantem,
353 666 438 703 sequi
464 666 618 695 merueris.
645 677 660 693 »
686 667 728 694 Ex
751 673 813 702 quo
839 667 934 702 patet,

156 713 241 750 quod
260 715 408 742 crescente
425 713 621 748 revelatione,
642 713 746 742 crescit
759 715 787 741 et
805 712 933 740 dilectio.

156 761 190 789 Et
203 760 322 797 signum
340 760 478 798 quintum
493 760 642 789 eharitatis
658 759 840 797 proficientis
855 760 936 796 patet

157 815 207 836 sm.

423 863 600 889 ARTlCULUS
624 863 668 888 nt.

214 930 252 954 De
269 928 347 961 signis
364 928 514 954 extrinsecis
532 927 661 952 charitatis
676 927 730 959 jam
748 926 877 959 perfectoe.

191 997 286 1026 Tertio
302 997 424 1034 quidam
442 996 564 1025 tradunt
584 995 723 1032 quaedam
741 995 827 1030 signa
841 994 937 1023 chari-

155 1044 221 1072 tatis
237 1044 301 1080 jam
315 1044 467 1080 perfectae,
482 1044 572 1080 prout
591 1044 685 1079 potest
699 1041 801 1078 perfici
825 1041 855 1069 in
876 1041 938 1076 via,

157 1091 228 1127 quia
243 1091 253 1108 ³
263 1091 401 1126 justorum
422 1091 520 1118 semita
540 1091 620 1125 quasi
641 1090 688 1116 lum
709 1088 850 1124 splendens
872 1095 937 1124 pro-

159 1138 229 1166 cedit
240 1158 249 1172 ,
265 1140 290 1166 et
304 1139 397 1165 crescit
411 1145 494 1172 usque
509 1137 545 1164 ad
563 1138 710 1172 perfectam
725 1136 812 1170 diem,
828 1134 940 1163 scilieet

157 1185 294 1221 perfectoe
308 1184 465 1212 charitati<.
482 1186 514 1212 Et
528 1183 596 1211 ideo
612 1183 766 1211 sciendum
783 1184 840 1216 est,
856 1181 938 1218 quod

159 1232 189 1260 in
211 1231 373 1259 viatoribus
400 1231 511 1266 duplex
534 1233 576 1258 est
599 1230 739 1265 perfectio
765 1229 938 1257 charitatis:

160 1287 220 1306 una
235 1280 278 1306 est
292 1278 471 1306 necessitatis
487 1280 514 1305 et
528 1276 710 1305 sufficientiae
723 1286 730 1311 ;
747 1276 806 1304 alia
822 1277 865 1304 est
878 1275 939 1311 pri-

161 1326 306 1361 vilegiatae
321 1325 480 1353 sanctitutis
495 1327 523 1352 et
541 1323 732 1352 excellenliae.
755 1324 809 1350 llas
827 1322 941 1358 persec-

164 1374 258 1401 tiones
281 1372 373 1408 tangit
393 1373 535 1408 Prosper,
561 1371 594 1398 de
620 1372 686 1398 Vita
709 1371 941 1405 Contemplativa,

163 1420 216 1448 ubi
231 1419 302 1447 dicit
315 1419 356 1446 sic
371 1419 380 1435 ⁴
402 1429 409 1446 :
435 1429 449 1444 a
465 1420 497 1446 ln
511 1418 566 1446 hae
581 1417 641 1445 vita
655 1417 775 1453 perfecti
790 1419 857 1444 sunt
878 1415 940 1450 illi,

164 1467 215 1504 qui
233 1466 358 1503 perfecte
375 1468 465 1494 Deum
481 1466 626 1501 diligunt,
642 1465 693 1501 qui
709 1464 840 1492 volendo
859 1463 942 1500 quod

164 1514 228 1542 vult.
250 1516 340 1548 licus,
366 1513 456 1541 nullis
479 1512 625 1549 peccatis,
651 1512 762 1548 quibus
783 1511 944 1539 offenditur

166 1563 256 1596 Deus,
274 1561 482 1597 acquiescunt,
504 1562 530 1587 ct
550 1567 666 1595 semper
686 1559 725 1586 ad
745 1558 865 1585 virtutes
888 1558 942 1586 ha-

165 1608 280 1636 bendas
295 1616 325 1636 se
342 1607 514 1635 extendunt.
531 1617 544 1632 ι)
562 1606 772 1634 l‘ersectioncm
785 1605 943 1633 necessita-

166 1655 200 1683 tis
216 1655 325 1690 tangit,
345 1663 412 1682 cum
430 1654 500 1681 dicit
514 1663 519 1680 :
541 1663 554 1678 «
569 1653 621 1687 Qui
638 1652 766 1680 volendo
784 1652 866 1688 quod
882 1651 945 1679 vult

166 1703 240 1730 Deus
265 1711 270 1729 :
297 1713 309 1726 υ
329 1704 356 1730 et
378 1702 455 1729 hane
478 1701 567 1728 habet
592 1700 772 1736 quicumque
792 1701 889 1726 manet
914 1698 945 1726 in

166 1749 325 1780 charitate;
342 1751 369 1776 et
391 1749 430 1776 ad
449 1748 523 1775 hane
543 1747 753 1783 perfectionem
767 1746 870 1773 invitat
889 1747 944 1773 Do-

167 1796 278 1829 minuS‚
295 1796 396 1823 dicens
408 1796 418 1811 ⁶
435 1804 441 1822 :
459 1796 594 1828 Perfectus
615 1796 666 1821 cris
684 1797 708 1820 et
730 1794 826 1827 ubsque
842 1793 945 1819 macula

167 1850 256 1870 coram
273 1844 382 1869 Domino
398 1844 448 1869 Deo
465 1845 510 1868 tuo
527 1852 532 1867 :
551 1852 564 1866 a
581 1841 679 1874 absque
694 1841 817 1870 macula.
836 1847 944 1874 nempe

168 1889 330 1924 criminali,
347 1900 359 1914 n
379 1891 410 1916 ut
431 1889 471 1916 ait
486 1888 596 1915 Glossa.
616 1886 827 1914 l‘erfeetionem
847 1888 945 1913 autem

168 1936 347 1965 excellentiae
360 1936 452 1971 tangit
462 1937 596 1970 Prosper,
613 1942 681 1961 eum
693 1933 781 1960 dicit:
798 1944 811 1958 «
825 1933 946 1967 Semper

169 1984 205 2011 ad
222 1983 342 2011 virtutes
354 1982 509 2010 habendas
519 1990 549 2009 se
561 1981 730 2009 extendunt.
748 1992 761 2004 ι»
779 1979 859 2007 Unde
871 1979 946 2006 bene

169 2030 198 2057 in
223 2030 347 2065 epistola
374 2029 506 2065 quadam
533 2028 603 2055 dicit
629 2027 669 2054 sic
684 2036 690 2054 ε
725 2038 737 2052 «
766 2026 946 2054 indefessum

169 2077 342 2112 proficiendi
358 2076 500 2109 studium,
514 2078 541 2102 et
554 2074 633 2109 jugis
647 2076 770 2102 conatus
785 2073 823 2100 ad
838 2072 947 2109 perfec-

169 2124 291 2157 tionem,
307 2125 458 2159 rcputatur
473 2122 648 2158 perfectio.»
667 2121 723 2148 Sed
739 2120 810 2156 quia
824 2122 947 2155 Aposto-

170 2170 217 2197 lus
239 2171 309 2198 (licit
323 2172 356 2197 ⁶:
386 2171 458 2197 Velle
478 2170 545 2195 mihi
569 2169 693 2202 adimet,
716 2169 840 2202 perficere
862 2169 948 2193 autem

170 2225 222 2245 ηοιι
242 2219 347 2244 invenio
365 2227 371 2243 :
387 2216 455 2243 ideo
471 2216 560 2251 plena
575 2215 702 2242 charitas
714 2235 722 2247 ,
739 2213 835 2249 qualis
851 2213 904 2240 crit
918 2213 948 2240 in

171 2264 284 2299 patria,
301 2263 383 2290 nullo
399 2263 490 2290 modo
505 2262 535 2289 in
548 2262 596 2289 via
614 2261 717 2289 haberi
734 2262 838 2296 potest.
860 2262 949 2295 Prop-

173 2313 214 2338 ter
236 2310 319 2346 quod
338 2310 422 2344 signa
445 2309 509 2336 talis
529 2308 664 2344 perfectu}
688 2307 835 2334 eharitatis
855 2306 884 2333 in
903 2306 949 2333 his

173 2365 234 2384 non
250 2358 419 2392 quaeruntur
430 2365 437 2389 3
455 2355 507 2382 sed
527 2355 610 2389 signa
630 2354 763 2389 persectae
785 2353 948 2387 eharitatis,

170 2407 259 2440 prout
270 2404 299 2431 in
314 2404 362 2431 via
378 2403 480 2431 haberi
492 2404 597 2438 potest,
612 2403 793 2437 qumi-untur.

207 2452 254 2479 Est
273 2451 361 2485 igitur
384 2449 566 2483 notandum,
593 2449 673 2484 quod
695 2449 778 2483 signa
802 2448 949 2475 charitatis

171 2498 305 2534 perfectae
333 2497 488 2533 dupliciter
510 2496 688 2523 considerari
712 2497 853 2531 possunt:
878 2495 949 2530 quia

173 2545 311 2580 quiedam
334 2545 482 2572 habentur
505 2543 589 2579 quasi
617 2551 651 2570 ex
681 2543 794 2570 actibus
821 2542 948 2570 exterio-

207 2620 214 2635 ¹
229 2619 312 2647 donn„
327 2625 369 2649 xv,
387 2621 424 2642 15.
441 2631 466 2635 —
487 2618 494 2631 2
513 2617 643 2646 menard,
662 2617 722 2640 ibid.
740 2630 765 2634 —-
786 2616 797 2632 ⁸
814 2617 898 2646 Proca,
914 2622 949 2647 iv,

175 2655 212 2678 48,
235 2667 265 2671 —
285 2654 294 2670 ⁸
320 2655 418 2685 l‘rosp.‚
439 2654 469 2676 (Ie
494 2653 542 2677 Vi't.
564 2652 714 2682 ContempL,
736 2652 780 2676 lib.
806 2652 837 2678 V.
862 2659 884 2676 e.
906 2657 949 2682 xv,

175 2690 242 2713 circa
256 2690 298 2715 fin,
316 2703 344 2707 -
357 2691 366 2707 ⁶
386 2691 468 2715 ῃυιιί..
486 2694 565 2719 xvui,
583 2690 619 2713 13.
636 2701 666 2706 -
683 2689 691 2702 ⁸
708 2689 852 2718 Rom.,x11,
872 2688 907 2711 ¹8.
920 2699 949 2706 -·

564 223 617 258 DE
637 223 795 258 SEPTEM
815 221 1043 255 1T1NEmBUS
1063 221 1355 256 AETERNITATIS.

989 290 1083 325 ribus,
1097 293 1126 320 ct
1140 291 1278 327 quaedam
1292 291 1377 328 quasi
1388 299 1425 320 ex
1435 291 1550 321 actibus
1563 290 1768 321 interioribus:

989 338 1019 365 et
1040 337 1108 366 licet
1131 337 1170 366 de
1199 337 1331 374 utrisque
1354 337 1450 367 multa
1475 337 1619 375 assignari
1640 337 1770 375 possint,

988 384 1089 413 tamen
1110 383 1148 413 de
1169 384 1303 421 utrisque
1323 385 1457 422 quinque
1479 385 1518 414 ad
1537 392 1667 422 praesens
1685 383 1772 413 suffi-

990 430 1080 459 ciant.

1026 477 1157 506 Primum
1171 478 1261 514 igitur
1275 479 1394 515 signum
1413 479 1609 508 extrinsecum
1623 477 1772 507 charitatis

990 524 1126 561 perfeetoe
1149 528 1208 561 est,
1224 526 1248 554 si
1269 527 1336 563 quis
1359 534 1415 563 pro
1434 527 1528 555 salute
1548 525 1676 563 proximi
1695 525 1773 554 mori

989 574 1110 609 paratus
1131 574 1182 601 est.
1203 573 1288 601 Ratio
1307 573 1391 602 istius
1407 573 1483 609 signi
1504 576 1567 608 est,
1588 573 1674 609 quia,
1699 572 1774 601 sicut

991 619 1062 648 dicit
1074 619 1252 656 Augustinus
1262 641 1271 655 ‚
1287 620 1365 649 libro
1380 620 1413 648 de
1428 621 1526 649 Gratia
1541 623 1567 648 et
1582 621 1676 648 Libero
1691 619 1773 647 Arbi-

993 669 1046 696 trio
1060 667 1087 702 ⁷,
1100 676 1196 705 parva
1216 668 1343 697 charitas
1361 676 1423 696 non
1442 668 1550 696 sufficit
1566 667 1606 696 ad
1619 666 1773 704 implenda

992 722 1103 751 magna
1116 714 1278 749 mandata,
1292 717 1325 743 ut
1341 716 1410 742 sunt
1422 714 1500 743 mori
1513 722 1569 750 pro
1585 714 1710 749 Christo,
1725 713 1773 742 vel

990 768 1047 797 pro
1062 761 1216 795 fratribus,
1231 763 1260 789 et
1274 762 1381 789 caetera
1394 760 1586 797 hujusmodi;
1603 760 1657 789 sed
1673 759 1773 797 requi-

990 807 1065 836 ritui·
1078 807 1118 836 ad
1138 807 1196 836 hoc
1218 807 1344 836 charitas
1358 815 1470 843 magna
1481 827 1491 842 ,
1511 803 1544 836 id
1558 809 1617 842 est,
1632 807 1772 844 perfecta.

993 854 1093 888 Unde,
1117 862 1198 890 super
1219 855 1363 889 epistolam
1386 855 1518 886 Ioannis,
1546 854 1617 882 dicit
1639 853 1775 890 Augusti-

992 908 1049 929 nus
1062 901 1072 918 θ
1090 910 1096 929 z
1116 910 1130 927 οι
1149 901 1277 929 Perfecta
1297 901 1424 929 charitas
1437 901 1500 929 haee
1515 902 1574 936 est,
1590 902 1623 928 ut
1636 900 1704 937 quis
1717 907 1774 937 pro

993 947 1134 976 tratribus
1152 948 1189 976 sit
1210 948 1288 976 mori
1306 949 1438 984 paratus.
1454 958 1468 974 n
1489 947 1568 976 Sicut
1587 948 1615 975 et
1635 947 1776 983 Origenes

994 994 1083 1022 etiam
1099 995 1220 1031 exponit
1234 994 1308 1022 illud
1323 994 1510 1022 cantieorum
1525 994 1536 1011 ⁹
1550 1003 1557 1022 :
1573 994 1725 1022 Ascendam
1739 993 1776 1021 ad

994 1042 1113 1076 palmam
1123 1062 1130 1074 ‚
1148 1041 1250 1069 dicens
1266 1051 1274 1068 ε
1294 1051 1308 1067 «
1323 1041 1463 1069 Voluntas
1477 1040 1610 1077 patiendi
1626 1040 1776 1076 probavit,

996 1088 1067 1124 quia
1081 1088 1225 1117 veraciter
1239 1087 1360 1123 amavit,
1376 1089 1404 1116 et
1414 1090 1494 1116 tanto
1508 1089 1570 1115 erat
1581 1095 1666 1115 amor
1679 1087 1776 1122 altior,

997 1139 1110 1174 quanto
1143 1137 1276 1174 patiendi
1304 1144 1359 1173 pro
1393 1136 1522 1164 Ecclesia
1550 1136 1689 1164 voluntas
1716 1137 1779 1164 erat

996 1184 1136 1221 paratior.
1149 1194 1163 1210 n
1182 1185 1245 1212 lloec
1260 1184 1318 1211 ille.
1335 1185 1367 1211 Et
1383 1183 1525 1211 Dominus
1539 1181 1611 1212 dicit
1626 1183 1648 1201 ¹⁰
1663 1192 1669 1211 :
1687 1183 1778 1218 Majo-

997 1239 1051 1258 rcm
1066 1231 1114 1258 huc
1128 1231 1296 1259 dilectionem
1306 1252 1313 1264 ‚
1330 1233 1384 1258 ete.
1405 1230 1529 1265 Signum
1544 1229 1631 1264 igitur
1645 1228 1778 1266 perfecloe

997 1277 1145 1305 charitatis
1169 1280 1229 1311 est,
1250 1277 1273 1304 si
1294 1277 1402 1313 aliquis
1419 1278 1540 1313 paratus
1563 1279 1606 1305 est
1625 1275 1701 1304 mori
1723 1283 1778 1312 pro

998 1325 1091 1353 salute
1107 1324 1247 1361 proximi.

1035 1371 1204 1399 Secundum
1220 1372 1339 1407 signum
1354 1371 1552 1399 extrinsecum
1567 1369 1702 1406 perfectae
1713 1369 1779 1398 cha-

999 1420 1091 1448 ritatis
1115 1422 1166 1454 est,
1192 1419 1215 1446 si
1243 1419 1378 1447 inimicos
1406 1418 1511 1453 diligit,
1539 1420 1567 1445 et
1594 1417 1635 1445 eis
1660 1419 1780 1453 propter

1000 1468 1091 1494 Deum
1105 1466 1259 1493 benefacit.
1275 1465 1359 1493 Ratio
1369 1465 1457 1500 hujus
1467 1464 1542 1499 signi
1552 1466 1604 1498 est,
1613 1463 1694 1500 quia,
1706 1463 1781 1492 sicut

1001 1513 1071 1542 dicit
1085 1515 1168 1548 Ilugo
1181 1534 1189 1548 ,
1205 1513 1238 1540 de
1253 1513 1345 1540 Arrha
1362 1513 1469 1539 Animoe
1482 1520 1489 1539 :
1508 1522 1521 1538 ct
1538 1514 1627 1540 Amor
1639 1510 1779 1539 transfor-

1002 1562 1062 1588 mat
1077 1562 1227 1587 amantem
1242 1559 1272 1586 in
1288 1558 1513 1586 similitudinem
1529 1557 1628 1590 amati,
1645 1557 1674 1585 in
1689 1565 1782 1593 quan-

1001 1609 1064 1634 tum
1080 1609 1194 1642 potest,
1216 1614 1277 1634 non
1301 1606 1399 1633 solum
1424 1607 1568 1641 quantum
1588 1604 1627 1632 ad
1649 1604 1782 1632 substan-

1002 1653 1083 1686 tiam,
1094 1653 1146 1681 sed
1162 1653 1249 1681 etiam
1263 1655 1407 1689 quantum
1419 1652 1456 1680 ad
1473 1652 1658 1687 operationes
1673 1650 1782 1678 arduas

1003 1702 1029 1727 et
1043 1700 1188 1727 difficiles.
1206 1710 1218 1724 ι)
1237 1701 1308 1727 Cum
1325 1707 1396 1733 ergo
1414 1700 1488 1726 [leus
1507 1701 1621 1726 ametur
1637 1698 1672 1733 (a)
1691 1697 1730 1724 ab
1745 1705 1781 1725 eo

1003 1746 1053 1781 qui
1065 1746 1160 1781 diligit
1174 1745 1309 1773 inimicos
1324 1747 1351 1772 et
1367 1745 1441 1772 bene
1457 1745 1586 1776 saciteis,
1601 1743 1656 1771 sibi
1667 1743 1780 1771 assimi-

1002 1792 1089 1825 latur,
1105 1795 1134 1819 ut
1151 1793 1212 1828 ipse
1227 1791 1365 1826 ostendit,
1381 1791 1482 1819 dicens
1497 1792 1515 1808 ²¹
1532 1800 1537 1819 :
1555 1792 1670 1825 Diligite
1683 1792 1779 1818 iniunt-

1003 1847 1044 1866 (οε
1059 1842 1170 1871 vestros,
1187 1842 1212 1866 ec
1229 1839 1377 1872 benefacite
1393 1840 1442 1871 eis,
1457 1841 1486 1865 ut
1496 1840 1558 1865 sitis
1572 1838 1696 1873 perfecti,
1711 1839 1781 1865 sicut

1002 1889 1027 1913 et
1044 1887 1126 1913 Pater·
1146 1889 1233 1913 vester
1253 1887 1389 1920 perfectus
1412 1887 1465 1916 est:
1488 1886 1516 1912 et
1537 1884 1593 1911 hoc
1613 1891 1674 1911 non
1691 1883 1784 1919 possit

1003 1932 1066 1960 fieri
1086 1940 1139 1968 per
1160 1932 1326 1968 quamlibet
1347 1931 1551 1965 dilectionem,
1572 1930 1624 1958 sed
1643 1938 1696 1966 per
1717 1938 1783 1966 per-

1002 1978 1124 2013 fectam,
1146 1979 1216 2015 quia
1238 1979 1307 2005 dicit
1323 1978 1501 2013 Augustinus
1516 1977 1547 2005 in
1563 1976 1729 2005 Euchiridio
1747 1976 1781 2012 ¹²,

1005 2026 1088 2062 quod
1103 2025 1168 2053 talis
1183 2025 1301 2053 dileetio
1317 2024 1512 2061 perfectorum
1529 2025 1586 2058 est,
1602 2026 1630 2051 et
1643 2023 1784 2059 Origenes

1003 2081 1084 2108 snper
1108 2073 1219 2100 Cantica
1249 2072 1320 2099 dicit
1340 2080 1346 2099 ε
1371 2082 1384 2097 α
1410 2071 1440 2098 ln
1461 2070 1641 2098 exhibitione
1667 2070 1784 2106 pietatis

1004 2120 1149 2156 probatur
1170 2118 1345 2153 magnitudo
1367 2118 1498 2145 amoris:
1523 2128 1535 2143 n
1561 2117 1628 2145 ideo
1644 2117 1719 2145 illud
1735 2124 1785 2145 ve-

1005 2175 1071 2195 rum
1082 2169 1124 2194 cst
1134 2167 1262 2201 signum,
1275 2165 1397 2200 diligere
1410 2164 1546 2191 inimicos
1559 2166 1678 2200 propter
1693 2165 1784 2191 Deum

1007 2213 1156 2241 dilectum.

1041 2260 1168 2287 Tertium
1192 2259 1309 2293 signum
1338 2257 1486 2285 charitatis
1513 2257 1647 2293 perfectae
1677 2257 1784 2285 extrin-

1006 2315 1107 2335 sceum
1123 2308 1175 2339 est,
1193 2305 1216 2332 si
1229 2304 1329 2332 onmia
1345 2304 1532 2331 adversantia
1548 2303 1711 2338 gaudenter
1725 2311 1784 2330 sus-

1007 2354 1091 2390 cipit,
1115 2356 1142 2381 et
1160 2352 1303 2389 patienter
1329 2351 1460 2378 sustinet.
1486 2350 1568 2378 Ratio
1595 2350 1682 2385 hujus
1708 2349 1784 2384 signi

1007 2404 1065 2436 est,
1081 2402 1151 2438 quia
1166 2400 1291 2428 charitas
1307 2399 1465 2435 perfectam
1483 2402 1612 2426 mentem
1628 2398 1666 2426 ab
1683 2406 1784 2426 amore

1006 2449 1093 2484 hujus
1107 2449 1172 2475 vitm
1189 2447 1273 2483 quasi
1297 2447 1422 2474 totaliter
1442 2446 1561 2480 avertit,
1577 2447 1605 2472 ct
1619 2444 1783 2472 occidendo

1007 2496 1092 2532 quasi
1107 2493 1309 2522 insensibilem
1327 2493 1441 2527 reddit,
1462 2493 1531 2529 quia
1549 2499 1652 2528 poenas
1672 2494 1785 2528 tempo-

1009 2581 1017 2597 7
1036 2582 1110 2611 Aug„
1126 2580 1156 2603 de
1171 2580 1243 2603 Grai.
1259 2580 1283 2601 et
1299 2577 1343 2602 lib.
1363 2577 1434 2606 Ara,
1449 2585 1471 2601 c.
1488 2582 1557 2606 xvii,
1571 2583 1597 2600 n.
1613 2578 1652 2600 33.
1667 2589 1697 2593 —
1711 2577 1719 2591 ἓ
1735 2576 1782 2607 ld„

1009 2618 1034 2640 ιἰι
1052 2617 1132 2647 Epist.
1154 2615 1237 2643 donn„
1257 2616 1330 2637 tract.
1352 2619 1376 2642 v,
1398 2621 1424 2637 u.
1442 2615 1465 2637 t.
1480 2626 1510 2630 —-
1530 2614 1538 2627 ⁹
1556 2614 1637 2639 caut..
1653 2618 1698 2642 vn,
1714 2613 1737 2636 8.
1753 2624 1784 2630 -

1009 2653 1029 2670 ¹⁰
1042 2652 1123 2682 Jocm..
1139 2656 1180 2680 xv,
1198 2651 1235 2674 13.
1249 2662 1278 2668 -—
1300 2651 1314 2664 ¹’
1332 2649 1437 2679 naeth„
1456 2654 1480 2678 ν,
1500 2649 1539 2677 Η,
1558 2649 1596 2672 45.
1615 2661 1646 2666 —
1671 2647 1687 2662 ¹²
1707 2649 1781 2678 Aug„

1012 2687 1126 2713 Euchira.
1143 2694 1164 2711 c.
1183 2692 1275 2710 Lxxlli.
1292 2698 1320 2702 -
1339 2685 1369 2715 (a)
1386 2685 1427 2710 ΑΙ.
1444 2686 1551 2709 amatur.
