2004 3037
697 272 746 305 DE
768 271 893 305 PRIMO
915 271 1090 305 ITINERE.
1113 272 1214 306 ms‘r.
1239 273 1292 307 ΙΙΙ.

188 339 353 369 tentionem
366 339 497 375 bonam,
513 339 546 368 fit
560 339 708 369 ordinatio
722 341 804 368 actus
817 340 863 368 sui
877 340 909 368 in
921 339 971 368 de-

187 386 285 416 bitum
306 386 415 422 finem,
439 387 468 415 et
490 386 614 423 quando
638 394 675 416 ex
697 387 781 424 parte
804 387 886 415 actus
907 389 969 423 est,

188 434 272 471 quod
285 434 322 462 sit
335 433 511 462 ordinabilis
524 433 564 461 ad
583 433 669 461 illum
683 432 790 470 finem,
806 436 839 462 ut
851 441 906 470 per
921 434 970 470 ip-

188 489 255 509 sum
269 481 362 518 possit
380 480 448 509 finis
470 480 595 517 acquiri,
615 479 648 508 id
667 482 720 515 est,
733 480 814 517 quod
833 482 915 509 actus
934 481 970 509 sit

188 527 225 556 de
240 535 348 563 genere
361 527 515 556 bonorum
530 535 537 555 :
555 526 625 555 talis
646 527 725 555 enim
748 527 823 556 ordo
846 527 970 557 includit

186 574 352 604 bonitatem
372 582 434 602 esse
453 573 484 602 in
507 575 589 607 actu,
610 582 677 610 quae
698 574 755 602 sibi
781 574 909 603 debetur
932 583 969 603 ex

187 622 304 657 objecto
327 621 447 654 debito,
472 621 502 649 et
525 628 561 649 ex
581 620 678 649 forma
700 621 816 656 debita,
841 630 906 658 quae
926 624 969 651 θεῖ

187 669 328 705 charitas,
343 670 371 697 et
384 676 420 696 ex
436 667 674 702 circumstantia,
690 669 717 696 et
730 676 768 696 ex
780 668 881 697 debito
896 669 968 698 fine.

186 715 343 745 Deficiente
361 716 461 744 autem
482 715 574 744 altero
589 715 726 751 istorum,
746 717 828 744 actus
843 717 968 745 vitiosus

186 764 238 791 est.
258 764 301 790 Ex
324 771 385 799 quo
403 763 502 799 patet,
524 762 607 798 quod
631 762 720 790 etiam
744 765 826 791 actus
847 763 968 792 indiffe-

185 816 255 838 rens
282 817 335 846 per
362 809 584 838 ordinationem
611 809 742 838 debitam
771 810 803 837 in
831 810 968 839 debitum

185 855 276 884 finem
294 856 328 884 fit
342 856 529 891 meritorius,
545 856 616 893 quia
634 856 758 885 intentio
772 858 852 885 recta
863 878 870 891 ,
888 858 912 885 si
932 858 969 886 sit

186 903 338 932 actualiter
355 911 373 931 a
391 903 543 932 voluntate
564 903 660 932 elicita
679 904 828 933 mediante
851 905 945 940 gratia
957 926 967 940 ‚

185 950 270 978 addit
290 950 423 986 aliquam
445 950 609 979 bonitatem
627 960 718 988 supra
736 953 873 980 habitum
884 973 893 988 ,
919 953 967 981 cui

64 1005 159 1026 minutio
185 997 310 1025 debetur
324 997 480 1033 praemium
498 998 702 1027 substantiale.
723 1000 776 1027 Per
791 1002 872 1028 actus
888 999 967 1028 enim

63 1037 156 1094 ἓξὲξ
183 1045 345 1074 voluntatis
368 1045 480 1073 elicitos
504 1054 541 1074 ex
562 1046 674 1081 gratia,
697 1054 849 1074 meremur
875 1047 967 1074 vitam

63 1101 97 1119 est
124 1105 170 1120 me·
183 1094 332 1121 aeternam.
359 1093 401 1120 Ex
428 1093 474 1120 his
500 1092 588 1121 etiam
612 1095 703 1129 patet,
729 1093 814 1130 quod
842 1094 966 1123 intentio

62 1129 172 1185 ψζᾞῇη,
185 1139 308 1168 actualis
322 1141 364 1168 θεῖ
382 1139 539 1176 perfectior
553 1141 581 1168 et
594 1140 692 1175 magis
714 1141 866 1169 meritoria
880 1141 966 1170 habi-

63 1190 159 1212 bimulis-
183 1188 256 1216 tuali
266 1210 276 1223 ,
295 1188 366 1224 quia
381 1188 465 1216 addit
481 1188 614 1224 aliquam
628 1188 793 1216 bonitatem
808 1197 899 1225 supra
910 1189 965 1218 ha-

183 1235 337 1264 bitualem.
365 1235 446 1263 Unde
469 1235 646 1271 Gregorius,
671 1244 765 1264 xxvm
785 1237 932 1264 Moralium
945 1237 965 1269 ²,

185 1282 272 1311 dicit:
292 1292 305 1308 «
317 1282 396 1311 Sicut
418 1282 540 1311 lucerna
563 1282 697 1318 corporis
717 1285 760 1311 θεῖ
779 1283 883 1311 oculus
899 1291 964 1312 cai·-

183 1329 260 1357 nalis
273 1329 376 1358 lucens
390 1329 442 1357 toti
458 1329 597 1366 corpori,
613 1330 654 1358 ita
667 1338 721 1366 per
735 1330 855 1358 radium
868 1331 965 1359 inten-

183 1376 271 1405 tionis
289 1376 473 1404 illustrantur
493 1376 600 1405 itinera
619 1377 753 1405 actionis.
770 1388 783 1404 »
805 1379 879 1406 Nam
895 1378 965 1406 dicit

185 1423 364 1452 Dominus²:
390 1423 553 1460 (Intentio)
577 1426 648 1452 sicut
673 1425 781 1452 lucerna
795 1426 913 1461 fulgoris
928 1427 963 1453 il-

183 1471 329 1499 luminabit
344 1475 379 1499 te.

406 1564 650 1599 DISTINCTIO
677 1565 735 1598 ΠΙ.

207 1641 331 1674 Qualiter
348 1640 465 1666 intentio
484 1641 576 1667 nostra
594 1640 772 1674 rectificetur,
794 1641 819 1667 et
838 1648 871 1667 ea:
890 1640 936 1667 hoc

342 1684 485 1718 deiformis
499 1687 524 1712 et
539 1687 640 1712 oeterna
655 1686 798 1719 efficiatur.

215 1754 309 1782 Tertio
324 1753 492 1781 videndum
513 1755 575 1788 θεῖ,
597 1753 724 1789 qualiter
738 1753 860 1782 intentio
874 1755 960 1783 recti-

180 1801 294 1836 ficetur,
311 1802 339 1828 et
353 1809 390 1829 ex
404 1801 462 1828 hoc
482 1800 635 1828 deiformis
650 1803 677 1829 et
692 1801 779 1837 quasi
795 1803 904 1829 aeterna
919 1802 961 1829 ei'-

180 1848 305 1876 ficiatur.
323 1849 361 1875 De
377 1856 437 1884 quo
452 1848 620 1875 notandum
635 1851 696 1882 est,
711 1848 795 1884 quod
805 1868 815 1882 ,
830 1848 904 1876 sicut
918 1848 961 1876 di-

180 1895 218 1922 cit
232 1896 327 1929 Hugo,
346 1894 424 1921 libro
439 1894 536 1930 primo
553 1895 584 1922 cle
599 1896 672 1922 Arca
690 1897 747 1924 Noe
758 1896 768 1913 3
781 1904 787 1922 ;
807 1906 819 1920 «
835 1897 891 1923 Cor
905 1895 960 1923 ho-

179 1941 278 1975 minis,
293 1941 376 1976 quod
387 1940 468 1976 prius
481 1948 582 1968 amore
595 1942 697 1969 divino
711 1942 815 1969 stabile
829 1944 856 1969 et
866 1942 960 1970 fixum

180 1987 211 2015 in
232 1987 390 2015 aeternitate
410 1987 553 2022 perstitit,
577 1987 666 2023 quia,
687 1996 783 2016 unum
808 1989 958 2023 amando,

180 2042 275 2062 unum
289 2033 470 2069 permansit,
491 2035 650 2069 postquam
669 2042 722 2070 per
741 2034 889 2062 desideria
903 2037 960 2063 ter-

180 2089 252 2109 rena
272 2080 403 2108 defluere
424 2080 530 2116 coepit,
554 2081 639 2116 quasi
653 2081 684 2107 in
699 2082 740 2108 tot
753 2081 883 2108 divisum
899 2084 960 2117 est,

181 2130 256 2165 quot
269 2135 304 2155 ea
322 2128 390 2154 sunt
411 2135 477 2162 quae
499 2127 689 2163 concupiscit.
708 2138 721 2154 >³
739 2129 833 2162 Ergo,
857 2136 960 2156 secun-

181 2175 254 2202 dum
270 2174 469 2202 diversitatem
484 2174 729 2210 concupiscentiae
749 2175 809 2202 sive
830 2175 960 2209 amoris,

180 2221 233 2249 erit
248 2220 401 2249 diversitas
416 2220 594 2248 intentionis.
612 2221 694 2249 Unde
708 2221 875 2249 Bernardus
887 2243 895 2256 ,
912 2230 960 2250 su-

179 2276 234 2304 per
255 2268 383 2300 Cantica,
405 2268 534 2295 ostendit
543 2267 564 2303 '‘,
584 2268 669 2304 quod
689 2269 713 2296 si
735 2277 839 2297 amans
862 2269 959 2304 turpia

180 2315 309 2351 appetit,
332 2314 421 2342 etiam
441 2314 564 2342 intentio
584 2315 678 2351 turpis
698 2315 770 2350 erit,
796 2317 824 2343 θῖ
844 2315 959 2343 foedans

180 2361 286 2390 faciem
302 2362 408 2390 animae
423 2361 472 2389 vel
487 2362 604 2398 spiritus
616 2372 624 2397 3
645 2364 673 2390 et
683 2362 707 2390 si
721 2362 854 2397 honesta,
872 2363 959 2391 etiam

61 2419 158 2439 Diversi.
180 2408 303 2436 intentio
322 2408 447 2436 honesta
471 2408 534 2436 erit.
557 2409 639 2436 Unde
659 2409 826 2437 Bernardus
846 2410 959 2438 ibidem

61 2451 165 2502 50⁶3&ss-
182 2455 321 2483 describit
335 2455 466 2484 diversas
479 2455 670 2490 intentiones,
685 2456 851 2485 secundum
864 2456 960 2485 diver-

60 2513 168 2538 nesjuxta
181 2509 228 2529 sas
243 2501 423 2530 affectiones.

62 2544 156 2595 dgteerrff-
216 2548 314 2576 Primo
328 2557 410 2584 ergo,
426 2550 591 2579 secundum
606 2551 801 2586 Bernardum,
821 2553 864 2580 est
876 2560 958 2588 quee-

60 2606 152 2627 effectio<
182 2594 252 2622 dam
262 2594 385 2623 intentio
398 2604 535 2632 perversa
547 2599 575 2624 et
588 2597 700 2633 iniqua,
712 2600 745 2626 ut
754 2599 805 2627 illa
816 2607 881 2635 quae
893 2607 959 2634 pro-

60 2643 122 2658 num.
182 2640 260 2670 cedit
278 2649 314 2669 ex
327 2641 480 2671 voluntate
504 2644 640 2672 affectata
654 2645 821 2680 carnaliter,
844 2646 906 2674 sive
922 2654 958 2674 ex

215 2705 220 2718 ¹
242 2704 328 2735 Greg„
351 2704 457 2732 Μοναί..
480 2706 523 2731 lib.
541 2707 653 2738 xxvm,
669 2715 692 2731 c.
708 2714 742 2738 Vl,
758 2711 816 2739 post
840 2710 908 2733 mod.
929 2723 955 2727 —

183 2741 265 2770 ΗΑΛ,
279 2747 314 2771 xi,
325 2741 400 2764 36.—
410 2741 420 2757 ³
431 2741 506 2772 Hug,
520 2742 683 2773 deA1·c.Noe‚
698 2744 740 2768 lib.
754 2745 773 2776 l,
786 2745 812 2768 in
825 2745 957 2776 prolog.—

1749 277 1810 308 405

1027 348 1130 369 amore
1145 341 1268 376 carnali,
1279 342 1403 370 tendens
1417 343 1457 371 ad
1472 342 1566 371 finem
1578 343 1631 380 qui
1645 343 1810 372 contrarius

1027 388 1071 416 est
1079 387 1185 416 ultimo
1195 388 1247 417 fini
1259 390 1286 417 et
1296 391 1416 425 aeterno,
1430 392 1462 418 ut
1476 391 1519 418 est
1533 390 1656 419 intentio
1668 390 1789 419 illorum
1799 391 1810 408 ⁸

1026 436 1075 471 qui
1094 437 1202 463 terrena
1215 438 1345 472 sapiunt,
1362 445 1474 472 quorum
1491 437 1560 465 Deus
1574 440 1666 465 venter
1689 441 1740 471 est,
1757 438 1810 475 qui

1026 481 1185 510 intendunt
1200 483 1286 518 guloe,
1300 485 1332 511 ut
1346 483 1441 519 magis
1450 484 1564 520 possint
1578 492 1712 512 exercere
1727 487 1809 513 actus

1026 528 1162 558 luxurioe.
1174 530 1249 558 Talis
1264 530 1387 559 intentio
1404 532 1446 559 est
1462 531 1678 559 obstinatorum
1694 532 1724 559 in
1738 533 1809 559 tem-

1025 576 1177 613 poralium
1192 585 1305 605 amore.
1322 577 1403 605 Unde
1418 578 1584 606 Bernardus
1594 578 1706 606 ibidem
1720 578 1807 606 dicit:

1029 634 1042 648 ι(
1057 623 1188 652 Tendere
1203 632 1265 652 non
1279 625 1309 652 in
1325 626 1428 659 Deum,
1445 625 1498 653 sed
1509 625 1540 652 in
1551 625 1704 660 saeculum,
1721 634 1809 654 saecu-

1025 670 1096 698 laris
1114 671 1221 699 animae
1234 673 1285 706 θεῖ,
1299 673 1331 700 ut
1346 672 1459 700 dictum
1474 673 1526 706 cst,
1548 674 1575 700 et
1585 672 1675 700 habet
1689 672 1754 700 talis
1767 672 1809 701 fa-

1025 717 1101 745 ciem
1115 717 1333 747 foetidissimam
1344 719 1447 747 foetore
1459 719 1582 755 peccati.
1598 729 1611 746 »

1060 765 1198 794 Secundo
1214 768 1257 794 est
1270 766 1394 795 intentio
1408 767 1547 803 quaedam
1561 767 1630 795 ficta
1645 767 1810 801 etfalsa‚ut

1025 820 1092 849 quse
1103 813 1239 849 procedit
1248 822 1285 841 ex
1298 814 1450 842 voluntate
1462 814 1608 849 affectata,
1626 815 1808 843 mendaciter

1025 860 1149 888 tendens
1171 860 1203 888 in
1222 862 1328 896 Deum,
1345 863 1524 898 apparenter
1548 864 1576 890 et
1591 862 1680 897 false,
1700 864 1727 890 et
1740 863 1809 897 [non

1024 915 1101 941 vere,
1119 907 1190 943 quia
1204 911 1326 944 propter
1340 908 1474 937 favorem
1489 909 1666 943 hominum3
1686 909 1723 937 de
1747 917 1808 945 qua

1025 954 1096 982 dicit
1116 955 1282 982 Ber-nardus
1306 955 1420 983 ibidem
1444 964 1451 983 :
1477 966 1489 981 (ι
1511 955 1642 984 Tendere
1663 956 1750 992 quasi
1775 956 1807 984 in

1024 1002 1127 1037 Deum,
1143 1001 1197 1029 sed
1211 1010 1273 1030 non
1287 1004 1408 1038 propter
1422 1004 1525 1037 Deum,
1540 1002 1704 1039 hypocritae
1718 1003 1807 1039 plane

1025 1048 1131 1076 animae
1155 1050 1198 1076 θεῖ
1207 1069 1217 1083 ,
1242 1057 1363 1077 omnem
1387 1049 1526 1077 decorem
1543 1050 1651 1078 animae
1672 1050 1806 1078 extermi-

1023 1095 1130 1130 nantis,
1148 1097 1176 1123 et
1189 1097 1281 1123 totam
1295 1095 1380 1124 illam
1393 1095 1531 1125 foedantis
1545 1100 1668 1133 propter
1681 1098 1806 1134 turpitu-

1024 1142 1125 1170 dinem
1140 1143 1315 1179 hypocrisis.
1334 1154 1347 1169 »

1059 1190 1153 1218 Tertio
1170 1190 1292 1218 intentio
1313 1191 1452 1227 quaedam
1472 1193 1514 1220 est
1535 1191 1660 1228 obliqua
1681 1193 1710 1220 et
1728 1200 1806 1221 mer-

1022 1237 1149 1272 cenaria,
1165 1239 1197 1265 ut
1210 1246 1276 1274 quae
1285 1239 1421 1274 procedit
1436 1247 1471 1267 ex
1486 1239 1639 1267 voluntate
1656 1240 1804 1276 affectata,

1021 1284 1249 1321 pusillanimiter
1273 1285 1397 1313 tendens
1415 1286 1445 1313 in
1467 1288 1574 1322 Deum,
1597 1294 1659 1315 non
1682 1288 1805 1323 propter

1021 1333 1123 1367 Deum,
1148 1332 1202 1360 sed
1224 1333 1347 1368 propter
1368 1333 1521 1369 praesentis
1544 1333 1611 1362 vitae
1625 1333 1802 1369 necessaria,

1021 1386 1058 1406 ex
1073 1387 1133 1414 qua
1146 1381 1318 1407 recurvatur
1337 1380 1376 1407 ad
1391 1388 1431 1408 εθ.
1453 1380 1535 1408 Unde
1550 1381 1735 1409 mercenaria
1749 1383 1801 1417 θεῖ,

1021 1426 1092 1462 quia
1105 1426 1183 1453 veris
1201 1426 1269 1453 filiis
1283 1434 1345 1454 non
1361 1427 1508 1462 convenit,
1525 1429 1557 1456 ut
1575 1429 1656 1464 patet
1667 1436 1720 1464 per
1733 1429 1802 1456 Am-

1019 1473 1165 1508 brosium,
1183 1473 1235 1509 qui
1249 1473 1319 1501 dicit
1333 1474 1364 1501 in
1380 1474 1482 1502 Glossa
1496 1476 1574 1508 Luc„
1585 1483 1634 1509 xv,
1651 1475 1693 1502 sic
1707 1485 1713 1503 z
1730 1484 1744 1501 «
1759 1475 1802 1503 Fi-

1019 1520 1076 1548 lius
1092 1521 1143 1556 qui
1158 1520 1249 1548 habet
1273 1521 1364 1549 sancti
1380 1521 1503 1557 Spiritus
1517 1521 1636 1557 pignus,
1659 1522 1691 1549 in
1710 1521 1800 1550 corde

1018 1566 1166 1594 saecularis
1176 1567 1321 1595 mercedis
1335 1567 1419 1596 lucra
1429 1576 1490 1596 non
1501 1569 1617 1604 quaerit,
1635 1568 1687 1596 sed
1702 1570 1800 1597 servat

1015 1613 1064 1648 jus
1078 1613 1232 1641 heredis.»
1247 1615 1285 1642 De
1300 1614 1355 1641 hac
1371 1614 1533 1642 intentione
1549 1615 1619 1643 dicit
1634 1615 1799 1643 Bernardus

1017 1659 1132 1688 ibidem
1148 1661 1157 1677 ‘³
1173 1669 1180 1688 :
1200 1671 1212 1686 «
1233 1660 1261 1689 Si
1276 1663 1375 1689 autem
1396 1661 1518 1690 intentio
1535 1662 1651 1696 solum,
1672 1662 1720 1690 vel
1735 1671 1799 1691 ma-

1017 1707 1108 1742 xime,
1123 1707 1163 1736 ob
1179 1708 1245 1736 vitae
1261 1708 1411 1744 praesentis
1426 1709 1592 1737 necessaria
1605 1717 1635 1737 se
1652 1709 1691 1736 ad
1706 1711 1798 1737 Deum

1018 1755 1172 1790 convertit,
1186 1763 1247 1782 non
1258 1755 1381 1791 quidem
1394 1755 1463 1783 faece
1474 1756 1641 1792 hypocrisis
1651 1756 1796 1790 foetidam,

1015 1802 1265 1838 pusillanimitatis
1285 1804 1385 1831 tamen
1403 1803 1475 1831 vitio
1495 1803 1622 1831 dicimus
1637 1803 1797 1831 obscuram

1017 1851 1045 1877 et
1058 1849 1156 1877 minus
1172 1852 1335 1885 acceptam,
1351 1858 1386 1877 eo
1403 1850 1486 1886 quod
1508 1858 1570 1878 non
1585 1851 1689 1886 quaerit
1705 1852 1796 1879 Deum

1015 1899 1136 1932 propter
1146 1904 1186 1924 se.
1198 1906 1212 1922 »
1225 1897 1294 1924 Ideo
1307 1897 1450 1932 praedicta
1464 1897 1631 1926 triaitinera
1640 1899 1708 1925 sunt
1720 1897 1796 1926 obli-

1016 1952 1076 1980 qua
1091 1946 1119 1971 et
1132 1944 1317 1979 temporalia,
1333 1952 1395 1971 non
1410 1946 1530 1972 [eterna.

1052 1991 1162 2023 Quarto
1178 1991 1315 2026 quiedam
1330 1991 1452 2018 intentio
1469 1994 1511 2018 θεῖ
1525 1992 1614 2025 recta,
1630 2000 1695 2027 quae
1712 1993 1753 2019 θεῖ
1768 1994 1795 2019 θῖ

1014 2038 1136 2072 propter
1155 2038 1248 2064 Deum
1267 2037 1480 2073 principaliter,
1505 2039 1532 2065 et
1554 2041 1675 2074 propter
1696 2038 1795 2074 ipsum

1015 2083 1138 2117 directa;
1155 2092 1220 2119 qua?
1234 2086 1276 2111 est
1288 2087 1406 2111 actuum
1420 2084 1572 2112 bonorum
1587 2094 1593 2112 :
1610 2087 1636 2112 et
1651 2085 1713 2112 haec
1726 2093 1794 2120 pro-

1016 2130 1093 2157 cedit
1108 2138 1143 2157 ex
1165 2130 1315 2158 voluntate
1332 2130 1467 2158 affectata
1486 2131 1685 2167 spiritualiter,
1702 2132 1732 2159 id
1752 2134 1795 2159 est

1015 2179 1086 2204 aestu
1101 2176 1195 2204 divini
1217 2177 1327 2204 amoris
1348 2177 1497 2206 calefacta.
1516 2179 1585 2212 Quae
1601 2179 1737 2207 voluntas
1752 2179 1794 2207 sic

1015 2225 1152 2257 aestuans,
1168 2224 1361 2251 intentionem
1381 2224 1420 2251 ad
1437 2225 1678 2253 consecutionem
1693 2226 1792 2253 {eterni

1014 2270 1082 2298 finis
1093 2270 1249 2298 desiderati
1262 2271 1415 2307 operando
1426 2272 1561 2308 impellit,
1572 2272 1792 2309 liquefaciendo

1014 2317 1045 2345 in
1067 2319 1159 2345 Deum
1182 2318 1296 2353 dirigit,
1311 2326 1366 2346 nec
1385 2326 1451 2346 eam
1470 2319 1587 2354 sistere,
1607 2320 1663 2347 nisi
1687 2320 1718 2347 in
1734 2321 1792 2347 Deo

1014 2365 1122 2393 aeterno
1133 2365 1208 2392 sinit.
1217 2365 1297 2393 Unde
1308 2366 1457 2401 Origenes,
1467 2375 1555 2402 super
1567 2367 1691 2400 Cantica,
1703 2367 1773 2394 dicit
1785 2376 1791 2394 :

1018 2421 1032 2439 a
1046 2412 1100 2446 Qui
1115 2415 1215 2440 sancto
1235 2412 1384 2441 desiderio
1399 2413 1477 2440 intus
1491 2414 1602 2448 aestuat,
1619 2414 1658 2442 ad
1673 2414 1792 2449 quodli-
1840 2420 1843 2422 '

1014 2459 1064 2487 bet
1078 2467 1153 2495 opus
1172 2459 1288 2488 bouum
1306 2460 1414 2487 habilis
1439 2460 1603 2495 invenitur,
1628 2460 1698 2496 quia
1719 2460 1793 2488 nihil

1015 2505 1082 2533 duri
1094 2507 1125 2533 in
1140 2507 1241 2541 corde,
1256 2506 1288 2534 id
1304 2508 1346 2534 θεῖ
1361 2507 1392 2534 in
1407 2508 1569 2535 intentione
1585 2509 1691 2543 portat,
1709 2507 1793 2542 quod

1014 2560 1074 2580 non
1088 2552 1203 2581 fervore
1225 2554 1373 2581 aestuantis
1389 2554 1528 2582 desiderii
1544 2554 1574 2581 in
1590 2556 1681 2581 Deum
1696 2553 1791 2589 lique—

1014 2601 1083 2628 scat.
1105 2610 1119 2626 »
1140 2602 1204 2628 Haec
1227 2601 1375 2635 Origenes.
1393 2602 1455 2629 llaec
1477 2603 1575 2629 tamen
1590 2600 1711 2628 intentio
1727 2609 1794 2636 per·

1013 2646 1120 2675 fectum
1145 2647 1283 2675 decorem
1306 2655 1368 2675 non
1389 2648 1479 2676 habet
1498 2656 1551 2684 per
1575 2648 1690 2683 omnia,
1717 2648 1790 2684 quia

1012 2710 1117 2741 ⁴Bern.,
1139 2711 1165 2735 in
1185 2711 1270 2741 Cant„
1288 2717 1365 2735 serm.
1385 2717 1427 2736 XL.
1443 2724 1473 2729 —-
1490 2711 1499 2727 ⁵
1514 2710 1619 2742 Plu‘lip.,
1640 2716 1679 2741 111,
1707 2712 1744 2736 19.
1764 2723 1793 2728 —

1014 2746 1022 2759 ⁸
1037 2747 1124 2777 Rern„
1135 2747 1180 2771 ubi
1193 2754 1249 2778 sup.
1265 2747 1390 2778 proxime.
