2004 3037
625 154 675 187 DE
697 152 859 186 ULTIMIS
881 145 1146 186 TEMPomBUS.
1171 153 1258 186 CAP.
1282 154 1374 187 ΧΧΠ.

192 221 317 251 infinita.
343 223 491 259 Septima,
517 222 588 260 quia
611 221 768 251 damnatus
791 221 828 250 de
850 222 972 258 peccato

192 271 360 305 perpetrato
381 277 537 307 nunquam
559 269 682 299 habebit
701 276 804 297 veram
828 267 973 304 poeniten·

192 316 285 344 tiam:
308 317 376 346 ideo
399 319 474 346 Deus
495 324 650 354 nunquam
670 315 797 344 mutabit
810 315 973 351 punitionis

192 362 272 391 illius
286 364 469 392 sententiam.
487 365 610 398 Octava,
626 363 698 400 quia
711 363 864 399 peccatum
880 369 898 390 a
911 362 973 390 vita

192 413 333 447 poi-petua
345 413 481 448 separat,
502 410 613 439 scilicet
626 418 644 438 a
659 411 717 438 Deo
732 419 738 438 :
761 409 830 437 ideo
845 410 972 437 mortem

192 460 368 494 perpetuam
383 459 520 494 peccator
533 457 664 485 incurrit.

229 506 295 533 Post
315 505 443 533 rationes
471 503 612 532 inducam
641 503 780 540 exempla
804 503 841 532 de
865 503 972 532 eadem

194 551 327 580 materia.
339 551 479 580 Videmus
493 551 573 579 enim
587 551 670 587 quod
683 551 795 587 emptio
809 551 974 578 momenta-

193 606 249 627 nea
264 597 315 626 dat
326 598 375 634 jus
389 597 563 634 possidendi
576 600 764 634 perpetuum.
781 599 852 626 ltem
867 597 972 625 vulne-

183 645 267 684 -ratio
281 646 490 673 momentanea
501 644 552 673 dat
561 647 688 673 mortem
702 645 888 681 perpetuam.
902 646 973 673 ltem

195 700 279 720 casus
301 691 331 720 in
351 691 472 720 foveam
493 691 664 728 temporalis
679 693 739 725 est,
761 690 890 719 detentio
905 699 973 728 per-

193 741 291 775 petua.
316 740 387 767 ltem
407 739 518 767 crimen
538 739 613 766 laesae
634 738 793 774 majestatis
809 737 973 774 temporale

195 788 237 814 est
248 808 256 821 ,
280 786 404 814 servitus
428 787 579 823 perpetua.
604 787 675 814 ltem
693 785 783 821 plaga
800 784 973 821 temporalis

196 834 255 867 est,
269 832 347 860 livor
360 833 530 869 perpetuus.

232 879 378 913 Quoniam
397 879 427 907 in
448 881 568 915 peccato
584 880 626 906 cst
641 878 796 907 delectatio
816 886 884 906 cum
904 886 975 906 con-

197 927 309 962 temptu
325 926 391 960 Dei,
406 925 511 954 merito
526 925 724 962 praecipitatur
734 927 873 961 peccator
887 925 917 953 in
932 925 975 953 lo-

197 981 265 1001 cum
278 972 416 1000 infimum
431 974 459 1000 et
473 972 644 1008 despectum
655 993 664 1006 ,
680 974 708 1000 et
722 972 851 1000 maxime
867 980 884 1000 a
898 973 974 1000 statu

197 1019 299 1054 gloriae
313 1019 362 1047 Dei
378 1019 560 1055 elongatum,
575 1019 685 1047 scilicet
699 1019 730 1047 in
741 1019 905 1054 infernum,
921 1020 974 1048 ubi

196 1074 214 1093 a
237 1065 382 1102 despectis
404 1066 494 1094 rebus
514 1066 664 1102 puniatur,
686 1066 797 1094 scillcet
816 1074 833 1094 a
853 1066 974 1094 faecihus

195 1120 356 1150 corporum
375 1113 618 1148 mundanorum,
641 1113 712 1149 quia
732 1113 763 1140 in
781 1113 974 1141 innovatione

195 1160 298 1188 mundi
316 1160 464 1196 quidquid
479 1162 522 1188 est
534 1160 668 1195 ignobile
682 1160 714 1188 in
729 1160 842 1188 mundo
853 1182 862 1195 ,
878 1160 918 1188 ad
932 1160 975 1188 lo—

196 1215 264 1235 cum
278 1215 435 1243 poenarum
448 1206 568 1243 defluet,
583 1209 611 1235 et
624 1207 667 1235 ibi
678 1207 834 1235 horrorem
850 1207 975 1236 carceris

195 1254 415 1291 multiplicabit.

448 1350 590 1384 CAPUT
613 1350 720 1383 XXII.

393 1423 430 1449 De
450 1422 607 1450 diversitate
625 1423 778 1449 Poenarum.

233 1492 305 1519 Cum
326 1490 357 1518 in
377 1491 523 1519 damnatis
542 1491 578 1518 sit
597 1491 751 1519 diversitas
765 1493 973 1527 peccatorum,

197 1538 251 1566 erit
260 1540 288 1566 et
299 1537 452 1566 diversitas
461 1546 628 1574 poenarum.
642 1538 723 1566 Unde
731 1546 800 1566 cum
811 1538 840 1566 in
852 1540 974 1575 peccato

196 1584 232 1612 sit
247 1584 361 1612 aversio
378 1593 395 1612 a
409 1586 545 1612 Creatore
558 1606 565 1619 ,
588 1586 616 1612 et
635 1585 789 1613 conversio
807 1585 846 1613 ad
860 1585 976 1613 bonum

197 1631 408 1659 commutabile
420 1653 428 1666 ,
449 1633 476 1659 et
495 1631 683 1659 deordinatio
699 1631 858 1660 voluntatis
874 1634 976 1660 contra

197 1677 344 1706 dictamen
354 1678 486 1713 rationis,
498 1678 603 1706 merito
614 1686 703 1715 poena
714 1679 878 1707 variabitur
887 1687 977 1715 prop-

195 1727 239 1753 ter
252 1725 318 1753 ista.
335 1725 417 1753 Unde
436 1728 557 1761 propter
572 1725 758 1753 aversionem
778 1726 832 1753 erit
847 1726 976 1754 carentia

195 1772 317 1800 visionis
332 1772 440 1799 divinae
451 1793 460 1807 ‚
477 1772 530 1800 sed
544 1774 666 1808 propter
681 1773 908 1801 conversionem
923 1774 977 1801 erit

195 1827 285 1854 poena
299 1819 458 1847 materialis
475 1819 605 1846 incendii
615 1829 622 1855 ς
640 1822 761 1856 propter
777 1820 976 1849 deordinatio-

197 1873 265 1893 nem
294 1868 392 1894 autem
412 1866 534 1894 rationis
566 1868 593 1894 et
623 1866 783 1894 voluntatis
812 1867 865 1895 erit
889 1876 977 1904 poena

197 1912 390 1945 universalis,
418 1922 483 1949 quae
503 1913 634 1941 consistit
655 1913 685 1941 in
705 1913 864 1942 afflictione
879 1915 976 1950 varia,

198 1959 321 1993 acerba,
338 1962 365 1987 et
378 1961 495 1987 aeterna.

234 2005 311 2041 Ignis
331 2008 430 2034 autem
451 2006 602 2033 infernalis
621 2015 682 2034 non
702 2015 806 2035 omnes
825 2008 977 2043 aequaliter

199 2052 357 2088 cruciabit,
373 2053 426 2080 sed
442 2053 480 2080 ab
496 2053 604 2080 eodem
618 2054 685 2088 igne
701 2054 751 2080 alii
765 2054 844 2089 plus,
860 2055 910 2082 alii
925 2055 978 2082 mi-

198 2107 253 2127 nus
268 2099 495 2135 torquebuntur,
513 2099 677 2127 secundum
691 2100 773 2136 quod
785 2100 852 2136 plus
864 2103 914 2128 aut
925 2102 978 2128 mi-

197 2154 253 2174 nus
276 2149 493 2182 peecaverunt,
518 2146 593 2174 sicut
616 2147 654 2174 ab
677 2147 784 2175 eodem
805 2147 873 2183 igne
895 2147 978 2176 aliter

197 2193 291 2221 uritur
305 2194 394 2230 palea
404 2215 414 2228 ,
431 2195 459 2221 et
473 2194 557 2221 aliter
571 2193 698 2229 lignum.

234 2240 373 2274 Quamvis
394 2243 494 2268 autem
512 2240 588 2276 ignis
603 2240 653 2268 ille
668 2241 704 2268 sit
719 2248 881 2276 corporeus
892 2263 900 2276 ,
922 2250 977 2269 nee

198 2288 290 2324 possit
310 2296 397 2322 agere
413 2287 443 2315 in
462 2287 615 2323 spiritum,
637 2287 735 2323 ipsum
757 2288 976 2324 calefaciendo;

199 2335 258 2370 agit
272 2337 369 2363 tamen
385 2334 415 2362 in
430 2335 529 2370 ipsum
540 2336 559 2369 ²,
582 2336 614 2361 ut
629 2334 855 2362 instrumentum
871 2335 978 2363 divinae

195 2382 322 2416 justitiae,
339 2382 437 2417 ipsum
458 2380 596 2409 laedendo
611 2391 617 2408 z
634 2383 661 2408 et
672 2381 721 2409 ille
735 2381 821 2409 dolor
834 2384 876 2409 est
887 2383 978 2410 maxi-

199 2436 265 2456 mus
275 2450 284 2464 ,
301 2430 364 2456 tum
379 2430 498 2464 propter
512 2427 676 2464 potentiam
690 2427 798 2456 divinae
812 2436 918 2457 manus
932 2429 978 2466 ip-

233 2515 240 2531 ¹
257 2515 324 2545 Luc„
339 2521 393 2544 xvi,
408 2516 491 2539 21η-
505 2516 513 2529 ²
531 2515 603 2544 ibid„
620 2516 659 2539 23.
674 2527 699 2532 —<
717 2515 727 2531 ³
742 2516 844 2546 Metilii,
862 2522 921 2546 xm,
937 2517 976 2541 42.

182 2554 231 2567 ”-
246 2549 254 2564 ⁴
272 2551 330 2581 1su.,
349 2557 419 2581 vai,
435 2552 474 2575 24.
489 2564 519 2569 —
537 2551 546 2567 ὃ
571 2551 626 2575 Υῑᾱ.
645 2558 713 2582 sup..
733 2550 777 2576 111).
802 2552 844 2582 lV,
867 2560 890 2576 6.
910 2558 978 2583 xxix,

202 2591 227 2615 p.
248 2587 303 2609 1ὓὸ-
323 2599 354 2604 -
376 2587 386 2601 ⁵
404 2587 463 2615 1511„
486 2592 554 2616 xxx,
576 2588 613 2611 14,
629 2600 657 2605 —
674 2588 682 2601 ⁷
700 2588 801 2616 Jerem„
818 2594 878 2619 xm,
894 2589 933 2612 20.
948 2601 978 2607 —

202 2619 213 2637 ⁸
228 2620 328 2651 Manli„
343 2627 409 2651 xx11,
427 2623 464 2646 13.
477 2635 509 2640 —
520 2624 529 2637 Β
544 2623 627 2652 Pron„
641 2627 695 2653 xm,
712 2623 750 2646 20.

1749 155 1809 190 239

1030 228 1096 250 sum
1111 221 1211 257 ignem
1225 223 1373 252 moventis
1384 245 1393 259 ‚
1414 225 1476 252 tum
1498 225 1622 262 propter
1635 225 1812 256 sensibilita-

1030 269 1090 296 tem
1103 268 1253 305 patientis,
1267 271 1329 298 tum
1342 273 1463 308 propter
1475 271 1730 302 immediationem
1741 281 1812 303 con-

1027 315 1201 350 junctionis.

1065 362 1201 391 infernus
1218 366 1260 392 est
1274 364 1359 392 locus
1380 365 1572 402 tenebrosus,
1597 375 1665 396 cum
1679 368 1715 396 sit
1727 368 1812 397 locus

1027 408 1154 444 justitiae.
1189 411 1299 439 Lumen
1323 413 1421 440 autem
1432 433 1440 447 ‚
1465 421 1533 441 cum
1557 413 1593 442 sit
1616 414 1810 451 delectabile,

1029 457 1129 484 tamen
1153 457 1261 493 ingerit
1281 458 1428 487 tristitiam
1446 467 1500 496 per
1523 461 1678 497 accidens,
1701 462 1812 491 scilicet

1030 502 1060 531 in
1076 506 1222 540 quantum
1237 505 1364 533 ostendit
1383 506 1498 542 aliquid
1513 507 1601 536 triste.
1624 509 1706 537 Unde
1721 509 1751 537 in
1765 510 1811 538 in·

1029 549 1113 579 serno
1129 553 1172 578 est
1185 551 1300 588 aliquid
1316 552 1435 581 obscuri
1451 553 1581 590 luminis,
1601 563 1661 591 quo
1679 555 1811 586 damnati

1029 597 1132 626 videre
1147 598 1261 634 possint
1280 600 1360 628 unde
1381 600 1521 636 doleant,
1543 605 1571 630 et
1589 610 1651 631 non
1666 603 1746 631 unde
1760 603 1810 632 lae-

1030 645 1137 673 teritur.

1065 693 1196 729 Reprobi
1216 693 1338 722 videut’
1357 703 1451 732 usque
1471 696 1511 724 ad
1532 696 1611 724 diem
1624 697 1729 733 judicii
1745 699 1810 734 glo-

1030 739 1106 768 riam
1120 740 1279 768 beatorum
1300 742 1331 769 in
1351 742 1530 777 universali,
1549 751 1610 771 non
1629 744 1660 772 in
1680 745 1809 781 particu-

1029 786 1100 821 lari,
1117 787 1187 823 quia
1202 788 1304 816 vident
1319 797 1370 816 eos
1385 789 1414 816 in
1430 798 1540 825 magna
1555 791 1666 826 gloria,
1681 791 1733 819 sed
1748 800 1810 823 non

1030 833 1060 860 in
1077 833 1168 870 quali.
1192 835 1230 862 De
1248 834 1422 871 hujusmodi
1447 839 1546 865 autem
1561 837 1672 866 visione
1686 847 1748 867 non
1762 840 1810 867 lee-

1030 881 1141 915 tantur,
1166 881 1218 909 sed
1246 882 1405 918 tristantur,
1434 886 1497 911 tum
1521 887 1643 921 propter
1665 885 1811 915 iuvidiam

1031 927 1134 956 alienae
1148 928 1312 964 felicitatis,
1335 931 1397 957 tum
1417 933 1540 967 propter
1559 932 1720 961 carentiam
1739 942 1810 970 pro-

1030 974 1102 1010 prioe
1121 975 1320 1003 beatitudinis.
1344 978 1410 1004 Post
1425 977 1573 1013 judicium
1592 987 1663 1007 vero
1679 980 1717 1008 ad
1738 989 1810 1017 pro-

1030 1021 1110 1057 prias
1122 1030 1225 1058 poenas
1240 1023 1279 1050 ita
1294 1023 1464 1051 deflectetur
1479 1033 1583 1053 eorum
1599 1027 1809 1063 consideratio,

1032 1069 1115 1104 quod
1130 1069 1167 1097 de
1183 1071 1354 1098 sanctorum
1369 1071 1464 1105 gloria
1479 1080 1540 1099 non
1556 1073 1737 1108 cogitabunt.

1067 1117 1098 1143 ln
1121 1115 1269 1144 damnatis
1295 1117 1349 1145 erit
1369 1118 1476 1145 fletus³
1495 1119 1675 1156 spiritualis,
1700 1121 1811 1150 scilicet

1031 1162 1119 1190 dolor
1133 1162 1265 1197 interior,
1282 1166 1309 1192 et
1323 1173 1385 1192 non
1400 1165 1485 1193 fletus
1500 1167 1664 1203 corporalis
1675 1189 1684 1203 ,
1701 1168 1753 1204 qui
1769 1170 1812 1196 est

1030 1217 1098 1237 cum
1121 1211 1301 1239 resolutione
1329 1211 1530 1248 lacrymarum
1541 1233 1550 1246 ‚
1582 1214 1653 1250 qula
1680 1218 1810 1243 cessante

1031 1257 1097 1284 coeli
1111 1260 1212 1293 motu,
1227 1258 1383 1294 nullajam
1397 1259 1451 1287 erit
1463 1260 1613 1295 generatio
1626 1261 1673 1289 vel
1689 1270 1811 1298 corrup-

1031 1303 1081 1331 tio.
1104 1305 1216 1332 Vermis
1239 1308 1355 1338 autem,
1381 1314 1471 1342 quem
1496 1307 1637 1336 Dominus
1662 1308 1692 1336 in
1716 1309 1810 1337 1511111ι

1030 1351 1238 1386 comminatur,
1261 1360 1454 1389 nequaquam
1475 1355 1635 1383 materialis
1657 1357 1717 1391 est,
1739 1356 1810 1392 quia

1029 1397 1146 1426 nullum
1179 1399 1289 1427 animal
1319 1402 1424 1436 praeter
1448 1401 1602 1429 hominem
1632 1403 1808 1431 remanebit.

1031 1445 1089 1472 Erit
1104 1447 1202 1473 autem
1220 1446 1261 1474 ibi
1277 1447 1386 1475 vermis
1402 1448 1586 1476 conscientiae
1597 1470 1604 1483 ,
1624 1449 1734 1477 rodens
1749 1450 1811 1478 ani-

1031 1500 1111 1519 mam
1123 1514 1131 1527 ,
1153 1494 1180 1520 et
1199 1501 1260 1520 non
1280 1502 1398 1530 corpus.
1422 1497 1452 1522 ln
1475 1503 1592 1523 summo
1608 1495 1675 1524 loeo
1691 1496 1755 1525 sola
1770 1499 1812 1525 est

1031 1538 1148 1573 laetitia3
1170 1539 1201 1566 in
1222 1540 1289 1568 1060
1306 1540 1408 1568 infimo
1425 1541 1489 1569 sola
1504 1544 1546 1568 est
1559 1542 1690 1578 tristitia3
1706 1543 1735 1570 in
1750 1552 1812 1571 me-

1032 1585 1082 1613 dio
1094 1607 1102 1620 ,
1118 1586 1176 1614 hoc
1192 1589 1253 1621 est,
1278 1587 1308 1614 in
1327 1588 1441 1615 mundo
1454 1609 1462 1623 ,
1479 1588 1540 1616 haee
1556 1591 1623 1616 sunt
1638 1590 1729 1618 modo
1744 1598 1812 1626 per-

1032 1632 1133 1661 mixta.

1068 1681 1134 1707 Post
1150 1680 1229 1708 diem
1241 1681 1345 1715 judicii
1359 1682 1412 1709 tria
1423 1683 1631 1711 tantummodo
1647 1683 1714 1712 loca
1727 1687 1812 1713 erunt

1030 1726 1163 1754 habitata
1175 1749 1182 1761 ,
1204 1728 1313 1756 scilicet
1331 1728 1439 1756 coelum
1451 1751 1459 1764 ,
1479 1729 1611 1758 infernus
1622 1752 1631 1765 ,
1647 1733 1675 1759 et
1688 1731 1810 1760 limbus.

1032 1774 1108 1807 Quot
1122 1774 1179 1801 sint
1192 1774 1259 1802 loca
1271 1783 1438 1811 poenarum,
1453 1777 1571 1812 require
1586 1777 1616 1805 in
1631 1778 1710 1805 libro
1724 1786 1811 1814 quar-

1031 1823 1060 1848 to
1071 1843 1079 1855 ,
1099 1822 1137 1848 De
1150 1823 1284 1849 Descensu
1299 1823 1400 1850 Christi
1415 1823 1451 1850 acl
1465 1824 1566 1857 inferos
1577 1825 1596 1852 ⁵.

1067 1868 1137 1895 Octo
1153 1876 1261 1903 genera
1275 1877 1434 1904 poenarum
1449 1870 1478 1897 in
1493 1870 1609 1905 legibus
1622 1879 1683 1899 esse
1699 1872 1813 1908 scripsit

1031 1914 1141 1942 Tullius
1153 1936 1162 1949 ,
1181 1915 1291 1943 scilicet
1317 1915 1480 1951 damnum,
1504 1917 1624 1945 vincula
1635 1939 1644 1951 ,
1666 1918 1792 1946 verbera
1802 1939 1812 1953 ,

1032 1961 1173 1989 talionem
1184 1983 1192 1996 ,
1209 1962 1405 1997 ignominiam
1417 1985 1425 1998 ,
1442 1964 1580 1999 exilium,
1596 1967 1741 1999 moi-tem,
1754 1973 1814 1992 ser-

1031 2008 1165 2035 vitutem.
1182 2010 1244 2036 11666
1258 2010 1357 2037 omnia
1369 2012 1494 2045 possunt
1507 2011 1603 2046 poenis
1619 2011 1812 2039 infernalibus

1032 2055 1177 2090 adaptari.
1201 2055 1331 2083 Primum
1346 2059 1442 2091 patet,
1464 2058 1534 2092 quia
1554 2057 1685 2085 damuati
1707 2058 1812 2086 amise-

1032 2103 1099 2128 runt
1116 2102 1205 2128 Deum
1218 2123 1226 2135 ,
1247 2104 1275 2129 et
1295 2103 1396 2130 omnia
1411 2103 1491 2130 hona
1505 2106 1565 2131 tam
1581 2105 1697 2140 gratiae,
1720 2114 1812 2141 quam

1033 2148 1148 2183 gloriae,
1164 2157 1223 2176 non
1240 2149 1336 2176 solum
1352 2150 1382 2177 in
1397 2159 1438 2185 re,
1457 2151 1509 2179 sed
1524 2152 1612 2179 etiam
1627 2152 1656 2179 in
1672 2161 1734 2188 spe.
1749 2154 1812 2181 Non

1032 2195 1198 2223 remanebit
1221 2197 1326 2229 ⁶tesca,
1346 2199 1377 2224 ut
1397 2198 1544 2225 hauriatur
1564 2208 1661 2234 purum
1681 2208 1757 2235 aquoe
1780 2201 1813 2227 de

1032 2244 1129 2276 fovea,
1150 2242 1260 2270 seilicet
1280 2243 1388 2271 divinae
1404 2244 1630 2279 misericordiae,
1653 2249 1703 2274 aut
1721 2247 1813 2282 depor-

1033 2291 1103 2316 tetur
1117 2291 1252 2324 iynieulus
1264 2289 1299 2325 (a)
1318 2290 1349 2317 de
1364 2292 1499 2324 incendio,
1516 2292 1627 2319 scilicet
1641 2293 1787 2320 charitatis
1804 2302 1810 2320 :

1033 2336 1103 2371 quia
1113 2357 1122 2370 ,
1138 2336 1303 2364 secundum
1319 2338 1476 2365 Jcremiam
1489 2339 1509 2372 ⁷,
1526 2341 1637 2366 {rausi‘z'c
1651 2343 1741 2372 aestas,
1754 2348 1813 2366 con-

1032 2386 1165 2410 summata
1176 2387 1214 2410 est
1227 2385 1319 2410 messis
1330 2383 1378 2419 (b).
1396 2385 1433 2411 De
1447 2385 1577 2413 secundo
1589 2386 1599 2403 Β
1615 2395 1621 2413 :
1638 2387 1742 2420 Lz'qalis
1754 2394 1811 2413 ma-

1032 2431 1111 2458 nibus
1126 2434 1152 2458 et
1168 2431 1283 2466 pedibus
1295 2453 1303 2465 ,
1318 2433 1372 2458 etc.
1399 2433 1436 2459 De
1456 2433 1540 2460 tertio
1552 2434 1561 2450 ⁹
1575 2443 1581 2460 :
1608 2435 1702 2461 Mallei
1715 2442 1812 2468 percu-

1034 2480 1128 2507 tientes
1143 2481 1289 2514 impiorum
1305 2482 1468 2515 corporibus.
1486 2481 1565 2509 Istud
1580 2484 1677 2509 autem
1693 2489 1755 2508 non
1769 2481 1813 2509 in-

1032 2525 1171 2561 telligitur
1190 2526 1227 2554 de
1245 2526 1362 2554 malleis
1385 2527 1608 2562 materialibus,
1632 2528 1685 2555 sed
1708 2527 1745 2555 de
1767 2528 1812 2556 dj-

1064 2590 1097 2620 (u)
1115 2589 1188 2620 Vulg.
1208 2591 1322 2620 pos-(etur
1342 2590 1416 2620 J'qm's.
1435 2604 1465 2609 —
1482 2591 1516 2621 (b)
1539 2591 1612 2622 Yulg.
1634 2592 1736 2615 transiit
1753 2598 1812 2616 „235-

1033 2625 1079 2653 είς,
1090 2625 1163 2656 fitilla
1181 2627 1217 2648 est
1231 2626 1313 2648 oeslus.
