2004 3037
878 211 955 245 CAP

165 285 286 322 copiose
309 283 428 321 docuit,
452 284 624 314 consolatus
647 283 706 318 est,
732 282 762 311 et
783 279 946 311 roboravit.

167 332 244 366 Act„
258 339 290 361 11.

202 379 284 408 Felix
306 379 413 408 Paulus
436 379 526 409 etiam
543 378 576 408 in
595 377 653 407 hac
677 377 754 412 vita,
771 376 824 414 qui
848 382 949 404 secure

168 426 296 463 dicebat,
310 428 331 456 ll
342 428 414 462 Cor„
428 435 449 462 1,
461 429 476 455 5
489 436 496 456 ε
510 436 525 454 «
537 426 616 455 Sicut
629 424 785 454 abundant
798 423 951 460 passiones

168 473 271 502 Christi
292 473 321 502 in
346 474 450 509 nobis,
469 475 509 503 ita
529 476 557 502 et
575 481 629 510 per
648 472 793 500 Christum
816 470 951 498 abundat

169 521 334 550 consolatio
354 523 472 557 nostra;
487 530 502 547 x>
518 522 547 549 et
564 528 621 554 vn,
636 521 652 547 4
669 527 676 547 :
696 528 710 545 «
723 518 862 555 Repletus
885 526 951 546 sum

169 568 392 604 consolatione,
419 567 635 604 superabundo
669 566 780 603 gaudio
810 565 842 594 in
869 564 952 594 omni

169 614 360 644 tribulatione
374 617 484 643 vestra.
501 625 516 642 »

206 662 333 691 Ecclesia
345 662 477 690 habebat
491 669 608 699 pacem,
624 662 653 690 et
667 660 871 689 aedificabatur
886 668 951 688 am-

169 709 278 738 bulans
292 710 322 737 in
337 709 443 737 timore
459 709 587 744 Domini,
598 710 625 737 et
639 708 845 738 consolatione
856 707 953 737 Sancti

171 756 293 794 Spiritus
311 757 491 793 replebatur.
508 757 584 791 Act„
599 764 639 785 rx.

207 805 290 832 Petro
299 804 330 832 in
340 812 457 832 carcere
467 804 590 832 Herodis
596 804 707 838 vineto,
716 804 820 831 etcum
831 803 955 839 diligen-

172 851 212 880 tia
227 852 384 887 custodito,
395 852 474 880 misit
483 852 628 887 Angelum
639 859 736 886 suum,
748 851 800 888 qui
816 851 852 879 de
863 859 956 879 manu

172 899 296 927 Herodis
313 901 342 927 et
361 899 534 928 ,ludaeorum
554 899 692 927 liberavit
715 907 793 927 eum.
811 900 888 934 Act.,
903 907 954 927 xn.

209 946 301 975 Paulo
315 947 343 975 et
358 946 418 976 Sila
433 947 496 982 ejus
511 946 592 975 socio
612 946 804 974 laudantibus
818 947 911 975 Deum
925 947 956 975 in

174 1001 291 1022 carcere
304 994 336 1022 in
352 994 453 1022 media
466 997 563 1029 nocte,
575 994 674 1022 subito
689 996 771 1022 terrae
785 996 883 1022 motus
897 994 958 1022 fac—

174 1043 220 1070 tus
235 1042 279 1069 est
299 1049 443 1077 magnus,
460 1043 488 1069 et
502 1043 604 1077 aperta
622 1043 690 1069 sunt
711 1041 830 1077 omnia,
847 1043 876 1070 et
890 1042 956 1070 uni-

173 1095 331 1116 versorum
343 1087 465 1116 vincula
479 1089 548 1115 sunt
559 1087 667 1116 soluta.
682 1088 757 1123 Act„
774 1096 830 1117 xv1.

211 1135 287 1163 Dixit
314 1135 456 1163 Dominus
484 1137 571 1164 nocte
598 1143 653 1171 per
678 1135 826 1164 visionem
849 1136 958 1171 Paulo,

176 1191 245 1211 cum
255 1183 429 1219 praedicaret
439 1182 593 1211 Corinthiis
606 1192 612 1211 :
627 1183 716 1211 «Noli
727 1183 840 1218 timere,
852 1183 905 1211 sed
916 1183 958 1212 lo-

177 1238 279 1266 quere,
289 1231 360 1258 etne
369 1232 466 1258 taceas
472 1240 480 1266 ς
490 1231 612 1266 propter
619 1230 703 1266 quod
710 1238 767 1266 ego
775 1232 873 1258 tecum
881 1238 958 1266 sum,

177 1280 205 1307 et
224 1286 314 1306 nemo
328 1279 513 1314 apponetur,
528 1279 561 1306 ut
575 1279 682 1306 noceat
700 1280 738 1306 te.
753 1288 767 1305 1)
785 1278 859 1314 Act„
875 1286 957 1307 xv111.

213 1327 286 1353 Cum
304 1327 379 1353 esset
394 1324 502 1353 Paulus
522 1324 554 1352 in
574 1325 709 1353 custodia
729 1324 844 1353 Claudii
868 1325 959 1362 Lysiae

175 1371 285 1400 tribuni
318 1371 471 1407 detentus,
495 1373 581 1400 nocte
605 1373 742 1400 assistens
766 1373 792 1400 ei
817 1373 959 1401 Dominus

174 1418 236 1447 ait:
255 1420 427 1447 «Constans
450 1421 522 1454 esto,
547 1419 648 1455 Paule,
664 1420 740 1448 sicut
759 1420 840 1448 enim
858 1420 959 1448 testifi—

174 1468 255 1494 catus
276 1475 307 1494 es
326 1466 363 1494 de
383 1475 430 1494 me
451 1467 483 1495 in
506 1467 704 1503 Hierusalem,
728 1468 770 1495 sic
791 1469 908 1504 oportet
930 1469 959 1496 te

172 1514 274 1542 Romae
288 1514 445 1542 testificari.
461 1523 476 1541 »
493 1514 571 1549 Act„
587 1522 672 1543 xxm.

209 1562 284 1590 Cum
301 1561 406 1589 beatus
420 1562 548 1589 ioannes
564 1560 723 1597 Apostolus
739 1563 814 1589 esset
829 1562 861 1589 in
875 1562 960 1590 Path-

174 1615 225 1636 mo
250 1607 348 1636 insula
375 1607 542 1643 relegatus,
567 1607 670 1636 divina
697 1608 878 1637 revelatione
905 1609 961 1639 fuit

174 1654 375 1691 multipliciter
401 1655 582 1684 consolatus.
613 1656 746 1692 ApocaL,
767 1664 793 1692 1,
816 1658 844 1685 et
875 1656 960 1685 dein-

175 1709 254 1738 ceps.

461 1752 607 1786 CAPUT
631 1752 673 1787 V.

320 1825 357 1852 De
371 1824 562 1857 benedictione,
578 1833 661 1860 quam
675 1826 745 1853 Deus
760 1825 818 1853 dat.

216 1891 329 1919 creavit
346 1892 420 1919 Deus
436 1891 589 1920 hominem
604 1892 644 1920 ad
658 1893 820 1928 imaginem
835 1895 863 1922 et
877 1894 959 1922 simi-

179 1938 336 1967 litudinem
351 1947 435 1966 suam
444 1949 452 1974 3
469 1939 636 1967 masculum
652 1942 681 1968 et
694 1940 837 1969 feminam
850 1942 960 1970 creavit

181 1993 242 2020 θος,
258 1985 470 2022 benedixitque
483 1987 534 2022 eis,
550 1987 627 2015 etait
642 1996 649 2016 ι
667 1997 681 2013 «
696 1988 830 2025 Crescite,
846 1991 874 2018 et
883 1989 961 2018 mul-

180 2032 365 2069 tiplicamini,
377 2043 390 2060 »
409 2036 464 2061 etc.
481 2033 564 2069 Gem,
580 2041 600 2062 1.

216 2080 368 2108 Benedixit
384 2082 456 2108 Deus
470 2082 531 2110 Noe
551 2083 579 2108 et
599 2080 667 2108 filiis
687 2082 766 2117 ejus,
782 2084 810 2111 et
829 2082 903 2111 dixit
921 2084 960 2112 ad

180 2126 249 2156 illos
271 2137 278 2156 :
301 2137 316 2154 «
335 2128 458 2156 Crescite
478 2130 506 2159 et
523 2127 783 2165 multiplicamini,
804 2131 832 2158 et
850 2130 960 2167 replete

181 2175 301 2208 terram,
316 2185 330 2201 n
342 2177 397 2202 etc.
413 2176 490 2210 Gen„
506 2183 547 2203 1x.

217 2221 292 2250 Dixit
306 2222 446 2250 Dominus
467 2222 506 2250 ad
526 2222 677 2251 Abraham
695 2233 702 2251 :
725 2233 739 2250 «
757 2224 902 2260 Egredere
922 2225 960 2253 de

181 2270 258 2297 terra
273 2270 333 2301 tua,
350 2271 416 2304 et·=..,
432 2269 611 2297 benedicam
625 2270 697 2305 tibi,
712 2273 739 2299 et
756 2271 958 2307 magnificabo

181 2324 292 2344 nomen
304 2317 400 2349 tuum,
409 2316 525 2352 erisque
533 2317 717 2353 benedictus,
724 2328 738 2344 v>
749 2320 804 2345 etc.
816 2319 893 2354 Gen.‚
908 2328 958 2348 xil.

220 2374 234 2390 «
242 2365 334 2399 Super
345 2363 449 2391 ismael
457 2363 596 2392 exaudivi
607 2366 644 2399 te,
655 2375 668 2390 »
682 2365 757 2392 dixit
772 2366 911 2394 Dominus
921 2367 960 2395 ad

182 2411 331 2440 Abraham
348 2420 355 2439 z
374 2420 389 2437 α
407 2413 478 2439 Ecce
498 2411 676 2440 benedicam
694 2413 721 2441 ei
740 2416 768 2442 et
782 2415 918 2450 augebo,
933 2418 961 2444 et

181 2458 388 2494 multiplicabo
404 2466 472 2486 eum
482 2458 581 2486 valde.
597 2469 611 2487 »
631 2460 696 2488 Gen.
706 2481 715 2495 ,
727 2469 796 2489 xv11.

217 2505 360 2533 Dominus
379 2505 532 2533 benedixit
545 2507 636 2542 Isaac,
653 2509 681 2535 et
694 2507 892 2545 locupletatus
906 2513 960 2546 est,

183 2553 211 2581 et
224 2552 286 2580 ibat
299 2552 469 2589 proficiens,
485 2555 553 2588 ete„
570 2553 648 2589 Gen„
662 2563 765 2585 xxviii.

217 2600 354 2636 Loquens
371 2601 463 2629 Jacob
487 2609 592 2629 socero
613 2605 641 2630 et.
660 2603 809 2631 avunculo
833 2612 888 2633 suo
910 2606 962 2634 La-

182 2647 254 2682 ban,
269 2648 327 2676 ait:
343 2657 358 2675 ‹<
373 2649 585 2678 Inconveniens
599 2649 635 2686 (α)
650 2649 789 2688 habuisti,
801 2654 961 2690 antequam

183 2695 316 2724 venirem
331 2695 371 2724 ad
389 2697 428 2731 te,
446 2697 474 2724 et
487 2704 566 2724 nunc
582 2696 665 2726 dives
684 2698 803 2728 effectus
818 2708 858 2736 ες,
874 2700 962 2730 bene-

324 2754 387 2777 ΤΟΜ
391 2768 399 2776 .
421 2755 489 2777 vm.

957 204 1091 245 .·V-V1.·

1003 278 1137 317 dixitque
1160 278 1214 309 tibi
1234 280 1376 311 Dominus
1398 282 1437 312 ad
1465 282 1618 314 introitum
1637 291 1778 316 meum.»

1006 326 1085 362 Gen„
1111 335 1183 361 xxx,
1199 328 1244 356 30.

1039 374 1130 402 Jacob
1144 374 1177 402 in
1199 374 1333 404 oratione
1353 376 1468 405 luctans
1489 385 1558 406 cum
1578 379 1703 415 Angelo,
1719 381 1783 409 ait.-

1008 422 1091 450 «Non
1100 420 1249 450 dimittam
1256 422 1553 457 te,nisibenedixeris
1562 425 1646 454 mihi.
1656 436 1670 455 »
1684 427 1785 464 Sequi-

1004 469 1052 497 tur
1068 478 1075 497 :
1089 478 1102 495 «
1113 469 1344 498 Benedixiteiin
1359 471 1467 500 eodem
1481 472 1559 501 loco.
1571 483 1586 501 n
1601 473 1677 510 Gen„
1691 483 1784 505 xxxu.

1041 516 1194 544 Benedixit
1220 517 1362 545 Dominus
1386 518 1490 547 domui
1513 521 1641 557 AEgyptii
1666 525 1788 559 propter

1005 563 1133 600 «Ioseph,
1148 566 1176 592 et
1189 564 1397 601 multiplicavit
1413 567 1474 595 tam
1488 566 1519 595 in
1532 567 1636 604 haedis,
1651 577 1743 605 quam
1756 570 1789 599 in

1006 610 1101 646 agnis,
1118 612 1254 640 cunctam
1272 612 1468 641 substantiam
1488 614 1561 650 ejus.
1584 615 1664 649 Gen.,
1687 625 1787 646 xxxix.

1042 658 1189 687 Habitavit
1208 667 1278 688 arca
1296 660 1412 689 Domini
1435 661 1467 689 in
1492 662 1585 690 domo
1614 664 1789 694 Obededom

1007 705 1102 734 tribus
1116 706 1280 741 mensibus,
1294 707 1507 745 benedixitque
1520 709 1663 739 Dominus
1676 712 1790 742 Obedc-

1009 752 1083 781 dom
1095 754 1123 781 et
1138 761 1259 782 omnem
1274 754 1401 783 domum
1416 756 1488 792 ejus.
1504 758 1526 785 11
1540 758 1619 793 Req„
1633 767 1675 788 vr.

1047 811 1061 826 «
1077 801 1222 837 Operibus
1236 810 1382 831 manuum
1396 804 1459 839 ejus
1472 803 1667 842 benedixisti,
1682 808 1710 835 et
1721 815 1792 844 pos-

1009 847 1101 876 sessio
1126 848 1189 884 ejus
1209 850 1301 878 crevit
1320 849 1352 877 in
1374 852 1460 879 terra.
1485 860 1499 879 n
1515 853 1580 888 Job‚
1596 861 1624 889 1;
1641 855 1669 882 et
1691 854 1729 883 de
1744 863 1793 884 eo-

1010 894 1091 929 dem,
1101 903 1160 924 xm
1173 905 1180 924 :
1196 905 1210 923 «
1224 896 1365 926 Dominus
1380 897 1533 928 benedixit
1544 900 1713 930 novissimis
1726 903 1793 938 Job,

1010 942 1106 978 magis
1122 951 1214 979 quam
1227 944 1377 981 principio
1393 945 1466 981 ejus.
1483 956 1497 973 »

1012 1013 1015 1016 .
1047 991 1229 1019 Ascensurus
1246 991 1278 1019 in
1297 992 1406 1021 coelum
1429 993 1564 1023 Salvator
1582 995 1685 1025 eduxit
1707 996 1795 1026 disci-

1010 1036 1100 1073 pulos
1114 1046 1185 1065 suos
1199 1038 1230 1066 in
1241 1038 1430 1076 Bethaniam,
1450 1051 1464 1067 «
1479 1043 1507 1070 et
1520 1041 1642 1072 elevatis
1655 1044 1796 1074 manibus

1012 1084 1084 1119 suis,
1100 1084 1255 1113 benedixit
1270 1086 1323 1121 eis,
1339 1097 1353 1113 »
1370 1089 1424 1116 etc.
1441 1088 1521 1124 Luc„
1536 1097 1616 1120 xxrv.

1048 1131 1251 1161 Desideranda
1273 1134 1317 1162 est
1336 1133 1387 1162 illa
1403 1134 1588 1172 benedictio,
1604 1146 1696 1174 quam
1713 1139 1798 1170 dabit

1013 1179 1156 1208 Dominus
1170 1181 1270 1209 electis
1285 1181 1318 1210 in
1333 1182 1381 1210 die
1397 1183 1514 1220 judicii,
1529 1186 1653 1222 quando
1666 1187 1797 1217 dicturus

1014 1228 1097 1256 est-z«
1108 1227 1221 1263 Venite,
1234 1228 1385 1259 benedicti
1395 1231 1487 1261 Patris
1495 1233 1566 1269 mei,
1576 1242 1591 1261 2>
1603 1235 1670 1271 ete„
1682 1235 1797 1272 Macth„

1012 1281 1082 1304 xxv,

1287 1326 1431 1362 CAPUT
1460 1329 1520 1364 VI.

1127 1398 1166 1424 De
1179 1393 1368 1428 maledictione
1382 1409 1436 1436 qua
1453 1402 1523 1430 Deus
1537 1404 1687 1434 maledicit.

1050 1466 1177 1503 Serpens
1190 1468 1290 1504 primo
1309 1469 1419 1505 legitur
1434 1479 1453 1500 a
1466 1472 1525 1501 Deo
1541 1473 1718 1504 maledictus
1730 1476 1802 1506 fuis-

1014 1520 1055 1541 se.
1070 1513 1151 1542 Unde
1167 1515 1256 1545 dicit:
1271 1526 1286 1543 ε(
1300 1517 1473 1547 Maledictus
1489 1527 1520 1548 es
1532 1520 1607 1549 inter
1621 1523 1723 1552 omnia
1736 1525 1801 1554 ani-

1014 1561 1128 1590 mantia
1137 1563 1165 1590 et
1179 1562 1289 1591 bestias
1299 1565 1398 1602 terrae3
1412 1574 1502 1602 super
1516 1569 1620 1604 pectus
1635 1571 1719 1600 tuum
1734 1579 1802 1609 gra-

1016 1606 1123 1643 dieris,
1138 1618 1153 1635 »
1166 1611 1220 1638 etc.
1234 1610 1310 1646 Gen„
1327 1619 1370 1641 ιιι.

1051 1654 1096 1682 Ad
1116 1663 1237 1691 poenam
1260 1657 1392 1687 hominis
1413 1659 1528 1690 dictum
1549 1665 1608 1699 est,
1637 1664 1702 1694 Gen.
1713 1687 1724 1702 ,
1745 1674 1800 1696 111:

1018 1703 1198 1732 «Maledicta
1212 1705 1331 1733 terrain
1344 1714 1434 1743 opere
1451 1709 1514 1744 tuo,
1528 1719 1543 1737 »
1561 1712 1616 1740 etc.

1051 1751 1119 1779 Post
1130 1750 1266 1788 iniquam
1277 1753 1374 1782 fratris
1390 1755 1582 1793 occisionem,
1597 1759 1626 1787 et
1640 1760 1802 1797 superbam

1016 1798 1255 1835 responsionem,
1270 1800 1345 1829 dixit
1359 1802 1502 1831 Dominus
1516 1805 1556 1833 ad
1567 1806 1649 1835 Caim
1661 1816 1668 1836 t
1686 1817 1701 1835 «
1715 1809 1803 1839 Male-

1018 1844 1114 1873 dictus
1125 1846 1181 1873 eris
1196 1855 1286 1883 super
1300 1850 1420 1885 terram,
1435 1861 1448 1877 υ
1469 1853 1522 1880 etc.
1539 1853 1617 1889 Gen„
1632 1862 1674 1883 1v.

1053 1893 1229 1922 Lamentans
1247 1895 1407 1925 Hieremias
1426 1898 1575 1928 excidium
1597 1901 1721 1930 civitatis
1737 1904 1802 1933 Hie-

1016 1940 1162 1974 rusalem,
1177 1941 1267 1977 dixit,
1290 1944 1405 1978 Taren„
1419 1953 1441 1972 11
1457 1954 1464 1973 :
1489 1955 1503 1972 «
1521 1948 1638 1983 Repulit
1660 1951 1803 1980 Dominus

1017 1986 1109 2015 altare
1121 1995 1220 2023 suum,
1235 1989 1390 2018 maledixit
1400 1993 1624 2022 sanctificationi
1637 2004 1708 2032 suae,
1719 2007 1732 2024 n
1745 2000 1800 2028 etc.

1053 2033 1155 2061 Daniel
1166 2034 1197 2062 in
1213 2036 1348 2064 oratione
1363 2045 1417 2066 sua
1432 2039 1568 2070 dicebat:
1586 2053 1600 2068 «
1615 2043 1741 2074 Stillavit
1754 2054 1802 2074 su-

1016 2087 1070 2116 per
1080 2088 1135 2108 nos
1150 2081 1321 2111 maledictio
1335 2086 1362 2112 et
1377 2085 1541 2122 detestatio,
1551 2099 1565 2115 »
1581 2092 1647 2125 etc„
1663 2093 1750 2128 Dan„
1760 2101 1800 2122 11.

1016 2127 1049 2155 Et
1071 2130 1142 2156 nota
1162 2129 1247 2176 quod
1267 2130 1438 2161 maledictio
1461 2136 1568 2163 stillare
1586 2136 1692 2166 dicitur
1712 2148 1802 2176 super

1015 2176 1201 2210 peccatores,
1223 2176 1276 2204 sed
1299 2186 1388 2214 super
1407 2179 1502 2215 justos
1527 2182 1696 2214 benedictio
1718 2189 1800 2215 inun-

1015 2220 1092 2249 dare.
1121 2222 1234 2258 Ezech„
1250 2232 1343 2253 xxx1x
1368 2235 1376 2255 z
1396 2228 1592 2259 «Benedictio
1608 2231 1689 2262 illius
1713 2237 1800 2270 quasi

1016 2266 1126 2296 fluvius
1140 2269 1308 2301 inundavit.
1324 2282 1339 2300 »

1053 2317 1260 2346 Sacerdotibus
1273 2320 1360 2348 malis
1373 2321 1501 2357 loquens
1517 2325 1659 2355 Dominus
1673 2336 1728 2365 per
1742 2332 1799 2361 Ma-

1016 2362 1145 2392 lachiam
1159 2366 1356 2403 prophetam,
1372 2368 1465 2398 dixit:
1485 2380 1499 2398 «
1518 2372 1692 2404 Maledicam
1706 2377 1798 2407 bene-

1017 2410 1199 2440 dictionibus
1211 2414 1325 2447 vestris,
1341 2425 1356 2442 n
1377 2418 1433 2445 etc.
1448 2418 1579 2453 malach„
1595 2429 1626 2450 11.

1052 2458 1137 2486 Ficus
1145 2459 1260 2488 habens
1273 2461 1347 2490 folia
1356 2462 1419 2491 sine
1433 2463 1539 2500 fructu,
1548 2468 1706 2499 maledieta
1715 2471 1769 2500 fuit
1781 2482 1799 2502 a

1017 2506 1154 2542 Domino,
1164 2509 1340 2537 etcontinuo
1347 2511 1434 2539 aruit.
1441 2513 1620 2550 Matth.,xx1,
1629 2519 1748 2549 etltlarc.
1756 2530 1795 2551 x1.

1052 2554 1144 2582 Nimis
1158 2555 1211 2583 erit
1226 2556 1366 2584 terribilis
1380 2557 1433 2586 illa
1446 2560 1618 2591 maledictio
1634 2569 1736 2596 contra
1752 2577 1798 2598 re-

1016 2601 1130 2636 probos
1144 2602 1324 2638 proferenda
1338 2604 1369 2632 in
1393 2604 1441 2633 die
1453 2606 1569 2644 judicii,
1586 2611 1701 2650 Mami„
1715 2622 1772 2646 xxv
1790 2628 1796 2647 ;

1022 2655 1036 2672 (ι
1049 2647 1099 2682 lte,
1112 2649 1273 2685 maledicti,
1288 2650 1319 2678 in
1332 2651 1433 2687 ignem
1447 2655 1599 2686 aeternum.
1616 2669 1630 2685 »

1051 2710 1085 2741 (a)
1102 2711 1177 2743 Vulg.
1193 2711 1327 2738 Modicum.

1618 2769 1658 2798 32
