2004 3037
180 188 242 219 478

179 255 222 282 est
234 253 328 282 virtus
335 251 468 289 politica,
481 251 636 279 hominem
649 250 689 279 ab
705 251 789 280 omni
802 251 957 288 iniquitate

179 299 317 334 custodit,
341 300 454 327 etcum
478 298 620 326 omnibus
639 298 765 335 pacifice
788 298 958 328 conversari

179 347 274 376 docet.
294 345 448 374 Secundus
469 345 580 381 gradus
596 345 733 382 justitiae,
749 347 782 374 ut
800 347 844 374 est
864 345 958 374 virtus

177 393 350 429 purgativa,
373 394 503 421 mentem
526 391 566 420 ad
585 393 695 421 aeterna
715 392 826 421 directe
850 392 956 428 trahit,

177 441 249 478 quia
264 441 344 477 justo
369 439 467 468 ordini
488 441 575 468 reetae
593 439 716 468 rationis
733 439 863 476 perfecte
885 447 957 468 con-

176 487 272 516 sentit.
287 486 398 515 Tertius
412 485 524 523 gradus
535 486 666 522 justitiae,
677 487 710 514 ut
725 489 768 515 est
781 486 874 515 virtus
884 494 956 523 pur-

177 535 236 571 gati
256 534 359 569 animi,
375 535 506 562 mentem
521 533 551 561 in
565 533 680 562 aeternis
693 533 771 569 figit,
787 533 859 570 quia
872 533 956 561 illam

176 590 245 610 cum
265 583 325 610 Deo
347 583 492 618 perpetuo
513 580 606 609 sociat
629 580 750 609 soedere.
773 580 956 617 Exemplaris

175 630 274 657 autem
285 628 408 664 justitia,
422 629 455 656 ut
469 628 500 656 in
511 629 570 656 Deo
585 631 627 657 est
636 650 645 664 ‚
667 628 825 665 praedictos
845 628 956 664 gradus

175 676 305 711 inchoat,
317 675 436 704 deducit
451 677 479 704 et
490 676 614 712 perficit,
631 684 697 712 quoe
707 683 830 704 omnem
845 677 955 704 ereatu-

174 731 239 751 ram
259 725 412 760 perpetua,
428 725 456 751 et
469 723 625 751 inflexibili
643 723 709 759 lege
721 723 799 759 juste
814 723 898 759 regit.
912 723 955 750 Ex

174 771 220 799 his
235 771 403 808 aliqualiter
412 773 500 808 patet,
513 771 670 806 quomodo
683 771 795 808 gradus
809 771 955 808 operatio-

175 826 249 847 num
271 818 444 846 virtualium
467 818 638 847 differenter
657 821 726 846 sunt
746 819 778 847 in
797 819 912 853 activis,
927 820 955 847 et

175 865 422 902 contemplativis,
439 867 468 893 et
487 865 613 902 qualiter
627 873 680 902 per
694 866 826 900 virtutes,
842 867 874 894 ut
885 867 954 894 sunt

175 912 296 941 virtutes
307 912 444 949 politicae,
455 913 546 941 homo
563 912 718 941 ordinatur
731 913 762 940 in
777 912 956 949 operationi-

174 960 231 989 bus
245 960 306 988 suis
320 959 422 996 quoad
437 959 624 996 proximum3
634 967 688 996 per
697 959 830 995 virtutes,
846 961 878 987 ut
887 961 955 988 sunt

173 1007 362 1045 purgatoria»,
377 1006 532 1035 ordinatur
547 1008 694 1042 quantum
706 1006 745 1035 ad
759 1007 904 1043 seipsum3
921 1009 955 1036 ut

174 1057 242 1083 sunt
255 1054 376 1082 virtutes
390 1053 507 1090 purgati
518 1053 620 1089 animi,
635 1056 779 1090 quantum
795 1053 834 1082 ad
847 1055 952 1082 Deum.

174 1102 252 1130 Alius
265 1101 386 1129 virtutes
401 1100 596 1137 exemplares,
614 1109 680 1137 quae
699 1101 731 1129 in
746 1102 804 1129 Deo
820 1103 887 1128 sunt
904 1109 953 1129 so-

173 1149 246 1183 lum,
258 1148 415 1185 perficiunt
424 1148 588 1176 secundum
600 1147 695 1183 magis
705 1149 732 1175 et
742 1147 852 1182 minus,
865 1149 955 1184 prout

174 1197 330 1232 operantes
353 1195 383 1222 in
398 1195 458 1223 fide
483 1197 510 1223 et
525 1195 663 1222 charitate
679 1203 772 1231 opera
791 1195 866 1222 lucis
877 1216 886 1230 ,
903 1202 953 1223 eas

173 1243 340 1280 perfectius,
363 1242 411 1270 vel
432 1242 530 1270 minus
549 1242 676 1278 perfecte
696 1242 890 1279 participant,
906 1242 953 1270 vel

173 1289 332 1318 imitantur.

397 1369 638 1403 DISTINCTIO
669 1369 725 1403 VL

172 1453 293 1487 Qualiter
321 1453 438 1488 spiritus
467 1459 516 1486 per
544 1453 686 1486 utramque
717 1452 818 1485 vitam,
849 1451 951 1478 scilicet

207 1499 325 1525 activam
350 1499 374 1524 et
403 1497 655 1532 contemplativam,
679 1496 715 1523 acl
738 1498 837 1523 aeterna
860 1496 952 1530 inyre-

208 1544 313 1571 ellatur.

207 1622 293 1649 Sexto
318 1621 482 1649 videndum
508 1622 560 1655 est,
585 1620 712 1657 qualiter
730 1628 784 1656 per
811 1622 951 1656 utrasque

171 1668 369 1704 operationes⁷
385 1667 493 1695 scilieet
508 1667 661 1695 interiores
676 1669 703 1694 ct
719 1666 878 1694 exteriores
894 1667 950 1694 ho-

171 1715 274 1750 minis,
298 1715 359 1742 sive
387 1715 452 1742 vitm
479 1714 595 1748 activa),
621 1714 682 1741 sive
707 1713 950 1749 contemplativae,

170 1762 288 1798 spiritus
311 1762 460 1789 humanus
484 1761 521 1789 ad
550 1761 738 1788 intrinsecum
763 1763 790 1788 et
814 1761 949 1788 wternale

170 1809 336 1836 manerium
350 1810 416 1836 lesu
436 1807 628 1843 ingrediatur.
652 1809 689 1835 lle
706 1816 767 1843 quo
782 1808 949 1835 notandum

170 1858 222 1890 cst,
239 1855 340 1891 quod,
357 1855 430 1882 sicut
450 1854 519 1882 dicit
534 1856 659 1889 Prosper
680 1854 710 1881 in
732 1854 809 1882 libro
834 1854 865 1881 cle
882 1855 949 1882 Vita

169 1902 400 1937 Contemplati'va.
418 1901 485 1928 lieet
503 1901 563 1928 vita
578 1900 672 1928 activa
684 1922 692 1935 ,
716 1903 743 1928 et
763 1900 947 1936 contempla-

169 1949 238 1983 tiva,
262 1948 415 1976 itineribus
435 1948 604 1984 disparibus
627 1948 779 1981 incedant,
804 1947 842 1975 ad
867 1955 948 1975 eam-

170 1997 238 2024 dem
266 1996 393 2032 patriam
420 1998 518 2023 tamen
543 1995 675 2022 tendunt.
703 2006 714 2018 κ
745 1994 843 2022 Activa
867 1994 947 2028 vita,

169 2044 209 2071 ait
232 2043 392 2079 Prosper¹,
418 2042 509 2070 habet
532 2042 691 2070 sollicitum
716 2050 850 2075 cursum;
877 2049 948 2069 eon-

170 2091 339 2127 tcmplativa
354 2097 426 2118 vero
447 2089 535 2117 habet
557 2089 701 2124 gaudium
715 2089 945 2124 sempiternum,

169 2138 251 2173 quod
275 2145 335 2165 non
358 2137 504 2164 auferetur
524 2137 562 2163 ab
587 2145 623 2163 ea
644 2136 673 2163 in
697 2138 849 2163 (eternum.
876 2137 946 2163 item

169 2185 198 2212 in
223 2184 451 2220 contemplativa
473 2184 533 2210 vita
560 2190 686 2218 regnum
713 2182 887 2218 percipitur3
916 2183 945 2210 in

169 2233 283 2267 activa,
310 2239 436 2266 regnum
461 2231 630 2266 aequiritur.
654 2233 736 2265 llaec,
762 2231 871 2259 scilicet
895 2239 944 2258 ac-

168 2281 245 2314 tiva,
264 2279 331 2306 fucit
354 2281 380 2306 tc
404 2278 567 2313 plurimum
590 2278 741 2305 bonorum
765 2278 851 2313 copia
871 2286 943 2313 ope-

168 2335 234 2354 rum
249 2325 367 2362 pulsare
388 2325 526 2360 janua1n3
549 2325 610 2359 illa,
636 2325 746 2352 scilicet
761 2325 944 2360 contempla—

168 2374 237 2407 tiva,
253 2374 340 2401 vocat
355 2371 608 2400 consummandos
627 2371 657 2398 in
674 2372 811 2407 patriam.
829 2373 858 2398 ln
877 2372 943 2407 hac,

168 2421 277 2448 seilicet
291 2420 396 2454 activa,
416 2419 613 2446 contemnitur
627 2418 774 2452 mundus-3
792 2419 821 2446 in
837 2418 887 2446 illa
901 2419 943 2446 vi-

168 2467 252 2495 detur
266 2469 350 2495 Deus.
366 2477 379 2492 ³>
398 2467 463 2493 tlaec
478 2465 538 2493 ille.
562 2466 635 2493 Cum
650 2465 695 2493 his
711 2465 872 2492 concordat
886 2468 943 2493 Au-

168 2515 301 2549 gustinus
328 2514 358 2541 in
389 2520 525 2541 sermone
550 2512 587 2540 de
612 2512 798 2540 dedicatione
822 2512 942 2548 templi,

199 2589 207 2605 ¹
223 2590 320 2620 l'rosp„
333 2588 363 2612 <le
380 2589 429 2612 ΠΙ,
445 2586 589 2618 contempl„
604 2586 672 2616 lib.l,
688 2594 710 2610 c.
726 2592 763 2610 ΧΗ
787 2599 817 2604 -
836 2587 845 2602 ²
859 2587 940 2610 Serui.

167 2624 322 2655 detempore
331 2630 408 2654 cerii,
419 2624 450 2648 ul.
467 2629 608 2653 ccxx1x‚u.
627 2624 649 2652 1,
664 2621 729 2646 inter
744 2622 819 2653 Oper.
837 2623 862 2647 5.
876 2623 939 2653 Aug.

167 2660 285 2691 append„
308 2663 369 2684 tom.
393 2660 423 2683 V.
447 2673 477 2677 —
500 2659 510 2675 ⁸
526 2659 611 2689 Apoc„
635 2663 688 2687 ⁴xiv,
710 2658 746 2681 13.
769 2671 794 2674 -
823 2658 832 2674 ⁸
855 2658 944 2688 Greg.,

591 183 644 216 DE
664 183 823 216 SEPTEM
844 183 1071 217 lTlNERlBUS
1091 184 1381 218 AETERNITATIS.

1013 251 1114 281 dicens
1127 252 1170 280 sic
1183 253 1195 270 ²
1211 261 1217 280 :
1237 263 1250 279 α
1259 252 1338 281 Sicut
1350 251 1438 280 malis
1452 251 1610 289 operibus,
1625 255 1712 290 quasi
1725 255 1792 292 qui-

1011 298 1142 328 busdam
1153 299 1286 339 vectibus
1295 301 1324 328 et
1336 299 1420 334 seris,
1432 298 1500 328 vitm
1509 299 1598 328 nobis
1608 299 1703 336 jenua
1711 301 1792 331 clau-

1012 346 1102 382 ditur,
1117 347 1158 375 ita
1181 347 1297 384 absque
1319 346 1413 376 dubio
1427 346 1516 376 bonis
1530 347 1674 384 operibus
1694 349 1792 385 aperi-

1011 395 1068 422 tur.
1084 394 1198 430 »Igitur
1212 402 1274 423 non
1286 394 1385 422 solum
1399 394 1488 422 bonis
1506 394 1648 431 operibus
1661 395 1791 424 hominis

1010 440 1174 477 interioris,
1198 442 1250 470 sed
1273 441 1361 470 etiam
1383 441 1471 470 bonis
1493 441 1637 478 operibus
1658 441 1790 471 hominis

1011 487 1162 516 exterioris
1175 488 1347 525 pervenitur
1359 488 1399 517 atl
1412 490 1532 524 aeterna,
1547 489 1620 526 quia
1635 489 1710 517 Deus
1723 489 1792 518 red-

1011 535 1055 564 dit
1065 536 1225 573 unieuique
1236 536 1402 565 secundum
1411 544 1504 573 opera
1515 544 1580 571 sua,
1586 536 1671 572 Juxta
1680 536 1755 565 illud
1762 537 1789 565 ⁸:

1012 582 1101 618 Opera
1119 585 1190 612 enim
1208 584 1320 611 illorum
1338 587 1488 619 sequuntur
1506 585 1579 612 illos.
1603 594 1618 610 s
1634 584 1689 618 Qui
1709 583 1791 612 bona

1010 637 1104 666 opera
1117 630 1199 665 facit,
1214 630 1288 667 quid
1302 630 1401 666 aliud,
1417 638 1509 666 quam
1523 630 1562 659 ad
1581 632 1692 659 aeterna
1705 630 1790 667 quasi

1010 677 1192 713 quibusdam
1216 678 1354 714 passibus
1379 677 1496 706 tendit?
1517 680 1549 707 Et
1577 677 1629 714 qui
1651 680 1790 706 oeternam

1009 724 1101 752 vitam
1117 724 1298 761 quaerimus,
1320 723 1394 760 quid
1408 723 1509 759 aliud,
1533 733 1626 761 quam
1650 724 1790 761 quaedam

1009 770 1115 799 itinera
1135 771 1270 806 agimus,
1293 778 1348 807 per
1368 778 1436 807 quae
1458 771 1498 799 ad
1518 771 1647 808 patriam
1673 771 1789 800 festina-

1009 819 1096 847 mus?
1111 829 1124 844 »ι
1147 819 1187 847 ait
1201 819 1372 855 Gregorius,
1386 819 1530 855 vigesimo
1542 819 1683 847 'secundo
1697 820 1789 848 Mora-

1009 866 1077 893 lium
1086 866 1107 901 ⁴,
1120 866 1214 902 «quia
1222 866 1360 903 quamvis
1374 866 1405 894 in
1415 874 1471 894 usu
1483 865 1582 902 operis
1591 865 1628 894 sit
1640 867 1790 902 tempora-

1008 912 1085 948 litas,
1097 915 1196 941 tamen
1208 913 1237 941 in
1247 913 1409 941 intentione
1424 912 1513 942 debet
1528 921 1591 941 esse
1605 913 1760 941 aeternitas.
1773 923 1786 939 n

1045 961 1078 988 Et
1091 959 1272 995 notandum,
1285 959 1370 996 quod
1381 959 1456 988 sicut
1467 967 1522 996 per
1536 967 1629 996 opera
1643 959 1789 988 interioris

1008 1006 1138 1035 hominis
1146 1027 1155 1042 ,
1171 1009 1204 1035 ut
1218 1014 1271 1043 per
1289 1006 1587 1043 contemplationem,
1603 1006 1788 1043 quandoque

1008 1054 1040 1082 fit
1055 1054 1194 1090 quaedam
1208 1053 1372 1090 proelibatio
1395 1055 1510 1082 oeternae
1528 1053 1610 1088 vitae3
1626 1053 1666 1081 ita
1685 1055 1714 1081 et
1735 1061 1788 1090 per

1009 1109 1101 1137 opera
1122 1101 1274 1129 exterioris
1297 1100 1426 1128 hominis
1449 1099 1483 1128 fit
1502 1100 1532 1128 in
1561 1107 1596 1128 eo
1621 1099 1786 1136 aliquando

1008 1147 1171 1176 similitudo
1185 1147 1287 1184 aliqua
1301 1147 1348 1175 vel
1369 1147 1469 1183 imago
1490 1149 1604 1175 aeternae
1618 1146 1700 1181 vitae,
1713 1146 1787 1175 sicut

1009 1195 1079 1223 dicit
1094 1194 1260 1223 Bernartius
1273 1195 1303 1222 in
1319 1194 1396 1222 libro
1410 1194 1442 1222 (Ie
1457 1194 1555 1222 Amore
1571 1195 1635 1228 Dei,
1650 1193 1703 1221 ubi
1716 1193 1787 1222 dicit

1008 1241 1048 1270 sic
1063 1243 1073 1258 ⁵
1089 1251 1095 1269 ε
1115 1253 1129 1268 α
1144 1242 1222 1270 Sicut
1237 1241 1266 1269 in
1286 1241 1437 1269 sanctitate
1458 1240 1542 1274 vitae,
1558 1242 1586 1268 et
1598 1239 1728 1268 hominis
1741 1240 1786 1268 in-

1008 1289 1123 1317 terioris
1137 1289 1404 1325 contemplatione,
1418 1290 1446 1316 ct
1460 1288 1597 1316 fruitione
1613 1287 1784 1323 divinitatis,

1004 1336 1068 1371 jam
1082 1336 1186 1364 futurae
1200 1335 1265 1363 vitae
1282 1335 1496 1363 beatitudinem
1510 1334 1666 1371 praelibare
1683 1334 1714 1362 in
1730 1334 1786 1362 hac

1008 1383 1068 1410 vita
1080 1382 1234 1418 videntur,
1249 1385 1277 1410 et
1297 1382 1424 1415 imitari,·
1441 1382 1482 1410 sic
1506 1382 1595 1410 etiam
1619 1381 1657 1410 de
1680 1389 1787 1418 eorpo-

1008 1438 1075 1458 rum
1099 1437 1222 1458 suorum
1249 1429 1464 1465 glorificatione
1480 1450 1487 1463 ,
1513 1437 1604 1465 quam
1629 1428 1717 1465 plene
1745 1428 1787 1457 ihi

1008 1476 1176 1514 percepturi
1203 1478 1292 1509 sunt,
1316 1476 1346 1504 in
1369 1476 1424 1504 hae
1447 1476 1507 1504 vita
1533 1475 1669 1504 nonnihil
1693 1475 1788 1512 perci-

1006 1524 1102 1560 piunt.
1117 1525 1243 1559 Accepta
1257 1523 1309 1551 illa
1325 1523 1430 1558 gratia,
1446 1531 1506 1559 qua
1520 1523 1558 1559 (α)
1574 1522 1740 1551 habitantes
1754 1522 1786 1550 in

1007 1579 1102 1599 unum
1116 1571 1219 1606 seipsis
1233 1571 1262 1598 in
1276 1572 1351 1603 Deo,
1365 1572 1393 1598 ct
1404 1571 1461 1598 Deo
1477 1570 1507 1598 in
1520 1570 1622 1606 seipsis
1638 1569 1786 1605 fruuntur,

1007 1618 1098 1655 ipsius
1113 1618 1209 1646 carnis
1224 1626 1254 1645 sc
1267 1617 1396 1645 sentiunt
1419 1617 1521 1644 vicisse
1545 1625 1649 1645 omnes
1673 1618 1788 1645 eontra-

1007 1665 1166 1698 dietiones,
1182 1667 1213 1692 ut
1228 1664 1367 1692 universa
1382 1664 1545 1692 substantia
1561 1664 1656 1692 earnis
1672 1671 1732 1691 non
1747 1663 1783 1691 sit

1007 1712 1048 1739 eis
1073 1711 1128 1739 nisi
1156 1711 1384 1738 instrumentum
1408 1710 1481 1738 boni
1505 1711 1612 1746 operis
1636 1712 1708 1738 Nam
1729 1710 1782 1738 etsi

1006 1758 1097 1793 ipsius
1118 1758 1242 1785 miseriis
1267 1760 1294 1785 et
1317 1757 1536 1784 infirmitatibus
1555 1757 1781 1792 contabescunt,

1006 1814 1039 1833 ex
1055 1805 1110 1833 hoc
1126 1806 1191 1840 ipso
1207 1805 1237 1832 in
1255 1804 1386 1832 interiori
1401 1803 1522 1832 homine
1545 1804 1650 1832 fortius
1673 1811 1782 1832 conva-

1005 1852 1127 1880 lescunt.
1144 1852 1257 1885 Quando
1279 1851 1357 1879 enim
1372 1852 1492 1885 infirmor
1503 1872 1512 1886 ‚
1528 1854 1590 1879 tunc
1606 1850 1710 1879 fortior
1724 1859 1782 1878 snm

1005 1901 1033 1927 et
1046 1902 1139 1934 potens
1150 1921 1157 1930 ‚
1175 1899 1213 1927 ait
1228 1898 1238 1914 ⁶
1252 1898 1421 1934 Apostolus.
1440 1910 1452 1923 ι»
1470 1897 1607 1934 Sequitur
1623 1907 1630 1926 :
1648 1908 1662 1924 α
1677 1898 1783 1926 Sensus

1004 1946 1059 1983 ipsi
1076 1954 1186 1974 novam
1201 1945 1369 1981 percipiunt
1384 1945 1564 1981 quamdam3
1577 1947 1605 1973 et
1615 1953 1709 1981 prope
1725 1944 1783 1981 spi-

1003 1993 1140 2022 ritualem
1166 1993 1292 2028 gratiam
1309 2014 1317 2027 ,
1343 1993 1421 2021 oculi
1446 1993 1594 2029 simplices
1608 2014 1617 2028 ‚
1644 1995 1671 2021 et
1695 2000 1782 2020 aures

1004 2041 1263 2077 obtemperantes,
1287 2043 1314 2068 et
1336 2040 1500 2076 aliquando
1521 2041 1552 2068 in
1577 2040 1693 2068 fervore
1716 2047 1779 2067 ora-

1003 2087 1090 2115 tionis
1105 2089 1185 2115 tanta
1209 2087 1311 2115 odoris
1335 2087 1436 2123 ignota
1459 2087 1597 2123 quaedam
1618 2086 1780 2122 fragrantia

1003 2135 1139 2170 inspirat,
1156 2137 1236 2162 tanta
1255 2137 1357 2170 gustus
1378 2134 1429 2162 etsi
1446 2141 1507 2162 nou
1522 2133 1669 2169 gustando
1683 2133 1781 2161 suavi-

1002 2184 1063 2215 tas,
1079 2184 1158 2209 tanta
1174 2189 1225 2217 per
1244 2184 1380 2209 mutuum
1404 2183 1513 2209 tactum
1534 2180 1693 2217 spiritualis
1708 2180 1779 2208 cha-

1001 2229 1093 2256 ritatis
1115 2229 1295 2256 incentivum
1318 2228 1369 2262 fit,
1394 2230 1425 2255 ut
1446 2227 1600 2255 videantur
1623 2226 1680 2255 sibi
1703 2227 1780 2254 intra

1002 2276 1114 2311 seipsos
1135 2275 1293 2311 spiritualis
1316 2274 1416 2309 gratim
1442 2274 1599 2309 cujusdam
1619 2272 1779 2309 voluptatis

1001 2331 1102 2358 gerere
1123 2322 1304 2358 paradisum.
1326 2321 1424 2349 vultus
1445 2321 1534 2349 etiam
1555 2323 1583 2349 et
1603 2321 1690 2348 totius
1713 2327 1778 2347 eor-

1000 2370 1081 2405 poris
1096 2368 1328 2405 compositione,
1343 2368 1417 2402 vitae,
1433 2370 1460 2396 et
1472 2376 1600 2402 morum,
1616 2369 1644 2395 et
1658 2368 1776 2394 actuum

1001 2418 1124 2450 decore,
1141 2418 1248 2443 mutuae
1263 2415 1352 2443 ctiam
1368 2415 1514 2443 servitutis
1537 2415 1568 2442 in
1589 2413 1646 2442 illis
1661 2412 1776 2441 devotis

1002 2462 1236 2492 exhibitionibus
1247 2465 1275 2490 et
1290 2462 1346 2498 piis
1361 2461 1606 2498 susceptionibuS,
1620 2460 1776 2496 cujusdam

1000 2537 1102 2567 Moral„
1114 2537 1158 2561 lib.
1171 2537 1248 2565 λΧΙΙ,
1260 2544 1282 2560 c.
1298 2542 1363 2566 xxu,
1378 2536 1451 2567 paulo
1463 2537 1518 2567 post
1530 2534 1611 2566 princ.
1621 2547 1650 2552 -
1666 2535 1674 2548 ⁵
1687 2535 1772 2562 Bern..

998 2575 1028 2598 cle
1046 2574 1105 2598 Nat.
1127 2575 1150 2596 et
1173 2572 1266 2603 aliquit.
1287 2580 1367 2596 amor.
1390 2572 1456 2602 Dim,
1475 2578 1498 2596 c.
1517 2577 1561 2601 xx,
1580 2572 1639 2601 post
1657 2570 1726 2594 med.
1744 2583 1774 2588 —

998 2612 1007 2623 ‘⁸
1023 2611 1042 2634 tl
1060 2610 1128 2638 Cor„
1142 2614 1189 2634 xu.
1207 2610 1243 2633 10.

1033 2657 1065 2686 (a)
1082 2656 1142 2680 Coet.
1160 2655 1219 2679 edit.
1237 2662 1321 2686 quam.
