2004 3037
161 209 221 241 326

162 274 229 304 aliis
244 275 313 302 sunt
325 272 444 306 nociva,
457 272 490 299 ut
502 269 637 299 sterilitas
650 275 793 305 agrorum
806 275 874 304 quae
886 265 944 294 im-

163 322 225 359 plet
242 320 299 349 sibi
320 317 490 353 cellarium
506 317 606 346 hostes
625 315 772 344 fabricant
787 313 845 343 sibi
858 321 944 342 coro-

162 376 248 404 nam;
263 366 361 395 febres
373 366 482 402 parant
494 366 522 392 et
535 363 718 392 medicinam
725 371 735 398 3
755 369 837 390 mors
851 359 946 398 aperit

164 414 221 444 sibi
240 420 390 442 carcerem
409 411 450 440 ad
468 409 660 440 evadendum
674 408 840 443 miseriam;
856 407 944 443 ignis,

163 461 216 499 qui
231 460 339 488 domos
351 457 484 487 incendit
497 457 574 492 aliis,
587 457 645 485 sibi
660 456 774 485 confert
787 453 945 492 pabulum,

164 507 213 537 vel
228 505 378 536 constituit
390 505 421 534 in
437 504 518 533 coelis
535 503 680 541 palatium
686 513 694 539 3
716 505 745 531 et
758 502 799 531 sic
812 501 948 531 verifica-

165 557 213 584 tur
226 553 304 583 illud
317 552 469 590 Apostoli¹
482 561 489 580 z
506 552 610 580 Scimus
625 552 755 587 quoniam
770 549 948 585 diligentibus

165 603 252 631 Deum
267 601 359 629 omnia
372 601 548 636 cooperantur
562 600 593 626 in
608 599 712 626 bonum.

202 647 338 678 Secundo
359 647 474 684 patiens
498 645 638 674 invitatur
662 653 680 673 a
702 646 759 673 Deo
783 643 823 672 ad
850 642 950 679 regale

167 695 348 734 prandium:
370 697 399 723 et
417 701 480 722 non
499 693 598 721 solum
617 692 767 726 invitatur,
787 691 840 720 sed
862 691 951 719 etiam
993 691 997 698 ¹

167 741 307 771 trahitur:
328 748 383 768 nec
407 739 505 768 solum
524 738 659 773 trahitur,
684 737 745 766 imo
764 736 851 765 vestis
872 737 950 772 ejuS‚

169 790 202 817 ut
222 787 335 823 veniat,
358 786 514 815 laceratur.
530 785 612 814 Unde
636 786 721 819 nota,
742 783 827 820 qnod
846 782 954 819 triplex

171 838 215 865 est
229 835 359 871 signum,
370 833 455 870 quod
471 833 600 861 invitans
610 840 646 860 ex
660 831 750 860 corde
766 830 868 858 invitet
881 829 953 857 ami-

172 890 255 917 cum,
269 881 378 910 scilicet
390 879 548 915 trahendo,
564 878 714 914 vocando,
731 880 759 906 et
773 875 952 913 rumpendo.

172 931 311 965 Magnum
336 928 454 964 signum
479 929 536 962 est,
562 925 684 963 quando
707 924 863 953 efficaciter
886 931 955 951 cum

173 977 278 1005 invitat
304 976 365 1004 sive
392 977 480 1003 vocat
507 982 560 1011 per
586 971 788 1010 praedicatoris
813 970 956 1006 verbum,

174 1024 249 1053 alios
270 1031 325 1061 per
348 1024 458 1051 tactum
480 1020 695 1058 inspirationis;
721 1018 774 1047 sed
797 1017 956 1055 patientes,

175 1080 252 1108 quos
265 1078 380 1099 summe
394 1069 501 1105 diligit,
510 1076 564 1105 per
579 1069 734 1104 rupturam
747 1065 955 1094 tribulationis.

176 1118 258 1147 Unde
275 1117 346 1146 dicit
359 1116 371 1132 ²
388 1126 394 1144 :
415 1117 547 1153 compelle
566 1123 607 1144 eos
627 1117 749 1149 intrare,
775 1113 886 1141 scilicet
904 1120 958 1149 pa·

176 1166 280 1194 tientes
295 1164 444 1198 vocando,
459 1162 616 1197 trahendo,
633 1165 661 1190 et
674 1160 853 1197 rumpendo.

213 1211 324 1247 Tertio,
338 1211 461 1248 patienti
475 1210 656 1238 ministratur
671 1208 769 1244 regale
785 1207 960 1244 prandium,

705 198 850 244 QIAETAE
870 196 1037 230 SALUTIS
1059 197 1136 230 TIT.
1159 196 1241 229 vm.

1002 265 1052 294 vel
1075 265 1231 295 ferculum.
1257 265 1338 294 Talia
1361 272 1493 302 namque
1517 264 1632 294 fercula
1653 265 1782 301 gustavit

1001 312 1147 348 Christus,
1163 313 1215 349 qui
1229 313 1273 341 est
1290 320 1343 341 rex
1356 319 1479 348 regum,
1493 311 1606 340 scilicet
1618 311 1783 342 tribulatio·

1001 367 1065 396 nes,
1079 359 1312 397 persecutiones,
1325 359 1467 396 perjuria,
1481 359 1682 395 paupertates,
1694 358 1783 388 dolo·

1002 415 1065 442 res,
1084 408 1113 435 et
1125 406 1311 444 passionem,
1329 409 1357 434 et
1373 408 1510 434 mortem.
1530 405 1613 434 Unde
1632 404 1704 434 dicit
1715 405 1784 437 filiis

1003 453 1136 482 Zebedaei
1151 454 1162 471 ³
1177 463 1184 482 :
1200 455 1314 482 Potestis
1335 453 1424 481 bibere
1437 453 1547 481 calicem
1561 460 1639 488 quem
1653 460 1699 488 eqo
1713 452 1785 481 bibi-

1004 504 1080 530 turus
1094 509 1154 530 sum
1161 521 1171 536 ‚
1182 503 1236 530 etc.
1250 502 1283 529 Et
1295 501 1370 530 sicut
1381 509 1492 537 magna
1505 499 1687 528 incurialitas
1699 507 1787 536 repu-

1005 549 1102 582 tatur,
1117 556 1186 576 cum
1207 548 1275 584 quis
1294 548 1408 584 respuit
1429 547 1596 585 scyphum,
1621 555 1712 584 quem
1734 554 1788 576 rex

1006 594 1093 623 mittit
1120 594 1160 623 ad
1185 595 1353 624 bibendum
1374 597 1444 632 post
1472 595 1590 632 ipsum;
1613 594 1656 622 sic
1678 601 1790 630 magna

1007 642 1188 678 ingratitudo
1211 644 1254 670 est
1268 642 1392 671 calicem
1412 641 1612 671 tribulationis
1632 649 1788 678 respuere,

1009 697 1100 725 quem
1119 697 1222 718 amore
1243 689 1336 717 nostri
1357 688 1485 718 Christus
1503 689 1597 718 voluit
1610 689 1708 726 primo
1722 696 1790 724 gus-

1009 738 1087 772 tare;
1100 736 1162 764 imo
1177 735 1252 763 sicut
1266 736 1370 775 vinum
1380 757 1389 771 ,
1405 736 1490 772 quod
1509 735 1546 764 de
1561 743 1592 764 se
1611 737 1654 764 est
1671 735 1746 764 forte
1761 737 1791 764 et

1011 782 1140 817 durum,
1157 782 1338 810 transeundo
1358 790 1412 819 per
1431 782 1616 818 gariophilos
1635 784 1663 810 et.
1677 782 1790 819 species

1011 829 1207 863 aromaticas,
1233 828 1358 857 efficitur
1381 830 1480 857 nectar
1503 828 1727 864 dulcissimum3
1749 829 1792 858 sie

1012 875 1218 904 tribulationes
1232 875 1338 903 mundi
1359 875 1550 910 dulcescunt,
1565 875 1590 903 si
1609 883 1664 912 per
1677 883 1792 904 memo-

1012 923 1088 952 riam
1115 922 1262 959 passionis
1288 922 1392 951 Christi
1424 924 1584 951 transeant.
1614 922 1695 950 Unde
1723 922 1794 951 dicit

1014 978 1124 1006 sponsa
1146 968 1156 984 ⁸
1181 979 1187 997 :
1215 970 1287 997 Dabo
1311 970 1362 997 tibi
1385 971 1511 1005 poculum
1535 978 1568 998 ea·
1591 971 1653 997 vino
1676 969 1792 997 condico.

1016 1017 1122 1045 Vinum
1137 1016 1291 1044 conditum
1312 1017 1351 1044 ad
1371 1017 1499 1045 litteram
1522 1016 1629 1044 dicitur
1642 1018 1753 1050 nectar,
1767 1017 1796 1044 et

1015 1064 1161 1100 significat
1179 1064 1282 1092 vinum
1305 1064 1464 1092 mundanae
1490 1063 1705 1098 tribulationis,
1726 1071 1797 1092 con-

1017 1111 1111 1140 ditum
1127 1111 1251 1139 dulciter
1265 1111 1345 1139 dulci
1362 1111 1506 1140 memoria
1521 1111 1666 1148 passionis
1680 1110 1795 1146 Christi,

1017 1160 1100 1196 quod
1123 1159 1210 1188 nobis
1226 1159 1371 1187 concedat
1392 1159 1455 1195 ipse
1479 1159 1529 1187 Dei
1552 1158 1661 1194 Filius,
1676 1158 1729 1196 qui
1753 1161 1797 1187 est

1018 1206 1191 1235 benedictus
1203 1207 1233 1235 in
1248 1206 1357 1234 secula.

737 1461 964 1504 TITULUS
1003 1460 1250 1502 OCTAVUS

560 1574 612 1602 DE
647 1571 881 1601 DUODECIM
917 1571 1176 1599 FRUCTIBUS
1211 1571 1427 1600 SPlRlTUS

940 1674 1051 1681 ———-

355 1773 533 1809 CAPUT
570 1771 800 1806 PRIMUM.

418 1847 455 1874 De
471 1845 575 1874 Gaudio
590 1845 746 1880 spirituali.

227 1919 294 1946 Post
318 1917 474 1945 tractatum
497 1915 533 1942 dc
561 1913 808 1947 beatitudinibus,
840 1912 973 1948 sequitur

192 1966 330 1994 tractatus
345 1963 381 1991 de
396 1962 541 1990 fructibus
557 1961 687 1997 spiritus
704 1963 730 1987 et
744 1960 796 1987 ista
812 1962 854 1987 est
868 1962 974 1987 octava

193 2012 280 2040 dioeta
295 2010 413 2044 salutis,
429 2009 540 2037 scilicet
556 2017 573 2036 a
592 2006 827 2035 beatitudinibus
842 2006 880 2034 a<l
898 2006 972 2033 fruc·

193 2062 239 2087 tus
253 2058 371 2094 spiritus
384 2056 539 2093 pervenire
553 2064 558 2082 :
572 2054 643 2091 quia
654 2053 851 2081 beatitudines
864 2052 975 2080 faciunt

194 2105 325 2142 operari,
347 2104 395 2131 vel
419 2102 573 2131 ambulare
592 2101 763 2137 simpliciter
783 2102 810 2127 et
831 2099 973 2135 perscele5

195 2152 306 2180 fructus
325 2152 441 2185 autem,
461 2149 590 2176 suaviter
609 2150 637 2175 ct
662 2147 812 2175 deliciose.
838 2148 909 2174 Sunt
930 2146 975 2173 isti

196 2198 305 2227 fruetus
320 2198 438 2234 spiritus
453 2197 611 2224 duodecin]
621 2216 628 2229 ,
645 2204 720 2231 qnos
734 2196 886 2221 enumerat
901 2196 976 2229 Apo-

197 2246 289 2274 stolus
312 2246 321 2261 5
352 2246 492 2272 :Fructus
515 2248 602 2271 autem
631 2244 744 2276 spiritns
771 2245 807 2267 sse
837 2242 975 2273 slim-itas,

197 2293 344 2328 gaudium,
366 2300 442 2327 par,
462 2292 611 2325 patientia,
633 2291 839 2323 Ιιςιηςγιηίηιῐίιιε,
858 2289 975 2319 (enims,

200 2340 363 2373 benifflticus,
387 2337 575 2367 munsuclwlm,
604 2336 686 2370 fides,
718 2336 865 2367 nnivlcslia,
891 2336 977 2361 conli-

199 2388 310 2418 nentia,
322 2387 345 2412 et
362 2386 481 2411 castitas.
506 2383 602 2410 Drinio
619 2382 706 2416 igitur
726 2382 800 2408 inter
816 2382 885 2407 istos
901 2381 978 2408 frue-

200 2436 259 2467 tus,
277 2430 435 2459 dicendum
457 2431 530 2456 css-et
550 2429 586 2456 de
611 2428 750 2455 charitate
771 2437 777 2453 :
796 2427 847 2454 sed
863 2427 933 2462 quia
950 2427 979 2454 in

201 2481 322 2507 tractatu
342 2478 374 2505 cle
391 2476 546 2505 Virtutibus
569 2475 605 2502 de
628 2475 691 2510 ipsa
711 2474 822 2501 (lictum
839 2477 895 2508 cst,
911 2473 978 2501 ideo

202 2526 249 2555 hic
260 2526 333 2554 nihil
349 2525 388 2553 ad
403 2531 530 2560 praesens
546 2525 586 2549 est
600 2521 770 2549 (licendum.

238 2573 373 2602 Secundo
389 2571 456 2600 loco
477 2571 544 2606 post
558 2569 684 2597 fructum
705 2567 866 2602 eharitatis,
882 2567 981 2595 dicen-

240 2672 335 2701 ΙΒοηι.,
354 2678 409 2702 vni,
425 2674 464 2697 28.
477 2684 507 2691 -—
524 2672 531 2685 2
543 2671 611 2699 Luc„
627 2675 681 2699 nv,
697 2669 735 2693 ii.
749 2681 779 2686 -—
793 2667 803 2684 ³
819 2667 921 2696 Mamm,
937 2673 980 2697 xx,

1028 1771 1101 1799 dum
1128 1772 1169 1799 est
1193 1770 1230 1798 de
1254 1770 1350 1798 fructu
1368 1769 1469 1805 gaudii
1494 1769 1664 1806 spiritualis.
1689 1770 1728 1797 De
1747 1778 1808 1806 quo

1027 1816 1156 1845 dicenda
1171 1819 1238 1844 sunt
1259 1825 1368 1853 pauca,
1385 1819 1413 1844 et
1432 1816 1597 1852 specialiter
1616 1816 1672 1844 tria
1687 1825 1694 1844 ε
1710 1817 1808 1853 primo

1029 1865 1156 1902 qualiter
1165 1865 1315 1901 spirituale
1331 1864 1477 1900 gaudium
1489 1867 1531 1892 est
1546 1872 1564 1892 a
1578 1864 1683 1892 mundi
1698 1864 1809 1900 gaudio

1029 1914 1211 1949 separatum3
1229 1911 1371 1945 secundo,
1388 1911 1513 1947 qualiter
1529 1914 1571 1939 est
1586 1919 1604 1939 a
1619 1911 1685 1939 eoeli
1698 1911 1809 1946 gaudio

1031 1959 1213 1993 derivatum3
1229 1959 1325 1993 tertio,
1343 1957 1469 1995 qualiter
1484 1960 1527 1986 est
1542 1966 1559 1986 a
1575 1958 1682 1987 coelesti
1698 1958 1809 1994 gaudio

1030 2007 1255 2043 pigmentatum.

1068 2053 1164 2081 l‘rimo
1184 2052 1430 2089 igitur->gaudium
1451 2052 1602 2088 spirituale
1617 2053 1691 2080 esta
1705 2051 1810 2080 mundi
1834 2060 1932 2085 ouuuor

1033 2100 1143 2136 gaudio
1168 2102 1336 2136 separatum
1360 2102 1387 2127 ct
1408 2099 1586 2127 distinctum.
1614 2098 1694 2126 Unde
1718 2099 1811 2126 scien·
1826 2091 1925 2112 d⁵ff⁰¹⁰¹¹‘

1033 2148 1106 2175 dum
1129 2150 1188 2181 cst,
1205 2147 1287 2183 quod
1310 2149 1437 2182 quatuor
1451 2148 1519 2173 sunt
1543 2145 1714 2174 differentiae
1738 2145 1812 2174 inter
1826 2123 1931 2180 ἲξιι-ῑιῖυιῑτ

1033 2193 1183 2230 spirituale
1198 2193 1341 2229 gaudium
1359 2195 1385 2220 et
1406 2192 1601 2220 mundanum.
1620 2193 1715 2220 Prima
1729 2191 1812 2219 diffe-
1826 2184 1933 2238 ‹1¹22an

1033 2241 1124 2269 rentia
1146 2244 1186 2268 est
1201 2240 1312 2276 puritas·
1331 2242 1357 2267 et
1372 2239 1526 2275 impuritas
1541 2249 1547 2266 :
1570 2239 1714 2274 gaudium
1733 2238 1813 2266 enim
1831 2231 1925 2270 munan-

1034 2288 1185 2324 spirituale
1200 2290 1241 2314 est
1255 2287 1458 2322 purissimum,
1473 2288 1501 2313 et
1516 2285 1584 2313 ideo
1599 2285 1702 2313 l'ortius
1717 2287 1760 2312 est
1774 2284 1813 2313 ad
1827 2286 1888 2301 num.

1035 2334 1244 2362 inebriandum
1264 2333 1302 2360 ad
1319 2332 1504 2367 diligendum
1524 2334 1628 2366 Deum,
1643 2332 1716 2359 sicut
1731 2331 1813 2359 vide-

1035 2390 1101 2409 mus
1119 2380 1201 2417 quod
1218 2381 1318 2407 vinuin
1336 2388 1444 2416 purum
1461 2379 1544 2406 eitius
1562 2378 1706 2412 inebriat,
1723 2386 1814 2413 quam

1036 2428 1231 2464 lymphatum.
1256 2426 1334 2454 Istud
1359 2426 1462 2453 viuum
1482 2424 1641 2461 spiritualis
1663 2423 1763 2459 gaudii
1784 2424 1816 2452 lit

1037 2476 1074 2503 de
1089 2475 1176 2502 botro
1193 2473 1295 2509 Cypri,
1312 2473 1342 2500 id
1358 2475 1400 2500 est
1415 2472 1452 2500 dc
1471 2471 1612 2506 sanguine
1628 2470 1748 2504 Christi,
1765 2479 1815 2498 ex-

1037 2529 1137 2558 presso
1152 2521 1183 2548 in
1198 2520 1291 2547 crucis
1307 2519 1457 2553 torculari,
1468 2518 1541 2546 sicut
1552 2517 1658 2545 dicitur
1668 2518 1678 2533 ⁶
1694 2526 1700 2544 ε
1718 2519 1816 2546 ,Βοινιιε

1037 2570 1120 2604 Cypri
1139 2568 1250 2595 dilectus
1272 2575 1344 2594 meus
1364 2567 1442 2594 mihi.
1466 2564 1613 2594 Gaudium
1635 2572 1706 2592 vero
1730 2571 1816 2592 mun-

1038 2633 1118 2656 22—
1132 2632 1140 2644 ⁴
1157 2632 1242 2661 Cant„
1258 2636 1313 2660 rin,
1331 2631 1353 2653 2.

1040 2674 1057 2697 1,
1077 2670 1111 2692 ι’..

1372 2643 1398 2647 -
1414 2630 1424 2646 ⁵
1440 2627 1509 2658 Gal„
1524 2633 1550 2658 v,
1565 2629 1646 2652 ize-23.
1661 2639 1691 2645 --
1707 2627 1715 2641 ⁶
1731 2627 1814 2656 Cant„
