2004 3037
743 259 830 293 CAP.
854 259 1098 292 CXVIII-CXIX.

118 329 245 366 deserto,
270 331 298 359 et
311 331 411 359 tamen
426 329 570 359 extaediati
587 328 798 358 desiderabant
813 328 896 357 cibos

117 377 250 413 AEgypti,
267 378 363 414 Num„
377 385 416 406 xr.

153 424 261 453 Acedia
270 424 318 453 vel
329 425 449 453 taedium
458 424 532 453 boni
547 425 589 452 est
603 431 693 452 causa
704 422 895 459 impatientiae

115 473 142 499 et
156 471 282 500 carnalis
297 471 447 506 desiderii,
466 471 536 500 item
550 471 722 507 multiplicis
730 470 892 505 mendacii,

114 518 188 546 sicut
211 519 300 554 patet,
329 519 424 554 Num„
446 527 488 554 m,
505 520 539 545 5:
566 527 580 544 (ι
602 517 806 546 Recordemur
832 517 893 554 pis-

114 565 204 600 cium,
218 575 233 590 »
251 567 307 593 ete.

148 611 272 640 Profecti
290 614 357 640 sunt
375 611 429 640 filii
445 612 534 640 lsrael
554 611 592 639 de
615 612 716 640 monte
732 612 810 645 Hor,
825 612 891 646 etc„

113 660 140 686 et
154 659 262 687 taedere
277 659 365 695 coepit
388 659 537 695 populum
550 658 661 686 itineris
677 659 706 686 et
719 657 850 692 laboris,
865 658 894 686 et

110 705 227 734 locutus
242 707 285 734 est
306 708 409 734 contra
424 705 584 733 Dominum
599 701 626 733 e't
643 707 776 742 Moysen,
792 707 820 733 et
834 705 890 733 ait:

113 753 247 781 «Anima
273 754 374 781 nostra
393 753 456 788 jam
479 754 604 781 nauseat
626 761 715 788 super
741 752 809 780 cibo
836 752 892 780 isto

109 799 271 828 levissimo.
285 809 299 826 π
318 800 522 833 Quamobrem
539 799 618 828 misit
633 799 774 827 Dominus
790 799 822 827 in
836 807 892 836 po-

109 847 216 882 pulum
230 850 380 883 serpentes
394 846 512 882 ignitos.
528 848 622 880 Num„
639 854 698 874 xXI.

145 893 329 929 Negligenter
369 893 555 922 custodiebat
594 893 694 921 Abner
733 893 891 921 dominum

108 948 196 968 suum
210 941 295 976 Saul,
313 941 435 977 quando
451 940 544 968 David
558 941 640 968 venit
653 940 693 968 ad
708 942 803 968 castra
817 940 890 975 ejuS,

108 988 136 1014 et
149 988 300 1015 neminem
314 987 423 1024 reperit
436 987 624 1023 vigilantem,
639 987 649 1015 1
664 989 743 1022 Rea„
759 995 838 1015 xxvi.

144 1034 296 1062 Dormiens
310 1042 466 1071 percussus
487 1034 542 1062 fuit
556 1034 689 1063 Isboseth
703 1034 784 1062 filius
803 1033 888 1069 Saul,

107 1082 135 1108 et
149 1081 272 1109 occisus.
289 1082 311 1109 11
326 1082 402 1116 Req„
418 1089 457 1110 xv.

141 1129 284 1164 Tempore
312 1136 372 1164 quo
395 1128 492 1156 solent
514 1136 600 1164 reges
620 1128 659 1156 ad
679 1127 761 1156 bella
780 1135 888 1163 proce-

106 1174 191 1209 dere,
207 1175 348 1203 remansit
367 1175 460 1203 David
476 1175 507 1203 in
527 1175 619 1203 domo
639 1183 707 1209 sua,
721 1174 777 1202 ubi
792 1182 883 1210 grave

105 1221 283 1249 adulterium
297 1222 354 1250 hac
369 1222 525 1250 occasione
539 1222 696 1250 commisit.
714 1222 734 1250 11
749 1223 828 1256 Req„
843 1230 884 1249 XI.

141 1268 252 1296 Placuit
263 1270 331 1296 Joas
345 1269 407 1305 regi
420 1269 510 1304 Juda,
527 1271 559 1297 ut
572 1269 749 1297 instauraret
759 1269 886 1296 domum

105 1315 231 1351 Domini,
247 1317 275 1343 et
290 1316 429 1352 praecepit
443 1316 562 1351 Levitis,
576 1318 609 1344 ut
624 1315 702 1344 circa
716 1316 774 1343 hoe
790 1317 886 1344 essent

103 1362 220 1390 solliciti
239 1372 246 1390 z
261 1371 352 1399 porro
367 1363 472 1391 Levitae
492 1371 578 1398 egere
592 1363 808 1398 negligentius:
825 1371 885 1399 qua

104 1409 140 1437 de
156 1418 244 1437 causa
255 1418 307 1438 rex
323 1411 420 1446 arguit
433 1410 569 1439 Joiadam
584 1410 779 1446 sacerdotem,
793 1412 814 1438 11
830 1412 883 1438 Ρα-

101 1458 167 1490 ral„
184 1464 255 1485 xxv.

138 1506 211 1532 Cum
232 1504 396 1532 dormirent
415 1504 570 1538 homines,
588 1505 669 1532 venit
683 1504 839 1537 inimicam,
856 1507 884 1532 et

101 1550 348 1587 superseminavit
361 1551 472 1580 zizania
487 1552 518 1579 in
531 1551 633 1580 medio
648 1551 753 1586 tritici,
768 1552 881 1587 Matth„

101 1606 163 1633 xm,
177 1600 222 1626 25.

136 1648 304 1681 Arguuntur
323 1647 425 1679 otiosi,
445 1648 474 1674 et
494 1647 723 1674 remunerantur
740 1645 879 1681 operarii.

99 1693 213 1727 Match„
229 1702 276 1722 xx.

135 1741 221 1769 Facta
236 1743 406 1777 tempestate
420 1741 451 1768 in
466 1741 553 1774 mari,
568 1741 656 1768 Jonas
671 1740 823 1768 descendit
839 1740 880 1768 ad

97 1786 239 1815 inferiora
259 1788 359 1822 navis,
380 1789 408 1815 et
428 1787 598 1815 dormiebat
611 1795 719 1823 sopore
735 1787 835 1822 gravi3
852 1790 880 1815 et

98 1834 219 1862 accessit
237 1835 277 1862 ad
301 1843 370 1862 eum
394 1835 591 1870 gubernator,
609 1837 637 1862 et
654 1834 694 1862 ait
709 1834 735 1861 ei
752 1843 758 1862 ε
774 1844 787 1860 κ
802 1834 878 1868 Quid

99 1889 206 1917 sopore
218 1881 393 1917 deprimeris
403 1883 416 1909 ἱ)
427 1882 527 1917 Surge,
539 1882 646 1910 invoca
657 1884 747 1910 Deum
757 1884 873 1910 tuum.»

97 1930 171 1963 Jcn„
184 1938 204 1957 1.

133 1977 208 2004 Dure
223 1976 414 2012 reprehendit
429 1976 569 2004 Dominus
584 1984 705 2003 servum
719 1976 834 2004 malum
850 1978 878 2004 et

96 2023 234 2059 pigrum,
254 2023 305 2059 qui
324 2023 520 2059 multiplicare
539 2023 668 2059 neglexit
683 2023 876 2051 commissum

96 2070 153 2098 sibi
165 2070 319 2105 talentum,
331 2071 441 2103 Matth„
457 2078 522 2099 xxv.

132 2117 265 2152 Virgines
287 2117 484 2152 dormientes,
500 2125 629 2153 quarum
643 2116 798 2153 lampades
813 2125 875 2145 non

95 2163 211 2192 fuerant
226 2165 309 2200 prius
324 2166 450 2200 ornatae,
469 2164 589 2193 fuerunt
602 2166 705 2200 postea
726 2172 744 2192 a
764 2164 874 2200 nuptiis

95 2212 232 2240 exclusae.
248 2213 361 2248 Macth„
378 2220 447 2240 xxv.

130 2259 220 2287 Valde
236 2259 374 2287 videntur
393 2260 482 2287 fuisse
499 2259 629 2287 acediosi
645 2259 782 2295 discipuli
798 2259 873 2288 hora

93 2306 144 2335 illa
157 2309 226 2343 post
241 2315 367 2342 coenam,
384 2306 435 2342 qui
449 2306 545 2342 rogati
565 2315 582 2334 a
597 2306 722 2334 Domino
738 2306 872 2342 vigilare,

94 2354 233 2381 continuo
245 2353 444 2382 dormiebant.
457 2354 574 2388 Matth„
586 2361 672 2389 xxv13
689 2354 790 2386 Marc„
806 2362 870 2388 x1v;

92 2401 169 2433 Luc„
186 2409 257 2428 xxn.

322 2482 465 2516 CAPUT
490 2481 638 2516 CXVIII.

296 2563 333 2589 De
349 2563 443 2608 pneris
463 2562 535 2589 bonoe
554 2561 667 2588 indolis.

128 2640 191 2666 Non
205 2638 311 2673 legitur
327 2640 406 2666 Isaac
421 2645 632 2673 murmurasse,
649 2637 771 2674 quando
787 2639 870 2674 pater

91 2686 154 2721 ejus
174 2694 210 2713 ex
230 2687 376 2721 praecepto
394 2684 509 2712 Domini
530 2684 627 2720 ipsum
651 2684 746 2712 voluit
759 2685 869 2712 immo-

91 2732 166 2767 lare,
180 2733 244 2760 Gen.
255 2754 264 2767 ,
279 2740 350 2760 xxii.

1674 263 1733 294 627

986 328 1096 364 Joseph
1119 328 1269 357 accusavit
1290 328 1395 357 fratres
1419 336 1488 357 suos
1513 329 1596 365 apud
1618 330 1734 365 patrem

951 374 1074 403 crimine
1089 375 1219 412 pessimo
1230 396 1240 410 ,
1255 375 1339 412 quod
1362 377 1424 404 erat
1443 375 1474 404 in
1490 383 1526 404 eo
1541 375 1662 411 signum
1683 376 1735 405 de-

949 422 1111 450 testationis
1134 423 1266 459 peccati;
1290 426 1318 451 et
1343 424 1420 460 patri
1442 423 1551 452 dicenti
1571 433 1578 452 :
1607 433 1621 450 «
1650 425 1734 461 Veni,

949 470 1062 499 mittam
1075 473 1102 498 te
1119 471 1159 500 ad
1173 471 1276 500 fratres
1297 474 1374 507 tuos,
1387 482 1400 499 n
1415 472 1592 500 obedienter
1610 480 1734 509 respon-

955 517 1014 545 dit:
1035 519 1164 546 «Praesto
1180 527 1257 547 sum.
1272 529 1286 546 »
1304 520 1381 554 Gen„
1395 527 1504 548 xxxvn.

984 565 1104 593 Samuel
1118 565 1217 594 adhuc
1225 574 1301 602 puer
1311 568 1374 594 erat
1383 566 1519 594 minister
1534 566 1565 594 in
1576 569 1736 604 conspectu

948 611 1082 646 Domini,
1102 614 1130 639 et
1150 612 1321 641 dormiebat
1340 613 1371 641 in
1394 613 1507 649 templo
1531 613 1666 649 Domini,
1682 614 1735 642 ubi

948 660 1010 686 erat
1023 666 1093 686 area
1106 659 1166 686 Dei.
1183 660 1193 687 1
1207 661 1290 694 Req„
1306 668 1327 688 11
1341 662 1369 687 et
1383 668 1425 688 111.

983 705 1110 738 Quando
1127 706 1221 734 David
1240 706 1371 734 debebat
1380 706 1412 734 in
1426 714 1528 742 regem
1542 715 1597 743 per
1610 708 1731 736 Samue-

946 751 1007 779 lem
1022 752 1144 788 inungi,
1161 755 1222 781 erat
1236 753 1266 780 in
1283 761 1356 789 agro
1371 753 1531 789 parvulus,
1549 755 1576 782 et
1589 755 1733 790 pascebat

947 806 1019 827 oves
1037 801 1181 836 tanquam
1192 800 1269 836 patri
1285 800 1440 837 obediens,
1456 801 1578 829 humilis
1593 803 1621 830 et
1635 801 1733 838 abjec-

947 847 1002 873 tus.
1014 847 1024 874 1
1037 847 1115 881 Rey„
1131 855 1192 875 xvr.

982 895 1067 929 JoaS,
1083 894 1164 921 filius
1182 896 1282 922 Joram
1301 894 1397 930 regis,
1414 903 1489 931 puer
1509 896 1624 932 septem
1637 904 1731 924 anno-

946 947 1013 968 rum
1029 949 1098 968 cum
1112 949 1238 977 regnare
1255 942 1409 978 coepisset,
1426 942 1495 970 fecit
1513 943 1597 979 quod
1616 943 1732 972 bonum

946 989 1008 1014 erat
1024 995 1127 1015 coram
1148 988 1275 1017 Domino
1295 989 1407 1017 cunctis
1427 989 1534 1017 diebus
1554 989 1666 1018 Joiadae
1685 999 1731 1019 sa-

946 1034 1084 1063 cerdotis.
1100 1036 1134 1063 lv
1144 1036 1222 1071 Req„
1239 1037 1334 1072 x11311
1350 1037 1455 1072 Paral„
1472 1044 1550 1065 xxrv.
1689 1034 1695 1039 '

984 1091 997 1107 «
1008 1082 1078 1110 Octo
1094 1090 1244 1110 annorum
1263 1085 1325 1111 erat
1338 1083 1432 1111 Josias
1447 1092 1516 1111 cum
1531 1091 1658 1119 regnare
1673 1092 1730 1113 coe-

943 1129 1034 1164 pisset
1044 1149 1054 1164 ,
1081 1129 1208 1166 fecitque
1243 1130 1326 1166 quod
1358 1131 1502 1166 placitum
1535 1133 1597 1160 erat
1628 1140 1730 1160 coram

944 1176 1081 1211 Domino,
1090 1187 1103 1203 >2
1117 1178 1151 1205 lV
1163 1178 1240 1212 Req„
1256 1185 1325 1213 xxii,
1338 1179 1364 1213 1,
1378 1179 1413 1214 23
1430 1180 1458 1206 et
1472 1180 1572 1207 tamen
1584 1179 1731 1215 pessimos

942 1225 1058 1258 patrem
1072 1225 1099 1251 et
1114 1231 1206 1252 avum
1220 1224 1377 1252 habuerat.

978 1270 1099 1304 Tobias,
1119 1279 1132 1296 «
1144 1279 1213 1298 cum
1228 1273 1303 1299 esset
1318 1272 1421 1306 Junior
1439 1272 1579 1300 omnibus
1603 1273 1634 1301 in
1650 1274 1729 1303 tribu

940 1316 963 1343 N
966 1316 1137 1352 ephthalim,
1147 1317 1222 1345 nihil
1230 1320 1329 1346 tamen
1336 1318 1450 1354 puerile
1462 1319 1550 1354 gessit
1560 1320 1591 1347 in
1600 1329 1701 1357 opere.
1712 1331 1724 1349 n

943 1363 1017 1398 Tob„
1034 1372 1054 1397 1,
1069 1365 1095 1391 4.
1109 1366 1142 1392 Et
1152 1364 1244 1398 idem,
1259 1373 1326 1393 cum
1336 1367 1441 1401 postea
1455 1366 1551 1394 filium
1566 1368 1726 1404 genuisset,

940 1409 1041 1445 ipsum
1056 1420 1069 1437 «
1079 1411 1118 1439 ab
1131 1411 1254 1439 infantia
1265 1412 1368 1440 timere
1378 1413 1469 1441 Deum
1481 1410 1591 1449 docuit,
1602 1417 1628 1443 et
1640 1415 1727 1443 absti-

939 1463 1010 1484 nere
1025 1457 1063 1485 ab
1080 1459 1163 1486 omni
1177 1461 1309 1494 peccato.
1326 1469 1339 1485 η
1359 1461 1432 1494 Tob„
1449 1468 1475 1494 1,
1493 1461 1535 1488 10.

975 1505 1041 1533 Sine
1063 1506 1228 1541 propheta,
1252 1507 1314 1534 sine
1339 1508 1493 1535 sacerdote
1515 1510 1543 1536 et
1562 1509 1724 1545 magistro,

938 1552 1050 1587 Daniel,
1067 1554 1094 1580 et
1109 1555 1165 1581 tres
1175 1553 1247 1581 socii
1259 1554 1333 1589 ejus,
1344 1554 1441 1590 legem
1453 1555 1502 1583 Dei
1518 1555 1722 1593 observantes,

938 1599 1047 1633 sobrie,
1072 1601 1100 1627 et
1120 1600 1215 1635 juste,
1240 1603 1267 1628 et
1289 1601 1338 1637 pie
1358 1601 1497 1630 vixerunt
1518 1602 1594 1631 inter
1614 1611 1723 1639 pueros

937 1646 1071 1687 gentiles
1088 1649 1173 1682 Dan„
1189 1656 1208 1675 1.

973 1694 1086 1721 Fratres
1110 1693 1151 1722 illi
1178 1696 1292 1730 septem
1314 1695 1518 1723 adolescentes
1542 1696 1649 1724 miram
1676 1705 1722 1726 sa-

935 1739 1078 1775 pientiam
1102 1741 1133 1768 in
1156 1742 1421 1777 responsionibus,
1443 1745 1471 1771 et
1495 1743 1669 1779 patientiam
1690 1744 1720 1772 in

935 1787 1176 1816 tribulationibus
1191 1788 1369 1817 habuerunt.
1385 1791 1407 1818 11
1421 1790 1529 1824 Mach„
1545 1798 1596 1818 v11.

970 1835 1074 1862 Beatus
1093 1836 1220 1863 Joannes
1239 1836 1387 1872 «Baptista
1410 1845 1486 1872 puer
1508 1837 1668 1872 crescebat,
1691 1840 1720 1866 et

934 1881 1158 1909 confortabatur
1175 1883 1293 1918 spiritu,
1313 1885 1340 1910 et
1360 1886 1421 1911 erat
1440 1884 1471 1911 in
1487 1884 1603 1912 deserto
1622 1893 1717 1920 usque

932 1927 963 1955 in
979 1928 1059 1956 diem
1071 1929 1247 1957 ostensionis
1262 1938 1321 1956 suae
1335 1929 1375 1957 ad
1390 1930 1512 1958 lsrael.»
1531 1932 1614 1965 Luc„
1630 1939 1655 1965 1,
1670 1932 1714 1959 80.

969 1975 1103 2003 Salvator
1116 1977 1233 2009 noster,
1248 1984 1323 2012 puer
1345 1976 1515 2004 duodennis
1531 1977 1657 2005 existens
1673 1986 1716 2006 se—

932 2021 1065 2049 cundum
1090 2030 1227 2057 carnem,
1246 2023 1411 2051 «inventus
1426 2024 1469 2051 est
1492 2024 1522 2051 in
1548 2024 1659 2060 templo
1684 2025 1714 2052 in

931 2068 1032 2096 medio
1041 2069 1209 2104 doctorum,
1217 2069 1341 2098 audiens
1351 2070 1428 2105 illos,
1441 2072 1469 2098 et
1484 2070 1680 2107 interrogans
1697 2082 1711 2098 >›

931 2115 1040 2143 Deinde
1060 2116 1235 2144 «descendit
1249 2125 1318 2144 cum
1332 2117 1422 2145 Maria
1437 2119 1465 2145 et
1476 2118 1595 2153 ¹Ioseph,
1611 2121 1638 2146 et
1652 2122 1714 2147 erat

930 2162 1067 2190 subditus
1082 2162 1148 2191 illis.
1167 2173 1181 2191 »
1197 2164 1274 2199 Luc„
1291 2172 1321 2200 ιι,
1336 2166 1382 2199 46,
1398 2166 1443 2192 51.

1176 2259 1319 2292 CAPUT
1343 2260 1460 2293 CXIX.

1152 2333 1189 2359 De
1207 2333 1331 2360 societate
1353 2332 1489 2360 bonorum.

964 2402 1222 2430 Considerandum
1246 2404 1290 2431 est
1314 2403 1423 2438 valde,
1447 2402 1531 2439 quod
1553 2403 1577 2430 si
1599 2403 1710 2430 inventi

927 2448 1048 2477 fuissent
1063 2449 1167 2477 decem
1182 2449 1236 2477 viri
1250 2450 1319 2485 justi
1334 2450 1365 2477 in
1381 2450 1514 2486 quinque
1530 2449 1710 2483 civitatibus,

927 2498 1049 2532 propter
1079 2496 1146 2524 illos
1178 2497 1356 2532 pepercisset
1385 2497 1527 2525 Dominus
1552 2496 1708 2525 universis.

929 2543 1006 2578 Gen„
1023 2551 1103 2571 xv111.

963 2590 1038 2617 Dixit
1052 2590 1143 2619 Jacob
1160 2590 1199 2618 ad
1214 2590 1325 2625 Laban,
1342 2591 1419 2626 Gen„
1435 2599 1502 2625 xxx,
1521 2592 1571 2620 30:
1592 2601 1606 2617 «
1619 2590 1711 2619 Modi-

928 2645 996 2664 cum
1011 2637 1150 2671 habuisti,
1166 2639 1326 2673 antequam
1336 2638 1470 2666 venirem
1481 2639 1521 2666 ad
1531 2640 1576 2674 te;
1591 2640 1618 2666 et
1630 2646 1710 2666 nune

928 2683 1010 2711 dives
1025 2684 1146 2712 effectus
1161 2692 1202 2719 es,
1217 2684 1429 2721 benedixitque
1444 2685 1497 2713 tibi
1513 2685 1654 2713 Dominus
1670 2685 1710 2712 ad

927 2731 1082 2759 introitum
1095 2739 1208 2759 meum.
1220 2741 1233 2757 »
