2004 3037
58 1625 154 1645 intentio

48 1656 149 1676 Auctoris

62 1687 83 1706 in
100 1687 140 1706 hoc

61 1718 126 1738 libro.

159 285 203 315 28

163 350 372 386 intelligentiae,
385 351 418 378 ut
432 349 545 377 dicetur
558 351 672 386 postea,
688 349 719 377 in
734 350 879 386 quantum
893 348 943 377 Sol

165 397 276 425 cunctis
294 397 360 425 aliis
377 395 505 432 planetis
519 395 687 432 pulchrior,
703 397 731 424 et
749 395 833 424 stella
846 397 942 423 matu-

163 444 225 472 tina
253 443 363 471 caeteris
393 442 542 470 sideribus
567 442 751 479 fulgentibus
783 442 944 478 fulgentior

163 491 309 521 universis
324 501 330 519 :
343 499 404 527 qua
417 490 586 519 revelantur
599 490 784 524 abscondita,
797 497 856 526 qua
869 497 946 517 rese-

163 540 266 567 rantur
287 537 425 566 occulta:
443 546 510 574 quae
524 545 586 565 non
609 537 748 566 humanis
772 539 800 565 et
821 536 944 564 terrenis

161 585 232 613 facit
244 586 394 613 amantem
407 584 572 619 intendere,
588 585 641 612 sed
653 584 753 620 potius
768 591 858 619 supra
871 583 945 619 seip-

162 639 231 659 sum
252 631 401 660 elevatum
417 631 587 659 immediate
603 631 712 660 divinis
729 632 757 659 et
776 630 945 658 coelestibus

162 678 296 706 insistere
306 678 478 715 disciplinis.
491 678 566 713 Quia
580 686 652 714 ergo
667 685 752 706 amor
767 679 893 706 oestuans
906 677 945 704 ad

163 724 308 752 unionem
338 724 437 752 dilecti
469 725 602 762 adspirat
629 724 796 758 ardentius,
829 732 946 752 sursum

160 771 252 799 trahit
273 771 428 807 spiritum,
448 774 481 800 ut
504 772 579 800 fonti
605 772 667 800 veri
690 771 811 799 luminis
835 778 945 807 appro-

161 818 303 854 pinquet,
321 819 372 855 qui
386 819 468 847 solus
481 819 551 847 facit
565 818 706 847 accedere
722 818 761 846 ad
775 817 877 851 illum,
893 817 945 853 qui

163 867 207 893 est
226 865 325 894 oriens
344 875 380 895 cx
400 867 478 900 alto,
501 866 556 894 hos
580 866 631 902 qui
655 866 685 893 in
708 865 837 893 tenebris
861 866 889 892 et
915 865 946 892 in

164 912 274 942 umbra
287 914 391 941 mortis
406 913 510 941 sedent
524 913 696 941 illuminans
712 922 718 940 2
735 914 766 940 ut
779 920 833 948 per
848 911 946 947 ipsum

165 960 277 988 motiva
292 962 320 988 et
334 960 483 995 cognitiva
503 959 732 996 completissime
751 967 819 986 suas
835 957 946 994 perfec-

166 1007 260 1035 tiones
280 1007 449 1041 obtineant,
468 1009 500 1035 ut
524 1014 608 1034 mens
633 1005 740 1034 ardore
766 1005 896 1038 amoris,
920 1007 948 1032 et

166 1053 273 1081 decore
301 1054 436 1088 luminis,
464 1061 482 1081 a
505 1061 559 1081 suo
585 1053 693 1080 dilecto
718 1051 948 1080 misericorditer

165 1099 333 1128 decoretur.
360 1101 507 1134 Quoniam
531 1107 592 1127 non
618 1099 714 1127 solum
738 1107 792 1135 per
815 1106 949 1126 amorem

165 1146 312 1174 unitivum
333 1147 429 1182 gloria
449 1149 564 1175 aeternae
581 1145 772 1174 beatitudinis
786 1145 818 1172 in
831 1153 949 1172 recessu

164 1193 284 1229 spiritus
300 1202 317 1221 a
332 1201 456 1229 corpore
470 1193 639 1230 possidetur
649 1214 658 1226 ‚
674 1200 728 1219 nec
743 1192 840 1219 solum
857 1191 949 1218 vitam

166 1239 317 1267 ccrlestem
335 1240 445 1268 ducere
464 1239 608 1275 contingit
628 1239 658 1266 in
678 1239 761 1266 terris
779 1248 785 1265 ε
806 1246 868 1266 non
883 1240 948 1265 tan-

166 1287 231 1315 tum
258 1287 421 1315 humanam
449 1287 510 1314 suis
538 1294 655 1314 sursum
685 1285 858 1318 ostensivis,
888 1284 948 1312 sive

165 1334 324 1362 excessivis
355 1334 541 1367 actionibus,
566 1335 695 1360 mentem
725 1331 845 1359 interius
868 1331 949 1358 solli-

169 1381 276 1414 citant;
293 1381 345 1408 sed
366 1381 486 1416 insuper
507 1380 537 1407 in
560 1380 659 1407 anima
678 1377 951 1414 incomparabiliter

169 1435 223 1462 per
238 1427 347 1455 amoris
362 1427 465 1454 unitivi
480 1426 628 1454 desideria
640 1425 781 1461 perfectio
797 1424 950 1460 amplioris

170 1473 347 1507 cognitionis
370 1474 564 1509 relinquitur,
590 1480 682 1509 quam
708 1471 872 1505 studendo,
902 1471 950 1498 vel

170 1520 339 1555 audiendo,
362 1521 410 1548 vel
434 1528 489 1556 pro
514 1519 636 1548 rationis
662 1518 801 1547 exercitio
826 1517 950 1553 conqui—

171 1569 260 1595 ratur.

207 1617 237 1643 tn
261 1615 318 1642 hoc
336 1622 406 1648 ergo
427 1613 561 1650 praesenti
587 1621 693 1649 opere,
709 1612 792 1648 qnod
813 1620 829 1639 a
849 1619 896 1639 me
912 1611 951 1638 ad

168 1661 385 1690 declarandum
410 1661 485 1688 beati
509 1660 637 1695 Dionysii
659 1659 808 1694 mysticam
829 1658 952 1685 Theolo-

172 1709 252 1743 giam
272 1708 484 1741 conscribitur,
500 1709 543 1734 est
563 1714 693 1742 praesens
712 1705 834 1732 intentio
855 1707 950 1731 osten-

174 1755 244 1783 dere
258 1754 420 1782 theoricam
443 1753 484 1780 ibi
505 1753 665 1785 inclusam,
681 1751 836 1787 quomodo
852 1751 952 1778 anima

174 1801 302 1830 Creatori
318 1809 372 1828 suo
394 1800 548 1834 inhaereat,
571 1802 598 1827 et
612 1799 666 1835 ipsi
683 1798 847 1831 efficacius,
862 1797 951 1824 veluti

175 1848 281 1875 dilecta
305 1846 511 1880 dilectissimo,
527 1845 728 1873 radicabiliter
747 1844 875 1871 uniatur.
898 1844 951 1871 Ubi

173 1896 265 1923 verba
287 1894 466 1931 paucissima
489 1896 575 1926 sunt,
600 1892 651 1920 sed
676 1891 790 1918 infinita
810 1891 952 1918 sententia

174 1942 355 1975 continetur,
372 1941 446 1968 sicut
461 1939 695 1967 manifestissime
716 1937 746 1964 in
761 1937 952 1972 sequentibus

173 1988 342 2024 apparebit3
367 1987 439 2023 quia
460 1987 490 2014 in
512 1987 567 2013 hac
592 1985 703 2012 unitiva
726 1983 870 2019 sapientia
891 1991 952 2010 non

174 2035 212 2062 ab
225 2043 271 2068 co,
288 2034 370 2070 quod
390 2036 484 2067 extra,
501 2033 531 2060 in
546 2032 654 2067 scripta
668 2030 828 2065 redigitur;
846 2029 898 2057 sed
914 2029 951 2058 ab

174 2090 209 2109 eo
226 2081 308 2117 quod
325 2081 402 2108 intus
415 2080 576 2116 percipitur
593 2078 699 2106 mentis
714 2080 833 2105 extensa
846 2076 951 2110 unitio,

173 2128 211 2154 ad
231 2136 318 2155 suum
334 2127 557 2155 dilectissimum
572 2125 715 2161 cupientis
733 2124 890 2157 attingere,
908 2123 951 2158 ip-

174 2174 233 2201 sius
244 2174 324 2201 dono
342 2174 467 2208 gratuito
483 2173 583 2208 recipit
601 2172 825 2199 incrementum.

210 2222 306 2258 Stylus
327 2224 425 2249 autem
446 2222 528 2248 istius
552 2220 620 2247 libri
641 2219 810 2255 simpliciter
833 2221 860 2245 et
879 2226 951 2253 pure

175 2270 355 2304 anagogicus
371 2272 428 2303 ost,
448 2269 502 2296 nisi
525 2267 707 2303 quandoque
729 2268 850 2301 proptor
869 2265 952 2299 pium

175 2317 343 2344 auditorem
367 2316 405 2343 ad
428 2315 548 2342 inferius
572 2313 695 2349 aliquod
721 2311 889 2345 descendat,
913 2311 951 2338 ad

175 2371 293 2390 sensum
313 2362 510 2397 anagogicum
529 2359 710 2387 manifestius
730 2358 952 2393 explicandum,

176 2412 207 2436 ut
221 2409 318 2436 solum
329 2417 402 2444 pure
416 2411 548 2436 amantes
562 2407 637 2434 hanc
653 2412 823 2441 supremam
836 2404 952 2439 sapien-

175 2457 245 2483 tiam
257 2455 401 2483 unitivam
418 2455 449 2481 id
464 2453 566 2489 seipsis
580 2452 758 2488 percipiant,
775 2453 803 2477 et
817 2459 834 2477 a
847 2450 952 2477 mundi

175 2503 372 2538 sapientibus,
399 2502 448 2529 vol
471 2500 624 2528 mundana
647 2498 830 2530 amantibus,
856 2504 952 2531 neque

176 2550 277 2585 quoad
293 2550 483 2583 intellectum,
500 2556 596 2583 neque
612 2547 711 2583 quoad
727 2547 864 2573 affectum
879 2544 952 2571 ulla-

176 2599 259 2623 tenus
275 2597 416 2632 capiatur.

212 2643 288 2670 Finis
305 2645 404 2670 autem
423 2645 477 2677 est,
501 2641 651 2669 attendere
678 2639 832 2676 quomodo
855 2637 953 2665 anima

177 2689 215 2719 ad
229 2690 329 2725 sponsi
351 2690 492 2716 unionem
514 2689 580 2716 totis
602 2687 763 2715 visceribus
779 2685 886 2713 debeat
899 2684 951 2711 ad-

176 2736 306 2773 spirare,
322 2739 353 2763 ut
370 2736 488 2763 arrham
509 2735 628 2770 gloriae,
644 2737 671 2761 et
684 2733 824 2762 diadema
837 2731 952 2766 nuptia-

756 278 932 313 MYSTICA
950 278 1190 312 THEOLOGIA.

997 355 1065 376 rum
1090 347 1237 383 regalium
1263 348 1360 377 valeat
1382 348 1534 386 percipere
1562 349 1594 377 in
1620 350 1774 388 praesenth

998 394 1083 432 quod
1103 394 1200 422 omnis
1217 395 1370 423 rationalis
1387 395 1506 432 spiritus
1528 398 1672 433 tanquam
1692 405 1778 426 suam

997 441 1212 470 beatitudinem
1230 442 1318 470 debet
1332 443 1486 479 appetere,
1501 445 1623 480 propter
1643 444 1777 480 quinque

998 489 1143 524 rationes,
1173 497 1239 526 quae
1261 491 1328 518 ante
1349 490 1512 527 principale
1535 490 1716 526 videndum,
1738 491 1778 520 ad

999 536 1116 564 avidius
1143 537 1350 574 recipiendum
1376 546 1442 574 quae
1464 537 1495 565 in
1518 538 1710 574 sequentibus
1733 537 1778 566 di-

999 585 1111 618 centur,
1126 583 1272 620 prolixius
1283 584 1508 620 praemittuntur.

1035 630 1132 658 Prima
1149 631 1238 666 igitur
1257 630 1332 659 ratio
1353 631 1478 659 sumitur
1498 633 1633 668 respectu
1651 631 1781 660 rationa-

999 676 1074 704 lium
1095 679 1315 713 creaturarum,
1343 679 1371 705 et
1394 677 1617 706 mundanorum
1641 681 1778 714 actuum;

1000 725 1058 751 tres
1079 723 1144 752 aliae
1161 727 1297 762 respectu
1316 725 1506 761 perfectionis
1529 725 1661 762 ipsarum
1680 733 1781 762 perso—

1000 778 1123 805 narum,
1138 779 1204 808 quae
1224 779 1278 808 per
1296 772 1439 801 unionem
1459 772 1569 800 amoris
1592 772 1623 799 in
1646 772 1781 808 praesenti

1000 817 1123 845 feliciter
1141 818 1307 854 obtinetur;
1331 819 1435 847 ultima
1453 819 1529 847 ratio
1550 818 1664 847 ratione
1688 818 1782 846 conti-

1001 864 1150 892 nuationis
1178 865 1328 901 profectus
1355 867 1383 893 et
1409 865 1580 901 augmenti,
1609 873 1670 902 quo
1699 873 1782 893 mens

1001 911 1098 946 seipsa
1123 911 1227 939 fortior
1251 911 1377 940 efficitur
1397 919 1523 948 semper,
1547 914 1575 939 et
1603 919 1659 948 pro
1680 919 1782 940 amore

1003 957 1101 985 dilecti
1126 957 1165 985 ad
1189 959 1304 994 majora
1329 966 1446 995 semper
1470 958 1599 995 seipsam
1624 959 1782 986 extendere

1003 1004 1141 1040 cupiens,
1159 1005 1255 1033 donec
1270 1005 1301 1032 in
1316 1013 1431 1033 recessu
1447 1005 1538 1041 ipsius
1554 1013 1571 1033 a
1586 1013 1711 1041 corpore
1726 1004 1782 1033 sibi

1004 1051 1053 1079 Sol
1065 1051 1192 1086 justitiae,
1204 1051 1302 1088 ipsum
1317 1052 1421 1079 visui-fe
1435 1052 1508 1079 facie
1524 1051 1562 1079 ad
1577 1051 1693 1086 faciem,
1709 1051 1784 1079 sicut

1004 1099 1062 1131 est,
1078 1097 1199 1125 oriatur.
1218 1100 1247 1126 ln
1262 1098 1358 1134 prima
1373 1099 1452 1126 enim
1466 1098 1633 1134 insipientia
1648 1098 1783 1126 omnium

1004 1144 1185 1179 mortalium,
1202 1147 1230 1172 et
1244 1144 1373 1172 maxime
1386 1145 1595 1180 religiosorum
1608 1144 1780 1173 ostenditur.

1004 1190 1083 1217 Sicut
1101 1191 1180 1218 enim
1200 1191 1325 1226 quidam
1341 1193 1458 1219 sanctus
1482 1191 1553 1219 dicit
1573 1200 1579 1218 :
1596 1191 1784 1227 Uniuscujus-

1005 1245 1063 1272 que
1079 1237 1148 1264 artis
1163 1237 1325 1265 industrius
1340 1238 1497 1274 appetitor,
1513 1239 1634 1265 cunctos
1653 1238 1784 1273 labores,

1006 1286 1032 1310 et
1048 1284 1190 1320 pericula,
1203 1287 1291 1320 atque
1308 1285 1464 1321 dispendia
1474 1285 1678 1321 aequanimiter
1693 1285 1785 1314 liben-

1006 1333 1107 1366 terque
1123 1333 1274 1366 sustentat‚
1291 1334 1318 1359 ct
1333 1333 1390 1360 hoc
1404 1332 1435 1359 in
1450 1332 1596 1368 agricolis,
1612 1335 1639 1360 et
1653 1333 1785 1368 negotia-

1006 1377 1136 1412 toribus,
1154 1380 1181 1405 et
1196 1378 1225 1405 in
1241 1378 1383 1406 militibus
1405 1379 1542 1415 exemplo
1558 1379 1689 1407 sensibili
1705 1387 1786 1407 com-

1006 1425 1161 1461 probatur.
1178 1428 1249 1454 Nam
1269 1429 1296 1454 ct
1318 1426 1449 1462 agricola
1470 1434 1548 1454 nunc
1570 1425 1697 1454 torridos
1716 1426 1787 1454 solis

1006 1472 1122 1506 radios,
1144 1481 1224 1500 nunc
1243 1473 1364 1508 pruinas
1385 1475 1412 1501 ct
1433 1472 1542 1508 glacies
1565 1481 1626 1500 non
1650 1472 1786 1507 declinat,

1008 1521 1116 1546 terram
1133 1519 1354 1554 infatigabiliter
1367 1518 1490 1554 scindit,
1507 1521 1536 1547 et
1550 1519 1709 1547 indomitas
1725 1520 1785 1555 agri

1009 1565 1112 1599 glebas
1125 1566 1270 1602 frequenti
1283 1566 1394 1602 subigit
1409 1574 1539 1600 vomere,
1555 1568 1586 1593 ut
1601 1574 1666 1593 eam
1677 1566 1788 1593 cunctis

1007 1612 1138 1639 sentibus
1153 1615 1347 1648 expurgatam
1359 1634 1366 1646 ,
1383 1613 1587 1648 universisque
1604 1613 1788 1648 graminibus

1008 1658 1193 1693 absolutam,
1223 1659 1253 1685 in
1277 1659 1404 1686 modum
1429 1658 1566 1686 solubilis
1587 1667 1683 1686 arenae
1707 1667 1788 1687 exer-

1009 1705 1104 1731 cendo
1118 1705 1310 1739 comminuat,
1322 1705 1401 1733 hunc
1414 1705 1510 1733 solum
1520 1705 1609 1733 finem
1620 1705 1785 1741 intendens,

1008 1751 1118 1778 scilicet
1131 1751 1354 1787 perceptionem
1370 1752 1560 1787 copiosarum
1575 1752 1705 1787 frugum,
1718 1760 1787 1780 exu-

1008 1797 1177 1825 berantium
1199 1800 1348 1833 segetum,
1374 1806 1435 1826 non
1458 1798 1530 1826 alias
1555 1798 1734 1834 adepturum
1757 1807 1787 1826 se

1009 1852 1070 1872 esse
1087 1844 1255 1879 vonfidens,
1272 1853 1332 1881 quo
1354 1845 1400 1873 vel
1416 1845 1476 1881 ipse
1495 1845 1586 1872 vitam
1601 1853 1720 1873 securus
1735 1845 1788 1873 du-

1009 1899 1088 1924 cere,
1104 1891 1150 1918 vel
1167 1899 1251 1918 suam
1266 1891 1357 1926 possit
1379 1891 1573 1919 substantiam
1589 1891 1741 1927 ampliare.
1759 1892 1787 1920 Si

1009 1945 1080 1971 ergo
1097 1939 1138 1964 tot
1152 1937 1318 1972 laboribus,
1328 1941 1371 1965 tot
1382 1938 1599 1965 calamitatibus
1611 1938 1788 1965 incessanter

1009 1986 1124 2017 aestuat,
1140 1986 1171 2011 ut
1185 1984 1278 2019 possit
1296 1986 1426 2011 terrenus
1444 1987 1556 2011 terrena
1573 1984 1720 2019 suscipere
1735 1993 1788 2020 per

1009 2029 1162 2057 modicum
1179 2031 1319 2066 temporis
1335 2030 1364 2057 in
1380 2030 1450 2066 ipsis
1466 2030 1670 2066 quietudinem
1686 2030 1788 2058 inven-

1008 2079 1105 2110 turus,
1119 2085 1180 2104 non
1202 2077 1348 2104 immerito
1365 2077 1461 2105 omnis
1481 2077 1580 2104 anima
1595 2077 1683 2104 totius
1697 2077 1788 2104 Triui-

1009 2124 1074 2151 tatis
1097 2124 1237 2159 insignita
1258 2125 1402 2159 imagine,
1423 2127 1450 2152 et
1472 2125 1599 2152 maximo
1620 2124 1786 2158 religiosus,

1010 2171 1059 2206 qui
1093 2171 1131 2198 ad
1160 2171 1216 2198 hoc
1246 2171 1443 2198 obtinendum
1471 2170 1636 2204 efficacius,
1669 2173 1699 2197 ut
1729 2171 1787 2197 Deo

1009 2220 1118 2244 {eterno
1135 2217 1264 2251 uniatur,
1282 2217 1406 2244 strictius
1423 2224 1484 2252 prae
1503 2216 1568 2243 aliis
1583 2224 1612 2243 se
1628 2217 1786 2252 succinxit3

1010 2262 1039 2289 in
1060 2271 1119 2298 quo
1139 2265 1282 2298 tanquam
1301 2263 1332 2289 in
1351 2263 1430 2290 fonte
1450 2263 1640 2290 beatitudinis
1660 2263 1788 2291 laetitiam

1010 2309 1039 2335 in
1062 2309 1213 2344 praesenti,
1232 2311 1258 2336 et
1280 2309 1406 2344 gloriam
1433 2310 1461 2336 in
1481 2310 1579 2337 futuro
1601 2318 1654 2345 per
1675 2310 1788 2337 unitiva

1010 2355 1157 2382 desideria
1178 2355 1285 2390 poterit
1305 2355 1470 2383 exhaurire.
1493 2358 1524 2383 Et
1547 2356 1570 2382 si
1592 2356 1621 2383 in
1641 2356 1787 2391 principio

1010 2401 1111 2436 aliqua
1128 2401 1249 2428 forsitan
1269 2401 1441 2434 difficultas,
1458 2402 1505 2429 vel
1522 2402 1603 2430 carni
1618 2402 1788 2429 intolerabi-

1010 2447 1075 2474 litas
1093 2447 1238 2482 videatur,
1260 2449 1359 2475 tamen
1381 2448 1436 2475 cito
1457 2448 1487 2475 in
1507 2451 1566 2475 tam
1582 2448 1717 2483 jucundo
1740 2447 1785 2474 di-

1010 2493 1084 2521 lecto
1110 2493 1307 2520 desideratam
1334 2494 1468 2529 requiem
1494 2495 1601 2530 poterit
1626 2494 1757 2521 invenire
1777 2515 1785 2528 ,

1011 2541 1080 2575 quia
1099 2540 1128 2566 in
1148 2540 1280 2574 ingressu
1301 2543 1343 2567 est
1362 2541 1410 2567 via
1430 2541 1605 2574 arctissima,
1622 2540 1786 2567 secundum

1010 2586 1198 2613 Salomonem
1218 2586 1246 2612 in
1262 2586 1339 2614 libro
1355 2587 1522 2623 Sapientiae,
1538 2586 1683 2613 dicentem
1700 2587 1707 2602 ¹
1724 2595 1730 2612 ;
1755 2587 1786 2612 In

1009 2635 1103 2667 paucis
1117 2634 1226 2666 veoeati,
1243 2634 1272 2659 in
1288 2635 1381 2660 multis
1397 2634 1458 2661 bene
1473 2634 1648 2669 disponentur
1662 2642 1669 2659 :
1684 2634 1711 2659 et
1725 2640 1785 2660 non

1045 2731 1134 2761 ¹S‹1p.,
1150 2735 1191 2759 ιιι,
1207 2731 1229 2753 5
