<?xml version="1.0" encoding="UTF-8"?>
<!DOCTYPE html PUBLIC "-//W3C//DTD XHTML 1.0 Transitional//EN"
    "http://www.w3.org/TR/xhtml1/DTD/xhtml1-transitional.dtd">
<html xmlns="http://www.w3.org/1999/xhtml" xml:lang="en" lang="en">
 <head>
  <title>
</title>
<meta http-equiv="Content-Type" content="text/html;charset=utf-8" />
  <meta name='ocr-system' content='tesseract 3.04.00' />
  <meta name='ocr-capabilities' content='ocr_page ocr_carea ocr_par ocr_line ocrx_word'/>
</head>
<body>
  <div class='ocr_page' id='page_1' title='image "./operaomniasixtiv08bonauoft/operaomniasixtiv08bonauoft_0288.png"; bbox 0 0 2004 3037; ppageno 0'>
   <div class='ocr_carea' id='block_1_1' title="bbox 202 201 262 231">
    <p class='ocr_par' dir='ltr' id='par_1_1' title="bbox 202 201 262 231">
     <span class='ocr_line' id='line_1_1' title="bbox 202 201 262 231; baseline 0 0"><span class='ocrx_word' id='word_1_1' title='bbox 202 201 262 231; x_wconf 69' lang='lat'><strong>268</strong></span> 
     </span>
    </p>
   </div>
   <div class='ocr_carea' id='block_1_2' title="bbox 201 261 998 2622">
    <p class='ocr_par' dir='ltr' id='par_1_2' title="bbox 201 261 982 724">
     <span class='ocr_line' id='line_1_2' title="bbox 203 261 980 303; baseline -0.006 -8"><span class='ocrx_word' id='word_1_2' title='bbox 203 267 274 295; x_wconf 84' lang='lat' dir='ltr'><strong>dam</strong></span> <span class='ocrx_word' id='word_1_3' title='bbox 286 266 487 303; x_wconf 80' lang='lat' dir='ltr'><strong>infirmitateS,</strong></span> <span class='ocrx_word' id='word_1_4' title='bbox 503 272 569 301; x_wconf 79' lang='lat' dir='ltr'><strong>quae</strong></span> <span class='ocrx_word' id='word_1_5' title='bbox 589 272 652 292; x_wconf 89' lang='lat' dir='ltr'><strong>non</strong></span> <span class='ocrx_word' id='word_1_6' title='bbox 665 265 790 300; x_wconf 84' lang='lat' dir='ltr'><strong>possunt</strong></span> <span class='ocrx_word' id='word_1_7' title='bbox 807 263 872 291; x_wconf 87' lang='lat' dir='ltr'><strong>sine</strong></span> <span class='ocrx_word' id='word_1_8' title='bbox 896 261 980 299; x_wconf 82' lang='lat' dir='ltr'><strong>phle-</strong></span> 
     </span>
     <span class='ocr_line' id='line_1_3' title="bbox 201 311 980 348; baseline -0.006 -6"><span class='ocrx_word' id='word_1_9' title='bbox 201 313 337 342; x_wconf 86' lang='lat' dir='ltr'><strong>botomia</strong></span> <span class='ocrx_word' id='word_1_10' title='bbox 355 311 452 341; x_wconf 83' lang='lat' dir='ltr'><strong>curari</strong></span> <span class='ocrx_word' id='word_1_11' title='bbox 459 321 467 348; x_wconf 85' lang='lat'><em>3</em></span> <span class='ocrx_word' id='word_1_12' title='bbox 487 312 530 340; x_wconf 82' lang='lat' dir='ltr'><strong>sio</strong></span> <span class='ocrx_word' id='word_1_13' title='bbox 551 311 691 348; x_wconf 82' lang='lat' dir='ltr'><strong>quoedam</strong></span> <span class='ocrx_word' id='word_1_14' title='bbox 712 311 780 339; x_wconf 86' lang='lat' dir='ltr'><strong>sunt</strong></span> <span class='ocrx_word' id='word_1_15' title='bbox 801 312 940 347; x_wconf 77' lang='lat' dir='ltr'><strong>peecata,</strong></span> <span class='ocrx_word' id='word_1_16' title='bbox 961 318 980 338; x_wconf 87' lang='lat' dir='ltr'><strong>a</strong></span> 
     </span>
     <span class='ocr_line' id='line_1_4' title="bbox 203 356 979 397; baseline -0.005 -9"><span class='ocrx_word' id='word_1_17' title='bbox 203 361 312 397; x_wconf 86' lang='lat' dir='ltr'><strong>quibus</strong></span> <span class='ocrx_word' id='word_1_18' title='bbox 325 367 387 388; x_wconf 90' lang='lat' dir='ltr'><strong>non</strong></span> <span class='ocrx_word' id='word_1_19' title='bbox 399 361 496 396; x_wconf 89' lang='lat' dir='ltr'><strong>potest</strong></span> <span class='ocrx_word' id='word_1_20' title='bbox 509 358 576 395; x_wconf 87' lang='lat' dir='ltr'><strong>quis</strong></span> <span class='ocrx_word' id='word_1_21' title='bbox 590 358 653 386; x_wconf 85' lang='lat' dir='ltr'><strong>siue</strong></span> <span class='ocrx_word' id='word_1_22' title='bbox 667 357 850 386; x_wconf 76' lang='lat' dir='ltr'><strong>restitutione</strong></span> <span class='ocrx_word' id='word_1_23' title='bbox 865 356 979 391; x_wconf 76' lang='lat' dir='ltr'><strong>curari,</strong></span> 
     </span>
     <span class='ocr_line' id='line_1_5' title="bbox 203 403 978 442; baseline -0.005 -7"><span class='ocrx_word' id='word_1_24' title='bbox 203 409 253 435; x_wconf 87' lang='lat' dir='ltr'><strong>aut</strong></span> <span class='ocrx_word' id='word_1_25' title='bbox 275 406 445 442; x_wconf 71' lang='lat' dir='ltr'><strong>Justificari¹</strong></span> <span class='ocrx_word' id='word_1_26' title='bbox 466 406 542 434; x_wconf 84' lang='lat' dir='ltr'><strong>sicut</strong></span> <span class='ocrx_word' id='word_1_27' title='bbox 561 405 692 440; x_wconf 85' lang='lat' dir='ltr'><strong>furtum,</strong></span> <span class='ocrx_word' id='word_1_28' title='bbox 711 412 816 439; x_wconf 78' lang='lat' dir='ltr'><strong>usura,</strong></span> <span class='ocrx_word' id='word_1_29' title='bbox 837 403 978 438; x_wconf 87' lang='lat' dir='ltr'><strong>simonia,</strong></span> 
     </span>
     <span class='ocr_line' id='line_1_6' title="bbox 202 451 981 489; baseline -0.004 -8"><span class='ocrx_word' id='word_1_30' title='bbox 202 453 322 489; x_wconf 83' lang='lat' dir='ltr'>rapina,</span> <span class='ocrx_word' id='word_1_31' title='bbox 347 454 376 481; x_wconf 88' lang='lat' dir='ltr'><strong>et</strong></span> <span class='ocrx_word' id='word_1_32' title='bbox 397 452 590 489; x_wconf 66' lang='lat' dir='ltr'><strong>hujusmodi,</strong></span> <span class='ocrx_word' id='word_1_33' title='bbox 616 451 689 489; x_wconf 88' lang='lat' dir='ltr'><strong>quia</strong></span> <span class='ocrx_word' id='word_1_34' title='bbox 707 461 721 478; x_wconf 75' lang='grc' dir='ltr'><strong>ιι</strong></span> <span class='ocrx_word' id='word_1_35' title='bbox 739 459 802 479; x_wconf 89' lang='lat' dir='ltr'><strong>non</strong></span> <span class='ocrx_word' id='word_1_36' title='bbox 826 451 981 479; x_wconf 84' lang='lat' dir='ltr'><strong>dimittitur</strong></span> 
     </span>
     <span class='ocr_line' id='line_1_7' title="bbox 203 497 982 535; baseline -0.003 -7"><span class='ocrx_word' id='word_1_37' title='bbox 203 502 358 535; x_wconf 83' lang='lat' dir='ltr'><strong>peceatum</strong></span> <span class='ocrx_word' id='word_1_38' title='bbox 369 521 379 535; x_wconf 94' lang='lat'>‚</span> <span class='ocrx_word' id='word_1_39' title='bbox 393 499 450 527; x_wconf 91' lang='lat' dir='ltr'><strong>nisi</strong></span> <span class='ocrx_word' id='word_1_40' title='bbox 470 500 639 528; x_wconf 79' lang='lat' dir='ltr'><strong>restituatur</strong></span> <span class='ocrx_word' id='word_1_41' title='bbox 660 498 812 532; x_wconf 85' lang='lat' dir='ltr'><strong>ablatum,</strong></span> <span class='ocrx_word' id='word_1_42' title='bbox 827 507 840 523; x_wconf 74' lang='lat' dir='ltr'><strong>n</strong></span> <span class='ocrx_word' id='word_1_43' title='bbox 859 499 892 525; x_wconf 90' lang='lat' dir='ltr'><strong>ut</strong></span> <span class='ocrx_word' id='word_1_44' title='bbox 911 497 982 526; x_wconf 87' lang='lat' dir='ltr'><strong>dicit</strong></span> 
     </span>
     <span class='ocr_line' id='line_1_8' title="bbox 203 545 981 584; baseline -0.004 -8"><span class='ocrx_word' id='word_1_45' title='bbox 203 547 382 584; x_wconf 84' lang='lat' dir='ltr'><strong>Augustinus</strong></span> <span class='ocrx_word' id='word_1_46' title='bbox 396 548 414 576; x_wconf 85' lang='lat'><strong>¹.</strong></span> <span class='ocrx_word' id='word_1_47' title='bbox 437 549 515 575; x_wconf 83' lang='lat' dir='ltr'><strong>lianc</strong></span> <span class='ocrx_word' id='word_1_48' title='bbox 530 547 769 584; x_wconf 86' lang='lat' dir='ltr'><strong>phlebotomiam</strong></span> <span class='ocrx_word' id='word_1_49' title='bbox 782 546 910 574; x_wconf 76' lang='lat' dir='ltr'><strong>faciebat</strong></span> <span class='ocrx_word' id='word_1_50' title='bbox 923 545 981 573; x_wconf 90' lang='lat' dir='ltr'><strong>sibi</strong></span> 
     </span>
     <span class='ocr_line' id='line_1_9' title="bbox 204 593 982 632; baseline -0.005 -8"><span class='ocrx_word' id='word_1_51' title='bbox 204 596 354 631; x_wconf 73' lang='lat' dir='ltr'><strong>zachaeus,</strong></span> <span class='ocrx_word' id='word_1_52' title='bbox 370 595 422 632; x_wconf 88' lang='lat' dir='ltr'><strong>qui</strong></span> <span class='ocrx_word' id='word_1_53' title='bbox 437 595 553 623; x_wconf 86' lang='lat' dir='ltr'><strong>dicebat</strong></span> <span class='ocrx_word' id='word_1_54' title='bbox 565 594 576 610; x_wconf 70' lang='lat'><strong>³</strong></span> <span class='ocrx_word' id='word_1_55' title='bbox 590 604 596 622; x_wconf 98' lang='lat'><strong>:</strong></span> <span class='ocrx_word' id='word_1_56' title='bbox 613 595 644 622; x_wconf 87' lang='lat' dir='ltr'><strong>Si</strong></span> <span class='ocrx_word' id='word_1_57' title='bbox 660 595 728 630; x_wconf 82' lang='lat' dir='ltr'><strong>quid</strong></span> <span class='ocrx_word' id='word_1_58' title='bbox 739 595 857 629; x_wconf 80' lang='lat' dir='ltr'><strong>aliquem</strong></span> <span class='ocrx_word' id='word_1_59' title='bbox 870 593 982 627; x_wconf 64' lang='lat' dir='ltr'><strong>defraw</strong></span> 
     </span>
     <span class='ocr_line' id='line_1_10' title="bbox 205 640 982 678; baseline -0.005 -7"><span class='ocrx_word' id='word_1_60' title='bbox 205 643 282 677; x_wconf 82' lang='lat' dir='ltr'><strong>davi,</strong></span> <span class='ocrx_word' id='word_1_61' title='bbox 309 643 392 671; x_wconf 83' lang='lat' dir='ltr'><strong>reddo</strong></span> <span class='ocrx_word' id='word_1_62' title='bbox 413 643 608 678; x_wconf 81' lang='lat' dir='ltr'><strong>quadruplum.</strong></span> <span class='ocrx_word' id='word_1_63' title='bbox 635 641 692 670; x_wconf 87' lang='lat' dir='ltr'><strong>Sed</strong></span> <span class='ocrx_word' id='word_1_64' title='bbox 717 640 832 668; x_wconf 86' lang='lat' dir='ltr'><strong>utinam</strong></span> <span class='ocrx_word' id='word_1_65' title='bbox 853 640 982 668; x_wconf 82' lang='lat' dir='ltr'><strong>usurarii</strong></span> 
     </span>
     <span class='ocr_line' id='line_1_11' title="bbox 204 688 647 724; baseline -0.005 -6"><span class='ocrx_word' id='word_1_66' title='bbox 204 689 297 718; x_wconf 89' lang='lat' dir='ltr'><strong>modo</strong></span> <span class='ocrx_word' id='word_1_67' title='bbox 311 689 471 718; x_wconf 86' lang='lat' dir='ltr'><strong>redderent</strong></span> <span class='ocrx_word' id='word_1_68' title='bbox 484 688 627 724; x_wconf 88' lang='lat' dir='ltr'><strong>simplum</strong></span> <span class='ocrx_word' id='word_1_69' title='bbox 641 689 647 716; x_wconf 75' lang='grc' dir='ltr'><strong>Ξ</strong></span> 
     </span>
    </p>

    <p class='ocr_par' dir='ltr' id='par_1_3' title="bbox 205 733 987 1239">
     <span class='ocr_line' id='line_1_12' title="bbox 239 733 983 772; baseline -0.004 -8"><span class='ocrx_word' id='word_1_70' title='bbox 239 736 334 765; x_wconf 85' lang='lat' dir='ltr'><strong>Tertio</strong></span> <span class='ocrx_word' id='word_1_71' title='bbox 355 735 515 772; x_wconf 85' lang='lat' dir='ltr'><strong>requiritur</strong></span> <span class='ocrx_word' id='word_1_72' title='bbox 530 735 569 763; x_wconf 88' lang='lat' dir='ltr'><strong>ad</strong></span> <span class='ocrx_word' id='word_1_73' title='bbox 586 734 815 763; x_wconf 82' lang='lat' dir='ltr'><strong>satisfactionem</strong></span> <span class='ocrx_word' id='word_1_74' title='bbox 836 733 908 762; x_wconf 88' lang='lat' dir='ltr'><strong>cinis</strong></span> <span class='ocrx_word' id='word_1_75' title='bbox 927 733 983 761; x_wconf 91' lang='lat' dir='ltr'><strong>hu-</strong></span> 
     </span>
     <span class='ocr_line' id='line_1_13' title="bbox 205 780 983 818; baseline -0.005 -7"><span class='ocrx_word' id='word_1_76' title='bbox 205 783 335 811; x_wconf 83' lang='lat' dir='ltr'><strong>militatis</strong></span> <span class='ocrx_word' id='word_1_77' title='bbox 351 792 359 810; x_wconf 73' lang='grc' dir='ltr'><em>τ</em></span> <span class='ocrx_word' id='word_1_78' title='bbox 375 782 448 810; x_wconf 88' lang='lat' dir='ltr'><strong>einis</strong></span> <span class='ocrx_word' id='word_1_79' title='bbox 462 782 541 810; x_wconf 87' lang='lat' dir='ltr'><strong>enim</strong></span> <span class='ocrx_word' id='word_1_80' title='bbox 557 783 679 818; x_wconf 79' lang='lat' dir='ltr'><strong>etaqua</strong></span> <span class='ocrx_word' id='word_1_81' title='bbox 693 781 791 809; x_wconf 82' lang='lat' dir='ltr'><strong>calida</strong></span> <span class='ocrx_word' id='word_1_82' title='bbox 805 780 916 808; x_wconf 83' lang='lat' dir='ltr'><strong>faciunt</strong></span> <span class='ocrx_word' id='word_1_83' title='bbox 929 780 983 808; x_wconf 90' lang='lat' dir='ltr'><strong>bo-</strong></span> 
     </span>
     <span class='ocr_line' id='line_1_14' title="bbox 205 827 985 867; baseline -0.005 -9"><span class='ocrx_word' id='word_1_84' title='bbox 205 838 279 858; x_wconf 89' lang='lat' dir='ltr'><strong>num</strong></span> <span class='ocrx_word' id='word_1_85' title='bbox 303 829 458 865; x_wconf 81' lang='lat' dir='ltr'><strong>lixivium;</strong></span> <span class='ocrx_word' id='word_1_86' title='bbox 483 829 525 857; x_wconf 86' lang='lat' dir='ltr'><strong>sic</strong></span> <span class='ocrx_word' id='word_1_87' title='bbox 548 829 620 867; x_wconf 86' lang='lat' dir='ltr'><strong>cinis</strong></span> <span class='ocrx_word' id='word_1_88' title='bbox 642 837 718 856; x_wconf 75' lang='lat' dir='ltr'><strong>verae</strong></span> <span class='ocrx_word' id='word_1_89' title='bbox 743 827 937 860; x_wconf 88' lang='lat' dir='ltr'><strong>humilitatis,</strong></span> <span class='ocrx_word' id='word_1_90' title='bbox 957 828 985 854; x_wconf 87' lang='lat' dir='ltr'><strong>et</strong></span> 
     </span>
     <span class='ocr_line' id='line_1_15' title="bbox 207 873 984 914; baseline -0.008 -8"><span class='ocrx_word' id='word_1_91' title='bbox 207 885 286 914; x_wconf 85' lang='lat' dir='ltr'><strong>aqua</strong></span> <span class='ocrx_word' id='word_1_92' title='bbox 305 877 402 906; x_wconf 84' lang='lat' dir='ltr'><strong>calida</strong></span> <span class='ocrx_word' id='word_1_93' title='bbox 422 877 624 913; x_wconf 77' lang='lat' dir='ltr'><strong>laerymarum</strong></span> <span class='ocrx_word' id='word_1_94' title='bbox 649 876 761 904; x_wconf 80' lang='lat' dir='ltr'><strong>faciunt</strong></span> <span class='ocrx_word' id='word_1_95' title='bbox 780 873 984 911; x_wconf 82' lang='lat' dir='ltr'><strong>poenitentiam</strong></span> 
     </span>
     <span class='ocr_line' id='line_1_16' title="bbox 206 923 985 960; baseline -0.006 -8"><span class='ocrx_word' id='word_1_96' title='bbox 206 924 404 960; x_wconf 83' lang='lat' dir='ltr'><strong>purgativam.</strong></span> <span class='ocrx_word' id='word_1_97' title='bbox 421 926 454 952; x_wconf 87' lang='lat' dir='ltr'><strong>Et</strong></span> <span class='ocrx_word' id='word_1_98' title='bbox 463 923 536 952; x_wconf 87' lang='lat' dir='ltr'><strong>sicut</strong></span> <span class='ocrx_word' id='word_1_99' title='bbox 547 931 641 959; x_wconf 84' lang='lat' dir='ltr'><strong>aqua,</strong></span> <span class='ocrx_word' id='word_1_100' title='bbox 653 925 929 959; x_wconf 83' lang='lat' dir='ltr'><strong>quantumcumque</strong></span> <span class='ocrx_word' id='word_1_101' title='bbox 940 928 985 948; x_wconf 92' lang='lat' dir='ltr'><strong>ca-</strong></span> 
     </span>
     <span class='ocr_line' id='line_1_17' title="bbox 206 968 987 1006; baseline -0.005 -8"><span class='ocrx_word' id='word_1_102' title='bbox 206 971 279 1005; x_wconf 86' lang='lat' dir='ltr'><strong>lida,</strong></span> <span class='ocrx_word' id='word_1_103' title='bbox 290 971 347 998; x_wconf 85' lang='lat' dir='ltr'><strong>nisi</strong></span> <span class='ocrx_word' id='word_1_104' title='bbox 362 972 488 999; x_wconf 83' lang='lat' dir='ltr'><strong>transeat</strong></span> <span class='ocrx_word' id='word_1_105' title='bbox 501 978 555 1006; x_wconf 89' lang='lat' dir='ltr'><strong>per</strong></span> <span class='ocrx_word' id='word_1_106' title='bbox 568 970 707 1004; x_wconf 80' lang='lat' dir='ltr'><strong>cinerem,</strong></span> <span class='ocrx_word' id='word_1_107' title='bbox 718 977 779 996; x_wconf 93' lang='lat' dir='ltr'><strong>non</strong></span> <span class='ocrx_word' id='word_1_108' title='bbox 789 968 865 996; x_wconf 88' lang='lat' dir='ltr'><strong>bene</strong></span> <span class='ocrx_word' id='word_1_109' title='bbox 880 968 987 1003; x_wconf 85' lang='lat' dir='ltr'><strong>purgat</strong></span> 
     </span>
     <span class='ocr_line' id='line_1_18' title="bbox 208 1013 986 1052; baseline -0.005 -7"><span class='ocrx_word' id='word_1_110' title='bbox 208 1017 311 1045; x_wconf 87' lang='lat' dir='ltr'><strong>sordes</strong></span> <span class='ocrx_word' id='word_1_111' title='bbox 326 1017 452 1045; x_wconf 88' lang='lat' dir='ltr'><strong>vestium</strong></span> <span class='ocrx_word' id='word_1_112' title='bbox 465 1039 472 1052; x_wconf 91' lang='lat'><em>,</em></span> <span class='ocrx_word' id='word_1_113' title='bbox 489 1017 530 1044; x_wconf 82' lang='lat' dir='ltr'><strong>sie</strong></span> <span class='ocrx_word' id='word_1_114' title='bbox 545 1017 685 1052; x_wconf 80' lang='lat' dir='ltr'><strong>laerymae</strong></span> <span class='ocrx_word' id='word_1_115' title='bbox 705 1015 843 1052; x_wconf 85' lang='lat' dir='ltr'><strong>quamvis</strong></span> <span class='ocrx_word' id='word_1_116' title='bbox 862 1013 966 1042; x_wconf 83' lang='lat' dir='ltr'><strong>calidae</strong></span> <span class='ocrx_word' id='word_1_117' title='bbox 977 1034 986 1047; x_wconf 92' lang='lat'><em>‚</em></span> 
     </span>
     <span class='ocr_line' id='line_1_19' title="bbox 207 1060 987 1100; baseline -0.006 -8"><span class='ocrx_word' id='word_1_118' title='bbox 207 1064 263 1092; x_wconf 88' lang='lat' dir='ltr'><strong>nisi</strong></span> <span class='ocrx_word' id='word_1_119' title='bbox 277 1066 428 1092; x_wconf 83' lang='lat' dir='ltr'><strong>transeant</strong></span> <span class='ocrx_word' id='word_1_120' title='bbox 441 1072 495 1100; x_wconf 89' lang='lat' dir='ltr'><strong>per</strong></span> <span class='ocrx_word' id='word_1_121' title='bbox 510 1064 639 1091; x_wconf 90' lang='lat' dir='ltr'><strong>cinerem</strong></span> <span class='ocrx_word' id='word_1_122' title='bbox 661 1062 834 1090; x_wconf 87' lang='lat' dir='ltr'><strong>humilitatis</strong></span> <span class='ocrx_word' id='word_1_123' title='bbox 844 1083 852 1095; x_wconf 85' lang='lat'>‚</span> <span class='ocrx_word' id='word_1_124' title='bbox 868 1069 929 1088; x_wconf 87' lang='lat' dir='ltr'><strong>non</strong></span> <span class='ocrx_word' id='word_1_125' title='bbox 942 1060 987 1088; x_wconf 86' lang='lat' dir='ltr'><strong>la-</strong></span> 
     </span>
     <span class='ocr_line' id='line_1_20' title="bbox 207 1108 985 1142; baseline -0.006 -3"><span class='ocrx_word' id='word_1_126' title='bbox 207 1113 278 1139; x_wconf 83' lang='lat' dir='ltr'><strong>vant</strong></span> <span class='ocrx_word' id='word_1_127' title='bbox 291 1110 394 1139; x_wconf 87' lang='lat' dir='ltr'><strong>sordes</strong></span> <span class='ocrx_word' id='word_1_128' title='bbox 408 1111 559 1138; x_wconf 86' lang='lat' dir='ltr'><strong>vitiorum.</strong></span> <span class='ocrx_word' id='word_1_129' title='bbox 577 1110 646 1138; x_wconf 88' lang='lat' dir='ltr'><strong>ideo</strong></span> <span class='ocrx_word' id='word_1_130' title='bbox 666 1109 784 1138; x_wconf 82' lang='lat' dir='ltr'><strong>dicebat</strong></span> <span class='ocrx_word' id='word_1_131' title='bbox 806 1109 862 1136; x_wconf 85' lang='lat' dir='ltr'><strong>Job</strong></span> <span class='ocrx_word' id='word_1_132' title='bbox 874 1109 885 1125; x_wconf 78' lang='lat'><strong>³</strong></span> <span class='ocrx_word' id='word_1_133' title='bbox 902 1117 908 1135; x_wconf 86' lang='grc'>;</span> <span class='ocrx_word' id='word_1_134' title='bbox 927 1108 985 1142; x_wconf 68' lang='lat' dir='ltr'><strong>Ago</strong></span> 
     </span>
     <span class='ocr_line' id='line_1_21' title="bbox 206 1155 986 1193; baseline -0.004 -8"><span class='ocrx_word' id='word_1_135' title='bbox 206 1159 395 1193; x_wconf 57' lang='lat' dir='ltr'><strong>poenitentiam</strong></span> <span class='ocrx_word' id='word_1_136' title='bbox 410 1160 439 1185; x_wconf 78' lang='lat' dir='ltr'><strong>in</strong></span> <span class='ocrx_word' id='word_1_137' title='bbox 450 1158 551 1192; x_wconf 73' lang='lat' dir='ltr'><strong>fovilla</strong></span> <span class='ocrx_word' id='word_1_138' title='bbox 564 1161 589 1185; x_wconf 81' lang='lat' dir='ltr'><strong>et</strong></span> <span class='ocrx_word' id='word_1_139' title='bbox 603 1159 692 1184; x_wconf 75' lang='lat' dir='ltr'><strong>cinere</strong></span> <span class='ocrx_word' id='word_1_140' title='bbox 711 1166 717 1184; x_wconf 94' lang='grc'>;</span> <span class='ocrx_word' id='word_1_141' title='bbox 734 1156 764 1184; x_wconf 93' lang='lat' dir='ltr'><strong>in</strong></span> <span class='ocrx_word' id='word_1_142' title='bbox 778 1157 878 1189; x_wconf 66' lang='lat' dir='ltr'><strong>similla</strong></span> <span class='ocrx_word' id='word_1_143' title='bbox 893 1155 986 1182; x_wconf 86' lang='lat' dir='ltr'><strong>devo-</strong></span> 
     </span>
     <span class='ocr_line' id='line_1_22' title="bbox 209 1204 656 1239; baseline -0.004 -6"><span class='ocrx_word' id='word_1_144' title='bbox 209 1205 312 1239; x_wconf 82' lang='lat' dir='ltr'><strong>tionis,</strong></span> <span class='ocrx_word' id='word_1_145' title='bbox 329 1208 356 1233; x_wconf 89' lang='lat' dir='ltr'><strong>et</strong></span> <span class='ocrx_word' id='word_1_146' title='bbox 370 1206 458 1232; x_wconf 80' lang='lat' dir='ltr'><strong>cinere</strong></span> <span class='ocrx_word' id='word_1_147' title='bbox 473 1204 656 1232; x_wconf 82' lang='lat' dir='ltr'><strong>humilitatis.</strong></span> 
     </span>
    </p>

    <p class='ocr_par' dir='ltr' id='par_1_4' title="bbox 210 1249 990 1756">
     <span class='ocr_line' id='line_1_23' title="bbox 245 1249 986 1287; baseline -0.005 -8"><span class='ocrx_word' id='word_1_148' title='bbox 245 1252 353 1285; x_wconf 83' lang='lat' dir='ltr'><strong>Quarto</strong></span> <span class='ocrx_word' id='word_1_149' title='bbox 380 1251 538 1287; x_wconf 85' lang='lat' dir='ltr'><strong>requiritur</strong></span> <span class='ocrx_word' id='word_1_150' title='bbox 567 1251 606 1278; x_wconf 81' lang='lat' dir='ltr'><strong>ad</strong></span> <span class='ocrx_word' id='word_1_151' title='bbox 633 1250 862 1278; x_wconf 79' lang='lat' dir='ltr'><strong>satisfactionem</strong></span> <span class='ocrx_word' id='word_1_152' title='bbox 892 1249 986 1285; x_wconf 75' lang='lat' dir='ltr'><strong>poeni-</strong></span> 
     </span>
     <span class='ocr_line' id='line_1_24' title="bbox 211 1297 987 1332; baseline -0.004 -6"><span class='ocrx_word' id='word_1_153' title='bbox 211 1299 295 1327; x_wconf 88' lang='lat' dir='ltr'><strong>tentis</strong></span> <span class='ocrx_word' id='word_1_154' title='bbox 307 1320 314 1332; x_wconf 94' lang='lat'>,</span> <span class='ocrx_word' id='word_1_155' title='bbox 340 1298 469 1326; x_wconf 87' lang='lat' dir='ltr'><strong>cilicium</strong></span> <span class='ocrx_word' id='word_1_156' title='bbox 493 1297 737 1325; x_wconf 53' lang='lat' dir='ltr'><strong>mortificationis</strong></span> <span class='ocrx_word' id='word_1_157' title='bbox 765 1297 823 1324; x_wconf 83' lang='lat' dir='ltr'><strong>iioc</strong></span> <span class='ocrx_word' id='word_1_158' title='bbox 849 1297 891 1324; x_wconf 89' lang='lat' dir='ltr'><strong>est</strong></span> <span class='ocrx_word' id='word_1_159' title='bbox 918 1303 987 1331; x_wconf 90' lang='lat' dir='ltr'><strong>pro-</strong></span> 
     </span>
     <span class='ocr_line' id='line_1_25' title="bbox 210 1342 987 1382; baseline -0.004 -9"><span class='ocrx_word' id='word_1_160' title='bbox 210 1346 309 1382; x_wconf 90' lang='lat' dir='ltr'><strong>prium</strong></span> <span class='ocrx_word' id='word_1_161' title='bbox 339 1347 366 1373; x_wconf 86' lang='lat' dir='ltr'><strong>et</strong></span> <span class='ocrx_word' id='word_1_162' title='bbox 388 1345 514 1381; x_wconf 84' lang='lat' dir='ltr'><strong>speciale</strong></span> <span class='ocrx_word' id='word_1_163' title='bbox 539 1345 688 1380; x_wconf 75' lang='lat' dir='ltr'><strong>malagma</strong></span> <span class='ocrx_word' id='word_1_164' title='bbox 703 1365 711 1378; x_wconf 87' lang='lat'>‚</span> <span class='ocrx_word' id='word_1_165' title='bbox 738 1345 766 1370; x_wconf 83' lang='lat' dir='ltr'><strong>et</strong></span> <span class='ocrx_word' id='word_1_166' title='bbox 795 1342 987 1379; x_wconf 67' lang='lat' dir='ltr'><strong>emplastrum</strong></span> 
     </span>
     <span class='ocr_line' id='line_1_26' title="bbox 211 1389 988 1428; baseline -0.005 -8"><span class='ocrx_word' id='word_1_167' title='bbox 211 1393 337 1420; x_wconf 85' lang='lat' dir='ltr'><strong>earnalis</strong></span> <span class='ocrx_word' id='word_1_168' title='bbox 352 1392 550 1428; x_wconf 83' lang='lat' dir='ltr'><strong>repressivum</strong></span> <span class='ocrx_word' id='word_1_169' title='bbox 566 1392 706 1425; x_wconf 79' lang='lat' dir='ltr'><strong>tuxuriae,</strong></span> <span class='ocrx_word' id='word_1_170' title='bbox 723 1393 749 1418; x_wconf 85' lang='lat' dir='ltr'><strong>et</strong></span> <span class='ocrx_word' id='word_1_171' title='bbox 765 1390 892 1418; x_wconf 84' lang='lat' dir='ltr'><strong>carnalis</strong></span> <span class='ocrx_word' id='word_1_172' title='bbox 907 1389 988 1417; x_wconf 80' lang='lat' dir='ltr'><strong>lasei-</strong></span> 
     </span>
     <span class='ocr_line' id='line_1_27' title="bbox 211 1436 989 1475; baseline -0.004 -8"><span class='ocrx_word' id='word_1_173' title='bbox 211 1440 285 1473; x_wconf 75' lang='lat' dir='ltr'><strong>viae3</strong></span> <span class='ocrx_word' id='word_1_174' title='bbox 303 1442 329 1467; x_wconf 85' lang='lat' dir='ltr'><strong>et</strong></span> <span class='ocrx_word' id='word_1_175' title='bbox 344 1439 417 1467; x_wconf 81' lang='lat' dir='ltr'><strong>sicut</strong></span> <span class='ocrx_word' id='word_1_176' title='bbox 432 1439 625 1475; x_wconf 82' lang='lat' dir='ltr'><strong>emplastrum</strong></span> <span class='ocrx_word' id='word_1_177' title='bbox 648 1440 790 1473; x_wconf 85' lang='lat' dir='ltr'><strong>temperat</strong></span> <span class='ocrx_word' id='word_1_178' title='bbox 809 1439 836 1464; x_wconf 85' lang='lat' dir='ltr'><strong>et</strong></span> <span class='ocrx_word' id='word_1_179' title='bbox 857 1436 989 1472; x_wconf 79' lang='lat' dir='ltr'><strong>reprimit</strong></span> 
     </span>
     <span class='ocr_line' id='line_1_28' title="bbox 213 1483 987 1519; baseline -0.008 -4"><span class='ocrx_word' id='word_1_180' title='bbox 213 1487 348 1514; x_wconf 89' lang='lat' dir='ltr'><strong>dolorem</strong></span> <span class='ocrx_word' id='word_1_181' title='bbox 362 1486 460 1513; x_wconf 79' lang='lat' dir='ltr'><strong>lateris</strong></span> <span class='ocrx_word' id='word_1_182' title='bbox 471 1507 478 1519; x_wconf 92' lang='lat'>‚</span> <span class='ocrx_word' id='word_1_183' title='bbox 494 1485 534 1512; x_wconf 84' lang='lat' dir='ltr'><strong>sie</strong></span> <span class='ocrx_word' id='word_1_184' title='bbox 550 1484 678 1512; x_wconf 84' lang='lat' dir='ltr'><strong>cilicium</strong></span> <span class='ocrx_word' id='word_1_185' title='bbox 694 1483 929 1510; x_wconf 81' lang='lat' dir='ltr'><strong>mortificationis</strong></span> <span class='ocrx_word' id='word_1_186' title='bbox 943 1490 987 1510; x_wconf 84' lang='lat' dir='ltr'><strong>re-</strong></span> 
     </span>
     <span class='ocr_line' id='line_1_29' title="bbox 212 1529 986 1569; baseline -0.008 -8"><span class='ocrx_word' id='word_1_187' title='bbox 212 1533 312 1569; x_wconf 87' lang='lat' dir='ltr'><strong>primit</strong></span> <span class='ocrx_word' id='word_1_188' title='bbox 326 1533 492 1560; x_wconf 80' lang='lat' dir='ltr'><strong>libidinem.</strong></span> <span class='ocrx_word' id='word_1_189' title='bbox 511 1533 568 1559; x_wconf 85' lang='lat' dir='ltr'><strong>lloc</strong></span> <span class='ocrx_word' id='word_1_190' title='bbox 584 1531 774 1567; x_wconf 61' lang='lat' dir='ltr'><strong>emplum-um</strong></span> <span class='ocrx_word' id='word_1_191' title='bbox 798 1530 927 1565; x_wconf 72' lang='lat' dir='ltr'><strong>ponebat</strong></span> <span class='ocrx_word' id='word_1_192' title='bbox 944 1529 986 1556; x_wconf 87' lang='lat' dir='ltr'><strong>di-</strong></span> 
     </span>
     <span class='ocr_line' id='line_1_30' title="bbox 212 1576 988 1616; baseline -0.006 -8"><span class='ocrx_word' id='word_1_193' title='bbox 212 1583 289 1609; x_wconf 83' lang='lat' dir='ltr'><strong>recte</strong></span> <span class='ocrx_word' id='word_1_194' title='bbox 303 1588 391 1616; x_wconf 74' lang='lat' dir='ltr'><strong>super</strong></span> <span class='ocrx_word' id='word_1_195' title='bbox 404 1580 505 1607; x_wconf 83' lang='lat' dir='ltr'><strong>locum</strong></span> <span class='ocrx_word' id='word_1_196' title='bbox 522 1579 634 1606; x_wconf 86' lang='lat' dir='ltr'><strong>doloris</strong></span> <span class='ocrx_word' id='word_1_197' title='bbox 648 1578 766 1612; x_wconf 78' lang='lat' dir='ltr'><strong>Judith,</strong></span> <span class='ocrx_word' id='word_1_198' title='bbox 783 1577 819 1604; x_wconf 76' lang='lat' dir='ltr'><strong>‹le</strong></span> <span class='ocrx_word' id='word_1_199' title='bbox 836 1585 895 1612; x_wconf 82' lang='lat' dir='ltr'><strong>qua</strong></span> <span class='ocrx_word' id='word_1_200' title='bbox 915 1576 988 1603; x_wconf 70' lang='lat' dir='ltr'><strong>dici-</strong></span> 
     </span>
     <span class='ocr_line' id='line_1_31' title="bbox 214 1623 990 1663; baseline -0.008 -8"><span class='ocrx_word' id='word_1_201' title='bbox 214 1630 259 1655; x_wconf 87' lang='lat' dir='ltr'><strong>tur</strong></span> <span class='ocrx_word' id='word_1_202' title='bbox 274 1628 294 1661; x_wconf 60' lang='lat' dir='ltr'><strong>i,</strong></span> <span class='ocrx_word' id='word_1_203' title='bbox 311 1626 393 1663; x_wconf 86' lang='lat' dir='ltr'><strong>quod</strong></span> <span class='ocrx_word' id='word_1_204' title='bbox 407 1627 504 1654; x_wconf 79' lang='lat' dir='ltr'><strong>habens</strong></span> <span class='ocrx_word' id='word_1_205' title='bbox 518 1634 602 1661; x_wconf 77' lang='lat' dir='ltr'><strong>supra</strong></span> <span class='ocrx_word' id='word_1_206' title='bbox 614 1625 716 1652; x_wconf 74' lang='lat' dir='ltr'><strong>lumbos</strong></span> <span class='ocrx_word' id='word_1_207' title='bbox 729 1632 790 1651; x_wconf 86' lang='lat' dir='ltr'><strong>suos</strong></span> <span class='ocrx_word' id='word_1_208' title='bbox 803 1625 921 1651; x_wconf 68' lang='lat' dir='ltr'><strong>cilicium</strong></span> <span class='ocrx_word' id='word_1_209' title='bbox 931 1645 939 1658; x_wconf 84' lang='lat'>‚</span> <span class='ocrx_word' id='word_1_210' title='bbox 953 1623 990 1657; x_wconf 65' lang='lat'><em>7¹13-</em></span> 
     </span>
     <span class='ocr_line' id='line_1_32' title="bbox 210 1671 990 1708; baseline -0.006 -7"><span class='ocrx_word' id='word_1_211' title='bbox 210 1675 327 1708; x_wconf 73' lang='lat' dir='ltr'><strong>jmmbat</strong></span> <span class='ocrx_word' id='word_1_212' title='bbox 341 1683 349 1700; x_wconf 91' lang='lat'><strong>.·</strong></span> <span class='ocrx_word' id='word_1_213' title='bbox 365 1676 499 1707; x_wconf 73' lang='lat' dir='ltr'><strong>cilicium,</strong></span> <span class='ocrx_word' id='word_1_214' title='bbox 515 1675 618 1700; x_wconf 75' lang='lat' dir='ltr'><strong>contra</strong></span> <span class='ocrx_word' id='word_1_215' title='bbox 633 1671 782 1699; x_wconf 81' lang='lat' dir='ltr'><strong>luxuriam</strong></span> <span class='ocrx_word' id='word_1_216' title='bbox 794 1693 801 1703; x_wconf 88' lang='lat'><em>‚</em></span> <span class='ocrx_word' id='word_1_217' title='bbox 818 1673 845 1698; x_wconf 85' lang='lat' dir='ltr'><strong>et</strong></span> <span class='ocrx_word' id='word_1_218' title='bbox 859 1671 990 1705; x_wconf 70' lang='lat' dir='ltr'><strong>jejunium</strong></span> 
     </span>
     <span class='ocr_line' id='line_1_33' title="bbox 215 1721 442 1756; baseline 0 -8"><span class='ocrx_word' id='word_1_219' title='bbox 215 1723 316 1748; x_wconf 83' lang='lat' dir='ltr'><strong>contra</strong></span> <span class='ocrx_word' id='word_1_220' title='bbox 331 1721 442 1756; x_wconf 81' lang='lat' dir='ltr'><strong>gulam.</strong></span> 
     </span>
    </p>

    <p class='ocr_par' dir='ltr' id='par_1_5' title="bbox 212 1764 996 2498">
     <span class='ocr_line' id='line_1_34' title="bbox 251 1764 989 1802; baseline -0.007 -7"><span class='ocrx_word' id='word_1_221' title='bbox 251 1768 356 1801; x_wconf 87' lang='lat' dir='ltr'><strong>Quinto</strong></span> <span class='ocrx_word' id='word_1_222' title='bbox 368 1767 526 1802; x_wconf 79' lang='lat' dir='ltr'><strong>requiritur</strong></span> <span class='ocrx_word' id='word_1_223' title='bbox 538 1766 576 1794; x_wconf 84' lang='lat' dir='ltr'><strong>ad</strong></span> <span class='ocrx_word' id='word_1_224' title='bbox 589 1765 798 1793; x_wconf 70' lang='lat' dir='ltr'><strong>satisi‘actionm</strong></span> <span class='ocrx_word' id='word_1_225' title='bbox 810 1764 989 1800; x_wconf 66' lang='lat' dir='ltr'><strong>pfflnitentis,</strong></span> 
     </span>
     <span class='ocr_line' id='line_1_35' title="bbox 212 1810 991 1850; baseline -0.006 -8"><span class='ocrx_word' id='word_1_226' title='bbox 212 1815 358 1850; x_wconf 89' lang='lat' dir='ltr'><strong>jejunium</strong></span> <span class='ocrx_word' id='word_1_227' title='bbox 372 1814 544 1841; x_wconf 82' lang='lat' dir='ltr'><strong>atllictivum</strong></span> <span class='ocrx_word' id='word_1_228' title='bbox 560 1822 566 1840; x_wconf 79' lang='lat' dir='ltr'><strong><em>z</em></strong></span> <span class='ocrx_word' id='word_1_229' title='bbox 585 1812 656 1848; x_wconf 86' lang='lat' dir='ltr'><strong>quia</strong></span> <span class='ocrx_word' id='word_1_230' title='bbox 670 1812 709 1839; x_wconf 85' lang='lat' dir='ltr'><strong>ad</strong></span> <span class='ocrx_word' id='word_1_231' title='bbox 724 1811 849 1838; x_wconf 74' lang='lat' dir='ltr'><strong>litteram</strong></span> <span class='ocrx_word' id='word_1_232' title='bbox 864 1810 948 1846; x_wconf 73' lang='lat' dir='ltr'><strong>punis</strong></span> <span class='ocrx_word' id='word_1_233' title='bbox 964 1813 991 1837; x_wconf 88' lang='lat' dir='ltr'><strong>et</strong></span> 
     </span>
     <span class='ocr_line' id='line_1_36' title="bbox 216 1857 991 1897; baseline -0.006 -8"><span class='ocrx_word' id='word_1_234' title='bbox 216 1870 294 1897; x_wconf 82' lang='lat' dir='ltr'><strong>aqua</strong></span> <span class='ocrx_word' id='word_1_235' title='bbox 307 1863 349 1889; x_wconf 79' lang='lat' dir='ltr'><strong>est</strong></span> <span class='ocrx_word' id='word_1_236' title='bbox 364 1861 447 1888; x_wconf 86' lang='lat' dir='ltr'><strong>cibus</strong></span> <span class='ocrx_word' id='word_1_237' title='bbox 463 1863 491 1887; x_wconf 76' lang='lat' dir='ltr'><strong>et</strong></span> <span class='ocrx_word' id='word_1_238' title='bbox 505 1860 564 1887; x_wconf 86' lang='lat' dir='ltr'><strong>vita</strong></span> <span class='ocrx_word' id='word_1_239' title='bbox 579 1858 687 1886; x_wconf 82' lang='lat' dir='ltr'><strong>infirmi</strong></span> <span class='ocrx_word' id='word_1_240' title='bbox 697 1879 705 1892; x_wconf 83' lang='lat'>‚</span> <span class='ocrx_word' id='word_1_241' title='bbox 721 1860 748 1885; x_wconf 91' lang='lat' dir='ltr'><strong>et</strong></span> <span class='ocrx_word' id='word_1_242' title='bbox 762 1857 907 1893; x_wconf 61' lang='lat' dir='ltr'><strong>principue</strong></span> <span class='ocrx_word' id='word_1_243' title='bbox 924 1865 991 1892; x_wconf 91' lang='lat' dir='ltr'><strong>pro-</strong></span> 
     </span>
     <span class='ocr_line' id='line_1_37' title="bbox 216 1904 990 1936; baseline -0.008 0"><span class='ocrx_word' id='word_1_244' title='bbox 216 1909 333 1936; x_wconf 88' lang='lat' dir='ltr'><strong>hibetur</strong></span> <span class='ocrx_word' id='word_1_245' title='bbox 347 1908 450 1935; x_wconf 82' lang='lat' dir='ltr'><strong>vinum</strong></span> <span class='ocrx_word' id='word_1_246' title='bbox 464 1907 598 1934; x_wconf 76' lang='lat' dir='ltr'><strong>intirmis.</strong></span> <span class='ocrx_word' id='word_1_247' title='bbox 616 1905 696 1933; x_wconf 83' lang='lat' dir='ltr'><strong>Unde</strong></span> <span class='ocrx_word' id='word_1_248' title='bbox 712 1905 760 1932; x_wconf 89' lang='lat' dir='ltr'><strong>ille</strong></span> <span class='ocrx_word' id='word_1_249' title='bbox 776 1905 874 1931; x_wconf 79' lang='lat' dir='ltr'><strong>bonus</strong></span> <span class='ocrx_word' id='word_1_250' title='bbox 896 1904 990 1931; x_wconf 69' lang='lat' dir='ltr'><strong>niedi-</strong></span> 
     </span>
     <span class='ocr_line' id='line_1_38' title="bbox 217 1953 991 1985; baseline -0.008 -2"><span class='ocrx_word' id='word_1_251' title='bbox 217 1964 268 1983; x_wconf 76' lang='grc' dir='ltr'><strong>ους</strong></span> <span class='ocrx_word' id='word_1_252' title='bbox 283 1954 389 1982; x_wconf 71' lang='lat' dir='ltr'><strong>Paulus</strong></span> <span class='ocrx_word' id='word_1_253' title='bbox 403 1954 473 1982; x_wconf 89' lang='lat' dir='ltr'><strong>dicit</strong></span> <span class='ocrx_word' id='word_1_254' title='bbox 485 1955 493 1970; x_wconf 84' lang='lat'>⁵</span> <span class='ocrx_word' id='word_1_255' title='bbox 512 1964 518 1980; x_wconf 85' lang='lat'>:</span> <span class='ocrx_word' id='word_1_256' title='bbox 533 1955 624 1982; x_wconf 77' lang='lat' dir='ltr'><strong>Nolite</strong></span> <span class='ocrx_word' id='word_1_257' title='bbox 641 1953 773 1979; x_wconf 75' lang='lat' dir='ltr'><strong>inebriari</strong></span> <span class='ocrx_word' id='word_1_258' title='bbox 792 1954 870 1982; x_wconf 61' lang='lat' dir='ltr'><strong>emin,</strong></span> <span class='ocrx_word' id='word_1_259' title='bbox 892 1953 920 1977; x_wconf 73' lang='lat' dir='ltr'><strong>in</strong></span> <span class='ocrx_word' id='word_1_260' title='bbox 942 1959 991 1985; x_wconf 72' lang='lat' dir='ltr'><strong>quo</strong></span> 
     </span>
     <span class='ocr_line' id='line_1_39' title="bbox 217 1997 993 2036; baseline -0.008 -7"><span class='ocrx_word' id='word_1_261' title='bbox 217 2005 255 2030; x_wconf 78' lang='lat' dir='ltr'><strong>est</strong></span> <span class='ocrx_word' id='word_1_262' title='bbox 272 2003 392 2029; x_wconf 70' lang='lat' dir='ltr'><strong>luaeurz‘a.</strong></span> <span class='ocrx_word' id='word_1_263' title='bbox 409 2001 464 2029; x_wconf 86' lang='lat' dir='ltr'><strong>Sed</strong></span> <span class='ocrx_word' id='word_1_264' title='bbox 479 2003 564 2035; x_wconf 87' lang='lat' dir='ltr'><strong>nota,</strong></span> <span class='ocrx_word' id='word_1_265' title='bbox 579 2000 661 2036; x_wconf 84' lang='lat' dir='ltr'><strong>quod</strong></span> <span class='ocrx_word' id='word_1_266' title='bbox 677 2000 777 2027; x_wconf 81' lang='lat' dir='ltr'><strong>omnia</strong></span> <span class='ocrx_word' id='word_1_267' title='bbox 790 1997 993 2025; x_wconf 83' lang='lat' dir='ltr'><strong>conceduntur</strong></span> 
     </span>
     <span class='ocr_line' id='line_1_40' title="bbox 218 2046 993 2085; baseline -0.006 -8"><span class='ocrx_word' id='word_1_268' title='bbox 218 2049 341 2077; x_wconf 82' lang='lat' dir='ltr'><strong>infirmis</strong></span> <span class='ocrx_word' id='word_1_269' title='bbox 356 2049 392 2076; x_wconf 83' lang='lat' dir='ltr'><strong>de</strong></span> <span class='ocrx_word' id='word_1_270' title='bbox 408 2057 537 2085; x_wconf 88' lang='lat' dir='ltr'><strong>quorum</strong></span> <span class='ocrx_word' id='word_1_271' title='bbox 558 2049 650 2076; x_wconf 79' lang='lat' dir='ltr'><strong>salute</strong></span> <span class='ocrx_word' id='word_1_272' title='bbox 672 2048 823 2076; x_wconf 87' lang='lat' dir='ltr'><strong>dubitatur</strong></span> <span class='ocrx_word' id='word_1_273' title='bbox 839 2049 867 2074; x_wconf 86' lang='lat' dir='ltr'><strong>et</strong></span> <span class='ocrx_word' id='word_1_274' title='bbox 888 2046 993 2081; x_wconf 88' lang='lat' dir='ltr'><strong>despe-</strong></span> 
     </span>
     <span class='ocr_line' id='line_1_41' title="bbox 217 2091 992 2131; baseline -0.008 -7"><span class='ocrx_word' id='word_1_275' title='bbox 217 2099 315 2130; x_wconf 84' lang='lat' dir='ltr'><strong>ratur;</strong></span> <span class='ocrx_word' id='word_1_276' title='bbox 333 2096 384 2123; x_wconf 79' lang='lat' dir='ltr'><strong>sesi</strong></span> <span class='ocrx_word' id='word_1_277' title='bbox 400 2096 465 2123; x_wconf 87' lang='lat' dir='ltr'><strong>aliis</strong></span> <span class='ocrx_word' id='word_1_278' title='bbox 477 2118 484 2130; x_wconf 92' lang='lat'><em>,</em></span> <span class='ocrx_word' id='word_1_279' title='bbox 502 2096 538 2123; x_wconf 77' lang='lat' dir='ltr'><strong>&lt;lc</strong></span> <span class='ocrx_word' id='word_1_280' title='bbox 554 2096 663 2131; x_wconf 78' lang='lat' dir='ltr'><strong>quihus</strong></span> <span class='ocrx_word' id='word_1_281' title='bbox 683 2095 809 2122; x_wconf 84' lang='lat' dir='ltr'><strong>habetur</strong></span> <span class='ocrx_word' id='word_1_282' title='bbox 823 2101 890 2129; x_wconf 81' lang='lat' dir='ltr'><strong>spes</strong></span> <span class='ocrx_word' id='word_1_283' title='bbox 911 2091 992 2128; x_wconf 81' lang='lat' dir='ltr'><strong>quod</strong></span> 
     </span>
     <span class='ocr_line' id='line_1_42' title="bbox 217 2142 992 2177; baseline -0.006 -7"><span class='ocrx_word' id='word_1_284' title='bbox 217 2146 365 2177; x_wconf 76' lang='lat' dir='ltr'><strong>curentur,</strong></span> <span class='ocrx_word' id='word_1_285' title='bbox 381 2143 593 2170; x_wconf 85' lang='lat' dir='ltr'><strong>subtrahuntur</strong></span> <span class='ocrx_word' id='word_1_286' title='bbox 615 2142 738 2176; x_wconf 74' lang='lat' dir='ltr'><strong>nociva,</strong></span> <span class='ocrx_word' id='word_1_287' title='bbox 763 2142 992 2177; x_wconf 84' lang='lat' dir='ltr'><strong>quantumcum-</strong></span> 
     </span>
     <span class='ocr_line' id='line_1_43' title="bbox 219 2188 994 2225; baseline -0.006 -8"><span class='ocrx_word' id='word_1_288' title='bbox 219 2198 276 2225; x_wconf 80' lang='lat' dir='ltr'><strong>que</strong></span> <span class='ocrx_word' id='word_1_289' title='bbox 290 2190 477 2217; x_wconf 74' lang='lat' dir='ltr'><strong>delectabilia</strong></span> <span class='ocrx_word' id='word_1_290' title='bbox 488 2211 496 2224; x_wconf 84' lang='lat'>‚</span> <span class='ocrx_word' id='word_1_291' title='bbox 513 2192 544 2217; x_wconf 90' lang='lat' dir='ltr'><strong>ut</strong></span> <span class='ocrx_word' id='word_1_292' title='bbox 558 2189 664 2217; x_wconf 81' lang='lat' dir='ltr'><strong>dieitur</strong></span> <span class='ocrx_word' id='word_1_293' title='bbox 680 2189 710 2215; x_wconf 92' lang='lat' dir='ltr'><strong>in</strong></span> <span class='ocrx_word' id='word_1_294' title='bbox 727 2188 789 2216; x_wconf 85' lang='lat' dir='ltr'><strong>Joel</strong></span> <span class='ocrx_word' id='word_1_295' title='bbox 805 2189 814 2203; x_wconf 76' lang='lat'><strong>¹³</strong></span> <span class='ocrx_word' id='word_1_296' title='bbox 831 2197 837 2214; x_wconf 73' lang='grc' dir='ltr'>ε</span> <span class='ocrx_word' id='word_1_297' title='bbox 856 2188 994 2214; x_wconf 76' lang='lat' dir='ltr'><strong>Com-erli-</strong></span> 
     </span>
     <span class='ocr_line' id='line_1_44' title="bbox 219 2234 995 2268; baseline -0.004 -6"><span class='ocrx_word' id='word_1_298' title='bbox 219 2237 287 2263; x_wconf 79' lang='lat' dir='ltr'><strong>mz&#39;ni</strong></span> <span class='ocrx_word' id='word_1_299' title='bbox 301 2238 336 2263; x_wconf 71' lang='lat' dir='ltr'><strong>ad</strong></span> <span class='ocrx_word' id='word_1_300' title='bbox 354 2245 393 2263; x_wconf 77' lang='lat' dir='ltr'><strong>me</strong></span> <span class='ocrx_word' id='word_1_301' title='bbox 418 2239 445 2263; x_wconf 79' lang='grc' dir='ltr'>ιή</span> <span class='ocrx_word' id='word_1_302' title='bbox 470 2240 523 2264; x_wconf 74' lang='lat' dir='ltr'><strong>toto</strong></span> <span class='ocrx_word' id='word_1_303' title='bbox 541 2237 619 2263; x_wconf 73' lang='lat' dir='ltr'><strong>corde</strong></span> <span class='ocrx_word' id='word_1_304' title='bbox 643 2238 749 2268; x_wconf 73' lang='lat' dir='ltr'><strong>vestro,</strong></span> <span class='ocrx_word' id='word_1_305' title='bbox 776 2237 804 2261; x_wconf 75' lang='grc' dir='ltr'><strong>[η</strong></span> <span class='ocrx_word' id='word_1_306' title='bbox 825 2235 949 2268; x_wconf 72' lang='lat' dir='ltr'><strong>jejunio,</strong></span> <span class='ocrx_word' id='word_1_307' title='bbox 970 2234 995 2259; x_wconf 73' lang='lat' dir='ltr'><strong>et</strong></span> 
     </span>
     <span class='ocr_line' id='line_1_45' title="bbox 220 2281 996 2317; baseline -0.005 -8"><span class='ocrx_word' id='word_1_308' title='bbox 220 2285 299 2317; x_wconf 74' lang='lat' dir='ltr'><strong>fletu,</strong></span> <span class='ocrx_word' id='word_1_309' title='bbox 323 2286 346 2309; x_wconf 74' lang='lat' dir='ltr'><strong>et</strong></span> <span class='ocrx_word' id='word_1_310' title='bbox 367 2285 488 2317; x_wconf 70' lang='lat' dir='ltr'><strong>planctu.</strong></span> <span class='ocrx_word' id='word_1_311' title='bbox 506 2285 537 2310; x_wconf 84' lang='lat' dir='ltr'><strong>Et</strong></span> <span class='ocrx_word' id='word_1_312' title='bbox 552 2283 683 2317; x_wconf 77' lang='lat' dir='ltr'><strong>sequitur</strong></span> <span class='ocrx_word' id='word_1_313' title='bbox 699 2282 740 2308; x_wconf 83' lang='lat' dir='ltr'><strong>ibi</strong></span> <span class='ocrx_word' id='word_1_314' title='bbox 757 2283 765 2298; x_wconf 70' lang='grc' dir='ltr'>Τ</span> <span class='ocrx_word' id='word_1_315' title='bbox 784 2290 789 2307; x_wconf 85' lang='lat'>:</span> <span class='ocrx_word' id='word_1_316' title='bbox 808 2281 873 2313; x_wconf 77' lang='lat' dir='ltr'><strong>Quis</strong></span> <span class='ocrx_word' id='word_1_317' title='bbox 897 2282 947 2306; x_wconf 69' lang='lat' dir='ltr'><strong>scic</strong></span> <span class='ocrx_word' id='word_1_318' title='bbox 971 2281 996 2305; x_wconf 84' lang='lat' dir='ltr'><strong>si</strong></span> 
     </span>
     <span class='ocr_line' id='line_1_46' title="bbox 221 2327 994 2363; baseline -0.005 -7"><span class='ocrx_word' id='word_1_319' title='bbox 221 2332 400 2363; x_wconf 76' lang='lat' dir='ltr'><strong>convertatur,</strong></span> <span class='ocrx_word' id='word_1_320' title='bbox 418 2333 442 2356; x_wconf 75' lang='lat' dir='ltr'><strong>et</strong></span> <span class='ocrx_word' id='word_1_321' title='bbox 459 2331 577 2363; x_wconf 70' lang='lat' dir='ltr'><strong>iquosfflt</strong></span> <span class='ocrx_word' id='word_1_322' title='bbox 595 2331 683 2356; x_wconf 78' lang='lat' dir='ltr'><strong>Deus?</strong></span> <span class='ocrx_word' id='word_1_323' title='bbox 706 2328 789 2363; x_wconf 78' lang='lat' dir='ltr'><strong>quusi</strong></span> <span class='ocrx_word' id='word_1_324' title='bbox 806 2327 915 2353; x_wconf 66' lang='lat' dir='ltr'><strong>diceret</strong></span> <span class='ocrx_word' id='word_1_325' title='bbox 932 2335 937 2352; x_wconf 88' lang='lat'>:</span> <span class='ocrx_word' id='word_1_326' title='bbox 956 2328 994 2353; x_wconf 82' lang='lat' dir='ltr'><strong>Ex</strong></span> 
     </span>
     <span class='ocr_line' id='line_1_47' title="bbox 222 2374 994 2412; baseline -0.008 -8"><span class='ocrx_word' id='word_1_327' title='bbox 222 2384 283 2412; x_wconf 87' lang='lat' dir='ltr'><strong>quo</strong></span> <span class='ocrx_word' id='word_1_328' title='bbox 300 2378 392 2410; x_wconf 80' lang='lat' dir='ltr'><strong>Deus,</strong></span> <span class='ocrx_word' id='word_1_329' title='bbox 410 2376 458 2411; x_wconf 88' lang='lat' dir='ltr'><strong>qui</strong></span> <span class='ocrx_word' id='word_1_330' title='bbox 476 2378 517 2403; x_wconf 71' lang='lat' dir='ltr'><strong>est</strong></span> <span class='ocrx_word' id='word_1_331' title='bbox 535 2384 668 2403; x_wconf 82' lang='lat' dir='ltr'><strong>summus</strong></span> <span class='ocrx_word' id='word_1_332' title='bbox 692 2374 838 2407; x_wconf 68' lang='lat' dir='ltr'><strong>medicus,</strong></span> <span class='ocrx_word' id='word_1_333' title='bbox 861 2374 994 2407; x_wconf 79' lang='lat' dir='ltr'><strong>jejunare</strong></span> 
     </span>
     <span class='ocr_line' id='line_1_48' title="bbox 222 2419 996 2460; baseline -0.008 -9"><span class='ocrx_word' id='word_1_334' title='bbox 222 2431 276 2451; x_wconf 88' lang='lat' dir='ltr'><strong>nos</strong></span> <span class='ocrx_word' id='word_1_335' title='bbox 289 2423 420 2460; x_wconf 81' lang='lat' dir='ltr'><strong>praeeipit</strong></span> <span class='ocrx_word' id='word_1_336' title='bbox 431 2444 439 2457; x_wconf 83' lang='lat'><strong><em>,</em></strong></span> <span class='ocrx_word' id='word_1_337' title='bbox 455 2431 645 2458; x_wconf 79' lang='lat' dir='ltr'><strong>nequaquam</strong></span> <span class='ocrx_word' id='word_1_338' title='bbox 663 2421 699 2449; x_wconf 84' lang='lat' dir='ltr'><strong>de</strong></span> <span class='ocrx_word' id='word_1_339' title='bbox 717 2424 815 2448; x_wconf 67' lang='lat' dir='ltr'><strong>nostra</strong></span> <span class='ocrx_word' id='word_1_340' title='bbox 831 2420 923 2447; x_wconf 85' lang='lat' dir='ltr'><strong>salute</strong></span> <span class='ocrx_word' id='word_1_341' title='bbox 940 2419 996 2445; x_wconf 88' lang='lat' dir='ltr'><strong>dit&#39;-</strong></span> 
     </span>
     <span class='ocr_line' id='line_1_49' title="bbox 222 2470 296 2498; baseline 0.014 -1"><span class='ocrx_word' id='word_1_342' title='bbox 222 2470 296 2498; x_wconf 80' lang='lat' dir='ltr'><strong>fidit.</strong></span> 
     </span>
    </p>

    <p class='ocr_par' dir='ltr' id='par_1_6' title="bbox 258 2513 996 2553">
     <span class='ocr_line' id='line_1_50' title="bbox 258 2513 996 2553; baseline -0.009 -8"><span class='ocrx_word' id='word_1_343' title='bbox 258 2518 344 2544; x_wconf 82' lang='lat' dir='ltr'><strong>Sexto</strong></span> <span class='ocrx_word' id='word_1_344' title='bbox 356 2517 514 2553; x_wconf 86' lang='lat' dir='ltr'><strong>requiritur</strong></span> <span class='ocrx_word' id='word_1_345' title='bbox 526 2517 563 2544; x_wconf 83' lang='lat' dir='ltr'><strong>ad</strong></span> <span class='ocrx_word' id='word_1_346' title='bbox 576 2515 803 2543; x_wconf 73' lang='lat' dir='ltr'><strong>satisfactionem</strong></span> <span class='ocrx_word' id='word_1_347' title='bbox 817 2513 996 2549; x_wconf 69' lang='lat' dir='ltr'><strong>poenitentis,</strong></span> 
     </span>
    </p>

    <p class='ocr_par' dir='ltr' id='par_1_7' title="bbox 259 2587 998 2622">
     <span class='ocr_line' id='line_1_51' title="bbox 259 2587 998 2622; baseline -0.008 -7"><span class='ocrx_word' id='word_1_348' title='bbox 259 2594 262 2604; x_wconf 86' lang='lat'>¹</span> <span class='ocrx_word' id='word_1_349' title='bbox 277 2593 351 2621; x_wconf 49' lang='lat' dir='ltr'><strong>Aue„</strong></span> <span class='ocrx_word' id='word_1_350' title='bbox 366 2591 401 2615; x_wconf 77' lang='lat' dir='ltr'><strong>acl</strong></span> <span class='ocrx_word' id='word_1_351' title='bbox 415 2591 520 2622; x_wconf 60' lang='lat' dir='ltr'><strong>Maced„</strong></span> <span class='ocrx_word' id='word_1_352' title='bbox 541 2591 614 2621; x_wconf 81' lang='lat' dir='ltr'><strong>epist.</strong></span> <span class='ocrx_word' id='word_1_353' title='bbox 632 2596 683 2620; x_wconf 34' lang='lat' dir='ltr'><strong>triv,</strong></span> <span class='ocrx_word' id='word_1_354' title='bbox 699 2591 756 2620; x_wconf 68' lang='lat' dir='ltr'><strong>post</strong></span> <span class='ocrx_word' id='word_1_355' title='bbox 774 2588 841 2612; x_wconf 81' lang='lat' dir='ltr'><strong>med.</strong></span> <span class='ocrx_word' id='word_1_356' title='bbox 855 2601 884 2604; x_wconf 97' lang='lat'><strong>—</strong></span> <span class='ocrx_word' id='word_1_357' title='bbox 905 2587 915 2602; x_wconf 86' lang='lat'>²</span> <span class='ocrx_word' id='word_1_358' title='bbox 930 2587 998 2616; x_wconf 60' lang='lat' dir='ltr'><strong>Luc„</strong></span> 
     </span>
    </p>
   </div>
   <div class='ocr_carea' id='block_1_3' title="bbox 225 2624 997 2692">
    <p class='ocr_par' dir='ltr' id='par_1_8' title="bbox 225 2624 997 2692">
     <span class='ocr_line' id='line_1_52' title="bbox 225 2624 997 2657; baseline 0.006 -15"><span class='ocrx_word' id='word_1_359' title='bbox 225 2634 283 2656; x_wconf 13' lang='lat' dir='ltr'><strong>xxx,</strong></span> <span class='ocrx_word' id='word_1_360' title='bbox 306 2632 327 2650; x_wconf 49' lang='lat' dir='ltr'><strong>g·</strong></span> <span class='ocrx_word' id='word_1_361' title='bbox 351 2641 379 2644; x_wconf 36' lang='grc' dir='ltr'><strong>ῌ.</strong></span> <span class='ocrx_word' id='word_1_362' title='bbox 402 2628 411 2643; x_wconf 69' lang='grc'>3</span> <span class='ocrx_word' id='word_1_363' title='bbox 428 2627 486 2657; x_wconf 54' lang='lat'><strong>¹1012&#39;</strong></span> <span class='ocrx_word' id='word_1_364' title='bbox 508 2633 576 2656; x_wconf 40' lang='lat'>51‘11,</span> <span class='ocrx_word' id='word_1_365' title='bbox 600 2628 622 2650; x_wconf 67' lang='lat' dir='ltr'><strong>G,</strong></span> <span class='ocrx_word' id='word_1_366' title='bbox 639 2639 668 2643; x_wconf 83' lang='lat'><strong>—-</strong></span> <span class='ocrx_word' id='word_1_367' title='bbox 688 2627 694 2639; x_wconf 74' lang='lat'><em>⁴</em></span> <span class='ocrx_word' id='word_1_368' title='bbox 716 2624 817 2653; x_wconf 67' lang='lat' dir='ltr'><strong>judith,</strong></span> <span class='ocrx_word' id='word_1_369' title='bbox 842 2629 901 2652; x_wconf 69' lang='lat' dir='ltr'><strong>Ylll,</strong></span> <span class='ocrx_word' id='word_1_370' title='bbox 925 2624 946 2645; x_wconf 77' lang='grc' dir='ltr'><strong>ῧ-</strong></span> <span class='ocrx_word' id='word_1_371' title='bbox 968 2635 997 2638; x_wconf 87' lang='grc'><strong>-</strong></span> 
     </span>
     <span class='ocr_line' id='line_1_53' title="bbox 225 2658 997 2692; baseline -0.004 -9"><span class='ocrx_word' id='word_1_372' title='bbox 225 2663 234 2677; x_wconf 60' lang='lat'>²</span> <span class='ocrx_word' id='word_1_373' title='bbox 249 2662 348 2691; x_wconf 48' lang='lat' dir='ltr'><strong>Epltw„</strong></span> <span class='ocrx_word' id='word_1_374' title='bbox 369 2670 390 2691; x_wconf 53' lang='lat' dir='ltr'><strong>a,</strong></span> <span class='ocrx_word' id='word_1_375' title='bbox 421 2665 454 2687; x_wconf 75' lang='lat'><strong>18.</strong></span> <span class='ocrx_word' id='word_1_376' title='bbox 474 2677 504 2681; x_wconf 96' lang='lat'><strong>—</strong></span> <span class='ocrx_word' id='word_1_377' title='bbox 526 2663 535 2679; x_wconf 62' lang='grc' dir='ltr'>θ</span> <span class='ocrx_word' id='word_1_378' title='bbox 553 2662 626 2692; x_wconf 82' lang='lat' dir='ltr'><strong>Joel.,</strong></span> <span class='ocrx_word' id='word_1_379' title='bbox 644 2668 676 2692; x_wconf 83' lang='lat'><strong>11,</strong></span> <span class='ocrx_word' id='word_1_380' title='bbox 694 2662 730 2685; x_wconf 69' lang='lat'><strong>12.</strong></span> <span class='ocrx_word' id='word_1_381' title='bbox 747 2674 776 2678; x_wconf 91' lang='lat'>—</span> <span class='ocrx_word' id='word_1_382' title='bbox 796 2661 802 2673; x_wconf 81' lang='lat'>7</span> <span class='ocrx_word' id='word_1_383' title='bbox 820 2658 893 2687; x_wconf 58' lang='lat' dir='ltr'><strong>ibid„</strong></span> <span class='ocrx_word' id='word_1_384' title='bbox 916 2659 951 2681; x_wconf 72' lang='grc' dir='ltr'><strong>Η.</strong></span> <span class='ocrx_word' id='word_1_385' title='bbox 968 2670 997 2673; x_wconf 90' lang='grc'><strong>-</strong></span> 
     </span>
    </p>
   </div>
   <div class='ocr_carea' id='block_1_4' title="bbox 759 192 1250 229">
    <p class='ocr_par' dir='ltr' id='par_1_9' title="bbox 759 192 1250 229">
     <span class='ocr_line' id='line_1_54' title="bbox 759 192 1250 229; baseline -0.01 0"><span class='ocrx_word' id='word_1_386' title='bbox 759 195 900 229; x_wconf 76' lang='lat' dir='ltr'>DIAETAE</span> <span class='ocrx_word' id='word_1_387' title='bbox 921 193 1087 226; x_wconf 83' lang='lat' dir='ltr'>SALUTIS</span> <span class='ocrx_word' id='word_1_388' title='bbox 1107 192 1186 225; x_wconf 88' lang='lat' dir='ltr'><strong>TIT.</strong></span> <span class='ocrx_word' id='word_1_389' title='bbox 1211 193 1250 224; x_wconf 91' lang='lat'><strong>11.</strong></span> 
     </span>
    </p>
   </div>
   <div class='ocr_carea' id='block_1_5' title="bbox 1033 260 1826 1980">
    <p class='ocr_par' dir='ltr' id='par_1_10' title="bbox 1033 260 1822 1364">
     <span class='ocr_line' id='line_1_55' title="bbox 1033 260 1807 298; baseline 0.008 -10"><span class='ocrx_word' id='word_1_390' title='bbox 1033 261 1225 298; x_wconf 81' lang='lat' dir='ltr'><strong>eleemosyna</strong></span> <span class='ocrx_word' id='word_1_391' title='bbox 1237 269 1245 288; x_wconf 91' lang='lat'><strong>:</strong></span> <span class='ocrx_word' id='word_1_392' title='bbox 1262 262 1290 288; x_wconf 92' lang='lat' dir='ltr'><strong>et</strong></span> <span class='ocrx_word' id='word_1_393' title='bbox 1303 260 1362 289; x_wconf 85' lang='lat' dir='ltr'><strong>hoc</strong></span> <span class='ocrx_word' id='word_1_394' title='bbox 1376 263 1419 290; x_wconf 80' lang='lat' dir='ltr'><strong>est</strong></span> <span class='ocrx_word' id='word_1_395' title='bbox 1430 261 1517 298; x_wconf 78' lang='lat' dir='ltr'><strong>quasi</strong></span> <span class='ocrx_word' id='word_1_396' title='bbox 1527 262 1669 292; x_wconf 84' lang='lat' dir='ltr'><strong>salarium</strong></span> <span class='ocrx_word' id='word_1_397' title='bbox 1680 264 1807 294; x_wconf 77' lang='lat' dir='ltr'><strong>medici:</strong></span> 
     </span>
     <span class='ocr_line' id='line_1_56' title="bbox 1033 307 1812 348; baseline 0.005 -12"><span class='ocrx_word' id='word_1_398' title='bbox 1033 307 1151 336; x_wconf 88' lang='lat' dir='ltr'><strong>fidelius</strong></span> <span class='ocrx_word' id='word_1_399' title='bbox 1165 308 1246 336; x_wconf 86' lang='lat' dir='ltr'><strong>enim</strong></span> <span class='ocrx_word' id='word_1_400' title='bbox 1266 307 1384 336; x_wconf 87' lang='lat' dir='ltr'><strong>laborat</strong></span> <span class='ocrx_word' id='word_1_401' title='bbox 1403 308 1553 343; x_wconf 82' lang='lat' dir='ltr'><strong>medicus,</strong></span> <span class='ocrx_word' id='word_1_402' title='bbox 1576 310 1699 346; x_wconf 80' lang='lat' dir='ltr'><strong>quando</strong></span> <span class='ocrx_word' id='word_1_403' title='bbox 1713 313 1812 348; x_wconf 76' lang='lat' dir='ltr'><strong>sperat</strong></span> 
     </span>
     <span class='ocr_line' id='line_1_57' title="bbox 1033 355 1813 392; baseline 0.005 -9"><span class='ocrx_word' id='word_1_404' title='bbox 1033 355 1110 383; x_wconf 88' lang='lat' dir='ltr'><strong>bene</strong></span> <span class='ocrx_word' id='word_1_405' title='bbox 1122 363 1153 383; x_wconf 87' lang='lat' dir='ltr'><strong>se</strong></span> <span class='ocrx_word' id='word_1_406' title='bbox 1166 355 1360 384; x_wconf 88' lang='lat' dir='ltr'><strong>remunerari.</strong></span> <span class='ocrx_word' id='word_1_407' title='bbox 1377 357 1409 384; x_wconf 90' lang='lat' dir='ltr'><strong>Et</strong></span> <span class='ocrx_word' id='word_1_408' title='bbox 1422 358 1494 384; x_wconf 86' lang='lat' dir='ltr'><strong>nota</strong></span> <span class='ocrx_word' id='word_1_409' title='bbox 1508 356 1592 392; x_wconf 87' lang='lat' dir='ltr'><strong>quod</strong></span> <span class='ocrx_word' id='word_1_410' title='bbox 1611 357 1755 386; x_wconf 86' lang='lat' dir='ltr'><strong>salarium</strong></span> <span class='ocrx_word' id='word_1_411' title='bbox 1768 359 1813 387; x_wconf 82' lang='lat' dir='ltr'><strong>est</strong></span> 
     </span>
     <span class='ocr_line' id='line_1_58' title="bbox 1033 401 1814 440; baseline 0.004 -10"><span class='ocrx_word' id='word_1_412' title='bbox 1033 402 1199 430; x_wconf 85' lang='lat' dir='ltr'><strong>taxandum</strong></span> <span class='ocrx_word' id='word_1_413' title='bbox 1223 401 1357 436; x_wconf 87' lang='lat' dir='ltr'><strong>medico,</strong></span> <span class='ocrx_word' id='word_1_414' title='bbox 1382 402 1548 430; x_wconf 89' lang='lat' dir='ltr'><strong>seeundum</strong></span> <span class='ocrx_word' id='word_1_415' title='bbox 1571 403 1656 439; x_wconf 89' lang='lat' dir='ltr'><strong>quod</strong></span> <span class='ocrx_word' id='word_1_416' title='bbox 1675 404 1745 440; x_wconf 89' lang='lat' dir='ltr'><strong>plus</strong></span> <span class='ocrx_word' id='word_1_417' title='bbox 1764 406 1814 434; x_wconf 76' lang='lat' dir='ltr'><strong>vel</strong></span> 
     </span>
     <span class='ocr_line' id='line_1_59' title="bbox 1034 448 1814 486; baseline 0.005 -10"><span class='ocrx_word' id='word_1_418' title='bbox 1034 449 1134 476; x_wconf 87' lang='lat' dir='ltr'><strong>minus</strong></span> <span class='ocrx_word' id='word_1_419' title='bbox 1155 448 1306 476; x_wconf 89' lang='lat' dir='ltr'><strong>laboravit</strong></span> <span class='ocrx_word' id='word_1_420' title='bbox 1321 448 1398 477; x_wconf 83' lang='lat' dir='ltr'><strong>eirea</strong></span> <span class='ocrx_word' id='word_1_421' title='bbox 1424 448 1592 484; x_wconf 87' lang='lat' dir='ltr'><strong>infirmum,</strong></span> <span class='ocrx_word' id='word_1_422' title='bbox 1611 451 1640 477; x_wconf 91' lang='lat' dir='ltr'><strong>et</strong></span> <span class='ocrx_word' id='word_1_423' title='bbox 1662 453 1774 486; x_wconf 88' lang='lat' dir='ltr'><strong>quanto</strong></span> <span class='ocrx_word' id='word_1_424' title='bbox 1795 460 1814 480; x_wconf 85' lang='lat' dir='ltr'><strong>a</strong></span> 
     </span>
     <span class='ocr_line' id='line_1_60' title="bbox 1034 495 1813 533; baseline 0.004 -10"><span class='ocrx_word' id='word_1_425' title='bbox 1034 495 1142 531; x_wconf 84' lang='lat' dir='ltr'><strong>majori</strong></span> <span class='ocrx_word' id='word_1_426' title='bbox 1156 496 1185 523; x_wconf 88' lang='lat' dir='ltr'><strong>et</strong></span> <span class='ocrx_word' id='word_1_427' title='bbox 1204 495 1412 531; x_wconf 80' lang='lat' dir='ltr'><strong>periculosiori</strong></span> <span class='ocrx_word' id='word_1_428' title='bbox 1433 495 1542 523; x_wconf 89' lang='lat' dir='ltr'><strong>morbo</strong></span> <span class='ocrx_word' id='word_1_429' title='bbox 1561 495 1699 524; x_wconf 88' lang='lat' dir='ltr'><strong>liberavit</strong></span> <span class='ocrx_word' id='word_1_430' title='bbox 1717 505 1813 533; x_wconf 83' lang='lat' dir='ltr'><strong>oegro-</strong></span> 
     </span>
     <span class='ocr_line' id='line_1_61' title="bbox 1034 541 1813 577; baseline 0.003 -7"><span class='ocrx_word' id='word_1_431' title='bbox 1034 544 1107 570; x_wconf 86' lang='lat' dir='ltr'><strong>tum.</strong></span> <span class='ocrx_word' id='word_1_432' title='bbox 1132 543 1208 570; x_wconf 87' lang='lat' dir='ltr'><strong>Bene</strong></span> <span class='ocrx_word' id='word_1_433' title='bbox 1231 543 1274 570; x_wconf 85' lang='lat' dir='ltr'><strong>est</strong></span> <span class='ocrx_word' id='word_1_434' title='bbox 1301 541 1390 577; x_wconf 87' lang='lat' dir='ltr'><strong>igitur</strong></span> <span class='ocrx_word' id='word_1_435' title='bbox 1414 542 1652 571; x_wconf 82' lang='lat' dir='ltr'><strong>remunerandus</strong></span> <span class='ocrx_word' id='word_1_436' title='bbox 1676 543 1813 572; x_wconf 84' lang='lat' dir='ltr'><strong>medicus</strong></span> 
     </span>
     <span class='ocr_line' id='line_1_62' title="bbox 1034 589 1812 626; baseline 0.004 -10"><span class='ocrx_word' id='word_1_437' title='bbox 1034 590 1133 616; x_wconf 84' lang='lat' dir='ltr'><strong>noster</strong></span> <span class='ocrx_word' id='word_1_438' title='bbox 1147 589 1287 623; x_wconf 87' lang='lat' dir='ltr'><strong>Christus,</strong></span> <span class='ocrx_word' id='word_1_439' title='bbox 1303 589 1356 625; x_wconf 86' lang='lat' dir='ltr'><strong>qui</strong></span> <span class='ocrx_word' id='word_1_440' title='bbox 1366 591 1480 617; x_wconf 90' lang='lat' dir='ltr'><strong>tantum</strong></span> <span class='ocrx_word' id='word_1_441' title='bbox 1494 589 1572 617; x_wconf 86' lang='lat' dir='ltr'><strong>circa</strong></span> <span class='ocrx_word' id='word_1_442' title='bbox 1585 597 1639 617; x_wconf 88' lang='lat' dir='ltr'><strong>nos</strong></span> <span class='ocrx_word' id='word_1_443' title='bbox 1651 590 1812 626; x_wconf 83' lang='lat' dir='ltr'><strong>laboravit,</strong></span> 
     </span>
     <span class='ocr_line' id='line_1_63' title="bbox 1035 635 1813 672; baseline 0.004 -9"><span class='ocrx_word' id='word_1_444' title='bbox 1035 635 1096 664; x_wconf 92' lang='lat' dir='ltr'><strong>imo</strong></span> <span class='ocrx_word' id='word_1_445' title='bbox 1106 637 1228 672; x_wconf 90' lang='lat' dir='ltr'><strong>propter</strong></span> <span class='ocrx_word' id='word_1_446' title='bbox 1237 635 1438 664; x_wconf 83' lang='lat' dir='ltr'><strong>infirmitatem</strong></span> <span class='ocrx_word' id='word_1_447' title='bbox 1449 638 1581 664; x_wconf 88' lang='lat' dir='ltr'><strong>nostram</strong></span> <span class='ocrx_word' id='word_1_448' title='bbox 1588 636 1598 652; x_wconf 87' lang='lat'>⁸</span> <span class='ocrx_word' id='word_1_449' title='bbox 1609 639 1727 665; x_wconf 79' lang='lat' dir='ltr'><strong>animam</strong></span> <span class='ocrx_word' id='word_1_450' title='bbox 1734 646 1813 666; x_wconf 82' lang='lat' dir='ltr'><strong>suam</strong></span> 
     </span>
     <span class='ocr_line' id='line_1_64' title="bbox 1036 682 1813 721; baseline 0.004 -11"><span class='ocrx_word' id='word_1_451' title='bbox 1036 684 1117 710; x_wconf 77' lang='lat' dir='ltr'><strong>morti</strong></span> <span class='ocrx_word' id='word_1_452' title='bbox 1131 682 1268 717; x_wconf 74' lang='lat' dir='ltr'><strong>tradidit,</strong></span> <span class='ocrx_word' id='word_1_453' title='bbox 1283 685 1316 710; x_wconf 90' lang='lat' dir='ltr'><strong>ut</strong></span> <span class='ocrx_word' id='word_1_454' title='bbox 1330 683 1437 711; x_wconf 81' lang='lat' dir='ltr'><strong>dieitur</strong></span> <span class='ocrx_word' id='word_1_455' title='bbox 1451 682 1483 710; x_wconf 93' lang='lat' dir='ltr'><strong>in</strong></span> <span class='ocrx_word' id='word_1_456' title='bbox 1498 684 1589 715; x_wconf 80' lang='lat' dir='ltr'><strong>lsaia:</strong></span> <span class='ocrx_word' id='word_1_457' title='bbox 1604 685 1633 711; x_wconf 86' lang='lat' dir='ltr'><strong>et</strong></span> <span class='ocrx_word' id='word_1_458' title='bbox 1648 684 1737 712; x_wconf 89' lang='lat' dir='ltr'><strong>etiam</strong></span> <span class='ocrx_word' id='word_1_459' title='bbox 1758 685 1813 721; x_wconf 87' lang='lat' dir='ltr'><strong>qui</strong></span> 
     </span>
     <span class='ocr_line' id='line_1_65' title="bbox 1037 728 1814 765; baseline 0.004 -9"><span class='ocrx_word' id='word_1_460' title='bbox 1037 737 1055 757; x_wconf 86' lang='lat' dir='ltr'><strong>a</strong></span> <span class='ocrx_word' id='word_1_461' title='bbox 1069 730 1129 756; x_wconf 92' lang='lat' dir='ltr'><strong>tam</strong></span> <span class='ocrx_word' id='word_1_462' title='bbox 1143 728 1227 764; x_wconf 84' lang='lat' dir='ltr'><strong>gravi</strong></span> <span class='ocrx_word' id='word_1_463' title='bbox 1242 731 1270 757; x_wconf 85' lang='lat' dir='ltr'><strong>et</strong></span> <span class='ocrx_word' id='word_1_464' title='bbox 1283 729 1440 765; x_wconf 85' lang='lat' dir='ltr'><strong>multiplici</strong></span> <span class='ocrx_word' id='word_1_465' title='bbox 1452 729 1622 758; x_wconf 86' lang='lat' dir='ltr'><strong>infirmitate</strong></span> <span class='ocrx_word' id='word_1_466' title='bbox 1635 738 1691 758; x_wconf 86' lang='lat' dir='ltr'><strong>nos</strong></span> <span class='ocrx_word' id='word_1_467' title='bbox 1705 730 1814 760; x_wconf 87' lang='lat' dir='ltr'><strong>libera-</strong></span> 
     </span>
     <span class='ocr_line' id='line_1_66' title="bbox 1037 775 1816 812; baseline 0.005 -10"><span class='ocrx_word' id='word_1_468' title='bbox 1037 775 1087 802; x_wconf 90' lang='lat' dir='ltr'><strong>vit.</strong></span> <span class='ocrx_word' id='word_1_469' title='bbox 1105 777 1169 811; x_wconf 87' lang='lat' dir='ltr'><strong>lpse</strong></span> <span class='ocrx_word' id='word_1_470' title='bbox 1188 775 1268 803; x_wconf 90' lang='lat' dir='ltr'><strong>enim</strong></span> <span class='ocrx_word' id='word_1_471' title='bbox 1278 796 1287 810; x_wconf 95' lang='lat'><em>‚</em></span> <span class='ocrx_word' id='word_1_472' title='bbox 1303 777 1351 811; x_wconf 79' lang='lat' dir='ltr'><strong>qui</strong></span> <span class='ocrx_word' id='word_1_473' title='bbox 1364 778 1444 803; x_wconf 75' lang='lat' dir='ltr'><strong>sanat</strong></span> <span class='ocrx_word' id='word_1_474' title='bbox 1458 784 1545 804; x_wconf 80' lang='lat' dir='ltr'><strong>omnes</strong></span> <span class='ocrx_word' id='word_1_475' title='bbox 1564 778 1738 812; x_wconf 78' lang='lat' dir='ltr'><strong>infirmitates</strong></span> <span class='ocrx_word' id='word_1_476' title='bbox 1759 786 1816 806; x_wconf 89' lang='lat' dir='ltr'><strong>no-</strong></span> 
     </span>
     <span class='ocr_line' id='line_1_67' title="bbox 1038 822 1817 860; baseline 0.005 -11"><span class='ocrx_word' id='word_1_477' title='bbox 1038 824 1129 856; x_wconf 86' lang='lat' dir='ltr'><strong>stras,</strong></span> <span class='ocrx_word' id='word_1_478' title='bbox 1149 825 1174 849; x_wconf 82' lang='lat' dir='ltr'><strong>et</strong></span> <span class='ocrx_word' id='word_1_479' title='bbox 1194 822 1307 850; x_wconf 80' lang='lat' dir='ltr'><strong>redimit</strong></span> <span class='ocrx_word' id='word_1_480' title='bbox 1322 823 1355 850; x_wconf 88' lang='lat' dir='ltr'><strong>de</strong></span> <span class='ocrx_word' id='word_1_481' title='bbox 1368 824 1484 850; x_wconf 80' lang='lat' dir='ltr'><strong>interitu</strong></span> <span class='ocrx_word' id='word_1_482' title='bbox 1503 825 1591 851; x_wconf 65' lang='lat' dir='ltr'><strong>vitam</strong></span> <span class='ocrx_word' id='word_1_483' title='bbox 1611 826 1761 860; x_wconf 89' lang='lat' dir='ltr'><strong>nostram,</strong></span> <span class='ocrx_word' id='word_1_484' title='bbox 1784 826 1817 853; x_wconf 85' lang='lat' dir='ltr'><strong>ut</strong></span> 
     </span>
     <span class='ocr_line' id='line_1_68' title="bbox 1039 868 1818 899; baseline 0.005 -4"><span class='ocrx_word' id='word_1_485' title='bbox 1039 868 1146 896; x_wconf 87' lang='lat' dir='ltr'><strong>dieitur</strong></span> <span class='ocrx_word' id='word_1_486' title='bbox 1159 868 1190 896; x_wconf 92' lang='lat' dir='ltr'><strong>in</strong></span> <span class='ocrx_word' id='word_1_487' title='bbox 1213 868 1329 896; x_wconf 86' lang='lat' dir='ltr'><strong>Psalmo</strong></span> <span class='ocrx_word' id='word_1_488' title='bbox 1339 870 1359 896; x_wconf 76' lang='lat'><strong>⁹.</strong></span> <span class='ocrx_word' id='word_1_489' title='bbox 1376 869 1404 897; x_wconf 91' lang='lat' dir='ltr'><strong>Si</strong></span> <span class='ocrx_word' id='word_1_490' title='bbox 1428 869 1508 897; x_wconf 87' lang='lat' dir='ltr'><strong>enim</strong></span> <span class='ocrx_word' id='word_1_491' title='bbox 1523 869 1599 897; x_wconf 87' lang='lat' dir='ltr'><strong>bene</strong></span> <span class='ocrx_word' id='word_1_492' title='bbox 1614 872 1818 899; x_wconf 84' lang='lat' dir='ltr'><strong>remuneretur</strong></span> 
     </span>
     <span class='ocr_line' id='line_1_69' title="bbox 1038 915 1817 952; baseline 0.004 -10"><span class='ocrx_word' id='word_1_493' title='bbox 1038 915 1091 943; x_wconf 88' lang='lat' dir='ltr'><strong>iste</strong></span> <span class='ocrx_word' id='word_1_494' title='bbox 1106 915 1261 949; x_wconf 82' lang='lat' dir='ltr'><strong>medicus,</strong></span> <span class='ocrx_word' id='word_1_495' title='bbox 1282 923 1474 952; x_wconf 87' lang='lat' dir='ltr'><strong>nequaquam</strong></span> <span class='ocrx_word' id='word_1_496' title='bbox 1491 916 1529 944; x_wconf 91' lang='lat' dir='ltr'><strong>de</strong></span> <span class='ocrx_word' id='word_1_497' title='bbox 1550 919 1646 945; x_wconf 91' lang='lat' dir='ltr'><strong>morte</strong></span> <span class='ocrx_word' id='word_1_498' title='bbox 1661 917 1762 945; x_wconf 87' lang='lat' dir='ltr'><strong>timeat</strong></span> <span class='ocrx_word' id='word_1_499' title='bbox 1778 926 1817 945; x_wconf 68' lang='lat' dir='ltr'><strong>*e-</strong></span> 
     </span>
     <span class='ocr_line' id='line_1_70' title="bbox 1039 962 1817 1000; baseline 0.004 -11"><span class='ocrx_word' id='word_1_500' title='bbox 1039 963 1151 997; x_wconf 83' lang='lat' dir='ltr'><strong>grotus.</strong></span> <span class='ocrx_word' id='word_1_501' title='bbox 1181 962 1271 990; x_wconf 89' lang='lat' dir='ltr'><strong>Debet</strong></span> <span class='ocrx_word' id='word_1_502' title='bbox 1297 962 1377 990; x_wconf 91' lang='lat' dir='ltr'><strong>enim</strong></span> <span class='ocrx_word' id='word_1_503' title='bbox 1403 964 1604 999; x_wconf 83' lang='lat' dir='ltr'><strong>remunerari,</strong></span> <span class='ocrx_word' id='word_1_504' title='bbox 1629 972 1692 992; x_wconf 90' lang='lat' dir='ltr'><strong>non</strong></span> <span class='ocrx_word' id='word_1_505' title='bbox 1717 964 1748 992; x_wconf 92' lang='lat' dir='ltr'><strong>in</strong></span> <span class='ocrx_word' id='word_1_506' title='bbox 1767 973 1798 992; x_wconf 85' lang='lat' dir='ltr'><strong>se</strong></span> <span class='ocrx_word' id='word_1_507' title='bbox 1808 986 1817 1000; x_wconf 91' lang='lat'><em>‚</em></span> 
     </span>
     <span class='ocr_line' id='line_1_71' title="bbox 1040 1008 1820 1045; baseline 0.005 -10"><span class='ocrx_word' id='word_1_508' title='bbox 1040 1009 1112 1044; x_wconf 81' lang='lat' dir='ltr'><strong>quia</strong></span> <span class='ocrx_word' id='word_1_509' title='bbox 1126 1008 1147 1025; x_wconf 80' lang='lat'><strong>¹⁰</strong></span> <span class='ocrx_word' id='word_1_510' title='bbox 1161 1009 1290 1036; x_wconf 78' lang='lat' dir='ltr'><strong>bonorum</strong></span> <span class='ocrx_word' id='word_1_511' title='bbox 1306 1012 1457 1037; x_wconf 78' lang='lat' dir='ltr'><strong>nostrorum</strong></span> <span class='ocrx_word' id='word_1_512' title='bbox 1473 1018 1525 1038; x_wconf 78' lang='lat' dir='ltr'><strong>non</strong></span> <span class='ocrx_word' id='word_1_513' title='bbox 1537 1013 1605 1045; x_wconf 71' lang='lat' dir='ltr'><strong>eqet,</strong></span> <span class='ocrx_word' id='word_1_514' title='bbox 1621 1010 1674 1038; x_wconf 91' lang='lat' dir='ltr'><strong>sed</strong></span> <span class='ocrx_word' id='word_1_515' title='bbox 1688 1010 1718 1038; x_wconf 88' lang='lat' dir='ltr'><strong>in</strong></span> <span class='ocrx_word' id='word_1_516' title='bbox 1730 1010 1820 1039; x_wconf 84' lang='lat' dir='ltr'><strong>haere-</strong></span> 
     </span>
     <span class='ocr_line' id='line_1_72' title="bbox 1041 1055 1819 1093; baseline 0.004 -10"><span class='ocrx_word' id='word_1_517' title='bbox 1041 1055 1129 1083; x_wconf 82' lang='lat' dir='ltr'><strong>dibus</strong></span> <span class='ocrx_word' id='word_1_518' title='bbox 1144 1055 1223 1090; x_wconf 82' lang='lat' dir='ltr'><strong>suis,</strong></span> <span class='ocrx_word' id='word_1_519' title='bbox 1243 1055 1353 1084; x_wconf 85' lang='lat' dir='ltr'><strong>scilicet</strong></span> <span class='ocrx_word' id='word_1_520' title='bbox 1377 1056 1569 1092; x_wconf 85' lang='lat' dir='ltr'><strong>pauperibus.</strong></span> <span class='ocrx_word' id='word_1_521' title='bbox 1595 1059 1719 1093; x_wconf 78' lang='lat' dir='ltr'><strong>Reputat</strong></span> <span class='ocrx_word' id='word_1_522' title='bbox 1739 1058 1819 1086; x_wconf 84' lang='lat' dir='ltr'><strong>enim</strong></span> 
     </span>
     <span class='ocr_line' id='line_1_73' title="bbox 1041 1102 1820 1141; baseline 0.004 -12"><span class='ocrx_word' id='word_1_523' title='bbox 1041 1102 1158 1130; x_wconf 78' lang='lat' dir='ltr'><strong>sibimet</strong></span> <span class='ocrx_word' id='word_1_524' title='bbox 1173 1102 1284 1130; x_wconf 82' lang='lat' dir='ltr'><strong>sactum</strong></span> <span class='ocrx_word' id='word_1_525' title='bbox 1295 1124 1304 1137; x_wconf 89' lang='lat'><em>‚</em></span> <span class='ocrx_word' id='word_1_526' title='bbox 1320 1103 1403 1138; x_wconf 92' lang='lat' dir='ltr'><strong>quod</strong></span> <span class='ocrx_word' id='word_1_527' title='bbox 1418 1102 1450 1130; x_wconf 89' lang='lat' dir='ltr'><strong>fit</strong></span> <span class='ocrx_word' id='word_1_528' title='bbox 1464 1103 1648 1139; x_wconf 83' lang='lat' dir='ltr'><strong>pauperibus</strong></span> <span class='ocrx_word' id='word_1_529' title='bbox 1662 1112 1763 1132; x_wconf 88' lang='lat' dir='ltr'><strong>amore</strong></span> <span class='ocrx_word' id='word_1_530' title='bbox 1778 1105 1820 1141; x_wconf 89' lang='lat' dir='ltr'><strong>ip-</strong></span> 
     </span>
     <span class='ocr_line' id='line_1_74' title="bbox 1041 1149 1820 1185; baseline 0.001 -8"><span class='ocrx_word' id='word_1_531' title='bbox 1041 1150 1109 1177; x_wconf 83' lang='lat' dir='ltr'><strong>sius.</strong></span> <span class='ocrx_word' id='word_1_532' title='bbox 1128 1149 1209 1177; x_wconf 87' lang='lat' dir='ltr'><strong>Unde</strong></span> <span class='ocrx_word' id='word_1_533' title='bbox 1222 1149 1288 1185; x_wconf 77' lang='lat' dir='ltr'><strong>ipsa</strong></span> <span class='ocrx_word' id='word_1_534' title='bbox 1301 1150 1410 1178; x_wconf 83' lang='lat' dir='ltr'><strong>veritas</strong></span> <span class='ocrx_word' id='word_1_535' title='bbox 1425 1150 1496 1178; x_wconf 87' lang='lat' dir='ltr'><strong>dicit</strong></span> <span class='ocrx_word' id='word_1_536' title='bbox 1510 1150 1529 1166; x_wconf 83' lang='lat'><strong>¹¹</strong></span> <span class='ocrx_word' id='word_1_537' title='bbox 1547 1159 1553 1178; x_wconf 87' lang='lat'>:</span> <span class='ocrx_word' id='word_1_538' title='bbox 1571 1151 1649 1183; x_wconf 75' lang='lat' dir='ltr'><strong>Quod</strong></span> <span class='ocrx_word' id='word_1_539' title='bbox 1662 1153 1713 1178; x_wconf 81' lang='lat' dir='ltr'><strong>uni</strong></span> <span class='ocrx_word' id='word_1_540' title='bbox 1727 1159 1760 1179; x_wconf 74' lang='lat' dir='ltr'><strong>ecc</strong></span> <span class='ocrx_word' id='word_1_541' title='bbox 1770 1153 1820 1178; x_wconf 79' lang='lat' dir='ltr'><strong>mi-</strong></span> 
     </span>
     <span class='ocr_line' id='line_1_75' title="bbox 1041 1197 1820 1231; baseline 0.004 -9"><span class='ocrx_word' id='word_1_542' title='bbox 1041 1198 1124 1224; x_wconf 76' lang='lat' dir='ltr'><strong>nimis</strong></span> <span class='ocrx_word' id='word_1_543' title='bbox 1139 1198 1204 1224; x_wconf 80' lang='lat' dir='ltr'><strong>meis</strong></span> <span class='ocrx_word' id='word_1_544' title='bbox 1219 1198 1336 1231; x_wconf 77' lang='lat' dir='ltr'><strong>fecistis,</strong></span> <span class='ocrx_word' id='word_1_545' title='bbox 1353 1197 1422 1224; x_wconf 81' lang='lat' dir='ltr'><strong>mihi</strong></span> <span class='ocrx_word' id='word_1_546' title='bbox 1445 1198 1561 1230; x_wconf 79' lang='lat' dir='ltr'><strong>fecistz&#39;S.</strong></span> <span class='ocrx_word' id='word_1_547' title='bbox 1583 1198 1621 1225; x_wconf 93' lang='lat' dir='ltr'><strong>De</strong></span> <span class='ocrx_word' id='word_1_548' title='bbox 1642 1197 1697 1225; x_wconf 88' lang='lat' dir='ltr'><strong>isto</strong></span> <span class='ocrx_word' id='word_1_549' title='bbox 1712 1197 1820 1225; x_wconf 84' lang='lat' dir='ltr'><strong>salario</strong></span> 
     </span>
     <span class='ocr_line' id='line_1_76' title="bbox 1043 1243 1822 1280; baseline 0.001 -9"><span class='ocrx_word' id='word_1_550' title='bbox 1043 1243 1238 1280; x_wconf 72' lang='lat' dir='ltr'><strong>eleemosynae</strong></span> <span class='ocrx_word' id='word_1_551' title='bbox 1257 1244 1362 1271; x_wconf 83' lang='lat' dir='ltr'><strong>dicitur</strong></span> <span class='ocrx_word' id='word_1_552' title='bbox 1380 1243 1411 1270; x_wconf 91' lang='lat' dir='ltr'><strong>in</strong></span> <span class='ocrx_word' id='word_1_553' title='bbox 1432 1243 1523 1271; x_wconf 88' lang='lat' dir='ltr'><strong>Tobia</strong></span> <span class='ocrx_word' id='word_1_554' title='bbox 1539 1245 1560 1261; x_wconf 80' lang='lat'><strong>¹¹</strong></span> <span class='ocrx_word' id='word_1_555' title='bbox 1575 1253 1584 1270; x_wconf 88' lang='lat'>:</span> <span class='ocrx_word' id='word_1_556' title='bbox 1604 1245 1776 1279; x_wconf 79' lang='lat' dir='ltr'><strong>Eleemosyna</strong></span> <span class='ocrx_word' id='word_1_557' title='bbox 1789 1245 1822 1272; x_wconf 83' lang='lat' dir='ltr'><strong>ab</strong></span> 
     </span>
     <span class='ocr_line' id='line_1_77' title="bbox 1042 1291 1822 1326; baseline 0.001 -9"><span class='ocrx_word' id='word_1_558' title='bbox 1042 1293 1114 1317; x_wconf 78' lang='lat' dir='ltr'><strong>omni</strong></span> <span class='ocrx_word' id='word_1_559' title='bbox 1126 1293 1252 1326; x_wconf 78' lang='lat' dir='ltr'><strong>peccato,</strong></span> <span class='ocrx_word' id='word_1_560' title='bbox 1265 1294 1289 1318; x_wconf 80' lang='lat' dir='ltr'><strong>ec</strong></span> <span class='ocrx_word' id='word_1_561' title='bbox 1306 1299 1323 1317; x_wconf 82' lang='lat' dir='ltr'><strong>a</strong></span> <span class='ocrx_word' id='word_1_562' title='bbox 1338 1293 1422 1318; x_wconf 80' lang='lat' dir='ltr'><strong>morte</strong></span> <span class='ocrx_word' id='word_1_563' title='bbox 1447 1291 1562 1322; x_wconf 75' lang='lat' dir='ltr'><strong>liberat,</strong></span> <span class='ocrx_word' id='word_1_564' title='bbox 1581 1294 1604 1318; x_wconf 84' lang='lat' dir='ltr'><strong>et</strong></span> <span class='ocrx_word' id='word_1_565' title='bbox 1625 1299 1678 1318; x_wconf 77' lang='lat' dir='ltr'><strong>uon</strong></span> <span class='ocrx_word' id='word_1_566' title='bbox 1697 1293 1822 1326; x_wconf 65' lang='lat' dir='ltr'><strong>patietur</strong></span> 
     </span>
     <span class='ocr_line' id='line_1_78' title="bbox 1043 1338 1406 1364; baseline 0.003 -1"><span class='ocrx_word' id='word_1_567' title='bbox 1043 1339 1163 1364; x_wconf 74' lang='lat' dir='ltr'><strong>animam</strong></span> <span class='ocrx_word' id='word_1_568' title='bbox 1178 1338 1216 1364; x_wconf 84' lang='lat' dir='ltr'><strong>ire</strong></span> <span class='ocrx_word' id='word_1_569' title='bbox 1232 1339 1261 1364; x_wconf 83' lang='lat' dir='ltr'><strong>in</strong></span> <span class='ocrx_word' id='word_1_570' title='bbox 1276 1338 1406 1364; x_wconf 70' lang='lat' dir='ltr'><strong>tenebras.</strong></span> 
     </span>
    </p>

    <p class='ocr_par' dir='ltr' id='par_1_11' title="bbox 1043 1383 1826 1980">
     <span class='ocr_line' id='line_1_79' title="bbox 1079 1383 1823 1426; baseline 0.001 -15"><span class='ocrx_word' id='word_1_571' title='bbox 1079 1384 1207 1419; x_wconf 86' lang='lat' dir='ltr'><strong>Septimo</strong></span> <span class='ocrx_word' id='word_1_572' title='bbox 1219 1385 1246 1411; x_wconf 90' lang='lat' dir='ltr'><strong>et</strong></span> <span class='ocrx_word' id='word_1_573' title='bbox 1257 1383 1360 1411; x_wconf 87' lang='lat' dir='ltr'><strong>ultimo</strong></span> <span class='ocrx_word' id='word_1_574' title='bbox 1371 1384 1579 1426; x_wconf 55' lang='lat' dir='ltr'><strong>requiriturjid</strong></span> <span class='ocrx_word' id='word_1_575' title='bbox 1594 1384 1823 1412; x_wconf 82' lang='lat' dir='ltr'><strong>satisfactionem</strong></span> 
     </span>
     <span class='ocr_line' id='line_1_80' title="bbox 1043 1430 1823 1468; baseline 0.003 -10"><span class='ocrx_word' id='word_1_576' title='bbox 1043 1431 1222 1466; x_wconf 77' lang='lat' dir='ltr'><strong>poenitentis,</strong></span> <span class='ocrx_word' id='word_1_577' title='bbox 1235 1431 1330 1459; x_wconf 86' lang='lat' dir='ltr'><strong>oratio</strong></span> <span class='ocrx_word' id='word_1_578' title='bbox 1344 1430 1462 1458; x_wconf 87' lang='lat' dir='ltr'><strong>devota.</strong></span> <span class='ocrx_word' id='word_1_579' title='bbox 1477 1431 1557 1459; x_wconf 85' lang='lat' dir='ltr'><strong>Sicut</strong></span> <span class='ocrx_word' id='word_1_580' title='bbox 1569 1431 1649 1458; x_wconf 89' lang='lat' dir='ltr'><strong>enim</strong></span> <span class='ocrx_word' id='word_1_581' title='bbox 1662 1434 1753 1459; x_wconf 84' lang='lat' dir='ltr'><strong>mater</strong></span> <span class='ocrx_word' id='word_1_582' title='bbox 1768 1440 1823 1468; x_wconf 90' lang='lat' dir='ltr'><strong>pro</strong></span> 
     </span>
     <span class='ocr_line' id='line_1_81' title="bbox 1044 1477 1824 1512; baseline 0.004 -9"><span class='ocrx_word' id='word_1_583' title='bbox 1044 1477 1106 1505; x_wconf 86' lang='lat' dir='ltr'><strong>filio</strong></span> <span class='ocrx_word' id='word_1_584' title='bbox 1127 1480 1236 1511; x_wconf 68' lang='lat' dir='ltr'><strong>{egroto</strong></span> <span class='ocrx_word' id='word_1_585' title='bbox 1255 1477 1323 1504; x_wconf 76' lang='lat' dir='ltr'><strong>tacit</strong></span> <span class='ocrx_word' id='word_1_586' title='bbox 1346 1477 1518 1512; x_wconf 83' lang='lat' dir='ltr'><strong>caudelam,</strong></span> <span class='ocrx_word' id='word_1_587' title='bbox 1540 1480 1567 1505; x_wconf 90' lang='lat' dir='ltr'><strong>et</strong></span> <span class='ocrx_word' id='word_1_588' title='bbox 1586 1478 1690 1505; x_wconf 86' lang='lat' dir='ltr'><strong>emittit</strong></span> <span class='ocrx_word' id='word_1_589' title='bbox 1709 1481 1824 1512; x_wconf 81' lang='lat' dir='ltr'><strong>votum,</strong></span> 
     </span>
     <span class='ocr_line' id='line_1_82' title="bbox 1045 1524 1826 1561; baseline 0 -9"><span class='ocrx_word' id='word_1_590' title='bbox 1045 1533 1113 1552; x_wconf 81' lang='lat' dir='ltr'><strong>eum</strong></span> <span class='ocrx_word' id='word_1_591' title='bbox 1133 1524 1251 1551; x_wconf 87' lang='lat' dir='ltr'><strong>nullum</strong></span> <span class='ocrx_word' id='word_1_592' title='bbox 1273 1524 1439 1558; x_wconf 74' lang='lat' dir='ltr'><strong>consilium,</strong></span> <span class='ocrx_word' id='word_1_593' title='bbox 1461 1524 1509 1552; x_wconf 88' lang='lat' dir='ltr'><strong>vel</strong></span> <span class='ocrx_word' id='word_1_594' title='bbox 1531 1524 1674 1552; x_wconf 81' lang='lat' dir='ltr'><strong>auxilium</strong></span> <span class='ocrx_word' id='word_1_595' title='bbox 1695 1528 1826 1561; x_wconf 84' lang='lat' dir='ltr'><strong>superest</strong></span> 
     </span>
     <span class='ocr_line' id='line_1_83' title="bbox 1045 1571 1824 1607; baseline 0.003 -9"><span class='ocrx_word' id='word_1_596' title='bbox 1045 1571 1245 1606; x_wconf 80' lang='lat' dir='ltr'><strong>medicorum3</strong></span> <span class='ocrx_word' id='word_1_597' title='bbox 1262 1571 1302 1598; x_wconf 82' lang='lat' dir='ltr'><strong>sic</strong></span> <span class='ocrx_word' id='word_1_598' title='bbox 1319 1571 1442 1607; x_wconf 82' lang='lat' dir='ltr'><strong>quando</strong></span> <span class='ocrx_word' id='word_1_599' title='bbox 1456 1571 1593 1599; x_wconf 84' lang='lat' dir='ltr'><strong>videmus</strong></span> <span class='ocrx_word' id='word_1_600' title='bbox 1607 1571 1741 1607; x_wconf 86' lang='lat' dir='ltr'><strong>spiritum</strong></span> <span class='ocrx_word' id='word_1_601' title='bbox 1756 1580 1824 1600; x_wconf 87' lang='lat' dir='ltr'><strong>nos-</strong></span> 
     </span>
     <span class='ocr_line' id='line_1_84' title="bbox 1046 1618 1825 1654; baseline 0.001 -9"><span class='ocrx_word' id='word_1_602' title='bbox 1046 1621 1122 1645; x_wconf 91' lang='lat' dir='ltr'><strong>trum</strong></span> <span class='ocrx_word' id='word_1_603' title='bbox 1141 1618 1299 1654; x_wconf 88' lang='lat' dir='ltr'><strong>periclitari</strong></span> <span class='ocrx_word' id='word_1_604' title='bbox 1319 1618 1400 1653; x_wconf 83' lang='lat' dir='ltr'><strong>gravi</strong></span> <span class='ocrx_word' id='word_1_605' title='bbox 1418 1618 1524 1646; x_wconf 84' lang='lat' dir='ltr'><strong>morbo</strong></span> <span class='ocrx_word' id='word_1_606' title='bbox 1540 1618 1664 1654; x_wconf 83' lang='lat' dir='ltr'><strong>peccati,</strong></span> <span class='ocrx_word' id='word_1_607' title='bbox 1681 1618 1825 1646; x_wconf 89' lang='lat' dir='ltr'><strong>debemus</strong></span> 
     </span>
     <span class='ocr_line' id='line_1_85' title="bbox 1046 1665 1825 1700; baseline 0.003 -8"><span class='ocrx_word' id='word_1_608' title='bbox 1046 1667 1104 1693; x_wconf 86' lang='lat' dir='ltr'><strong>Deo</strong></span> <span class='ocrx_word' id='word_1_609' title='bbox 1122 1665 1218 1692; x_wconf 78' lang='lat' dir='ltr'><strong>faeere</strong></span> <span class='ocrx_word' id='word_1_610' title='bbox 1240 1665 1396 1692; x_wconf 77' lang='lat' dir='ltr'><strong>candelam</strong></span> <span class='ocrx_word' id='word_1_611' title='bbox 1415 1665 1502 1692; x_wconf 80' lang='lat' dir='ltr'><strong>bouae</strong></span> <span class='ocrx_word' id='word_1_612' title='bbox 1525 1665 1721 1700; x_wconf 85' lang='lat' dir='ltr'><strong>operationis,</strong></span> <span class='ocrx_word' id='word_1_613' title='bbox 1742 1665 1825 1700; x_wconf 80' lang='lat' dir='ltr'><strong>juxta</strong></span> 
     </span>
     <span class='ocr_line' id='line_1_86' title="bbox 1045 1711 1826 1746; baseline 0.001 -8"><span class='ocrx_word' id='word_1_614' title='bbox 1045 1711 1121 1738; x_wconf 85' lang='lat' dir='ltr'><strong>illud</strong></span> <span class='ocrx_word' id='word_1_615' title='bbox 1136 1713 1155 1728; x_wconf 73' lang='lat'><strong>¹³³</strong></span> <span class='ocrx_word' id='word_1_616' title='bbox 1174 1721 1180 1738; x_wconf 76' lang='grc' dir='ltr'>ε</span> <span class='ocrx_word' id='word_1_617' title='bbox 1200 1713 1324 1738; x_wconf 66' lang='lat' dir='ltr'><strong>Lucerum</strong></span> <span class='ocrx_word' id='word_1_618' title='bbox 1340 1711 1464 1738; x_wconf 72' lang='lat' dir='ltr'><strong>ardentes</strong></span> <span class='ocrx_word' id='word_1_619' title='bbox 1479 1713 1509 1738; x_wconf 78' lang='lat' dir='ltr'><strong>in</strong></span> <span class='ocrx_word' id='word_1_620' title='bbox 1530 1713 1652 1738; x_wconf 66' lang='lat' dir='ltr'><strong>manibus</strong></span> <span class='ocrx_word' id='word_1_621' title='bbox 1670 1714 1776 1746; x_wconf 76' lang='lat' dir='ltr'><strong>vestris,</strong></span> <span class='ocrx_word' id='word_1_622' title='bbox 1798 1714 1826 1739; x_wconf 85' lang='lat' dir='ltr'><strong>et</strong></span> 
     </span>
     <span class='ocr_line' id='line_1_87' title="bbox 1046 1757 1824 1792; baseline 0.001 -7"><span class='ocrx_word' id='word_1_623' title='bbox 1046 1758 1176 1785; x_wconf 87' lang='lat' dir='ltr'><strong>emittere</strong></span> <span class='ocrx_word' id='word_1_624' title='bbox 1195 1760 1297 1785; x_wconf 90' lang='lat' dir='ltr'><strong>votum</strong></span> <span class='ocrx_word' id='word_1_625' title='bbox 1317 1757 1431 1784; x_wconf 66' lang='lat' dir='ltr'><strong>‹levotze</strong></span> <span class='ocrx_word' id='word_1_626' title='bbox 1450 1757 1600 1785; x_wconf 69' lang='lat' dir='ltr'><strong>orationis.</strong></span> <span class='ocrx_word' id='word_1_627' title='bbox 1625 1760 1655 1785; x_wconf 78' lang='lat' dir='ltr'><strong>l-:t</strong></span> <span class='ocrx_word' id='word_1_628' title='bbox 1676 1759 1722 1785; x_wconf 79' lang='lat' dir='ltr'><strong>hoc</strong></span> <span class='ocrx_word' id='word_1_629' title='bbox 1743 1767 1824 1792; x_wconf 67' lang='lat' dir='ltr'><strong>genus</strong></span> 
     </span>
     <span class='ocr_line' id='line_1_88' title="bbox 1047 1803 1823 1839; baseline 0.003 -9"><span class='ocrx_word' id='word_1_630' title='bbox 1047 1805 1238 1832; x_wconf 78' lang='lat' dir='ltr'><strong>‹ioemeniorum</strong></span> <span class='ocrx_word' id='word_1_631' title='bbox 1253 1803 1283 1838; x_wconf 70' lang='lat'><strong>¹¹²,</strong></span> <span class='ocrx_word' id='word_1_632' title='bbox 1302 1804 1411 1831; x_wconf 77' lang='lat' dir='ltr'><strong>seilicet</strong></span> <span class='ocrx_word' id='word_1_633' title='bbox 1427 1807 1590 1839; x_wconf 76' lang='lat' dir='ltr'><strong>peccatum,</strong></span> <span class='ocrx_word' id='word_1_634' title='bbox 1612 1813 1664 1832; x_wconf 72' lang='lat' dir='ltr'><strong>uon</strong></span> <span class='ocrx_word' id='word_1_635' title='bbox 1684 1806 1823 1839; x_wconf 66' lang='lat' dir='ltr'><strong>ejicietur,</strong></span> 
     </span>
     <span class='ocr_line' id='line_1_89' title="bbox 1047 1851 1824 1885; baseline 0.003 -8"><span class='ocrx_word' id='word_1_636' title='bbox 1047 1853 1102 1878; x_wconf 78' lang='lat' dir='ltr'><strong>uisi</strong></span> <span class='ocrx_word' id='word_1_637' title='bbox 1116 1853 1144 1877; x_wconf 78' lang='lat' dir='ltr'><strong>z&#39;n</strong></span> <span class='ocrx_word' id='word_1_638' title='bbox 1159 1853 1289 1885; x_wconf 75' lang='lat' dir='ltr'><strong>oratione,</strong></span> <span class='ocrx_word' id='word_1_639' title='bbox 1305 1853 1329 1877; x_wconf 74' lang='lat' dir='ltr'><strong>et</strong></span> <span class='ocrx_word' id='word_1_640' title='bbox 1337 1851 1454 1884; x_wconf 75' lang='lat' dir='ltr'><strong>jejunio,</strong></span> <span class='ocrx_word' id='word_1_641' title='bbox 1473 1853 1503 1877; x_wconf 91' lang='lat' dir='ltr'><strong>ut</strong></span> <span class='ocrx_word' id='word_1_642' title='bbox 1519 1851 1625 1878; x_wconf 88' lang='lat' dir='ltr'><strong>dicitur</strong></span> <span class='ocrx_word' id='word_1_643' title='bbox 1641 1852 1670 1879; x_wconf 90' lang='lat' dir='ltr'><strong>in</strong></span> <span class='ocrx_word' id='word_1_644' title='bbox 1684 1852 1824 1880; x_wconf 79' lang='lat' dir='ltr'><strong>Matlhaeo.</strong></span> 
     </span>
     <span class='ocr_line' id='line_1_90' title="bbox 1047 1898 1825 1933; baseline 0.001 -8"><span class='ocrx_word' id='word_1_645' title='bbox 1047 1898 1145 1926; x_wconf 80' lang='lat' dir='ltr'><strong>Oratio</strong></span> <span class='ocrx_word' id='word_1_646' title='bbox 1158 1905 1287 1933; x_wconf 79' lang='lat' dir='ltr'><strong>namque</strong></span> <span class='ocrx_word' id='word_1_647' title='bbox 1303 1900 1398 1933; x_wconf 81' lang='lat' dir='ltr'><strong>pestes</strong></span> <span class='ocrx_word' id='word_1_648' title='bbox 1414 1898 1518 1924; x_wconf 77' lang='lat' dir='ltr'><strong>mentis</strong></span> <span class='ocrx_word' id='word_1_649' title='bbox 1533 1900 1625 1932; x_wconf 80' lang='lat' dir='ltr'><strong>curat,</strong></span> <span class='ocrx_word' id='word_1_650' title='bbox 1639 1900 1667 1925; x_wconf 89' lang='lat' dir='ltr'><strong>et</strong></span> <span class='ocrx_word' id='word_1_651' title='bbox 1679 1898 1825 1933; x_wconf 87' lang='lat' dir='ltr'><strong>jejunium</strong></span> 
     </span>
     <span class='ocr_line' id='line_1_91' title="bbox 1047 1944 1301 1980; baseline -0.008 -8"><span class='ocrx_word' id='word_1_652' title='bbox 1047 1947 1142 1980; x_wconf 85' lang='lat' dir='ltr'><strong>pestes</strong></span> <span class='ocrx_word' id='word_1_653' title='bbox 1158 1944 1301 1980; x_wconf 78' lang='lat' dir='ltr'><strong>corporis.</strong></span> 
     </span>
    </p>
   </div>
   <div class='ocr_carea' id='block_1_6' title="bbox 1300 2037 1574 2136">
    <p class='ocr_par' dir='ltr' id='par_1_12' title="bbox 1300 2037 1574 2136">
     <span class='ocr_line' id='line_1_92' title="bbox 1300 2037 1574 2071; baseline 0 0"><span class='ocrx_word' id='word_1_654' title='bbox 1300 2038 1325 2071; x_wconf 89' lang='lat' dir='ltr'>C</span> <span class='ocrx_word' id='word_1_655' title='bbox 1340 2039 1367 2070; x_wconf 81' lang='lat' dir='ltr'><strong>A</strong></span> <span class='ocrx_word' id='word_1_656' title='bbox 1384 2038 1409 2070; x_wconf 92' lang='lat' dir='ltr'>P</span> <span class='ocrx_word' id='word_1_657' title='bbox 1427 2037 1452 2069; x_wconf 90' lang='lat' dir='ltr'>U</span> <span class='ocrx_word' id='word_1_658' title='bbox 1468 2038 1494 2070; x_wconf 86' lang='lat' dir='ltr'>T</span> <span class='ocrx_word' id='word_1_659' title='bbox 1534 2038 1574 2071; x_wconf 83' lang='lat' dir='ltr'><strong>V.</strong></span> 
     </span>
     <span class='ocr_line' id='line_1_93' title="bbox 1341 2109 1534 2136; baseline 0.005 -1"><span class='ocrx_word' id='word_1_660' title='bbox 1341 2110 1377 2135; x_wconf 81' lang='lat' dir='ltr'><strong>De</strong></span> <span class='ocrx_word' id='word_1_661' title='bbox 1397 2109 1534 2136; x_wconf 78' lang='lat' dir='ltr'><strong>(lratione.</strong></span> 
     </span>
    </p>
   </div>
   <div class='ocr_carea' id='block_1_7' title="bbox 1051 2178 1829 2493">
    <p class='ocr_par' dir='ltr' id='par_1_13' title="bbox 1051 2178 1828 2444">
     <span class='ocr_line' id='line_1_94' title="bbox 1085 2178 1827 2215; baseline 0 -8"><span class='ocrx_word' id='word_1_662' title='bbox 1085 2179 1179 2207; x_wconf 84' lang='lat' dir='ltr'><strong>Tertio</strong></span> <span class='ocrx_word' id='word_1_663' title='bbox 1195 2180 1264 2205; x_wconf 88' lang='lat' dir='ltr'><strong>nota</strong></span> <span class='ocrx_word' id='word_1_664' title='bbox 1284 2180 1380 2213; x_wconf 83' lang='lat' dir='ltr'><strong>partes</strong></span> <span class='ocrx_word' id='word_1_665' title='bbox 1397 2178 1573 2213; x_wconf 72' lang='lat' dir='ltr'><strong>poenitcntiae</strong></span> <span class='ocrx_word' id='word_1_666' title='bbox 1592 2178 1740 2213; x_wconf 81' lang='lat' dir='ltr'><strong>virtuales,</strong></span> <span class='ocrx_word' id='word_1_667' title='bbox 1762 2188 1827 2215; x_wconf 81' lang='lat' dir='ltr'><strong>quae</strong></span> 
     </span>
     <span class='ocr_line' id='line_1_95' title="bbox 1051 2224 1828 2259; baseline -0.001 -4"><span class='ocrx_word' id='word_1_668' title='bbox 1051 2229 1118 2255; x_wconf 78' lang='lat' dir='ltr'><strong>sunt</strong></span> <span class='ocrx_word' id='word_1_669' title='bbox 1136 2229 1202 2259; x_wconf 71' lang='lat' dir='ltr'><strong>treS,</strong></span> <span class='ocrx_word' id='word_1_670' title='bbox 1224 2224 1333 2252; x_wconf 80' lang='lat' dir='ltr'><strong>scilicet</strong></span> <span class='ocrx_word' id='word_1_671' title='bbox 1353 2224 1458 2257; x_wconf 61' lang='lat' dir='ltr'><strong>ortum,</strong></span> <span class='ocrx_word' id='word_1_672' title='bbox 1475 2224 1631 2259; x_wconf 80' lang='lat' dir='ltr'><strong>jejunium,</strong></span> <span class='ocrx_word' id='word_1_673' title='bbox 1653 2228 1679 2253; x_wconf 92' lang='lat' dir='ltr'><strong>et</strong></span> <span class='ocrx_word' id='word_1_674' title='bbox 1699 2226 1828 2254; x_wconf 88' lang='lat' dir='ltr'><strong>eleemo—</strong></span> 
     </span>
     <span class='ocr_line' id='line_1_96' title="bbox 1051 2270 1828 2310; baseline -0.001 -9"><span class='ocrx_word' id='word_1_675' title='bbox 1051 2281 1134 2310; x_wconf 75' lang='lat' dir='ltr'><strong>syna.</strong></span> <span class='ocrx_word' id='word_1_676' title='bbox 1153 2272 1249 2300; x_wconf 87' lang='lat' dir='ltr'><strong>Primo</strong></span> <span class='ocrx_word' id='word_1_677' title='bbox 1269 2270 1432 2306; x_wconf 79' lang='lat' dir='ltr'><strong>specialiter</strong></span> <span class='ocrx_word' id='word_1_678' title='bbox 1452 2270 1489 2297; x_wconf 83' lang='lat' dir='ltr'><strong>(le</strong></span> <span class='ocrx_word' id='word_1_679' title='bbox 1509 2271 1641 2299; x_wconf 88' lang='lat' dir='ltr'><strong>oratione</strong></span> <span class='ocrx_word' id='word_1_680' title='bbox 1663 2274 1705 2299; x_wconf 88' lang='lat' dir='ltr'><strong>est</strong></span> <span class='ocrx_word' id='word_1_681' title='bbox 1726 2272 1828 2300; x_wconf 88' lang='lat' dir='ltr'><strong>dieen—</strong></span> 
     </span>
     <span class='ocr_line' id='line_1_97' title="bbox 1052 2317 1827 2354; baseline -0.003 -6"><span class='ocrx_word' id='word_1_682' title='bbox 1052 2320 1134 2354; x_wconf 81' lang='lat' dir='ltr'><strong>dum,</strong></span> <span class='ocrx_word' id='word_1_683' title='bbox 1151 2318 1224 2354; x_wconf 86' lang='lat' dir='ltr'><strong>quid</strong></span> <span class='ocrx_word' id='word_1_684' title='bbox 1240 2319 1291 2344; x_wconf 81' lang='lat' dir='ltr'><strong>est.</strong></span> <span class='ocrx_word' id='word_1_685' title='bbox 1309 2317 1405 2344; x_wconf 84' lang='lat' dir='ltr'><strong>Oratio</strong></span> <span class='ocrx_word' id='word_1_686' title='bbox 1424 2319 1466 2344; x_wconf 88' lang='lat' dir='ltr'><strong>est</strong></span> <span class='ocrx_word' id='word_1_687' title='bbox 1485 2318 1585 2353; x_wconf 78' lang='lat' dir='ltr'><strong>petitio</strong></span> <span class='ocrx_word' id='word_1_688' title='bbox 1604 2318 1781 2353; x_wconf 88' lang='lat' dir='ltr'><strong>decentium,</strong></span> <span class='ocrx_word' id='word_1_689' title='bbox 1798 2319 1827 2346; x_wconf 90' lang='lat' dir='ltr'><strong>in</strong></span> 
     </span>
     <span class='ocr_line' id='line_1_98' title="bbox 1053 2363 1827 2400; baseline -0.003 -6"><span class='ocrx_word' id='word_1_690' title='bbox 1053 2369 1122 2400; x_wconf 88' lang='lat' dir='ltr'><strong>Deo,</strong></span> <span class='ocrx_word' id='word_1_691' title='bbox 1138 2364 1185 2392; x_wconf 88' lang='lat' dir='ltr'><strong>vel</strong></span> <span class='ocrx_word' id='word_1_692' title='bbox 1204 2373 1221 2391; x_wconf 83' lang='lat' dir='ltr'><strong>a</strong></span> <span class='ocrx_word' id='word_1_693' title='bbox 1241 2365 1318 2397; x_wconf 86' lang='lat' dir='ltr'><strong>Deo;</strong></span> <span class='ocrx_word' id='word_1_694' title='bbox 1341 2363 1388 2390; x_wconf 85' lang='lat' dir='ltr'><strong>vel</strong></span> <span class='ocrx_word' id='word_1_695' title='bbox 1408 2364 1501 2391; x_wconf 79' lang='lat' dir='ltr'><strong>oratio</strong></span> <span class='ocrx_word' id='word_1_696' title='bbox 1521 2367 1563 2392; x_wconf 82' lang='lat' dir='ltr'><strong>est</strong></span> <span class='ocrx_word' id='word_1_697' title='bbox 1579 2365 1685 2392; x_wconf 86' lang='lat' dir='ltr'><strong>mentis</strong></span> <span class='ocrx_word' id='word_1_698' title='bbox 1703 2364 1827 2392; x_wconf 89' lang='lat' dir='ltr'><strong>elevatio</strong></span> 
     </span>
     <span class='ocr_line' id='line_1_99' title="bbox 1053 2412 1571 2444; baseline -0.004 -4"><span class='ocrx_word' id='word_1_699' title='bbox 1053 2414 1082 2440; x_wconf 91' lang='lat' dir='ltr'><strong>in</strong></span> <span class='ocrx_word' id='word_1_700' title='bbox 1099 2415 1189 2440; x_wconf 82' lang='lat' dir='ltr'><strong>Deum</strong></span> <span class='ocrx_word' id='word_1_701' title='bbox 1202 2412 1230 2444; x_wconf 79' lang='lat'><strong>¹⁵,</strong></span> <span class='ocrx_word' id='word_1_702' title='bbox 1246 2412 1427 2437; x_wconf 75' lang='lat' dir='ltr'><strong>Damasceno</strong></span> <span class='ocrx_word' id='word_1_703' title='bbox 1443 2413 1571 2438; x_wconf 83' lang='lat' dir='ltr'><strong>auctore.</strong></span> 
     </span>
    </p>

    <p class='ocr_par' dir='ltr' id='par_1_14' title="bbox 1089 2457 1829 2493">
     <span class='ocr_line' id='line_1_100' title="bbox 1089 2457 1829 2493; baseline -0.003 -6"><span class='ocrx_word' id='word_1_704' title='bbox 1089 2460 1126 2487; x_wconf 85' lang='lat' dir='ltr'><strong>De</strong></span> <span class='ocrx_word' id='word_1_705' title='bbox 1143 2457 1275 2486; x_wconf 84' lang='lat' dir='ltr'><strong>oratione</strong></span> <span class='ocrx_word' id='word_1_706' title='bbox 1290 2459 1361 2484; x_wconf 79' lang='lat' dir='ltr'><strong>nota</strong></span> <span class='ocrx_word' id='word_1_707' title='bbox 1375 2457 1539 2493; x_wconf 82' lang='lat' dir='ltr'><strong>specialiter</strong></span> <span class='ocrx_word' id='word_1_708' title='bbox 1554 2457 1702 2493; x_wconf 87' lang='lat' dir='ltr'><strong>quinque:</strong></span> <span class='ocrx_word' id='word_1_709' title='bbox 1719 2457 1829 2485; x_wconf 84' lang='lat' dir='ltr'><strong>scilicet</strong></span> 
     </span>
    </p>
   </div>
   <div class='ocr_carea' id='block_1_8' title="bbox 1053 2542 1828 2679">
    <p class='ocr_par' dir='ltr' id='par_1_15' title="bbox 1053 2542 1828 2679">
     <span class='ocr_line' id='line_1_101' title="bbox 1053 2542 1827 2574; baseline -0.003 -6"><span class='ocrx_word' id='word_1_710' title='bbox 1053 2546 1063 2562; x_wconf 83' lang='lat'>⁸</span> <span class='ocrx_word' id='word_1_711' title='bbox 1080 2547 1138 2574; x_wconf 57' lang='lat' dir='ltr'><strong>Isth,</strong></span> <span class='ocrx_word' id='word_1_712' title='bbox 1153 2547 1214 2572; x_wconf 68' lang='grc' dir='ltr'><strong>ΜΗ,</strong></span> <span class='ocrx_word' id='word_1_713' title='bbox 1234 2543 1270 2566; x_wconf 73' lang='grc'><strong>12.</strong></span> <span class='ocrx_word' id='word_1_714' title='bbox 1287 2555 1316 2558; x_wconf 85' lang='lat'><strong>——</strong></span> <span class='ocrx_word' id='word_1_715' title='bbox 1332 2544 1340 2556; x_wconf 72' lang='lat'>³</span> <span class='ocrx_word' id='word_1_716' title='bbox 1360 2542 1427 2566; x_wconf 73' lang='lat' dir='ltr'><strong>Psal.</strong></span> <span class='ocrx_word' id='word_1_717' title='bbox 1444 2549 1492 2572; x_wconf 76' lang='lat' dir='ltr'><strong>cti,</strong></span> <span class='ocrx_word' id='word_1_718' title='bbox 1509 2543 1559 2566; x_wconf 71' lang='lat'>3-4.</span> <span class='ocrx_word' id='word_1_719' title='bbox 1573 2555 1603 2559; x_wconf 92' lang='lat'><strong>—-</strong></span> <span class='ocrx_word' id='word_1_720' title='bbox 1626 2542 1643 2557; x_wconf 77' lang='lat'><strong>¹⁰</strong></span> <span class='ocrx_word' id='word_1_721' title='bbox 1661 2542 1731 2565; x_wconf 77' lang='lat' dir='ltr'><strong>Psal.</strong></span> <span class='ocrx_word' id='word_1_722' title='bbox 1746 2548 1788 2572; x_wconf 81' lang='lat' dir='ltr'><strong>xv,</strong></span> <span class='ocrx_word' id='word_1_723' title='bbox 1804 2544 1827 2566; x_wconf 75' lang='lat'><strong>2,</strong></span> 
     </span>
     <span class='ocr_line' id='line_1_102' title="bbox 1055 2577 1828 2609; baseline -0.001 -6"><span class='ocrx_word' id='word_1_724' title='bbox 1055 2595 1081 2598; x_wconf 85' lang='lat'><em>-</em></span> <span class='ocrx_word' id='word_1_725' title='bbox 1100 2582 1118 2596; x_wconf 87' lang='lat'><strong>¹¹</strong></span> <span class='ocrx_word' id='word_1_726' title='bbox 1130 2577 1232 2608; x_wconf 64' lang='lat' dir='ltr'><strong>Matth„</strong></span> <span class='ocrx_word' id='word_1_727' title='bbox 1246 2584 1308 2606; x_wconf 63' lang='lat' dir='ltr'>xxx‘,</span> <span class='ocrx_word' id='word_1_728' title='bbox 1325 2579 1363 2601; x_wconf 75' lang='lat' dir='ltr'><strong>sit).</strong></span> <span class='ocrx_word' id='word_1_729' title='bbox 1375 2591 1405 2595; x_wconf 84' lang='lat'><strong>-—</strong></span> <span class='ocrx_word' id='word_1_730' title='bbox 1417 2579 1434 2595; x_wconf 79' lang='lat'><strong>&#39;²</strong></span> <span class='ocrx_word' id='word_1_731' title='bbox 1447 2578 1512 2609; x_wconf 83' lang='lat' dir='ltr'><strong>Tob.‚</strong></span> <span class='ocrx_word' id='word_1_732' title='bbox 1526 2583 1559 2608; x_wconf 86' lang='lat' dir='ltr'><strong>1v,</strong></span> <span class='ocrx_word' id='word_1_733' title='bbox 1578 2580 1614 2601; x_wconf 84' lang='lat' dir='ltr'><strong>tt.</strong></span> <span class='ocrx_word' id='word_1_734' title='bbox 1628 2591 1654 2594; x_wconf 97' lang='lat'><strong>—</strong></span> <span class='ocrx_word' id='word_1_735' title='bbox 1666 2578 1689 2593; x_wconf 82' lang='lat'><strong>¹³</strong></span> <span class='ocrx_word' id='word_1_736' title='bbox 1700 2578 1767 2606; x_wconf 70' lang='lat' dir='ltr'><strong>Luc„</strong></span> <span class='ocrx_word' id='word_1_737' title='bbox 1780 2584 1828 2608; x_wconf 69' lang='grc' dir='ltr'><strong>ΧΠ,</strong></span> 
     </span>
     <span class='ocr_line' id='line_1_103' title="bbox 1055 2612 1827 2643; baseline -0.001 -6"><span class='ocrx_word' id='word_1_738' title='bbox 1055 2618 1094 2641; x_wconf 81' lang='lat'><strong>35.</strong></span> <span class='ocrx_word' id='word_1_739' title='bbox 1120 2628 1145 2632; x_wconf 85' lang='lat'>—</span> <span class='ocrx_word' id='word_1_740' title='bbox 1171 2614 1189 2630; x_wconf 53' lang='grc' dir='ltr'><strong>’Β</strong></span> <span class='ocrx_word' id='word_1_741' title='bbox 1212 2612 1312 2643; x_wconf 55' lang='lat' dir='ltr'><strong>Manli„</strong></span> <span class='ocrx_word' id='word_1_742' title='bbox 1335 2619 1403 2643; x_wconf 78' lang='lat' dir='ltr'><strong>xvu,</strong></span> <span class='ocrx_word' id='word_1_743' title='bbox 1423 2615 1461 2637; x_wconf 85' lang='lat'><strong>20.</strong></span> <span class='ocrx_word' id='word_1_744' title='bbox 1484 2626 1512 2631; x_wconf 93' lang='grc'><strong>--</strong></span> <span class='ocrx_word' id='word_1_745' title='bbox 1535 2613 1553 2629; x_wconf 83' lang='lat'><strong>&#39;⁸</strong></span> <span class='ocrx_word' id='word_1_746' title='bbox 1574 2613 1702 2643; x_wconf 59' lang='lat' dir='ltr'><strong>Damaso„</strong></span> <span class='ocrx_word' id='word_1_747' title='bbox 1722 2613 1751 2636; x_wconf 75' lang='lat' dir='ltr'><strong>dc·</strong></span> <span class='ocrx_word' id='word_1_748' title='bbox 1770 2613 1827 2637; x_wconf 54' lang='lat' dir='ltr'><strong>Fid.</strong></span> 
     </span>
     <span class='ocr_line' id='line_1_104' title="bbox 1056 2648 1392 2679; baseline 0 -7"><span class='ocrx_word' id='word_1_749' title='bbox 1056 2650 1169 2679; x_wconf 50' lang='lat' dir='ltr'><strong>Ormeni„</strong></span> <span class='ocrx_word' id='word_1_750' title='bbox 1180 2648 1223 2672; x_wconf 30' lang='lat' dir='ltr'><strong>libi</strong></span> <span class='ocrx_word' id='word_1_751' title='bbox 1238 2648 1269 2678; x_wconf 87' lang='lat' dir='ltr'><strong>ll,</strong></span> <span class='ocrx_word' id='word_1_752' title='bbox 1285 2655 1306 2672; x_wconf 88' lang='lat' dir='ltr'><strong>e.</strong></span> <span class='ocrx_word' id='word_1_753' title='bbox 1324 2654 1392 2672; x_wconf 76' lang='lat' dir='ltr'><strong>xxiv.</strong></span> 
     </span>
    </p>
   </div>
  </div>
 </body>
</html>
