2004 3037
588 198 637 230 DE
662 196 919 230 CORRUPTELA
942 196 1116 229 PECCA'I'I.
1141 198 1226 230 CAP.
1250 199 1354 232 XXlX.

167 264 302 300 libidine,
317 264 439 301 quando
451 265 509 294 hoc
524 266 583 294 Deo
594 263 749 302 praeponit,
762 266 831 292 tunc
843 265 945 300 peceat

168 311 340 340 mortaliter.
361 311 389 340 Si
413 311 479 348 quis
503 314 602 340 autem
626 311 753 339 inebriat
774 309 881 345 alium,
905 310 945 338 ita

168 357 307 386 videlicet
319 358 447 387 invitans
468 366 537 386 eum
558 357 597 386 ad
619 360 740 394 potum,
761 359 793 385 ut
812 356 946 384 intendat

169 406 276 433 statum
290 405 395 433 mentis
409 405 472 440 ejus
486 405 626 439 evertere,
643 406 671 432 et
683 404 741 432 1100
754 403 823 431 facit
837 403 868 431 in
882 403 945 438 ejus

169 453 400 485 nocumentum,
413 452 518 487 peccat
533 450 708 484 mortaliter,
722 451 793 486 quia
812 449 906 478 aufert
919 449 946 477 ei

170 499 253 536 plus,
272 506 364 535 quam
378 497 402 525 si
416 496 544 525 auferret
561 497 686 533 aliquod
700 497 815 526 bonum
830 498 946 532 tempo-

171 544 244 580 rale,
260 544 330 581 quia
344 552 431 572 usum
445 543 567 572 rationis
581 543 657 571 tollit
670 543 707 572 ei.

395 637 538 671 CAPUT
567 637 678 671 XXVI
683 638 710 670 ΙΙ
715 663 722 670 .

231 709 362 744 Quomodo
383 710 496 737 luxuria
515 711 550 737 sit
568 710 691 744 mortale,
711 709 752 736 vel
771 709 884 736 veniale.

207 777 334 806 Luxuria
348 785 384 805 ex
398 786 451 806 suo
468 786 574 813 genere
591 780 633 806 est
646 779 801 813 peccatum
812 777 948 811 mortale,

172 824 244 860 quia
259 826 301 853 est
315 826 417 853 contra
429 824 688 860 illudproeceptum
702 824 709 839 ¹
733 833 739 851 ε
761 825 822 853 Non
838 824 950 851 7711100)ιο-

177 871 257 899 beris.

208 917 452 954 Concupiscentia
472 917 595 945 luxuriae
624 917 813 952 distinguitur
838 918 951 953 septem

173 963 281 991 modis.
293 963 405 991 Primus
417 966 459 992 est
466 984 475 998 ,
490 971 559 991 cum
569 963 808 1000 concupiscentia
822 963 953 991 consistit

173 1010 204 1037 in
219 1009 316 1045 primo
331 1011 414 1037 motu
428 1011 556 1045 tantum;
574 1012 602 1038 et
616 1010 657 1037 sic
672 1012 714 1037 est
730 1012 884 1045 peccatum
899 1018 950 1037 ve·-

173 1056 262 1084 niale.
290 1056 441 1084 Secundus
463 1058 521 1090 est,
544 1064 613 1083 cum
638 1056 769 1091 sequitur
793 1064 953 1084 consensus

173 1102 314 1138 usquein
338 1102 576 1136 delectationem,
597 1102 665 1130 licet
685 1110 746 1130 non
767 1103 798 1130 in
819 1110 908 1138 opus;
926 1103 954 1129 et

175 1149 216 1176 sic
232 1151 274 1176 est
287 1149 411 1177 mortale
424 1151 588 1185 peccatum.
605 1149 715 1177 Tertius
730 1151 787 1183 est,
802 1157 870 1176 cum
885 1156 954 1176 con-

175 1196 298 1223 sentitur
321 1196 409 1224 etiam
426 1196 457 1223 in
481 1204 572 1232 opus,
596 1197 623 1223 et
644 1196 684 1223 sic
700 1198 742 1223 est
756 1195 861 1223 iterum
877 1203 955 1222 mor-

175 1242 243 1270 tale.
253 1243 376 1276 Quartus
388 1244 439 1278 est,
452 1251 521 1270 cum
534 1242 772 1277 concupiscentia
781 1250 842 1270 non
856 1242 955 1269 solum

176 1290 291 1317 tenetur
310 1289 413 1324 corde,
434 1289 486 1316 sed
509 1289 597 1317 etiam
618 1289 748 1324 pascitur
770 1289 848 1322 visu,
871 1291 898 1316 et
915 1288 955 1316 sic

176 1335 284 1363 iterum
307 1337 349 1363 est
368 1336 494 1363 mortale
508 1336 539 1363 ²:
564 1336 618 1368 Qui
639 1336 741 1362 viderit
761 1337 897 1362 mulierem
920 1335 956 1362 ad

178 1383 415 1417 concupiscendum
438 1390 510 1414 eam,
534 1383 593 1416 jam
618 1383 761 1409 moechatus
784 1385 823 1409 est
845 1390 903 1409 eam
926 1383 956 1408 in

178 1430 254 1457 corde
268 1438 330 1464 suo,
347 1430 379 1457 id
394 1432 452 1464 est,
473 1430 497 1457 si
515 1430 572 1458 hoc
591 1431 649 1457 siue
664 1432 692 1458 et
706 1430 806 1457 animo
826 1429 957 1457 attendat

178 1476 345 1510 mulierem,
355 1479 387 1504 ut
397 1485 462 1504 eam
475 1477 663 1512 concupiscat
675 1485 680 1503 :
698 1476 780 1512 quia,
792 1476 957 1503 secundum

178 1523 372 1558 Augustinum
388 1524 409 1557 ³,
422 1523 479 1550 1100
493 1531 555 1550 11011
571 1525 612 1550 051
630 1524 744 1550 tantum
762 1522 888 1556 titillari,
904 1522 957 1549 sed

178 1569 265 1605 plene
289 1569 454 1597 consentire
478 1569 606 1596 libidini.
633 1570 708 1596 Bene
732 1571 831 1596 autem
851 1568 958 1595 dicitur

180 1616 216 1643 ad
231 1615 468 1650 concupiscendum
486 1623 560 1648 eam,
580 1615 651 1650 quia
672 1615 695 1642 si
716 1615 824 1650 aliquis
845 1615 958 1642 videret

179 1662 334 1689 mulierem
362 1664 393 1689 ut
419 1670 484 1689 rem
506 1661 678 1697 pulchram,
702 1663 730 1688 et
753 1661 875 1689 ulterius
897 1669 958 1689 non

180 1708 368 1744 procederet,
392 1711 460 1735 tunc
481 1708 598 1735 nullum
619 1710 774 1743 peccatum
795 1711 888 1742 esset,
912 1708 958 1735 vel

181 1755 280 1782 solum
293 1757 447 1790 peccatum
461 1754 645 1782 curiositatis.
659 1754 782 1787 Quintus
794 1755 902 1782 modus
917 1757 959 1782 est

180 1801 211 1828 in
225 1801 420 1836 stultiloquio,
431 1803 463 1828 ut
478 1809 546 1828 cum
561 1801 627 1836 quis
641 1801 796 1828 mulierem
811 1803 957 1837 precatur,

180 1847 227 1875 vel
246 1849 368 1883 propter
381 1847 537 1874 libidinem
557 1847 646 1874 habet
662 1855 730 1874 cum
749 1855 783 1874 ea
801 1847 959 1875 familiaria

183 1894 351 1930 colloquia,
365 1897 392 1922 et
406 1896 448 1922 est
461 1894 595 1922 mortale.
618 1895 722 1922 Sextus
741 1893 849 1921 modus
869 1902 959 1921 voca-

182 1943 229 1968 tur
243 1940 253 1956 1
276 1941 313 1968 ab
328 1941 468 1977 Apostolo
484 1941 640 1975 turpatam
658 1940 759 1968 Glossa
773 1949 779 1967 :
799 1950 812 1966 «
826 1942 858 1967 ut
872 1940 902 1967 in
915 1948 958 1968 os-

183 1987 256 2014 culis
277 1990 305 2015 et
322 1987 353 2014 in
372 1987 577 2022 amplexibus:
595 1997 608 2012 »
625 1987 682 2014 hoc
697 1989 738 2014 est
753 1987 840 2014 etiam
854 1995 959 2022 pecca-

183 2036 247 2061 tum
268 2033 406 2067 mortale,
430 2035 457 2060 et
476 2035 554 2060 tanto
574 2033 693 2067 gravius
714 2033 959 2068 praecedentibus,

184 2082 295 2115 quanto
306 2079 400 2114 magis
410 2078 505 2106 libido
516 2087 569 2114 per
579 2079 649 2105 talia
661 2079 829 2106 accenditur
839 2081 960 2114 propter

183 2125 306 2154 nimiam
320 2125 610 2161 approximationem
622 2124 661 2151 ad
673 2125 782 2159 ignem.
793 2126 961 2152 Notandum

184 2180 254 2200 vero
271 2172 355 2208 quod
376 2173 495 2206 tangere
518 2171 674 2198 mulierem
697 2173 802 2206 praeter
825 2171 960 2198 intentio-

184 2227 270 2253 nem,
294 2227 356 2246 non
380 2220 422 2246 est
439 2220 607 2254 peccatum3
630 2217 762 2244 similiter
780 2225 848 2245 cum
868 2217 961 2244 inten-

184 2267 263 2293 tione
278 2267 414 2300 tangere,
431 2265 482 2292 sed
498 2272 533 2291 ex
548 2264 731 2298 necessitate,
752 2272 812 2291 non
833 2266 875 2291 est
893 2271 961 2299 pec-

186 2314 293 2340 catum.
310 2311 367 2339 Sed
381 2313 502 2346 tangere
520 2319 556 2338 ex
571 2310 706 2345 libidine,
721 2310 767 2337 vel
783 2310 908 2338 osculari
923 2310 962 2337 ad

186 2367 216 2386 se
230 2367 291 2386 non
303 2358 508 2394 pertinentem,
518 2360 672 2393 peccatum
687 2358 811 2385 mortale
828 2360 878 2385 est.
893 2359 962 2393 Sep-

188 2406 275 2433 timus
295 2405 403 2433 modus
421 2406 473 2439 est,
492 2404 614 2440 quando
635 2405 870 2440 concupiscentia
893 2412 962 2440 pro-

188 2452 265 2479 cedit
279 2452 310 2478 in
324 2459 407 2487 opus,
424 2453 452 2478 et
466 2452 579 2478 constat
593 2459 655 2477 esse
670 2451 805 2478 mortale.

224 2499 296 2525 Nota
312 2497 396 2533 quod
415 2497 580 2525 differentia
596 2499 638 2523 est
650 2496 725 2524 inter
739 2497 851 2532 primos
866 2498 963 2524 motus

190 2545 377 2579 generativae‚
387 2547 416 2574 et
429 2544 575 2573 nutritivae
587 2553 593 2572 :
606 2544 677 2580 quia
692 2544 804 2580 primus
820 2546 918 2573 motus
934 2544 964 2572 111

226 2646 232 2661 ¹
251 2644 341 2674 Exod„
357 2651 401 2675 xx,
420 2646 458 2670 14.
475 2658 504 2663 -
519 2645 530 2661 ³
549 2645 649 2674 Mami„
669 2646 741 2675 v,28.
763 2657 793 2662 —
812 2645 822 2661 ⁸
841 2646 915 2675 Aug„
935 2645 963 2667 cle

313 2698 387 2720 rom.
409 2699 477 2721 vlu.
607 2691 610 2694 '

1719 209 1775 238 145

1002 265 1172 300 generativa
1192 274 1310 303 semper
1330 270 1373 296 est
1390 272 1558 305 peccatum,
1580 271 1636 300 nisi
1658 280 1711 308 per
1731 281 1776 302 sa-

1002 314 1186 340 cramentum
1216 314 1398 343 matrimonii
1434 319 1604 353 excusetur3
1635 318 1688 346 sed
1715 327 1777 348 non

1001 365 1119 394 semper
1138 359 1169 387 in
1189 359 1343 395 nutritiva,
1363 362 1505 397 quoniam
1527 365 1658 400 potentia
1672 373 1778 395 concu-

1001 403 1146 440 piscibilis
1160 413 1222 434 non
1236 408 1350 434 tantum
1369 411 1508 444 corrupta
1523 412 1565 438 est
1583 411 1614 439 in
1628 412 1776 448 nutritiva,

1002 450 1077 478 sicut
1096 451 1126 479 in
1140 454 1317 487 generativa.
1335 455 1372 481 De
1391 454 1446 482 hac
1461 456 1584 485 materia
1597 458 1715 494 require
1729 467 1779 487 su-

1003 505 1058 533 pra
1080 497 1163 526 titulo
1183 499 1321 535 proximo
1333 500 1354 535 ⁶,
1375 500 1428 528 ubi
1449 502 1546 537 agitur
1567 503 1604 530 de
1625 505 1780 540 speciebus

1003 544 1136 573 luxuriae.

1247 628 1390 661 CAPUT
1417 629 1540 663 XXIX.

1135 705 1173 731 De
1190 708 1299 740 peccato
1319 708 1349 733 in
1368 707 1501 742 Spiritum
1519 711 1652 737 sanctum.

1042 780 1183 812 Quamvis
1197 781 1373 816 generaliter
1392 791 1481 812 omne
1499 787 1653 820 peccatum
1667 786 1703 814 sit
1716 795 1785 815 con-

1007 827 1051 853 tra
1066 827 1158 854 Deum
1172 827 1282 856 trinum
1303 830 1331 856 et
1350 837 1461 864 unum,
1481 832 1670 867 appropriate
1685 834 1785 861 tamen

1008 872 1114 900 dicitur
1128 873 1253 909 aliquod
1266 877 1421 911 peccatum
1436 884 1498 904 esse
1512 877 1543 904 in
1558 879 1687 914 Patrem,
1703 879 1786 907 aliud

1008 918 1039 946 in
1054 919 1168 953 Filium,
1181 921 1264 948 alind
1274 921 1305 949 in
1317 922 1456 958 Spiritum
1467 926 1611 952 sanctum.
1628 926 1659 953 ln
1672 927 1786 954 Patrem

1008 965 1087 993 enim
1114 969 1252 1002 peccatur
1276 976 1311 996 ex
1335 969 1527 1006 impotentia,
1553 971 1584 999 in
1608 972 1728 1006 Filium,
1751 981 1787 1001 ex

1008 1012 1189 1048 ignorantia3
1216 1014 1247 1041 111
1273 1016 1412 1051 Spiritum
1435 1020 1583 1053 sanctum,
1615 1027 1650 1046 ex
1675 1019 1788 1048 malitia

1009 1061 1104 1093 certa,
1124 1059 1181 1088 hoc
1203 1063 1262 1095 est,
1285 1063 1407 1097 quando
1428 1063 1565 1092 voluntas
1585 1068 1680 1100 potest
1695 1068 1722 1093 et
1736 1067 1789 1094 scit

1009 1106 1142 1133 resistere
1157 1106 1244 1135 alicui
1259 1108 1355 1143 malo,
1378 1112 1406 1137 et
1426 1112 1523 1138 tamen
1545 1119 1581 1138 ex
1599 1112 1662 1140 sola
1677 1112 1789 1141 malitia

1010 1151 1086 1179 illud
1101 1153 1191 1187 eligit.

1047 1201 1199 1227 Peccatum
1225 1201 1255 1228 in
1279 1202 1418 1237 Spiritum
1442 1206 1575 1232 sanctum
1598 1206 1731 1240 procedit
1754 1214 1790 1234 ex

1011 1245 1106 1273 libera
1130 1249 1158 1274 et
1180 1247 1321 1282 improba
1343 1248 1495 1277 voluntate
1513 1249 1600 1278 liberi
1617 1251 1747 1287 arbitrii,
1764 1255 1791 1280 et

1012 1292 1120 1320 directe
1149 1293 1306 1329 impugnat
1335 1295 1459 1329 gratiam
1483 1296 1604 1332 Spiritus
1628 1298 1734 1333 sancti,
1764 1302 1792 1326 et

1012 1338 1080 1366 ideo
1104 1347 1166 1367 11011
1193 1340 1282 1369 habet
1310 1341 1441 1370 colorem
1467 1344 1677 1379 excusationis,
1701 1345 1789 1381 quia,

1013 1387 1158 1420 quantum
1177 1389 1219 1414 est
1235 1387 1273 1414 de
1295 1395 1340 1423 se,
1363 1388 1472 1416 directe
1493 1389 1732 1425 impugnativum
1749 1394 1792 1419 est

1012 1432 1132 1466 medici,
1142 1434 1303 1462 etremedii
1314 1442 1367 1470 per
1379 1435 1462 1470 quod
1472 1435 1537 1464 fieri
1552 1437 1642 1464 habet
1656 1437 1789 1465 remissio

1012 1479 1133 1513 peccati.
1150 1481 1304 1508 Peccatum
1324 1481 1353 1508 in
1371 1481 1512 1517 Spiritum
1532 1485 1665 1511 sanctum
1685 1484 1791 1513 dicitur

1012 1524 1214 1552 irremissibile
1234 1526 1264 1553 in
1283 1526 1340 1554 hoc
1363 1528 1470 1555 saeculo
1491 1530 1518 1556 et
1537 1529 1567 1556 in
1590 1529 1704 1564 futuro,
1729 1539 1791 1559 non

1014 1570 1084 1605 quia
1100 1571 1206 1599 dimitti
1225 1580 1287 1600 non
1308 1573 1415 1608 possit,
1434 1574 1486 1601 sed
1505 1575 1575 1610 quia
1588 1583 1656 1603 raro
1677 1579 1727 1604 aut
1741 1577 1791 1605 vix

1014 1616 1169 1645 dimittitur
1188 1618 1219 1645 in
1236 1618 1294 1646 hoc
1314 1619 1421 1647 saeculo
1441 1623 1587 1656 quantum
1605 1622 1645 1650 ad
1660 1623 1790 1659 culpam,

1013 1663 1107 1690 autin
1127 1664 1225 1692 futuro
1245 1667 1390 1700 quantum
1409 1667 1449 1694 ad
1469 1675 1606 1703 poenam;
1631 1669 1700 1696 item
1721 1670 1792 1706 quia

1013 1717 1074 1736 non
1091 1709 1198 1745 legitur
1213 1711 1382 1746 dimissum,
1398 1715 1518 1749 propter
1534 1715 1618 1750 quod
1633 1715 1739 1744 dicitur
1752 1716 1791 1744 ir-

1012 1756 1199 1791 remissibile,
1211 1757 1284 1785 sicut
1294 1758 1506 1787 Melchisedech
1517 1760 1624 1789 dicitur
1635 1764 1693 1790 sine
1701 1766 1790 1798 patre,

1014 1802 1085 1837 quia
1098 1810 1160 1830 non
1173 1803 1281 1839 legitur
1292 1805 1328 1832 de
1340 1806 1402 1840 ejus
1415 1809 1497 1842 patre
1503 1817 1511 1842 ,-
1525 1807 1595 1835 item
1606 1809 1676 1844 quia
1686 1810 1791 1838 adver-

1014 1851 1093 1876 satur
1108 1849 1182 1877 fonti
1196 1852 1393 1886 remissionis,
1409 1853 1519 1881 scilicet
1538 1855 1655 1890 Spiritui
1675 1859 1790 1891 sancto;

1014 1895 1084 1922 item
1106 1899 1228 1932 propter
1251 1898 1456 1933 impotentiam
1480 1900 1623 1936 hominis,
1649 1902 1719 1937 quia
1742 1903 1792 1930 vix

1014 1944 1110 1977 potest
1133 1951 1164 1970 se
1187 1952 1354 1979 praeparare
1378 1946 1417 1973 ad
1439 1947 1579 1981 gratiam,
1601 1956 1691 1983 quem
1712 1951 1792 1977 tanta

1014 1988 1108 2015 moles
1121 1990 1232 2025 peccati
1248 1991 1364 2026 premit.

1051 2035 1209 2062 Sciendum
1224 2039 1322 2064 autem
1339 2040 1395 2071 est,
1412 2039 1496 2073 quod
1511 2040 1653 2075 accipitur
1667 2041 1723 2068 hoc
1738 2050 1791 2069 no-

1015 2089 1083 2107 men
1098 2083 1286 2109 irremissibile
1298 2083 1459 2118 tripliciter,
1477 2085 1586 2113 scilicet
1598 2087 1746 2122 negative,
1761 2091 1793 2116 ut

1016 2128 1087 2162 quia
1101 2128 1184 2155 nullo
1200 2128 1291 2156 modo
1307 2131 1402 2164 potest
1415 2130 1537 2158 remitti:
1552 2132 1609 2159 hoc
1621 2134 1714 2161 modo
1727 2142 1793 2170 pec-

1017 2176 1114 2201 catum
1128 2175 1226 2209 angeli
1245 2177 1272 2202 et
1293 2175 1503 2204 damnatorum
1521 2181 1563 2205 est
1580 2179 1790 2209 irremissibile.

1016 2221 1087 2247 Item
1101 2221 1254 2255 privative,
1267 2223 1299 2248 ut
1313 2222 1384 2257 quia
1396 2230 1457 2250 non
1468 2223 1559 2252 habet
1569 2227 1793 2261 congruentiam

1017 2266 1054 2293 de
1070 2274 1115 2300 se,
1131 2269 1162 2294 ut
1175 2267 1282 2294 remitti
1297 2267 1413 2303 debeat,
1427 2269 1495 2297 licet
1510 2278 1545 2298 ex
1560 2279 1692 2307 congrua
1706 2274 1792 2302 boni-

1017 2314 1073 2340 tate
1098 2313 1147 2340 Dei
1170 2314 1262 2349 possit
1285 2322 1373 2342 omne
1398 2319 1553 2351 peccatum
1580 2319 1709 2347 remitti:
1737 2320 1793 2348 hoc

1017 2359 1109 2387 modo
1124 2368 1211 2387 omne
1227 2364 1382 2396 peccatum
1393 2362 1516 2390 mortale
1528 2367 1569 2391 est
1579 2364 1791 2394 irremissibile.

1017 2406 1088 2433 Item
1112 2407 1270 2439 contrarie,
1294 2408 1458 2435 secundum
1481 2410 1564 2444 quod
1585 2410 1674 2439 habet
1693 2412 1794 2448 aliqua
1816 2440 1818 2443 ,

1019 2453 1105 2488 culpa
1133 2453 1310 2481 contrariam
1335 2453 1560 2489 dispositionem
1582 2457 1621 2484 ad
1643 2458 1793 2486 remitten-

1019 2499 1091 2526 dum
1111 2499 1183 2534 (hoc
1201 2499 1294 2527 modo
1314 2503 1471 2535 peccatum
1493 2501 1524 2529 in
1546 2503 1684 2538 Spiritum
1710 2512 1795 2532 sanc-

1019 2547 1082 2574 tum
1097 2548 1139 2574 est
1152 2545 1369 2580 irremissibile,
1393 2547 1464 2583 quia
1483 2551 1677 2578 contrariatur
1695 2551 1795 2586 gratiae

1019 2609 1099 2632 Srrm.
1120 2610 1145 2631 in
1160 2609 1252 2637 Monte,
1269 2608 1312 2631 lib.
1330 2609 1347 2636 1,
1364 2616 1385 2632 c.
1404 2615 1477 2633 XKVU.
1498 2625 1526 2628 —
1546 2613 1554 2628 ‘v
1574 2613 1671 2642 Ephes„
1687 2620 1711 2645 v,
1731 2616 1752 2639 ,1,
1767 2629 1796 2633 .-

1020 2645 1029 2661 ὃ
1042 2645 1099 2668 Vid.
1111 2651 1178 2674 sup.y
1191 2651 1214 2668 r.
1229 2650 1282 2673 xXI,
1298 2650 1355 2674 pag.
1374 2646 1425 2668 141.

1639 2695 1676 2723 10
