2004 3037
229 204 290 235 566

231 269 317 299 citius
335 267 559 304 juramentum,
579 266 609 294 et
632 261 789 293 mandavit
808 259 921 290 desa-ui
942 267 1012 289 mu-

230 324 314 352 rum,
329 316 384 344 etc.
401 315 414 343 1
428 313 531 348 Maon„
544 320 585 341 vt.

268 362 398 393 Alcimus
406 382 416 397 ‚
431 361 484 398 qui
496 359 621 389 volebat
632 357 697 386 fieri
712 363 847 386 summus
860 353 1012 389 sacerdos,

233 410 307 440 dixit
322 408 387 446 regi
399 407 546 437 Demetrio
559 415 567 436 :
587 415 602 433 α
614 403 746 435 Perdidit
758 402 850 433 ludas
867 403 896 430 et
908 400 1013 430 fratres

232 459 296 495 ejus
310 456 423 486 amicos
437 457 522 491 tuos,
535 465 549 482 ι»
568 455 623 483 etc.
639 455 651 482 1
664 453 766 486 Maeli..
785 459 842 486 vn,
857 450 885 479 6.
901 448 1014 478 Deinde

231 505 313 534 venit
327 503 457 533 Alcimus
469 502 502 532 in
516 504 626 531 terram
636 499 714 530 Juda
725 507 794 528 cum
807 496 968 532 Bacchide,
985 497 1014 524 et

232 553 376 582 miserunt
389 550 510 580 nuntios
533 549 574 579 ad
587 548 696 577 ludam
711 548 740 576 et
760 545 864 575 fratres
887 544 951 580 ejus
961 565 971 579 ,
985 545 1015 572 ct

232 599 324 629 locuti
339 601 408 628 sunt
421 597 522 627 verbis
535 595 668 634 pacificis
682 594 714 623 in
734 593 827 628 dolo,
842 594 870 621 et
892 591 1014 621 tandem

231 647 394 685 probatum
408 647 466 680 est,
481 644 566 682 quod
588 650 651 673 non
675 643 739 671 erat
757 641 790 670 in
803 640 845 669 eis
863 639 972 668 veritas
986 640 1015 667 et

229 694 387 731 Judicium.
405 695 415 723 1
430 692 531 725 mach..
547 699 601 720 vu.

267 740 405 770 Promisit
426 747 480 768 rex
500 736 663 768 Demetrius
677 734 826 770 lonathae,
841 732 926 771 quod
944 732 1011 761 red-

233 789 316 818 deret
330 787 356 816 ei
372 794 490 822 arcem3
511 785 566 814 sed
581 792 650 813 cum
670 783 814 812 liberatus
837 780 939 809 fuisset
959 787 1016 816 per

231 835 351 865 Judaeos
371 841 448 871 quos
471 831 551 861 misit
573 831 600 860 ei
623 829 784 864 sonamus,
809 827 950 856 mentitus
971 827 1015 854 est

233 881 394 911 Demetrius
418 879 521 909 omnia
540 884 737 916 quaecumque
752 875 842 910 dixit,
858 876 886 903 et
901 873 1015 902 aliena·

232 931 274 959 vit
285 939 316 959 se
332 929 505 963 asomum,
520 928 575 956 etc.
591 927 602 956 1
617 925 753 960 Machab„
768 932 810 952 xx.

268 978 342 1008 Misit
356 977 458 1006 Simon
468 974 620 1013 Tryphoni
631 975 751 1002 centum
765 971 876 1000 talenta
889 969 1014 1006 argenti,

236 1027 264 1054 et
287 1025 364 1054 duos
387 1023 466 1052 filios
484 1022 616 1052 Jonathoe
636 1028 692 1057 pro
712 1018 888 1047 liberatione
902 1016 1015 1053 ipsius,

234 1071 305 1109 quia
319 1071 498 1109 promiserat
519 1068 660 1106 Tryphon
680 1066 827 1095 remittere
847 1064 1015 1098 jonathan,

234 1120 258 1148 si
269 1120 327 1148 hoc
345 1119 429 1148 fieret
452 1118 480 1147 ei
496 1127 503 1146 :
519 1117 573 1145 scd
593 1115 733 1144 mentitus
755 1115 799 1142 est
813 1113 840 1142 ei
853 1112 994 1149 Tryphon
1005 1133 1015 1147 ,

235 1167 306 1204 quia
330 1167 488 1203 argentum
510 1163 644 1198 retinuit,
667 1164 695 1190 ct
715 1163 832 1199 patrem
855 1168 925 1188 cum
947 1159 1016 1188 filiis

235 1213 389 1243 interfecit.
406 1215 426 1242 11
444 1212 546 1247 Maeli„
562 1219 625 1239 xm.

270 1260 378 1290 Mentiti
390 1261 458 1287 sunt
468 1261 570 1287 contra
579 1258 737 1286 Dominum
747 1256 847 1283 lesum
859 1252 1017 1282 Christium

234 1309 341 1343 Judaei,
356 1308 505 1345 praecipue
520 1306 628 1334 Scriboe
643 1308 671 1333 et
685 1302 836 1337 Pharisoei,
853 1301 905 1338 qui
920 1300 1017 1336 magis

234 1355 411 1385 invidebant
433 1354 459 1383 ei
481 1353 613 1382 dicentes
632 1360 695 1381 esse
711 1352 915 1388 peccatorem,
930 1350 1016 1385 pota—

234 1406 346 1438 torem,
361 1401 554 1436 mendacem,
579 1402 608 1428 et
628 1406 787 1432 voracem,
805 1396 1017 1434 prohibentem

235 1450 300 1479 dari
329 1449 440 1478 tributa
465 1447 586 1483 Caesari,
611 1446 706 1482 gentis
731 1444 941 1473 subversorem
956 1463 964 1477 ,
989 1443 1017 1470 et

236 1497 329 1526 turbae
351 1497 554 1528 seductorem,
578 1493 815 1527 daemoniactnn,
837 1492 865 1519 et
879 1489 1017 1526 blasphe-

235 1553 330 1573 mum.

272 1591 491 1628 Nequissimum
505 1589 697 1617 mendacium
713 1584 957 1622 excogitaverunt
971 1584 1019 1612 Ju-

237 1636 292 1664 daei
306 1657 316 1672 ‚
343 1636 467 1672 quando
491 1635 688 1671 corruperunt
710 1631 848 1660 custodes
874 1628 1018 1657 dominici

237 1684 382 1720 sepulcri,
397 1686 429 1710 ut
445 1682 595 1716 dicerent,
613 1680 694 1717 quod
712 1677 850 1715 discipuli
871 1679 957 1705 nocte
972 1675 1018 1704 fu-

236 1731 291 1759 rati
307 1732 390 1758 erant
404 1737 512 1766 corpus
528 1728 654 1757 Domini.
671 1727 783 1760 Manli„
798 1732 901 1753 xxvm.

274 1777 421 1811 Ananias,
445 1779 472 1804 et
487 1783 563 1803 uxor
585 1775 648 1810 ejus
669 1773 806 1809 Saphira,
823 1769 937 1798 mentiti
951 1771 1020 1797 sunt

239 1826 324 1852 Petro
339 1823 376 1851 (le
391 1823 487 1859 pretio
500 1822 565 1857 agri
578 1820 692 1849 venditi
706 1829 713 1854 3
729 1818 813 1855 quod
828 1816 1019 1845 mendacium

238 1871 293 1900 tuit
307 1878 360 1907 per
372 1871 487 1898 Petrum
502 1867 675 1904 gravissime
688 1865 890 1894 vendicatuin.
907 1864 978 1897 Act„
989 1870 1018 1890 v.

273 1917 368 1946 Judaei
396 1917 561 1944 statuerunt
587 1914 664 1943 duos
694 1913 784 1941 salsos
810 1914 896 1940 testes
918 1911 1020 1938 eontra

238 1965 360 1993 beatum
388 1963 570 1999 Stephanum
582 1983 591 1996 ,
615 1961 747 1989 dicentes
772 1968 779 1986 ε
807 1969 820 1985 α
845 1960 939 1986 Homo
967 1957 1020 1984 iste

239 2019 301 2040 non
321 2012 414 2039 cessat
433 2010 517 2047 loqui
539 2009 631 2037 verba
647 2008 791 2036 adversus
815 2006 916 2034 locum
937 2011 1022 2032 sanc-

239 2061 303 2086 tum
314 2079 321 2093 ‚
339 2059 367 2086 et
382 2058 488 2093 legem.
504 2067 517 2082 n
535 2058 607 2090 Act„
622 2063 668 2086 γι,
682 2056 725 2082 13.

275 2106 383 2133 Contra
397 2104 519 2132 beatum
534 2103 657 2131 Paulum
673 2101 767 2130 multa
783 2100 941 2128 adinventa
954 2100 1023 2125 sunt

240 2151 408 2180 mendacia.
425 2152 498 2179 Nam
522 2150 564 2177 illi
586 2148 771 2185 quaestuarii,
794 2147 845 2183 qui
870 2145 1022 2174 habehant

241 2199 373 2235 puellam
383 2197 589 2234 pythonissam
605 2195 635 2224 in
646 2194 802 2231 Philippis,
814 2202 830 2221 a
845 2201 904 2229 qua
915 2191 1022 2220 Paulus

242 2245 378 2282 spiritum
400 2245 565 2281 pythonem
587 2244 728 2278 ejecerat,
751 2241 889 2269 dixerunt
911 2239 1022 2274 magis-

243 2292 367 2321 tratibus
383 2291 506 2319 civitatis
523 2300 529 2319 :
550 2301 564 2317 (1
578 2290 611 2318 lli
627 2289 764 2317 homines
783 2287 963 2316 conturbant
983 2286 1022 2313 ci-

242 2340 364 2368 vitatem
379 2340 526 2371 nostram,
542 2346 609 2366 cum
620 2338 677 2365 sint
690 2336 792 2369 Judaei,
805 2338 833 2363 et
847 2333 1024 2363 annuntiant

244 2394 360 2415 morem
375 2394 466 2423 quem
482 2393 544 2414 non
559 2385 627 2413 licet
641 2383 728 2412 nobis
743 2382 902 2418 suscipere.
918 2391 932 2407 n
949 2383 1021 2415 Act„

244 2442 311 2468 xvr,
326 2435 371 2462 20.

281 2483 352 2509 ltem
363 2480 445 2516 apud
459 2479 587 2508 Athenas
601 2478 739 2506 dicebant
755 2476 879 2513 quidam
892 2484 898 2502 :
919 2483 932 2499 «
947 2473 1023 2507 Quid

245 2528 308 2556 vult
322 2527 551 2556 seminiverbius
572 2526 620 2554 hic
640 2525 761 2553 diccre‘?
777 2534 790 2550 11
808 2523 862 2552 Α111
884 2529 956 2549 vero
980 2521 1024 2548 di-

247 2575 372 2603 cebant:
393 2585 406 2600 α
420 2576 571 2603 Novorum
596 2572 815 2601 daemouiorum
834 2567 1024 2598 annuntiator

249 2629 310 2649 esse
325 2622 452 2650 videtur.
467 2632 480 2647 »
499 2622 573 2655 Act„
588 2628 666 2654 xvu,
685 2620 727 2648 18.

284 2670 392 2697 Rursus
407 2669 495 2697 etiam
511 2667 721 2703 Hierosolymis
735 2665 860 2702 quidam
871 2663 963 2692 Judoei
978 2662 1022 2690 in·

843 192 977 226 BIBLIA
999 190 1231 224 PAUPERUM.

1066 259 1205 296 jecerunt
1218 259 1246 288 ei
1260 266 1368 288 manus
1387 258 1550 288 clamantes
1564 268 1573 288 ι
1590 268 1606 287 ι
1618 258 1679 288 Viri
1693 249 1829 290 tsi-neme
1837 280 1848 296 ,

1070 305 1221 342 adjuvate.
1232 305 1283 334 llic
1299 307 1342 335 est
1351 305 1446 335 homo
1461 305 1514 343 qui
1529 305 1674 335 adversus
1687 305 1849 344 populum,

1070 353 1100 381 et
1112 352 1220 390 legem,
1232 355 1262 382 et
1273 353 1375 382 locum
1384 352 1464 381 hunc
1479 361 1584 382 omnes
1597 353 1712 391 ubique
1726 353 1848 390 docens,

1070 401 1194 438 insuper
1207 402 1236 429 et
1248 400 1376 430 Gentiles
1390 400 1507 429 induxit
1520 400 1552 429 in
1567 400 1730 438 templum,
1745 402 1774 430 et
1786 399 1851 430 vio-

1070 447 1143 477 lavit
1157 450 1292 476 sanctum
1306 447 1409 476 locum
1423 447 1522 476 istum.
1537 458 1550 474 n
1568 448 1642 484 Act„
1656 455 1709 477 xxx
1717 468 1727 483 ‚
1739 448 1786 476 28.

1106 495 1210 524 Postea
1224 503 1327 524 coram
1340 494 1436 524 Felice
1450 494 1576 532 praeside
1589 494 1734 524 Tertullus
1748 495 1852 523 orator

1070 541 1242 572 Judaeorum
1274 542 1349 571 dixit
1373 550 1443 571 eum
1468 542 1623 571 hominem
1649 541 1824 579 pestiferum
1839 562 1850 578 ,

1071 591 1100 618 et
1113 589 1312 618 concitantem
1330 589 1508 618 seditionem
1527 589 1637 618 Judaeis
1657 589 1689 618 in
1710 588 1850 618 universo

1071 635 1156 664 orbe.
1170 636 1244 671 Act„
1256 643 1339 665 xxxv.

1107 684 1250 712 Praeterea
1274 683 1305 711 in
1327 682 1427 712 insula
1451 682 1568 716 Melitae,
1583 682 1717 712 videntes
1729 681 1851 711 Barbari

1071 729 1206 767 viperam
1225 729 1256 758 in
1276 737 1369 758 manu
1391 728 1474 758 Pauli
1490 729 1690 766 pendentem,
1713 728 1852 758 dicebant

1071 778 1112 807 ad
1125 778 1255 807 invicem
1269 787 1276 807 :
1295 788 1310 805 «ι
1324 778 1428 816 Utique
1449 778 1604 812 homicida
1617 780 1661 808 est
1673 778 1767 807 homo
1779 777 1828 807 hic
1841 799 1850 813 ,

1072 825 1126 863 qui
1149 833 1218 854 cum
1243 826 1369 855 evaserit
1390 825 1428 854 dc
1449 825 1542 859 mari,
1566 825 1640 854 ultio
1663 833 1733 854 eum
1749 824 1852 854 vivere

1071 880 1133 901 non
1145 872 1223 901 sinit.
1240 883 1254 898 »ι
1272 874 1346 909 Ace„
1361 880 1471 906 xxvm,
1484 874 1512 901 4.

1107 921 1239 949 Testatur
1261 920 1350 948 etiam
1371 920 1433 957 ipse
1449 919 1558 948 Paulus
1579 919 1616 948 do
1630 919 1749 957 seipso,
1764 918 1851 956 Rom„

1072 975 1120 1003 m,
1136 968 1154 996 8
1170 976 1177 995 ε
1197 977 1211 994 α
1225 967 1314 996 Aiunt
1335 966 1461 1003 quidam
1482 974 1538 994 nos
1559 966 1657 994 dicere
1674 974 1681 994 ι
1698 965 1853 994 Faciamus

1072 1014 1153 1043 mala
1164 1035 1174 1049 ,
1200 1017 1233 1042 ut
1257 1013 1379 1043 veniant
1405 1013 1486 1042 bona
1501 1036 1510 1049 ‚
1540 1021 1671 1055 quorum
1698 1013 1852 1042 damnatio

1069 1062 1149 1098 justa
1165 1062 1218 1090 est.
1234 1071 1248 1087 n

1109 1111 1189 1140 ltem,
1205 1110 1227 1137 ll
1242 1109 1313 1142 Cor„
1330 1116 1359 1143 x,
1373 1109 1424 1143 to,
1441 1108 1581 1137 dicebant
1594 1107 1720 1145 quidam
1730 1107 1825 1136 Judaei
1843 1117 1850 1136 :

1076 1166 1090 1183 ιι
1105 1156 1241 1193 Epistolae
1259 1163 1365 1192 graves
1379 1158 1447 1184 sunt
1465 1158 1493 1184 et
1509 1155 1616 1189 fortes,
1630 1154 1787 1191 praeseutia
1799 1162 1853 1182 au-

1073 1205 1133 1232 tem
1157 1203 1292 1239 corporis
1316 1202 1450 1238 infirma,
1473 1203 1501 1231 et
1524 1209 1622 1230 sermo
1645 1200 1853 1238 contemptibi-

1073 1250 1124 1285 lis,
1138 1260 1152 1277 n
1169 1252 1224 1278 etc.

1253 1335 1434 1370 CAPUT
1475 1335 1671 1369 LXVIII.

1355 1414 1392 1441 Dc
1408 1414 1501 1450 prodit
1506 1415 1574 1441 ione.

1109 1487 1236 1516 patiente
1251 1487 1338 1516 Saule
1355 1487 1544 1515 vexationem
1560 1494 1577 1514 a
1592 1485 1744 1521 daemone,
1759 1486 1853 1515 David

1073 1542 1175 1562 eoram
1192 1534 1256 1570 ipso
1272 1534 1429 1570 psallebat,
1441 1535 1470 1562 et
1482 1533 1530 1561 illc
1546 1533 1628 1561 nisus
1643 1535 1686 1561 cst
1700 1541 1769 1561 eum
1784 1541 1852 1561 con-

1074 1582 1165 1618 figere
1181 1582 1284 1619 parieti
1301 1591 1370 1611 cum
1385 1582 1489 1610 lancea
1502 1590 1594 1618 quam
1609 1582 1737 1617 tenebat,
1754 1583 1763 1610 1
1779 1582 1855 1617 1109„

1073 1638 1144 1658 xvm
1161 1631 1187 1657 et
1202 1637 1261 1657 xix.

1110 1676 1179 1705 Saul
1195 1676 1331 1712 promisit
1345 1684 1376 1704 sc
1392 1676 1532 1705 daturum
1547 1676 1640 1703 tiliam
1652 1683 1738 1703 suam
1749 1675 1853 1710 David,

1074 1726 1107 1752 ut
1127 1731 1181 1760 per
1203 1723 1390 1751 occasionem
1410 1725 1510 1759 posset
1523 1730 1541 1750 a
1561 1722 1731 1750 Philisthoeis
1748 1721 1855 1757 occidi,

1077 1772 1084 1798 1
1100 1771 1178 1804 Rea„
1193 1777 1272 1797 xvm.

1111 1816 1240 1844 Salvavit
1256 1816 1348 1844 David
1363 1815 1545 1844 habitatores
1560 1815 1645 1843 Ceiloe
1664 1815 1703 1843 ab
1725 1815 1854 1843 exercitu

1076 1863 1316 1892 Philisthinorum
1329 1863 1568 1899 oppugnantium
1584 1862 1743 1896 civitatem,
1761 1865 1789 1891 et
1805 1871 1857 1891 vo-

1075 1911 1195 1938 luerunt
1214 1918 1282 1938 eum
1302 1910 1418 1938 tradere
1440 1910 1535 1944 Sauli,
1551 1910 1649 1946 ipsum
1668 1909 1708 1937 ad
1729 1912 1855 1938 mortem

1076 1957 1230 1993 quaerenti,
1246 1958 1254 1985 1
1272 1959 1349 1992 Rea„
1365 1964 1445 1984 xxiii.

1113 2006 1272 2041 Postquam
1287 2004 1354 2032 Saul
1375 2004 1496 2032 {leverat
1511 2004 1595 2039 quasi
1612 2003 1716 2031 dolore
1733 2004 1771 2032 de
1790 2011 1856 2040 per-

1076 2052 1227 2080 secutione
1252 2051 1344 2079 David
1355 2072 1362 2085 ‚
1379 2053 1406 2078 et
1422 2050 1512 2078 David
1529 2050 1555 2078 ci
1569 2050 1735 2085 juraverat,
1756 2058 1856 2086 perse·

1077 2100 1162 2126 cutus
1177 2101 1220 2126 est
1235 2098 1297 2134 ipse
1312 2097 1380 2125 Saul
1393 2097 1485 2125 David
1501 2097 1540 2124 ita
1552 2096 1688 2133 nequiter
1700 2100 1728 2125 et
1740 2097 1854 2132 acriter,

1077 2145 1152 2173 sicut
1166 2145 1264 2181 primo
1281 2144 1397 2179 fecerat,
1415 2145 1423 2171 1
1440 2144 1516 2178 1¹09„
1534 2151 1612 2177 xxiv,
1628 2146 1655 2171 et
1669 2144 1818 2180 deinceps.

1113 2192 1194 2220 Urias
1209 2192 1314 2219 detulit
1334 2191 1373 2219 ad
1394 2190 1468 2218 soah
1479 2212 1486 2224 ,
1503 2198 1539 2218 cx
1554 2193 1636 2227 parte
1658 2191 1767 2226 David,
1783 2191 1856 2219 litte-

1077 2247 1124 2266 ras
1139 2238 1242 2266 mortis
1261 2246 1330 2265 suan.
1347 2238 1367 2265 11
1383 2239 1460 2271 Rea„
1477 2245 1515 2265 xi.

1114 2288 1230 2313 Amnon
1249 2285 1326 2312 tilius
1342 2284 1433 2312 David
1450 2285 1610 2312 vocaverat
1623 2291 1757 2312 sororem
1771 2292 1854 2312 suam

1076 2332 1212 2366 Thamar,
1233 2331 1318 2367 quasi
1343 2331 1380 2358 de
1402 2339 1494 2358 manu
1518 2330 1597 2358 illius
1619 2330 1718 2358 cibum
1739 2338 1854 2358 sumere

1078 2379 1215 2413 deberet,
1240 2381 1267 2406 ct
1285 2380 1387 2414 postea
1407 2378 1553 2414 oppressit
1571 2385 1646 2405 eain.
1664 2379 1684 2405 11
1700 2379 1777 2412 Rea„
1793 2385 1852 2405 xm.

1114 2425 1234 2454 Vocavit
1248 2425 1378 2453 Absalon
1396 2424 1435 2452 ad
1455 2424 1626 2452 convivium
1638 2424 1756 2451 fratrem
1767 2431 1855 2452 suum

1080 2477 1206 2507 Amnon,
1221 2476 1248 2501 et
1262 2473 1375 2500 ibidem
1391 2471 1499 2499 occidit
1514 2480 1591 2499 eum.
1609 2472 1628 2499 11
1645 2472 1721 2505 Rea.¹
1737 2478 1798 2499 xm.

1115 2523 1186 2550 Cum
1202 2521 1353 2549 salutasset
1369 2519 1443 2548 soah
1458 2522 1595 2547 Amasam
1605 2540 1612 2552 ,
1628 2519 1712 2554 quasi
1728 2519 1855 2547 osculari

1079 2577 1147 2597 eum
1163 2568 1266 2602 vellet,
1288 2567 1431 2603 percussit
1446 2574 1513 2594 eum
1534 2565 1564 2593 in
1585 2564 1692 2600 latere,
1709 2567 1737 2594 et
1751 2565 1855 2594 essudit

1078 2615 1214 2644 intestina
1228 2614 1316 2642 illius.
1334 2616 1354 2642 11
1370 2615 1448 2647 Rea„
1463 2620 1509 2641 xx.

1114 2661 1247 2696 zambri,
1263 2661 1324 2689 dux
1344 2660 1448 2688 mediae
1468 2659 1559 2695 partis
1581 2659 1731 2695 equitum,
1747 2659 1855 2688 occidit
