2004 3037
173 255 214 287 94
501 249 766 285 COMPENDIUM
784 249 1047 284 THEOLOGICAE
1066 251 1291 285 VERITATIS.
1314 251 1391 284 LlB.
1413 251 1453 284 11.

172 322 277 357 natur,
295 321 396 357 sicque
415 319 592 356 decoquitur
611 319 774 348 fortissimo
791 318 910 354 calido,
925 320 954 347 et

171 368 329 398 induratur
341 367 373 395 in
385 365 535 403 lapidem,
549 367 602 404 qui
617 368 742 396 vocatur
756 365 866 395 coelum
879 366 954 396 toni-

171 415 242 449 trui,
257 415 286 443 et
299 412 405 442 scindit
416 413 566 450 quidquid
580 413 702 442 invenit.

207 461 259 490 lris
273 462 317 489 est
333 460 436 489 lumen
454 459 530 488 Solis
551 461 705 497 receptum
726 459 757 488 in
779 459 861 489 nube
883 467 954 488 con-

172 515 248 538 cava.
262 508 291 536 et
310 515 445 544 aquosa,
460 514 495 535 ac
519 506 579 536 Soli
599 515 635 535 ex
655 507 783 535 adverso
803 506 952 543 opposita.

167 554 284 584 macies
307 555 350 583 est
370 561 450 591 aqua
473 553 641 590 congelata.
664 555 772 582 Ventus
794 555 836 581 est
858 561 954 590 vapor

170 603 285 630 terreus
304 601 380 630 aeris
398 600 552 637 superiora
567 600 796 635 transcendam,
812 601 841 628 et
854 607 954 628 aerem

171 648 285 678 fortiter
293 647 460 686 percutiens
475 649 503 676 et
515 647 684 684 impellens.
699 646 783 675 Venti
798 648 867 675 sunt
877 653 953 683 qua-

173 697 242 725 tuor
251 695 443 732 principales,
454 694 565 723 scilieet
579 693 763 723 Subsolanus
775 693 814 722 ab
828 693 953 728 oriente,

171 745 362 780 temperatus,
375 742 491 770 habens
506 749 524 770 a
537 741 648 770 dextris
662 740 840 769 Vulturnum
860 739 953 768 desic-

172 791 288 818 cantem
299 811 308 825 ‚
333 797 351 817 a
374 789 496 817 sinistris
525 789 635 816 Eurum
667 787 764 816 nubes
791 788 951 823 gerentem.

171 837 243 866 ltem
259 845 278 865 a
291 835 416 864 meridie
435 837 479 864 est
495 836 598 863 Auster
612 834 741 869 calidus,
757 834 808 870 qui
827 833 953 861 fulmina

172 883 267 920 gignit
284 885 313 912 et
326 882 444 920 pluvias
458 881 574 918 largas,
589 881 704 910 habens
719 888 738 909 a
755 880 866 908 dextris
880 879 953 908 Afri-

171 939 240 960 cum
267 930 408 965 calidum,
433 937 451 957 a
475 928 597 957 sinistris
623 929 732 956 Notum
755 928 952 963 temperatum

172 977 312 1014 quidem,
337 976 389 1005 sed
409 975 591 1012 pestilentias
614 975 815 1003 inducentem.
841 975 912 1001 ltem
935 979 953 1000 a

170 1025 369 1063 septentrione
383 1026 426 1053 est
440 1024 548 1060 Aquilo
564 1023 708 1059 frigidus,
721 1022 836 1050 habens
851 1029 868 1049 a
883 1020 953 1048 dex-

171 1073 222 1101 tris
238 1072 372 1100 Draciam
387 1071 471 1099 nives
485 1071 642 1099 facientem
657 1071 686 1097 et
698 1068 859 1105 grandines
869 1089 876 1102 ‚
893 1069 921 1095 et
934 1075 953 1096 a

170 1119 293 1148 sinistris
307 1120 431 1147 Boream
444 1117 541 1146 nubes
555 1113 822 1151 constringentem,
837 1122 872 1142 ac
886 1113 954 1150 plu—

169 1167 233 1195 vias
254 1165 475 1203 prohibentem.
504 1166 575 1193 Item
592 1163 631 1191 ab
658 1163 811 1191 occidente
835 1164 878 1189 est
904 1163 952 1188 Ze-

169 1214 283 1250 phyrus
298 1213 386 1241 tiores
401 1211 588 1248 producens,
603 1210 718 1238 habens
731 1217 749 1237 a
764 1208 875 1236 dextris
890 1208 951 1235 Cir-

171 1261 267 1294 cium,
282 1261 468 1295 tempestates
482 1260 510 1292 et
527 1257 643 1294 pluvias
661 1264 694 1284 ac
716 1255 844 1284 tonitrua
865 1262 952 1289 gene-

169 1309 294 1341 rantem,
311 1314 329 1334 a
343 1305 466 1334 sinistris
479 1304 643 1333 Favonium
657 1303 769 1331 oriente
781 1301 819 1337 (a)
835 1300 949 1334 nubila,

170 1354 223 1382 sed
251 1360 357 1382 serena
383 1352 413 1380 in
439 1351 565 1380 meridie
590 1351 757 1378 facientem.
785 1348 884 1376 Turbo
908 1349 951 1375 est

170 1402 275 1429 ventus
289 1399 443 1436 egrediens
459 1399 496 1427 de
512 1398 604 1432 nube,
614 1397 644 1425 in
655 1405 686 1424 se
698 1397 797 1433 ipsum
811 1395 948 1428 reflexus,

170 1448 219 1476 vel
234 1448 295 1476 duo
308 1447 388 1476 venti
401 1446 560 1475 lateraliter
574 1445 631 1473 sibi
642 1445 860 1477 concurrentes,
873 1449 950 1469 sese-

170 1503 228 1532 que
255 1495 340 1531 Juxta
373 1496 482 1522 terram
518 1491 724 1521 orbiculariter
753 1489 949 1518 involventes.

169 1543 262 1571 Terrae
290 1543 388 1570 motus
412 1542 454 1569 est
472 1547 567 1576 vapor
595 1546 715 1574 grossus
743 1538 889 1564 extractus
913 1535 949 1562 de

168 1588 319 1625 profundo
336 1590 434 1622 terrae,
449 1594 512 1615 non
531 1587 637 1622 potens
658 1585 737 1612 exire
753 1585 835 1611 extra
849 1589 951 1618 super-

169 1636 266 1664 ficiem
285 1638 368 1664 terrm
385 1637 507 1671 propter
528 1633 606 1660 illius
627 1631 825 1664 soliditatem3
848 1629 948 1665 sicque

169 1684 333 1711 coarctatus
353 1682 384 1710 in
407 1679 596 1709 interioribus
617 1677 871 1711 concavitatibus,
894 1679 949 1703 ter-

168 1737 233 1758 ram
250 1729 388 1758 concutit.

427 1812 452 1846 C
463 1813 492 1846 A
503 1811 529 1845 Ρ
544 1811 571 1845 U
582 1811 610 1844 T
645 1810 689 1843 X.

461 1889 499 1916 De
521 1888 654 1922 Tempore.

203 1965 329 1999 Tempus
344 1963 387 1990 est
407 1967 548 1989 mensura
561 1961 661 1987 motus
675 1957 764 1995 primi
785 1956 906 1985 mobilis
922 1958 949 1985 et

167 2018 268 2039 rerum
282 2008 481 2037 mutabilium.
504 2008 537 2034 Et
556 2006 613 2034 hoc
636 2007 733 2042 patet,
753 2004 824 2040 quia
845 2003 891 2031 hic
907 2005 949 2030 cst

168 2058 304 2092 tempus,
320 2058 346 2083 et
361 2062 423 2082 non
443 2054 474 2082 in
489 2053 579 2088 coelo,
596 2052 763 2080 secundum
778 2058 864 2078 suam
880 2050 949 2077 sub-

168 2103 328 2131 stantiam:
351 2101 423 2138 quia
441 2101 489 2128 hic
513 2101 664 2128 mutantur
688 2098 805 2131 omnia,
832 2099 860 2125 et
886 2104 947 2124 non

168 2150 210 2178 ibi
227 2160 234 2176 :
250 2149 297 2177 hie
318 2150 359 2176 est
380 2148 460 2175 enim
482 2154 561 2174 nuuc
583 2146 700 2182 hyems,
717 2147 744 2172 et
759 2152 838 2171 nunc
853 2145 947 2177 aestas,

168 2204 247 2224 nunc
262 2204 333 2232 pax,
356 2202 435 2222 nunc
455 2193 618 2227 discordia,
641 2200 719 2220 nune
735 2190 948 2226 tranquillitas,

168 2251 248 2271 nunc
270 2244 436 2277 tempestas.
463 2239 639 2268 Mutabilitas
661 2246 762 2266 rerum
785 2237 948 2266 ostenditur

169 2289 199 2317 in
213 2289 281 2324 hoc,
295 2288 377 2324 quod
389 2295 423 2315 ea
435 2295 501 2322 qum
513 2285 662 2322 praecipue
677 2284 807 2312 mundus
820 2283 948 2319 amplec-

169 2336 253 2371 titur,
276 2335 385 2363 scilieet
406 2332 551 2369 sapientia
568 2334 595 2359 et
617 2332 766 2367 potentia,
783 2331 814 2358 in
833 2331 946 2359 Oriente

169 2383 364 2419 incoeperunt,
376 2383 403 2409 et
413 2383 520 2408 terram
532 2378 726 2406 habitabilem
740 2380 948 2414 percurrerunt

169 2437 264 2466 usque
283 2429 322 2457 ad
342 2427 544 2460 Occidentem,
567 2426 597 2452 in
616 2425 734 2460 signum
749 2424 832 2460 quod
847 2424 948 2452 omnia

170 2477 294 2505 tendunt
312 2475 351 2504 ad
377 2482 525 2503 occasum.
550 2475 623 2501 Nam
643 2472 774 2500 studium
798 2472 947 2507 sapientiae

169 2523 257 2559 eoepit
274 2523 305 2550 in
325 2523 467 2558 AEgypto,
491 2522 594 2556 postea
611 2519 665 2546 suit
685 2519 714 2546 in
736 2519 866 2553 Graecia,
881 2521 949 2554 post

168 2570 224 2598 hoc
240 2572 356 2604 Romae,
372 2567 480 2596 deinde
495 2567 526 2594 in
542 2566 663 2594 Francia
679 2568 707 2593 et
731 2565 845 2600 Anglia.
861 2565 946 2592 Simi-

167 2617 233 2644 liter
251 2624 342 2652 regna
360 2613 458 2651 primo
478 2613 596 2641 suerunt
617 2612 647 2640 in
669 2611 800 2647 Oriente,
826 2614 893 2648 post
916 2611 947 2639 in

167 2663 285 2698 Graecia,
314 2664 381 2698 post
408 2660 490 2698 apud
516 2661 666 2688 Romanos
674 2669 682 2694 5
713 2666 792 2687 nunc
816 2660 946 2695 potestas

167 2709 284 2746 imperii
298 2708 406 2738 residet
421 2708 452 2736 in
466 2706 631 2736 Germania.
647 2707 805 2742 Propterea
818 2705 946 2735 lacobus

1007 321 1162 358 comparat
1187 321 1197 339 ¹
1221 320 1314 349 vitam
1338 320 1472 348 nostram
1495 320 1524 347 et
1545 318 1609 348 hoec
1633 317 1791 350 mutabilia.

1007 367 1113 404 vapori
1125 377 1134 404 3
1155 367 1244 396 lsaias
1255 366 1277 402 ²,
1299 374 1418 402 somno,
1435 368 1463 394 et
1476 365 1586 395 baculo
1602 365 1769 396 arundineo
1778 377 1788 404 ;

1008 415 1037 442 et
1061 414 1138 443 liber
1154 416 1271 451 Regum
1285 415 1313 450 ⁸,
1338 422 1424 452 aquae
1449 414 1604 443 dilabenti.
1624 413 1791 444 Differentia

1007 462 1108 490 autem
1122 463 1166 490 est
1187 461 1263 490 inter
1284 463 1413 498 tempus,
1441 463 1470 489 et
1488 469 1606 496 aevum,
1625 463 1654 489 et
1674 461 1791 490 aeterni-

1005 509 1116 537 tatem:
1131 516 1203 536 nam
1214 511 1332 545 tempus
1341 508 1433 537 habet
1445 507 1627 546 principium
1641 509 1669 536 et
1682 507 1789 544 finem3

1007 563 1106 584 aevum
1119 557 1199 584 caret
1213 555 1291 590 fine,
1311 555 1364 584 sed
1384 563 1446 584 non
1465 555 1629 592 principio,
1645 555 1791 584 oeternitas

1008 603 1087 630 caret
1100 604 1228 640 utroque
1241 602 1384 638 termino,
1403 602 1476 639 quia
1489 603 1533 630 est
1546 609 1686 631 mensura
1701 602 1790 631 inter-

1007 648 1131 677 minata.

1044 697 1106 724 lstae
1120 697 1189 724 sunt
1211 697 1310 725 oetates
1329 696 1445 724 mundi.
1465 696 1562 725 Prima
1581 698 1625 726 est
1637 696 1677 725 ab
1695 695 1791 725 Adam

1007 750 1103 780 usque
1124 743 1165 771 ad
1184 744 1259 778 Noe,
1273 743 1388 772 habens
1401 764 1410 778 ,
1422 743 1508 779 juxta
1522 743 1675 779 Hebraeos,
1696 751 1791 771 annos

1011 791 1096 825 ¹656;
1118 789 1172 818 sed
1185 789 1351 818 secundum
1365 791 1454 819 LXXll
1473 790 1662 827 interpretes,
1677 789 1792 818 habens

1007 837 1088 864 2242.
1108 836 1246 864 Secunda
1266 838 1309 864 est
1327 844 1345 864 a
1365 838 1426 864 Noe
1445 844 1542 873 usque
1555 834 1602 865 ‘ad
1625 836 1790 872 Abraham,

1006 883 1120 911 habens
1134 882 1301 911 secundum
1319 882 1456 911 llebroeos
1476 890 1571 911 annos
1590 883 1660 918 2925
1677 882 1731 911 sed
1749 888 1792 910 se-

1007 929 1141 958 cundum
1168 930 1364 964 Lxxlt‚1072.
1390 929 1485 958 TertIa
1512 932 1555 958 est
1581 929 1619 957 ab
1645 928 1791 958 Abraham

1006 984 1102 1012 usque
1121 975 1160 1004 acl
1176 976 1287 1010 David,
1302 976 1417 1004 habens
1439 984 1535 1005 annos
1553 975 1718 1004 secundum
1739 977 1792 1004 lle-

1007 1022 1103 1051 broeos
1118 1023 1190 1057 9725
1207 1023 1261 1050 sed
1282 1023 1447 1051 secundum
1462 1024 1560 1058 Lxxu,
1580 1024 1660 1050 1¹30.
1683 1023 1791 1056 Quarta

1007 1071 1050 1097 est
1068 1077 1086 1097 a
1104 1069 1196 1097 David
1215 1077 1309 1105 usque
1330 1069 1369 1097 ad
1392 1069 1682 1105 transmigrationem
1697 1068 1792 1105 Baby—

1007 1115 1101 1151 lonis,
1121 1115 1236 1144 habens
1255 1124 1351 1144 annos
1375 1116 1540 1144 secundum
1564 1115 1700 1144 llehraeos
1723 1117 1789 1149 4735

1007 1162 1172 1197 secundum
1187 1163 1282 1194 LXXH,
1305 1164 1367 1190 485.
1385 1163 1491 1197 Quinta
1505 1165 1547 1191 est
1565 1170 1583 1191 a
1601 1162 1790 1197 transmigra-

1008 1210 1086 1237 tione
1112 1209 1271 1246 Babylonis
1298 1218 1393 1246 usque
1422 1210 1462 1238 ad
1487 1209 1652 1244 Christum,
1676 1209 1790 1237 liabens

1007 1264 1112 1291 auu08,
1128 1256 1293 1284 secundum
1308 1257 1461 1291 llebrceos,
1476 1258 1527 1284 585
1535 1266 1544 1292 ;
1559 1256 1611 1284 sed
1625 1255 1790 1284 secundum

1007 1304 1104 1336 Lxxlt,
1119 1305 1181 1330 578.
1204 1303 1294 1339 lgitur
1313 1303 1351 1331 ab
1371 1303 1495 1332 exordio
1514 1303 1619 1331 mundi
1636 1310 1730 1339 usque
1750 1303 1789 1331 ad

1006 1350 1150 1377 Christum
1160 1371 1169 1384 ‚
1186 1350 1351 1377 secundum
1367 1351 1518 1384 ltebroeos,
1531 1350 1678 1378 habemns
1693 1357 1789 1378 annos

1006 1398 1076 1424 8952
1088 1418 1096 1431 ,
1107 1397 1160 1425 sed
1175 1396 1340 1425 seeundum
1351 1397 1565 1433 Hieronymum
1575 1399 1617 1425 est
1631 1397 1693 1425 haec
1708 1404 1788 1425 com-

1005 1443 1136 1479 putatio,
1169 1443 1333 1471 secundum
1353 1451 1425 1472 vero
1440 1445 1537 1479 LXXll,
1551 1451 1628 1480 quos
1641 1443 1730 1472 Groeci
1744 1451 1789 1471 se-

1006 1493 1152 1526 quuntur,
1168 1492 1248 1518 5508.
1268 1490 1411 1518 Eusebius
1429 1493 1544 1523 autem,
1566 1498 1655 1526 quem
1670 1490 1788 1518 Orosius

1005 1539 1122 1565 secutus
1143 1540 1200 1571 est,
1220 1537 1295 1564 inter
1314 1539 1456 1573 utrosque
1476 1537 1632 1571 incedens,
1652 1538 1788 1565 numerat

1005 1592 1100 1612 annos
1120 1586 1190 1611 3198
1206 1593 1212 1610 ;
1234 1591 1311 1620 quos
1329 1591 1405 1619 pene
1422 1591 1526 1611 omnes
1545 1583 1636 1611 Latini
1661 1591 1787 1619 sequun-

1006 1633 1062 1658 tur.
1082 1632 1167 1659 sexta
1190 1633 1259 1658 artas
1281 1632 1323 1658 est
1345 1638 1360 1658 a
1385 1630 1496 1658 Christo
1516 1638 1610 1666 usque
1635 1630 1674 1658 ad
1696 1630 1787 1658 finem

1004 1677 1120 1706 mundi.
1141 1676 1270 1713 Septima
1284 1678 1326 1704 cst
1348 1676 1578 1712 quiescentium,
1595 1678 1623 1704 et
1641 1677 1787 1705 concurrit

1005 1732 1072 1751 cum
1099 1726 1190 1751 sexta.
1220 1724 1329 1752 Octava
1356 1726 1398 1750 est
1424 1723 1653 1759 resurgentium.
1684 1725 1785 1758 Porro,

1004 1770 1169 1799 secundum
1193 1770 1345 1804 Hebraeos,
1360 1770 1391 1797 in
1405 1770 1502 1806 prima
1516 1772 1598 1798 aetate
1616 1772 1683 1798 sunt
1697 1778 1786 1805 gene-

1003 1818 1133 1845 rationes
1153 1819 1203 1852 ,¹23
1224 1817 1255 1844 in
1278 1816 1428 1852 secunda,
1449 1818 1498 1851 w,-
1515 1817 1546 1844 in
1564 1817 1665 1851 tertia,
1683 1818 1732 1852 μς
1755 1817 1785 1845 in

1005 1867 1119 1900 quarta,
1136 1866 1169 1892 117
1183 1865 1269 1900 (quas
1284 1867 1383 1892 tamen
1398 1864 1555 1898 Matthaeus,
1568 1863 1662 1899 gratia
1677 1866 1786 1900 myste-

1003 1912 1050 1947 rii,
1069 1914 1102 1939 Η
1121 1912 1207 1948 ponit
1220 1912 1250 1939 in
1273 1911 1368 1947 eapite
1390 1911 1419 1945 1);
1436 1911 1466 1938 in
1482 1909 1600 1946 quinta,
1620 1912 1661 1938 14.
1680 1911 1786 1938 AEtates

1004 1958 1135 1986 hominis
1150 1961 1217 1986 sunt
1233 1958 1292 1985 istm
1306 1967 1312 1985 τ
1329 1957 1425 1994 prima
1440 1959 1482 1985 est
1497 1956 1634 1990 infantia,
1649 1965 1667 1984 a
1681 1956 1786 1984 nativi-

1004 2007 1061 2033 tate
1082 2013 1177 2041 usque
1197 2005 1236 2032 ad
1257 2007 1370 2041 septem
1389 2012 1498 2038 annos;
1515 2003 1645 2031 secunda
1659 2006 1701 2031 est
1715 2011 1786 2040 pue-

1005 2052 1082 2087 ritia,
1096 2060 1189 2088 usque
1202 2052 1240 2079 ad
1251 2060 1345 2080 anuos
1361 2053 1404 2086 143
1421 2051 1504 2078 tertia
1520 2053 1561 2078 est
1576 2049 1783 2084 adolescentia,

1004 2107 1022 2126 a
1037 2099 1141 2134 quinto
1157 2098 1273 2126 decimo
1289 2106 1368 2125 anno
1388 2105 1481 2133 usque
1497 2097 1536 2125 ad
1555 2098 1604 2131 283
1623 2099 1728 2133 quarta
1743 2099 1784 2124 est

1001 2146 1151 2180 juventus,
1164 2153 1182 2172 a
1196 2146 1231 2172 23
1244 2153 1338 2180 usque
1354 2144 1393 2172 ad
1403 2146 1451 2179 49;
1465 2144 1569 2180 quinta
1583 2145 1626 2171 est
1637 2145 1780 2178 senectus,

1004 2200 1021 2219 a
1037 2194 1070 2219 50
1085 2200 1178 2228 usque
1195 2191 1234 2219 ad
1249 2194 1301 2226 783
1318 2194 1399 2219 sexta
1413 2192 1455 2218 est
1468 2189 1632 2226 decrepita,
1649 2189 1687 2217 ab
1702 2197 1781 2217 anno

1003 2241 1049 2273 ’.8,
1059 2246 1215 2275 quousque
1231 2238 1290 2265 vita
1302 2237 1430 2265 finiatur.
1442 2237 1569 2272 Dignitas
1580 2237 1736 2265 Dominicae
1746 2238 1778 2272 (b)

1004 2285 1063 2313 diei
1084 2287 1202 2313 notatur
1220 2284 1249 2311 in
1271 2284 1343 2318 hoc,
1363 2283 1446 2319 quod
1466 2283 1520 2310 suit
1537 2283 1635 2319 prima
1653 2283 1779 2312 dierum.

1003 2333 1088 2367 Item,
1110 2334 1141 2359 ut
1166 2331 1291 2365 dicitur,
1321 2331 1374 2358 erit
1401 2330 1505 2358 ultima
1528 2330 1600 2358 dies.
1629 2332 1700 2359 ltem
1720 2338 1781 2358 nox

1003 2379 1085 2406 illam
1112 2386 1172 2406 non
1196 2377 1352 2413 praecessit.
1383 2378 1453 2404 Item
1477 2385 1537 2405 nox
1566 2378 1607 2406 illi
1633 2385 1694 2406 non
1715 2385 1780 2405 suc-

1003 2426 1096 2453 cessit.
1117 2426 1186 2453 ltem
1206 2424 1313 2451 eoelum
1333 2426 1361 2451 et
1379 2425 1457 2452 terra
1477 2424 1507 2451 in
1525 2433 1561 2453 ea
1578 2427 1645 2452 sunt
1672 2426 1778 2452 creata.

1003 2475 1073 2501 nem
1099 2471 1228 2506 Angelus
1252 2470 1283 2498 in
1303 2478 1338 2498 ea
1365 2479 1526 2498 conversus
1551 2473 1593 2498 est
1615 2471 1655 2499 ad
1677 2472 1779 2498 Deum.

1003 2520 1072 2546 ltem
1092 2518 1189 2554 primo
1216 2517 1285 2545 data
1302 2519 1370 2544 sunt
1392 2517 1422 2545 in
1444 2525 1479 2545 ea
1495 2517 1563 2545 filiis
1584 2517 1671 2545 lsrael
1695 2525 1779 2545 man-

1003 2565 1088 2599 data,
1114 2566 1146 2592 ut
1166 2563 1237 2592 dicit
1263 2563 1412 2599 Origenes.
1438 2565 1508 2592 ltem
1536 2564 1567 2591 in
1592 2571 1627 2591 ea
1651 2563 1780 2592 Christus

1002 2615 1088 2640 natus
1103 2612 1154 2639 est.
1167 2612 1237 2639 ltem
1248 2610 1376 2639 Christus
1390 2611 1420 2639 in
1433 2618 1468 2639 ea
1481 2611 1648 2639 resurrexit.
1665 2612 1735 2639 ltem
1749 2610 1780 2638 in

1035 2676 1041 2690 ¹
1060 2675 1121 2704 lae..
1144 2679 1181 2705 tv,
1204 2675 1241 2698 ¹5.
1264 2687 1290 2692 -
1316 2674 1327 2690 ¹
1347 2674 1406 2704 Im„
1427 2679 1517 2704 xxxin,
1541 2674 1565 2697 6.
1583 2686 1615 2692 -
1633 2672 1645 2690 ⁸
1669 2674 1688 2698 tl
1710 2672 1778 2705 Κεφ,

1002 2717 1057 2742 xw,
1073 2709 1295 2741 14.-(‹1)s¹11›pl.
1309 2710 1377 2735 Sole.
1391 2723 1421 2728 —
1433 2709 1465 2741 (b)
1482 2709 1525 2733 AI.
1538 2709 1675 2734 Dominici.
