<?xml version="1.0" encoding="UTF-8"?>
<!DOCTYPE html PUBLIC "-//W3C//DTD XHTML 1.0 Transitional//EN"
    "http://www.w3.org/TR/xhtml1/DTD/xhtml1-transitional.dtd">
<html xmlns="http://www.w3.org/1999/xhtml" xml:lang="en" lang="en">
 <head>
  <title>
</title>
<meta http-equiv="Content-Type" content="text/html;charset=utf-8" />
  <meta name='ocr-system' content='tesseract 3.04.00' />
  <meta name='ocr-capabilities' content='ocr_page ocr_carea ocr_par ocr_line ocrx_word'/>
</head>
<body>
  <div class='ocr_page' id='page_1' title='image "./operaomniasixtiv08bonauoft/operaomniasixtiv08bonauoft_0060.png"; bbox 0 0 2004 3037; ppageno 0'>
   <div class='ocr_carea' id='block_1_1' title="bbox 162 191 1184 230">
    <p class='ocr_par' dir='ltr' id='par_1_1' title="bbox 162 191 1184 230">
     <span class='ocr_line' id='line_1_1' title="bbox 162 191 1184 230; baseline 0.002 -8"><span class='ocrx_word' id='word_1_1' title='bbox 162 201 201 230; x_wconf 69' lang='lat'>40</span> <span class='ocrx_word' id='word_1_2' title='bbox 498 220 503 222; x_wconf 70' lang='grc'>,</span> <span class='ocrx_word' id='word_1_3' title='bbox 726 192 729 196; x_wconf 73' lang='grc'><em>’</em></span> <span class='ocrx_word' id='word_1_4' title='bbox 755 191 926 224; x_wconf 73' lang='lat' dir='ltr'>Mrsrch</span> <span class='ocrx_word' id='word_1_5' title='bbox 947 191 1184 224; x_wconf 64' lang='lat' dir='ltr'>Tnnonocm.</span> 
     </span>
    </p>
   </div>
   <div class='ocr_carea' id='block_1_2' title="bbox 158 259 942 2538">
    <p class='ocr_par' dir='ltr' id='par_1_2' title="bbox 158 259 942 2259">
     <span class='ocr_line' id='line_1_2' title="bbox 161 259 940 302; baseline -0.01 -7"><span class='ocrx_word' id='word_1_6' title='bbox 161 265 355 302; x_wconf 79' lang='lat' dir='ltr'>intelligentia</span> <span class='ocrx_word' id='word_1_7' title='bbox 382 271 487 302; x_wconf 79' lang='lat' dir='ltr'><strong>capere</strong></span> <span class='ocrx_word' id='word_1_8' title='bbox 514 270 577 290; x_wconf 92' lang='lat' dir='ltr'>non</span> <span class='ocrx_word' id='word_1_9' title='bbox 609 260 736 295; x_wconf 88' lang='lat' dir='ltr'>sufficit,</span> <span class='ocrx_word' id='word_1_10' title='bbox 765 259 828 288; x_wconf 86' lang='lat' dir='ltr'>imo</span> <span class='ocrx_word' id='word_1_11' title='bbox 855 259 940 297; x_wconf 88' lang='lat' dir='ltr'>quod</span> 
     </span>
     <span class='ocr_line' id='line_1_3' title="bbox 161 306 940 350; baseline -0.01 -8"><span class='ocrx_word' id='word_1_12' title='bbox 161 313 260 350; x_wconf 89' lang='lat' dir='ltr'>potius</span> <span class='ocrx_word' id='word_1_13' title='bbox 273 314 332 347; x_wconf 91' lang='lat' dir='ltr'>est,</span> <span class='ocrx_word' id='word_1_14' title='bbox 351 311 449 340; x_wconf 91' lang='lat' dir='ltr'>omnis</span> <span class='ocrx_word' id='word_1_15' title='bbox 466 307 650 346; x_wconf 82' lang='lat' dir='ltr'>speculativa</span> <span class='ocrx_word' id='word_1_16' title='bbox 668 306 798 342; x_wconf 82' lang='lat' dir='ltr'>cognitio</span> <span class='ocrx_word' id='word_1_17' title='bbox 813 306 940 335; x_wconf 85' lang='lat' dir='ltr'>totaliter</span> 
     </span>
     <span class='ocr_line' id='line_1_4' title="bbox 161 353 940 396; baseline -0.01 -7"><span class='ocrx_word' id='word_1_18' title='bbox 161 360 290 396; x_wconf 83' lang='lat' dir='ltr'>ignorat,</span> <span class='ocrx_word' id='word_1_19' title='bbox 305 358 389 395; x_wconf 88' lang='lat' dir='ltr'>quod</span> <span class='ocrx_word' id='word_1_20' title='bbox 411 357 442 384; x_wconf 91' lang='lat' dir='ltr'>in</span> <span class='ocrx_word' id='word_1_21' title='bbox 464 356 610 393; x_wconf 86' lang='lat' dir='ltr'>quantum</span> <span class='ocrx_word' id='word_1_22' title='bbox 632 353 786 390; x_wconf 80' lang='lat' dir='ltr'><strong>Seraphim</strong></span> <span class='ocrx_word' id='word_1_23' title='bbox 808 353 940 382; x_wconf 84' lang='lat' dir='ltr'>nobilior</span> 
     </span>
     <span class='ocr_line' id='line_1_5' title="bbox 162 400 940 439; baseline -0.012 -3"><span class='ocrx_word' id='word_1_24' title='bbox 162 409 205 436; x_wconf 89' lang='lat' dir='ltr'>est</span> <span class='ocrx_word' id='word_1_25' title='bbox 226 405 405 439; x_wconf 87' lang='lat' dir='ltr'>Cherubim,</span> <span class='ocrx_word' id='word_1_26' title='bbox 428 404 459 432; x_wconf 90' lang='lat' dir='ltr'>in</span> <span class='ocrx_word' id='word_1_27' title='bbox 488 404 604 431; x_wconf 88' lang='lat' dir='ltr'>tantum</span> <span class='ocrx_word' id='word_1_28' title='bbox 634 408 719 429; x_wconf 87' lang='lat' dir='ltr'>amor</span> <span class='ocrx_word' id='word_1_29' title='bbox 741 407 830 428; x_wconf 88' lang='lat' dir='ltr'>verus</span> <span class='ocrx_word' id='word_1_30' title='bbox 856 400 940 428; x_wconf 89' lang='lat' dir='ltr'>omni</span> 
     </span>
     <span class='ocr_line' id='line_1_6' title="bbox 160 446 940 486; baseline -0.01 -5"><span class='ocrx_word' id='word_1_31' title='bbox 160 453 264 481; x_wconf 89' lang='lat' dir='ltr'>habitu</span> <span class='ocrx_word' id='word_1_32' title='bbox 278 452 316 479; x_wconf 88' lang='lat' dir='ltr'>ab</span> <span class='ocrx_word' id='word_1_33' title='bbox 332 451 446 486; x_wconf 89' lang='lat' dir='ltr'>origine</span> <span class='ocrx_word' id='word_1_34' title='bbox 463 447 651 486; x_wconf 82' lang='lat' dir='ltr'>primordiali</span> <span class='ocrx_word' id='word_1_35' title='bbox 665 447 772 482; x_wconf 84' lang='lat' dir='ltr'>indito,</span> <span class='ocrx_word' id='word_1_36' title='bbox 786 446 834 474; x_wconf 88' lang='lat' dir='ltr'>vel</span> <span class='ocrx_word' id='word_1_37' title='bbox 850 446 940 482; x_wconf 86' lang='lat' dir='ltr'>gratis</span> 
     </span>
     <span class='ocr_line' id='line_1_7' title="bbox 161 492 940 534; baseline -0.01 -6"><span class='ocrx_word' id='word_1_38' title='bbox 161 500 246 534; x_wconf 88' lang='lat' dir='ltr'>dato,</span> <span class='ocrx_word' id='word_1_39' title='bbox 273 498 321 527; x_wconf 90' lang='lat' dir='ltr'>vel</span> <span class='ocrx_word' id='word_1_40' title='bbox 344 499 462 533; x_wconf 87' lang='lat' dir='ltr'>gratum</span> <span class='ocrx_word' id='word_1_41' title='bbox 481 495 624 529; x_wconf 79' lang='lat' dir='ltr'>faciente,</span> <span class='ocrx_word' id='word_1_42' title='bbox 650 496 692 522; x_wconf 87' lang='lat' dir='ltr'>est</span> <span class='ocrx_word' id='word_1_43' title='bbox 711 492 879 529; x_wconf 79' lang='lat' dir='ltr'>perfectior.</span> <span class='ocrx_word' id='word_1_44' title='bbox 908 494 940 522; x_wconf 89' lang='lat' dir='ltr'>ln</span> 
     </span>
     <span class='ocr_line' id='line_1_8' title="bbox 160 539 941 582; baseline -0.01 -8"><span class='ocrx_word' id='word_1_45' title='bbox 160 547 305 582; x_wconf 89' lang='lat' dir='ltr'>quantum</span> <span class='ocrx_word' id='word_1_46' title='bbox 331 543 464 581; x_wconf 91' lang='lat' dir='ltr'>potentia</span> <span class='ocrx_word' id='word_1_47' title='bbox 490 542 603 571; x_wconf 86' lang='lat' dir='ltr'>motiva</span> <span class='ocrx_word' id='word_1_48' title='bbox 629 540 762 578; x_wconf 89' lang='lat' dir='ltr'>potentia</span> <span class='ocrx_word' id='word_1_49' title='bbox 791 539 941 574; x_wconf 78' lang='lat' dir='ltr'>cognitiva</span> 
     </span>
     <span class='ocr_line' id='line_1_9' title="bbox 161 584 940 627; baseline -0.009 -7"><span class='ocrx_word' id='word_1_50' title='bbox 161 591 368 627; x_wconf 77' lang='lat' dir='ltr'>excellentior,</span> <span class='ocrx_word' id='word_1_51' title='bbox 387 591 418 618; x_wconf 93' lang='lat' dir='ltr'>in</span> <span class='ocrx_word' id='word_1_52' title='bbox 441 591 555 618; x_wconf 88' lang='lat' dir='ltr'>tantum</span> <span class='ocrx_word' id='word_1_53' title='bbox 576 584 706 623; x_wconf 78' lang='lat' dir='ltr'>cognitio</span> <span class='ocrx_word' id='word_1_54' title='bbox 729 595 782 623; x_wconf 89' lang='lat' dir='ltr'>per</span> <span class='ocrx_word' id='word_1_55' title='bbox 805 593 940 614; x_wconf 87' lang='lat' dir='ltr'>amorem</span> 
     </span>
     <span class='ocr_line' id='line_1_10' title="bbox 159 632 941 674; baseline -0.009 -7"><span class='ocrx_word' id='word_1_56' title='bbox 159 639 324 673; x_wconf 90' lang='lat' dir='ltr'>unitivum,</span> <span class='ocrx_word' id='word_1_57' title='bbox 346 638 490 674; x_wconf 87' lang='lat' dir='ltr'>quantum</span> <span class='ocrx_word' id='word_1_58' title='bbox 505 635 545 664; x_wconf 85' lang='lat' dir='ltr'>ad</span> <span class='ocrx_word' id='word_1_59' title='bbox 560 634 732 663; x_wconf 87' lang='lat' dir='ltr'>divinorum</span> <span class='ocrx_word' id='word_1_60' title='bbox 745 632 941 661; x_wconf 84' lang='lat' dir='ltr'>secretissima</span> 
     </span>
     <span class='ocr_line' id='line_1_11' title="bbox 159 679 940 722; baseline -0.01 -8"><span class='ocrx_word' id='word_1_61' title='bbox 159 684 354 722; x_wconf 88' lang='lat' dir='ltr'>penetranda,</span> <span class='ocrx_word' id='word_1_62' title='bbox 365 683 447 712; x_wconf 86' lang='lat' dir='ltr'>omni</span> <span class='ocrx_word' id='word_1_63' title='bbox 460 681 609 718; x_wconf 84' lang='lat' dir='ltr'>cognitiva</span> <span class='ocrx_word' id='word_1_64' title='bbox 619 679 854 717; x_wconf 84' lang='lat' dir='ltr'>apprehensione</span> <span class='ocrx_word' id='word_1_65' title='bbox 869 687 940 716; x_wconf 76' lang='lat' dir='ltr'>prse-</span> 
     </span>
     <span class='ocr_line' id='line_1_12' title="bbox 160 726 941 762; baseline -0.01 -2"><span class='ocrx_word' id='word_1_66' title='bbox 160 732 268 760; x_wconf 88' lang='lat' dir='ltr'>clarior</span> <span class='ocrx_word' id='word_1_67' title='bbox 283 733 334 759; x_wconf 89' lang='lat' dir='ltr'>est.</span> <span class='ocrx_word' id='word_1_68' title='bbox 357 730 437 758; x_wconf 92' lang='lat' dir='ltr'>Unde</span> <span class='ocrx_word' id='word_1_69' title='bbox 460 731 488 757; x_wconf 88' lang='lat' dir='ltr'>et</span> <span class='ocrx_word' id='word_1_70' title='bbox 505 729 568 757; x_wconf 83' lang='lat' dir='ltr'>hoec</span> <span class='ocrx_word' id='word_1_71' title='bbox 587 736 605 756; x_wconf 91' lang='lat' dir='ltr'>a</span> <span class='ocrx_word' id='word_1_72' title='bbox 626 727 714 756; x_wconf 87' lang='lat' dir='ltr'>beato</span> <span class='ocrx_word' id='word_1_73' title='bbox 737 726 878 762; x_wconf 81' lang='lat' dir='ltr'>Dionysio</span> <span class='ocrx_word' id='word_1_74' title='bbox 897 726 941 753; x_wconf 91' lang='lat' dir='ltr'>in-</span> 
     </span>
     <span class='ocr_line' id='line_1_13' title="bbox 161 772 940 816; baseline -0.012 -8"><span class='ocrx_word' id='word_1_75' title='bbox 161 778 401 816; x_wconf 73' lang='lat' dir='ltr'>comparabiliter</span> <span class='ocrx_word' id='word_1_76' title='bbox 414 785 519 806; x_wconf 89' lang='lat' dir='ltr'>omnes</span> <span class='ocrx_word' id='word_1_77' title='bbox 533 775 607 804; x_wconf 86' lang='lat' dir='ltr'>alias</span> <span class='ocrx_word' id='word_1_78' title='bbox 622 774 783 808; x_wconf 77' lang='lat' dir='ltr'>excedenS‚</span> <span class='ocrx_word' id='word_1_79' title='bbox 801 772 940 801; x_wconf 84' lang='lat' dir='ltr'>definitur</span> 
     </span>
     <span class='ocr_line' id='line_1_14' title="bbox 160 819 940 861; baseline -0.012 -6"><span class='ocrx_word' id='word_1_80' title='bbox 160 826 222 854; x_wconf 88' lang='lat' dir='ltr'>sic:</span> <span class='ocrx_word' id='word_1_81' title='bbox 254 837 266 851; x_wconf 76' lang='lat' dir='ltr'>u</span> <span class='ocrx_word' id='word_1_82' title='bbox 290 824 438 861; x_wconf 81' lang='lat' dir='ltr'>Sapientia</span> <span class='ocrx_word' id='word_1_83' title='bbox 463 825 505 852; x_wconf 88' lang='lat' dir='ltr'>est</span> <span class='ocrx_word' id='word_1_84' title='bbox 528 822 579 850; x_wconf 85' lang='lat' dir='ltr'>Dei</span> <span class='ocrx_word' id='word_1_85' title='bbox 604 820 789 849; x_wconf 76' lang='lat' dir='ltr'>divinissima</span> <span class='ocrx_word' id='word_1_86' title='bbox 810 819 940 855; x_wconf 84' lang='lat' dir='ltr'>cognitio</span> 
     </span>
     <span class='ocr_line' id='line_1_15' title="bbox 160 868 940 910; baseline -0.01 -9"><span class='ocrx_word' id='word_1_87' title='bbox 160 881 213 910; x_wconf 92' lang='lat' dir='ltr'>per</span> <span class='ocrx_word' id='word_1_88' title='bbox 234 871 434 908; x_wconf 74' lang='lat' dir='ltr'>ignorantiam</span> <span class='ocrx_word' id='word_1_89' title='bbox 454 869 565 906; x_wconf 82' lang='lat' dir='ltr'>cogniti</span> <span class='ocrx_word' id='word_1_90' title='bbox 581 869 626 903; x_wconf 79' lang='lat' dir='ltr'>(a).</span> <span class='ocrx_word' id='word_1_91' title='bbox 647 878 661 894; x_wconf 84' lang='lat'>»</span> <span class='ocrx_word' id='word_1_92' title='bbox 685 869 717 895; x_wconf 83' lang='lat' dir='ltr'>Et</span> <span class='ocrx_word' id='word_1_93' title='bbox 741 874 802 894; x_wconf 92' lang='lat' dir='ltr'>non</span> <span class='ocrx_word' id='word_1_94' title='bbox 825 868 940 894; x_wconf 83' lang='lat' dir='ltr'>tantum</span> 
     </span>
     <span class='ocr_line' id='line_1_16' title="bbox 160 912 940 956; baseline -0.012 -8"><span class='ocrx_word' id='word_1_95' title='bbox 160 919 340 956; x_wconf 84' lang='lat' dir='ltr'>praeclarior,</span> <span class='ocrx_word' id='word_1_96' title='bbox 355 918 417 946; x_wconf 92' lang='lat' dir='ltr'>imo</span> <span class='ocrx_word' id='word_1_97' title='bbox 433 917 521 945; x_wconf 89' lang='lat' dir='ltr'>etiam</span> <span class='ocrx_word' id='word_1_98' title='bbox 536 917 579 944; x_wconf 88' lang='lat' dir='ltr'>est</span> <span class='ocrx_word' id='word_1_99' title='bbox 592 913 788 942; x_wconf 86' lang='lat' dir='ltr'>universalior</span> <span class='ocrx_word' id='word_1_100' title='bbox 800 915 825 941; x_wconf 88' lang='lat' dir='ltr'>et</span> <span class='ocrx_word' id='word_1_101' title='bbox 840 912 940 940; x_wconf 90' lang='lat' dir='ltr'>utilior</span> 
     </span>
     <span class='ocr_line' id='line_1_17' title="bbox 160 959 940 1000; baseline -0.01 -6"><span class='ocrx_word' id='word_1_102' title='bbox 160 966 225 994; x_wconf 87' lang='lat' dir='ltr'>aliis</span> <span class='ocrx_word' id='word_1_103' title='bbox 247 965 392 1000; x_wconf 85' lang='lat' dir='ltr'>scientiis,</span> <span class='ocrx_word' id='word_1_104' title='bbox 420 961 645 999; x_wconf 86' lang='lat' dir='ltr'>cognitionibus</span> <span class='ocrx_word' id='word_1_105' title='bbox 673 963 701 989; x_wconf 89' lang='lat' dir='ltr'>et</span> <span class='ocrx_word' id='word_1_106' title='bbox 728 959 940 996; x_wconf 84' lang='lat' dir='ltr'>apprehensio-</span> 
     </span>
     <span class='ocr_line' id='line_1_18' title="bbox 160 1007 942 1047; baseline -0.012 -6"><span class='ocrx_word' id='word_1_107' title='bbox 160 1013 262 1047; x_wconf 88' lang='lat' dir='ltr'>nibus,</span> <span class='ocrx_word' id='word_1_108' title='bbox 277 1012 392 1040; x_wconf 86' lang='lat' dir='ltr'>dicitur.</span> <span class='ocrx_word' id='word_1_109' title='bbox 409 1012 479 1044; x_wconf 70' lang='lat' dir='ltr'>Quae</span> <span class='ocrx_word' id='word_1_110' title='bbox 493 1017 555 1037; x_wconf 91' lang='lat' dir='ltr'>non</span> <span class='ocrx_word' id='word_1_111' title='bbox 568 1010 683 1036; x_wconf 86' lang='lat' dir='ltr'>tantum</span> <span class='ocrx_word' id='word_1_112' title='bbox 698 1007 837 1035; x_wconf 75' lang='lat' dir='ltr'>aflectum</span> <span class='ocrx_word' id='word_1_113' title='bbox 851 1013 942 1042; x_wconf 83' lang='lat' dir='ltr'>supra</span> 
     </span>
     <span class='ocr_line' id='line_1_19' title="bbox 161 1053 939 1094; baseline -0.009 -7"><span class='ocrx_word' id='word_1_114' title='bbox 161 1067 191 1087; x_wconf 85' lang='lat' dir='ltr'>se</span> <span class='ocrx_word' id='word_1_115' title='bbox 206 1059 301 1094; x_wconf 85' lang='lat' dir='ltr'>erigit,</span> <span class='ocrx_word' id='word_1_116' title='bbox 317 1060 345 1086; x_wconf 89' lang='lat' dir='ltr'>et</span> <span class='ocrx_word' id='word_1_117' title='bbox 359 1065 460 1086; x_wconf 87' lang='lat' dir='ltr'>amore</span> <span class='ocrx_word' id='word_1_118' title='bbox 475 1055 611 1084; x_wconf 82' lang='lat' dir='ltr'>ecstatico</span> <span class='ocrx_word' id='word_1_119' title='bbox 631 1053 758 1090; x_wconf 79' lang='lat' dir='ltr'>perfecte</span> <span class='ocrx_word' id='word_1_120' title='bbox 773 1053 837 1081; x_wconf 91' lang='lat' dir='ltr'>unit</span> <span class='ocrx_word' id='word_1_121' title='bbox 850 1060 939 1088; x_wconf 87' lang='lat' dir='ltr'>spon-</span> 
     </span>
     <span class='ocr_line' id='line_1_20' title="bbox 160 1101 940 1137; baseline -0.009 -3"><span class='ocrx_word' id='word_1_122' title='bbox 160 1114 193 1134; x_wconf 85' lang='lat' dir='ltr'>so</span> <span class='ocrx_word' id='word_1_123' title='bbox 213 1105 356 1133; x_wconf 88' lang='lat' dir='ltr'>altissimo</span> <span class='ocrx_word' id='word_1_124' title='bbox 378 1105 544 1132; x_wconf 83' lang='lat' dir='ltr'>creaturam</span> <span class='ocrx_word' id='word_1_125' title='bbox 554 1123 563 1136; x_wconf 94' lang='lat'>,</span> <span class='ocrx_word' id='word_1_126' title='bbox 578 1101 632 1130; x_wconf 86' lang='lat' dir='ltr'>sed</span> <span class='ocrx_word' id='word_1_127' title='bbox 647 1101 767 1137; x_wconf 89' lang='lat' dir='ltr'>insuper</span> <span class='ocrx_word' id='word_1_128' title='bbox 782 1101 812 1128; x_wconf 90' lang='lat' dir='ltr'>in</span> <span class='ocrx_word' id='word_1_129' title='bbox 826 1102 940 1128; x_wconf 87' lang='lat' dir='ltr'>tantum</span> 
     </span>
     <span class='ocr_line' id='line_1_21' title="bbox 161 1147 941 1185; baseline -0.009 -4"><span class='ocrx_word' id='word_1_130' title='bbox 161 1153 256 1181; x_wconf 84' lang='lat' dir='ltr'>elevat</span> <span class='ocrx_word' id='word_1_131' title='bbox 281 1151 480 1185; x_wconf 88' lang='lat' dir='ltr'>intellectum,</span> <span class='ocrx_word' id='word_1_132' title='bbox 495 1152 527 1177; x_wconf 89' lang='lat' dir='ltr'>ut</span> <span class='ocrx_word' id='word_1_133' title='bbox 549 1148 643 1177; x_wconf 91' lang='lat' dir='ltr'>multo</span> <span class='ocrx_word' id='word_1_134' title='bbox 668 1148 735 1184; x_wconf 85' lang='lat' dir='ltr'>plus</span> <span class='ocrx_word' id='word_1_135' title='bbox 763 1147 845 1176; x_wconf 89' lang='lat' dir='ltr'>omni</span> <span class='ocrx_word' id='word_1_136' title='bbox 873 1155 941 1183; x_wconf 90' lang='lat' dir='ltr'>pru-</span> 
     </span>
     <span class='ocr_line' id='line_1_22' title="bbox 161 1194 941 1233; baseline -0.01 -5"><span class='ocrx_word' id='word_1_137' title='bbox 161 1200 260 1228; x_wconf 90' lang='lat' dir='ltr'>dentia</span> <span class='ocrx_word' id='word_1_138' title='bbox 278 1201 305 1226; x_wconf 89' lang='lat' dir='ltr'>et</span> <span class='ocrx_word' id='word_1_139' title='bbox 320 1197 487 1233; x_wconf 80' lang='lat' dir='ltr'>cognitione</span> <span class='ocrx_word' id='word_1_140' title='bbox 503 1196 611 1224; x_wconf 86' lang='lat' dir='ltr'>divinis</span> <span class='ocrx_word' id='word_1_141' title='bbox 627 1194 796 1230; x_wconf 81' lang='lat' dir='ltr'>fulgoribus</span> <span class='ocrx_word' id='word_1_142' title='bbox 816 1194 941 1221; x_wconf 49' lang='lat' dir='ltr'>illu-*tre-</span> 
     </span>
     <span class='ocr_line' id='line_1_23' title="bbox 160 1238 941 1282; baseline -0.01 -7"><span class='ocrx_word' id='word_1_143' title='bbox 160 1250 221 1282; x_wconf 90' lang='lat' dir='ltr'>tur,</span> <span class='ocrx_word' id='word_1_144' title='bbox 243 1253 335 1282; x_wconf 85' lang='lat' dir='ltr'>quam</span> <span class='ocrx_word' id='word_1_145' title='bbox 351 1238 455 1280; x_wconf 74' lang='lat' dir='ltr'>aliquo</span> <span class='ocrx_word' id='word_1_146' title='bbox 468 1242 578 1278; x_wconf 86' lang='lat' dir='ltr'>ingenii</span> <span class='ocrx_word' id='word_1_147' title='bbox 600 1241 737 1269; x_wconf 83' lang='lat' dir='ltr'>exercitio</span> <span class='ocrx_word' id='word_1_148' title='bbox 754 1241 851 1268; x_wconf 85' lang='lat' dir='ltr'>valeat</span> <span class='ocrx_word' id='word_1_149' title='bbox 866 1241 941 1268; x_wconf 86' lang='lat' dir='ltr'>obti—</span> 
     </span>
     <span class='ocr_line' id='line_1_24' title="bbox 160 1288 940 1324; baseline -0.008 -3"><span class='ocrx_word' id='word_1_150' title='bbox 160 1293 232 1322; x_wconf 89' lang='lat' dir='ltr'>neri.</span> <span class='ocrx_word' id='word_1_151' title='bbox 258 1292 339 1320; x_wconf 89' lang='lat' dir='ltr'>Unde</span> <span class='ocrx_word' id='word_1_152' title='bbox 362 1291 399 1318; x_wconf 90' lang='lat' dir='ltr'>de</span> <span class='ocrx_word' id='word_1_153' title='bbox 423 1290 476 1318; x_wconf 90' lang='lat' dir='ltr'>illa</span> <span class='ocrx_word' id='word_1_154' title='bbox 495 1289 566 1317; x_wconf 90' lang='lat' dir='ltr'>dicit</span> <span class='ocrx_word' id='word_1_155' title='bbox 590 1288 745 1324; x_wconf 86' lang='lat' dir='ltr'>Dionysius</span> <span class='ocrx_word' id='word_1_156' title='bbox 761 1288 769 1303; x_wconf 79' lang='lat'><strong>¹</strong></span> <span class='ocrx_word' id='word_1_157' title='bbox 794 1297 800 1315; x_wconf 81' lang='lat' dir='ltr'>z</span> <span class='ocrx_word' id='word_1_158' title='bbox 825 1297 838 1313; x_wconf 89' lang='lat'>«</span> <span class='ocrx_word' id='word_1_159' title='bbox 862 1288 940 1315; x_wconf 81' lang='lat' dir='ltr'>Hanc</span> 
     </span>
     <span class='ocr_line' id='line_1_25' title="bbox 160 1334 941 1376; baseline -0.009 -8"><span class='ocrx_word' id='word_1_160' title='bbox 160 1340 248 1376; x_wconf 87' lang='lat' dir='ltr'>igitur</span> <span class='ocrx_word' id='word_1_161' title='bbox 267 1337 516 1370; x_wconf 85' lang='lat' dir='ltr'>irrationabilem,</span> <span class='ocrx_word' id='word_1_162' title='bbox 532 1337 560 1363; x_wconf 82' lang='lat' dir='ltr'>et</span> <span class='ocrx_word' id='word_1_163' title='bbox 581 1336 747 1369; x_wconf 83' lang='lat' dir='ltr'>amentem,</span> <span class='ocrx_word' id='word_1_164' title='bbox 763 1334 881 1362; x_wconf 85' lang='lat' dir='ltr'>stultam</span> <span class='ocrx_word' id='word_1_165' title='bbox 897 1342 941 1362; x_wconf 89' lang='lat' dir='ltr'>sa-</span> 
     </span>
     <span class='ocr_line' id='line_1_26' title="bbox 158 1381 940 1423; baseline -0.009 -8"><span class='ocrx_word' id='word_1_166' title='bbox 158 1386 310 1423; x_wconf 87' lang='lat' dir='ltr'>pientiam,</span> <span class='ocrx_word' id='word_1_167' title='bbox 319 1384 493 1413; x_wconf 79' lang='lat' dir='ltr'>excedenter</span> <span class='ocrx_word' id='word_1_168' title='bbox 502 1383 533 1418; x_wconf 72' lang='lat' dir='ltr'>(le)</span> <span class='ocrx_word' id='word_1_169' title='bbox 542 1382 708 1416; x_wconf 79' lang='lat' dir='ltr'>laudantes,</span> <span class='ocrx_word' id='word_1_170' title='bbox 715 1381 850 1415; x_wconf 85' lang='lat' dir='ltr'>dicimus,</span> <span class='ocrx_word' id='word_1_171' title='bbox 858 1381 940 1417; x_wconf 87' lang='lat' dir='ltr'>quod</span> 
     </span>
     <span class='ocr_line' id='line_1_27' title="bbox 163 1428 940 1464; baseline -0.006 -3"><span class='ocrx_word' id='word_1_172' title='bbox 163 1435 205 1461; x_wconf 79' lang='lat' dir='ltr'>est</span> <span class='ocrx_word' id='word_1_173' title='bbox 220 1433 316 1461; x_wconf 85' lang='lat' dir='ltr'>omnis</span> <span class='ocrx_word' id='word_1_174' title='bbox 331 1431 436 1459; x_wconf 89' lang='lat' dir='ltr'>mentis</span> <span class='ocrx_word' id='word_1_175' title='bbox 451 1432 479 1458; x_wconf 89' lang='lat' dir='ltr'>et</span> <span class='ocrx_word' id='word_1_176' title='bbox 488 1429 621 1463; x_wconf 79' lang='lat' dir='ltr'>rationis,</span> <span class='ocrx_word' id='word_1_177' title='bbox 637 1431 665 1457; x_wconf 89' lang='lat' dir='ltr'>et</span> <span class='ocrx_word' id='word_1_178' title='bbox 680 1428 777 1456; x_wconf 83' lang='lat' dir='ltr'>omnis</span> <span class='ocrx_word' id='word_1_179' title='bbox 790 1429 940 1464; x_wconf 65' lang='lat' dir='ltr'>sapientise</span> 
     </span>
     <span class='ocr_line' id='line_1_28' title="bbox 159 1475 941 1515; baseline -0.008 -7"><span class='ocrx_word' id='word_1_180' title='bbox 159 1483 187 1508; x_wconf 85' lang='lat' dir='ltr'>ct</span> <span class='ocrx_word' id='word_1_181' title='bbox 207 1479 373 1515; x_wconf 65' lang='lat' dir='ltr'>prudentiae</span> <span class='ocrx_word' id='word_1_182' title='bbox 395 1485 507 1505; x_wconf 86' lang='lat' dir='ltr'>causa:</span> <span class='ocrx_word' id='word_1_183' title='bbox 529 1476 567 1504; x_wconf 90' lang='lat' dir='ltr'>ab</span> <span class='ocrx_word' id='word_1_184' title='bbox 591 1476 655 1512; x_wconf 88' lang='lat' dir='ltr'>ipsa</span> <span class='ocrx_word' id='word_1_185' title='bbox 674 1477 716 1503; x_wconf 85' lang='lat' dir='ltr'>est</span> <span class='ocrx_word' id='word_1_186' title='bbox 735 1483 823 1502; x_wconf 91' lang='lat' dir='ltr'>omne</span> <span class='ocrx_word' id='word_1_187' title='bbox 847 1475 941 1503; x_wconf 78' lang='lat' dir='ltr'>consi-</span> 
     </span>
     <span class='ocr_line' id='line_1_29' title="bbox 159 1521 941 1561; baseline -0.008 -7"><span class='ocrx_word' id='word_1_188' title='bbox 159 1527 243 1560; x_wconf 89' lang='lat' dir='ltr'>lium,</span> <span class='ocrx_word' id='word_1_189' title='bbox 266 1526 304 1554; x_wconf 86' lang='lat' dir='ltr'>ab</span> <span class='ocrx_word' id='word_1_190' title='bbox 325 1525 389 1561; x_wconf 89' lang='lat' dir='ltr'>ipsa</span> <span class='ocrx_word' id='word_1_191' title='bbox 404 1524 493 1552; x_wconf 88' lang='lat' dir='ltr'>etiam</span> <span class='ocrx_word' id='word_1_192' title='bbox 508 1522 606 1550; x_wconf 89' lang='lat' dir='ltr'>omnis</span> <span class='ocrx_word' id='word_1_193' title='bbox 620 1522 750 1557; x_wconf 84' lang='lat' dir='ltr'>cognitio</span> <span class='ocrx_word' id='word_1_194' title='bbox 767 1524 793 1549; x_wconf 91' lang='lat' dir='ltr'>et</span> <span class='ocrx_word' id='word_1_195' title='bbox 813 1521 941 1557; x_wconf 88' lang='lat' dir='ltr'>pruden-</span> 
     </span>
     <span class='ocr_line' id='line_1_30' title="bbox 159 1569 941 1608; baseline -0.005 -8"><span class='ocrx_word' id='word_1_196' title='bbox 159 1573 212 1608; x_wconf 84' lang='lat' dir='ltr'>tia,</span> <span class='ocrx_word' id='word_1_197' title='bbox 235 1573 266 1600; x_wconf 93' lang='lat' dir='ltr'>in</span> <span class='ocrx_word' id='word_1_198' title='bbox 286 1572 352 1608; x_wconf 78' lang='lat' dir='ltr'>ipsa</span> <span class='ocrx_word' id='word_1_199' title='bbox 375 1574 442 1599; x_wconf 90' lang='lat' dir='ltr'>sunt</span> <span class='ocrx_word' id='word_1_200' title='bbox 465 1578 569 1599; x_wconf 89' lang='lat' dir='ltr'>omncs</span> <span class='ocrx_word' id='word_1_201' title='bbox 593 1569 721 1598; x_wconf 83' lang='lat' dir='ltr'>thesauri</span> <span class='ocrx_word' id='word_1_202' title='bbox 743 1569 893 1605; x_wconf 66' lang='lat' dir='ltr'>sapientiae</span> <span class='ocrx_word' id='word_1_203' title='bbox 913 1571 941 1596; x_wconf 90' lang='lat' dir='ltr'>et</span> 
     </span>
     <span class='ocr_line' id='line_1_31' title="bbox 160 1617 940 1653; baseline -0.008 -6"><span class='ocrx_word' id='word_1_204' title='bbox 160 1619 285 1647; x_wconf 75' lang='lat' dir='ltr'>scientim</span> <span class='ocrx_word' id='word_1_205' title='bbox 297 1618 480 1652; x_wconf 89' lang='lat' dir='ltr'>absconditi,</span> <span class='ocrx_word' id='word_1_206' title='bbox 497 1618 548 1645; x_wconf 85' lang='lat' dir='ltr'>nbi</span> <span class='ocrx_word' id='word_1_207' title='bbox 564 1626 617 1653; x_wconf 84' lang='lat' dir='ltr'>per</span> <span class='ocrx_word' id='word_1_208' title='bbox 631 1618 797 1651; x_wconf 76' lang='lat' dir='ltr'>sapientiam</span> <span class='ocrx_word' id='word_1_209' title='bbox 811 1618 835 1642; x_wconf 85' lang='lat' dir='ltr'>el</span> <span class='ocrx_word' id='word_1_210' title='bbox 848 1617 940 1649; x_wconf 59' lang='lat' dir='ltr'>cogni&lt;</span> 
     </span>
     <span class='ocr_line' id='line_1_32' title="bbox 161 1662 939 1700; baseline -0.006 -7"><span class='ocrx_word' id='word_1_211' title='bbox 161 1668 259 1693; x_wconf 80' lang='lat' dir='ltr'>tionem</span> <span class='ocrx_word' id='word_1_212' title='bbox 282 1665 431 1700; x_wconf 84' lang='lat' dir='ltr'>completa</span> <span class='ocrx_word' id='word_1_213' title='bbox 458 1664 611 1698; x_wconf 79' lang='lat' dir='ltr'>utriusque</span> <span class='ocrx_word' id='word_1_214' title='bbox 636 1662 774 1698; x_wconf 61' lang='lat' dir='ltr'>potentia}</span> <span class='ocrx_word' id='word_1_215' title='bbox 799 1662 939 1697; x_wconf 78' lang='lat' dir='ltr'>perfectio</span> 
     </span>
     <span class='ocr_line' id='line_1_33' title="bbox 160 1708 939 1744; baseline -0.006 -4"><span class='ocrx_word' id='word_1_216' title='bbox 160 1712 335 1744; x_wconf 86' lang='lat' dir='ltr'>denotatur,</span> <span class='ocrx_word' id='word_1_217' title='bbox 356 1711 509 1738; x_wconf 84' lang='lat' dir='ltr'>affcctione</span> <span class='ocrx_word' id='word_1_218' title='bbox 536 1709 645 1737; x_wconf 84' lang='lat' dir='ltr'>scilicet</span> <span class='ocrx_word' id='word_1_219' title='bbox 674 1711 701 1736; x_wconf 90' lang='lat' dir='ltr'>ct</span> <span class='ocrx_word' id='word_1_220' title='bbox 731 1708 939 1736; x_wconf 75' lang='lat' dir='ltr'>intellectione.</span> 
     </span>
     <span class='ocr_line' id='line_1_34' title="bbox 161 1755 941 1795; baseline -0.006 -9"><span class='ocrx_word' id='word_1_221' title='bbox 161 1761 256 1795; x_wconf 85' lang='lat' dir='ltr'>Ipsam</span> <span class='ocrx_word' id='word_1_222' title='bbox 285 1758 364 1785; x_wconf 90' lang='lat' dir='ltr'>enim</span> <span class='ocrx_word' id='word_1_223' title='bbox 393 1759 479 1784; x_wconf 88' lang='lat' dir='ltr'>vocat</span> <span class='ocrx_word' id='word_1_224' title='bbox 507 1755 739 1783; x_wconf 85' lang='lat' dir='ltr'>irrationabilem</span> <span class='ocrx_word' id='word_1_225' title='bbox 752 1777 760 1789; x_wconf 92' lang='lat'>,</span> <span class='ocrx_word' id='word_1_226' title='bbox 789 1755 860 1791; x_wconf 87' lang='lat' dir='ltr'>quia</span> <span class='ocrx_word' id='word_1_227' title='bbox 886 1763 941 1782; x_wconf 90' lang='lat' dir='ltr'>ncc</span> 
     </span>
     <span class='ocr_line' id='line_1_35' title="bbox 162 1802 941 1840; baseline -0.006 -7"><span class='ocrx_word' id='word_1_228' title='bbox 162 1806 257 1840; x_wconf 87' lang='lat' dir='ltr'>ipsam</span> <span class='ocrx_word' id='word_1_229' title='bbox 281 1804 355 1832; x_wconf 84' lang='lat' dir='ltr'>ratio</span> <span class='ocrx_word' id='word_1_230' title='bbox 379 1802 590 1840; x_wconf 83' lang='lat' dir='ltr'>apprehendit,</span> <span class='ocrx_word' id='word_1_231' title='bbox 612 1810 665 1829; x_wconf 89' lang='lat' dir='ltr'>nec</span> <span class='ocrx_word' id='word_1_232' title='bbox 685 1802 798 1829; x_wconf 88' lang='lat' dir='ltr'>ratione</span> <span class='ocrx_word' id='word_1_233' title='bbox 824 1802 941 1829; x_wconf 89' lang='lat' dir='ltr'>investi-</span> 
     </span>
     <span class='ocr_line' id='line_1_36' title="bbox 163 1847 939 1887; baseline -0.004 -8"><span class='ocrx_word' id='word_1_234' title='bbox 163 1851 263 1887; x_wconf 88' lang='lat' dir='ltr'>gando</span> <span class='ocrx_word' id='word_1_235' title='bbox 283 1850 372 1878; x_wconf 88' lang='lat' dir='ltr'>utitur</span> <span class='ocrx_word' id='word_1_236' title='bbox 394 1859 400 1877; x_wconf 91' lang='lat'>:</span> <span class='ocrx_word' id='word_1_237' title='bbox 425 1851 571 1877; x_wconf 85' lang='lat' dir='ltr'>amentem</span> <span class='ocrx_word' id='word_1_238' title='bbox 597 1848 685 1876; x_wconf 86' lang='lat' dir='ltr'>etiam</span> <span class='ocrx_word' id='word_1_239' title='bbox 708 1850 811 1882; x_wconf 86' lang='lat' dir='ltr'>vocat,</span> <span class='ocrx_word' id='word_1_240' title='bbox 829 1847 859 1875; x_wconf 86' lang='lat' dir='ltr'>id</span> <span class='ocrx_word' id='word_1_241' title='bbox 881 1850 939 1882; x_wconf 81' lang='lat' dir='ltr'>est,</span> 
     </span>
     <span class='ocr_line' id='line_1_37' title="bbox 163 1894 941 1932; baseline -0.006 -6"><span class='ocrx_word' id='word_1_242' title='bbox 163 1899 224 1926; x_wconf 91' lang='lat' dir='ltr'>sine</span> <span class='ocrx_word' id='word_1_243' title='bbox 238 1899 352 1932; x_wconf 87' lang='lat' dir='ltr'>mente,</span> <span class='ocrx_word' id='word_1_244' title='bbox 368 1899 395 1924; x_wconf 88' lang='lat' dir='ltr'>et</span> <span class='ocrx_word' id='word_1_245' title='bbox 413 1896 475 1924; x_wconf 87' lang='lat' dir='ltr'>sine</span> <span class='ocrx_word' id='word_1_246' title='bbox 495 1895 658 1928; x_wconf 87' lang='lat' dir='ltr'>intellectu,</span> <span class='ocrx_word' id='word_1_247' title='bbox 681 1894 751 1931; x_wconf 80' lang='lat' dir='ltr'>quia</span> <span class='ocrx_word' id='word_1_248' title='bbox 765 1902 819 1921; x_wconf 89' lang='lat' dir='ltr'>nec</span> <span class='ocrx_word' id='word_1_249' title='bbox 834 1894 897 1930; x_wconf 85' lang='lat' dir='ltr'>ipsa</span> <span class='ocrx_word' id='word_1_250' title='bbox 911 1894 941 1922; x_wconf 91' lang='lat' dir='ltr'>in</span> 
     </span>
     <span class='ocr_line' id='line_1_38' title="bbox 163 1941 941 1977; baseline -0.006 -5"><span class='ocrx_word' id='word_1_251' title='bbox 163 1952 217 1972; x_wconf 90' lang='lat' dir='ltr'>suo</span> <span class='ocrx_word' id='word_1_252' title='bbox 241 1943 380 1971; x_wconf 85' lang='lat' dir='ltr'>exercitio</span> <span class='ocrx_word' id='word_1_253' title='bbox 401 1943 490 1970; x_wconf 88' lang='lat' dir='ltr'>utitur</span> <span class='ocrx_word' id='word_1_254' title='bbox 509 1942 672 1975; x_wconf 86' lang='lat' dir='ltr'>intellectu,</span> <span class='ocrx_word' id='word_1_255' title='bbox 693 1941 763 1977; x_wconf 83' lang='lat' dir='ltr'>quia</span> <span class='ocrx_word' id='word_1_256' title='bbox 782 1949 875 1976; x_wconf 85' lang='lat' dir='ltr'>usquc</span> <span class='ocrx_word' id='word_1_257' title='bbox 902 1941 941 1968; x_wconf 89' lang='lat' dir='ltr'>ad</span> 
     </span>
     <span class='ocr_line' id='line_1_39' title="bbox 163 1987 940 2025; baseline -0.006 -7"><span class='ocrx_word' id='word_1_258' title='bbox 163 1993 223 2019; x_wconf 87' lang='lat' dir='ltr'>tam</span> <span class='ocrx_word' id='word_1_259' title='bbox 237 1998 385 2018; x_wconf 89' lang='lat' dir='ltr'>summam</span> <span class='ocrx_word' id='word_1_260' title='bbox 397 1989 596 2025; x_wconf 86' lang='lat' dir='ltr'>cognitionem</span> <span class='ocrx_word' id='word_1_261' title='bbox 612 1987 774 2015; x_wconf 83' lang='lat' dir='ltr'>intellectus</span> <span class='ocrx_word' id='word_1_262' title='bbox 786 1987 940 2022; x_wconf 77' lang='lat' dir='ltr'>pervenire</span> 
     </span>
     <span class='ocr_line' id='line_1_40' title="bbox 162 2033 940 2069; baseline -0.006 -4"><span class='ocrx_word' id='word_1_263' title='bbox 162 2045 224 2065; x_wconf 92' lang='lat' dir='ltr'>non</span> <span class='ocrx_word' id='word_1_264' title='bbox 239 2036 363 2065; x_wconf 76' lang='lat' dir='ltr'>sufficit:</span> <span class='ocrx_word' id='word_1_265' title='bbox 380 2036 498 2064; x_wconf 87' lang='lat' dir='ltr'>stultam</span> <span class='ocrx_word' id='word_1_266' title='bbox 510 2035 598 2063; x_wconf 84' lang='lat' dir='ltr'>etiam</span> <span class='ocrx_word' id='word_1_267' title='bbox 611 2036 706 2065; x_wconf 81' lang='lat' dir='ltr'>vocat,</span> <span class='ocrx_word' id='word_1_268' title='bbox 726 2034 796 2069; x_wconf 83' lang='lat' dir='ltr'>quia</span> <span class='ocrx_word' id='word_1_269' title='bbox 810 2033 870 2060; x_wconf 89' lang='lat' dir='ltr'>sine</span> <span class='ocrx_word' id='word_1_270' title='bbox 886 2042 940 2061; x_wconf 82' lang='lat' dir='ltr'>usu</span> 
     </span>
     <span class='ocr_line' id='line_1_41' title="bbox 163 2080 942 2117; baseline -0.005 -6"><span class='ocrx_word' id='word_1_271' title='bbox 163 2083 343 2111; x_wconf 79' lang='lat' dir='ltr'>omnimodae</span> <span class='ocrx_word' id='word_1_272' title='bbox 357 2081 554 2117; x_wconf 68' lang='lat' dir='ltr'>intelligentiae</span> <span class='ocrx_word' id='word_1_273' title='bbox 569 2081 598 2108; x_wconf 94' lang='lat' dir='ltr'>in</span> <span class='ocrx_word' id='word_1_274' title='bbox 615 2081 720 2108; x_wconf 80' lang='lat' dir='ltr'>affectu</span> <span class='ocrx_word' id='word_1_275' title='bbox 731 2081 785 2108; x_wconf 87' lang='lat' dir='ltr'>ista</span> <span class='ocrx_word' id='word_1_276' title='bbox 798 2080 942 2116; x_wconf 86' lang='lat' dir='ltr'>sapientia</span> 
     </span>
     <span class='ocr_line' id='line_1_42' title="bbox 163 2127 940 2165; baseline -0.004 -8"><span class='ocrx_word' id='word_1_277' title='bbox 163 2130 328 2164; x_wconf 82' lang='lat' dir='ltr'>consurgit,</span> <span class='ocrx_word' id='word_1_278' title='bbox 345 2137 436 2165; x_wconf 89' lang='lat' dir='ltr'>quam</span> <span class='ocrx_word' id='word_1_279' title='bbox 450 2128 533 2156; x_wconf 90' lang='lat' dir='ltr'>nulla</span> <span class='ocrx_word' id='word_1_280' title='bbox 552 2127 741 2162; x_wconf 85' lang='lat' dir='ltr'>intelligentia</span> <span class='ocrx_word' id='word_1_281' title='bbox 755 2127 873 2163; x_wconf 89' lang='lat' dir='ltr'>penitus</span> <span class='ocrx_word' id='word_1_282' title='bbox 888 2135 940 2162; x_wconf 90' lang='lat' dir='ltr'>ap-</span> 
     </span>
     <span class='ocr_line' id='line_1_43' title="bbox 162 2173 940 2212; baseline -0.003 -9"><span class='ocrx_word' id='word_1_283' title='bbox 162 2176 328 2212; x_wconf 87' lang='lat' dir='ltr'>prehendit.</span> <span class='ocrx_word' id='word_1_284' title='bbox 345 2177 375 2202; x_wconf 91' lang='lat' dir='ltr'>ln</span> <span class='ocrx_word' id='word_1_285' title='bbox 390 2175 488 2202; x_wconf 84' lang='lat' dir='ltr'>verbis</span> <span class='ocrx_word' id='word_1_286' title='bbox 503 2175 581 2202; x_wconf 85' lang='lat' dir='ltr'>enim</span> <span class='ocrx_word' id='word_1_287' title='bbox 595 2173 752 2209; x_wconf 80' lang='lat' dir='ltr'>propositis</span> <span class='ocrx_word' id='word_1_288' title='bbox 768 2182 784 2201; x_wconf 87' lang='lat' dir='ltr'>a</span> <span class='ocrx_word' id='word_1_289' title='bbox 802 2173 940 2209; x_wconf 71' lang='lat' dir='ltr'>Dionysio</span> 
     </span>
     <span class='ocr_line' id='line_1_44' title="bbox 162 2221 672 2259; baseline -0.006 -9"><span class='ocrx_word' id='word_1_290' title='bbox 162 2222 288 2259; x_wconf 79' lang='lat' dir='ltr'>perfecte</span> <span class='ocrx_word' id='word_1_291' title='bbox 304 2222 428 2249; x_wconf 83' lang='lat' dir='ltr'>traditur</span> <span class='ocrx_word' id='word_1_292' title='bbox 443 2222 504 2248; x_wconf 70' lang='lat' dir='ltr'>hzec</span> <span class='ocrx_word' id='word_1_293' title='bbox 519 2221 672 2256; x_wconf 87' lang='lat' dir='ltr'>sapientia.</span> 
     </span>
    </p>

    <p class='ocr_par' dir='ltr' id='par_1_3' title="bbox 164 2266 940 2538">
     <span class='ocr_line' id='line_1_45' title="bbox 199 2266 940 2304; baseline -0.007 -7"><span class='ocrx_word' id='word_1_294' title='bbox 199 2268 339 2297; x_wconf 88' lang='lat' dir='ltr'>Subditur</span> <span class='ocrx_word' id='word_1_295' title='bbox 360 2268 457 2304; x_wconf 90' lang='lat' dir='ltr'>primo</span> <span class='ocrx_word' id='word_1_296' title='bbox 483 2267 556 2303; x_wconf 86' lang='lat' dir='ltr'>quid</span> <span class='ocrx_word' id='word_1_297' title='bbox 585 2267 620 2294; x_wconf 89' lang='lat' dir='ltr'>sit</span> <span class='ocrx_word' id='word_1_298' title='bbox 645 2266 864 2300; x_wconf 68' lang='lat' dir='ltr'>amovendum5</span> <span class='ocrx_word' id='word_1_299' title='bbox 899 2274 940 2292; x_wconf 74' lang='lat' dir='ltr'>se-</span> 
     </span>
     <span class='ocr_line' id='line_1_46' title="bbox 164 2313 940 2351; baseline -0.004 -8"><span class='ocrx_word' id='word_1_300' title='bbox 164 2316 274 2350; x_wconf 86' lang='lat' dir='ltr'>cundo,</span> <span class='ocrx_word' id='word_1_301' title='bbox 291 2315 446 2351; x_wconf 85' lang='lat' dir='ltr'>quomodo</span> <span class='ocrx_word' id='word_1_302' title='bbox 459 2313 710 2349; x_wconf 83' lang='lat' dir='ltr'>consurgendum.</span> <span class='ocrx_word' id='word_1_303' title='bbox 724 2315 755 2341; x_wconf 85' lang='lat' dir='ltr'>Et</span> <span class='ocrx_word' id='word_1_304' title='bbox 770 2321 838 2340; x_wconf 88' lang='lat' dir='ltr'>cum</span> <span class='ocrx_word' id='word_1_305' title='bbox 853 2313 940 2341; x_wconf 85' lang='lat' dir='ltr'>etiam</span> 
     </span>
     <span class='ocr_line' id='line_1_47' title="bbox 164 2360 938 2396; baseline -0.003 -6"><span class='ocrx_word' id='word_1_306' title='bbox 164 2364 194 2390; x_wconf 93' lang='lat' dir='ltr'>in</span> <span class='ocrx_word' id='word_1_307' title='bbox 209 2363 264 2390; x_wconf 88' lang='lat' dir='ltr'>ista</span> <span class='ocrx_word' id='word_1_308' title='bbox 278 2361 517 2390; x_wconf 85' lang='lat' dir='ltr'>consurrectione</span> <span class='ocrx_word' id='word_1_309' title='bbox 530 2362 629 2388; x_wconf 89' lang='lat' dir='ltr'>anima</span> <span class='ocrx_word' id='word_1_310' title='bbox 639 2360 714 2388; x_wconf 83' lang='lat' dir='ltr'>sitin</span> <span class='ocrx_word' id='word_1_311' title='bbox 727 2362 801 2388; x_wconf 87' lang='lat' dir='ltr'>statu</span> <span class='ocrx_word' id='word_1_312' title='bbox 817 2361 938 2396; x_wconf 84' lang='lat' dir='ltr'>duplici,</span> 
     </span>
     <span class='ocr_line' id='line_1_48' title="bbox 164 2407 940 2445; baseline -0.005 -7"><span class='ocrx_word' id='word_1_313' title='bbox 164 2410 271 2438; x_wconf 87' lang='lat' dir='ltr'>scilicet</span> <span class='ocrx_word' id='word_1_314' title='bbox 285 2412 316 2438; x_wconf 89' lang='lat' dir='ltr'>ut</span> <span class='ocrx_word' id='word_1_315' title='bbox 330 2409 496 2445; x_wconf 88' lang='lat' dir='ltr'>perficiens,</span> <span class='ocrx_word' id='word_1_316' title='bbox 510 2410 538 2436; x_wconf 89' lang='lat' dir='ltr'>et</span> <span class='ocrx_word' id='word_1_317' title='bbox 552 2410 583 2435; x_wconf 91' lang='lat' dir='ltr'>ut</span> <span class='ocrx_word' id='word_1_318' title='bbox 597 2407 742 2443; x_wconf 83' lang='lat' dir='ltr'>perfecta;</span> <span class='ocrx_word' id='word_1_319' title='bbox 760 2407 856 2443; x_wconf 88' lang='lat' dir='ltr'>primo</span> <span class='ocrx_word' id='word_1_320' title='bbox 871 2408 940 2435; x_wconf 87' lang='lat' dir='ltr'>sub-</span> 
     </span>
     <span class='ocr_line' id='line_1_49' title="bbox 164 2454 937 2492; baseline -0.003 -9"><span class='ocrx_word' id='word_1_321' title='bbox 164 2456 242 2484; x_wconf 84' lang='lat' dir='ltr'>ditur</span> <span class='ocrx_word' id='word_1_322' title='bbox 262 2456 336 2492; x_wconf 91' lang='lat' dir='ltr'>quid</span> <span class='ocrx_word' id='word_1_323' title='bbox 357 2454 574 2483; x_wconf 83' lang='lat' dir='ltr'>removendum</span> <span class='ocrx_word' id='word_1_324' title='bbox 596 2454 625 2481; x_wconf 89' lang='lat' dir='ltr'>in</span> <span class='ocrx_word' id='word_1_325' title='bbox 647 2454 744 2490; x_wconf 89' lang='lat' dir='ltr'>primo</span> <span class='ocrx_word' id='word_1_326' title='bbox 768 2456 861 2488; x_wconf 79' lang='lat' dir='ltr'>statu,</span> <span class='ocrx_word' id='word_1_327' title='bbox 878 2454 937 2482; x_wconf 90' lang='lat' dir='ltr'>ibi:</span> 
     </span>
     <span class='ocr_line' id='line_1_50' title="bbox 164 2503 938 2538; baseline 0 -8"><span class='ocrx_word' id='word_1_328' title='bbox 164 2504 259 2531; x_wconf 78' lang='lat' dir='ltr'>Sensus</span> <span class='ocrx_word' id='word_1_329' title='bbox 275 2504 444 2538; x_wconf 79' lang='lat' dir='ltr'>derelinque;</span> <span class='ocrx_word' id='word_1_330' title='bbox 461 2503 593 2531; x_wconf 89' lang='lat' dir='ltr'>secundo</span> <span class='ocrx_word' id='word_1_331' title='bbox 615 2503 828 2536; x_wconf 84' lang='lat' dir='ltr'>consurrectio,</span> <span class='ocrx_word' id='word_1_332' title='bbox 845 2510 938 2538; x_wconf 88' lang='lat' dir='ltr'>quan—</span> 
     </span>
    </p>
   </div>
   <div class='ocr_carea' id='block_1_3' title="bbox 199 2572 937 2603">
    <p class='ocr_par' dir='ltr' id='par_1_4' title="bbox 199 2572 937 2603">
     <span class='ocr_line' id='line_1_51' title="bbox 199 2572 937 2603; baseline -0.004 -6"><span class='ocrx_word' id='word_1_333' title='bbox 199 2573 299 2603; x_wconf 77' lang='lat' dir='ltr'>¹Dicn.‚</span> <span class='ocrx_word' id='word_1_334' title='bbox 314 2574 344 2597; x_wconf 79' lang='lat' dir='ltr'>de</span> <span class='ocrx_word' id='word_1_335' title='bbox 356 2574 412 2597; x_wconf 76' lang='lat' dir='ltr'>Diu,</span> <span class='ocrx_word' id='word_1_336' title='bbox 424 2573 507 2602; x_wconf 68' lang='lat' dir='ltr'>Nom„</span> <span class='ocrx_word' id='word_1_337' title='bbox 520 2580 542 2597; x_wconf 90' lang='lat' dir='ltr'>c.</span> <span class='ocrx_word' id='word_1_338' title='bbox 552 2578 629 2596; x_wconf 84' lang='lat' dir='ltr'>vn.—</span> <span class='ocrx_word' id='word_1_339' title='bbox 640 2572 821 2602; x_wconf 73' lang='lat' dir='ltr'>²sz..1,17.—</span> <span class='ocrx_word' id='word_1_340' title='bbox 833 2573 863 2601; x_wconf 83' lang='lat' dir='ltr'>(a)</span> <span class='ocrx_word' id='word_1_341' title='bbox 879 2572 937 2596; x_wconf 83' lang='lat' dir='ltr'>Coet.</span> 
     </span>
    </p>
   </div>
   <div class='ocr_carea' id='block_1_4' title="bbox 164 2612 939 2673">
    <p class='ocr_par' dir='ltr' id='par_1_5' title="bbox 164 2612 939 2673">
     <span class='ocr_line' id='line_1_52' title="bbox 164 2612 939 2673; baseline 0.001 -38"><span class='ocrx_word' id='word_1_342' title='bbox 164 2613 223 2673; x_wconf 65' lang='lat' dir='ltr'>ledit.</span> <span class='ocrx_word' id='word_1_343' title='bbox 240 2614 349 2643; x_wconf 72' lang='lat' dir='ltr'>cognita.</span> <span class='ocrx_word' id='word_1_344' title='bbox 364 2628 379 2630; x_wconf 35' lang='lat' dir='ltr'><em>a</em></span> <span class='ocrx_word' id='word_1_345' title='bbox 397 2614 430 2644; x_wconf 75' lang='lat' dir='ltr'>(b)</span> <span class='ocrx_word' id='word_1_346' title='bbox 448 2614 507 2638; x_wconf 78' lang='lat' dir='ltr'>Caet.</span> <span class='ocrx_word' id='word_1_347' title='bbox 523 2613 582 2637; x_wconf 77' lang='lat' dir='ltr'>edit.</span> <span class='ocrx_word' id='word_1_348' title='bbox 599 2613 781 2643; x_wconf 68' lang='lat' dir='ltr'>vxeedentom3</span> <span class='ocrx_word' id='word_1_349' title='bbox 796 2612 830 2637; x_wconf 86' lang='lat' dir='ltr'>al.</span> <span class='ocrx_word' id='word_1_350' title='bbox 851 2619 939 2643; x_wconf 84' lang='lat' dir='ltr'>snper-</span> 
     </span>
     <span class='ocr_line' id='line_1_53' title="bbox 174 2652 222 2672; baseline 0.063 -3"><span class='ocrx_word' id='word_1_351' title='bbox 174 2652 222 2672; x_wconf 65' lang='lat' dir='ltr'>ate.</span> 
     </span>
    </p>
   </div>
   <div class='ocr_carea' id='block_1_5' title="bbox 994 257 1776 2677">
    <p class='ocr_par' dir='ltr' id='par_1_6' title="bbox 994 257 1776 1092">
     <span class='ocr_line' id='line_1_54' title="bbox 995 257 1774 295; baseline -0.003 -7"><span class='ocrx_word' id='word_1_352' title='bbox 995 259 1035 288; x_wconf 89' lang='lat' dir='ltr'>do</span> <span class='ocrx_word' id='word_1_353' title='bbox 1050 259 1157 288; x_wconf 89' lang='lat' dir='ltr'>dicitur</span> <span class='ocrx_word' id='word_1_354' title='bbox 1175 268 1182 288; x_wconf 94' lang='lat'><strong>:</strong></span> <span class='ocrx_word' id='word_1_355' title='bbox 1199 259 1330 294; x_wconf 73' lang='lat' dir='ltr'>Gonsurqe</span> <span class='ocrx_word' id='word_1_356' title='bbox 1350 260 1454 294; x_wconf 67' lang='lat' dir='ltr'>ignote,</span> <span class='ocrx_word' id='word_1_357' title='bbox 1475 266 1571 295; x_wconf 82' lang='lat' dir='ltr'>usque</span> <span class='ocrx_word' id='word_1_358' title='bbox 1585 257 1628 287; x_wconf 89' lang='lat' dir='ltr'>ibi</span> <span class='ocrx_word' id='word_1_359' title='bbox 1643 267 1650 286; x_wconf 95' lang='lat'><strong>:</strong></span> <span class='ocrx_word' id='word_1_360' title='bbox 1666 259 1774 286; x_wconf 77' lang='lat' dir='ltr'>Etenim</span> 
     </span>
     <span class='ocr_line' id='line_1_55' title="bbox 995 304 1775 342; baseline -0.004 -7"><span class='ocrx_word' id='word_1_361' title='bbox 995 314 1102 335; x_wconf 79' lang='lat' dir='ltr'>eaecessu</span> <span class='ocrx_word' id='word_1_362' title='bbox 1123 307 1167 334; x_wconf 73' lang='lat' dir='ltr'>tui</span> <span class='ocrx_word' id='word_1_363' title='bbox 1187 307 1289 342; x_wconf 79' lang='lat' dir='ltr'>ipsius,</span> <span class='ocrx_word' id='word_1_364' title='bbox 1311 307 1366 334; x_wconf 89' lang='lat' dir='ltr'>etc.</span> <span class='ocrx_word' id='word_1_365' title='bbox 1391 305 1524 341; x_wconf 83' lang='lat' dir='ltr'>Mysticas</span> <span class='ocrx_word' id='word_1_366' title='bbox 1545 305 1626 333; x_wconf 87' lang='lat' dir='ltr'>enim</span> <span class='ocrx_word' id='word_1_367' title='bbox 1645 304 1775 333; x_wconf 83' lang='lat' dir='ltr'>visiones</span> 
     </span>
     <span class='ocr_line' id='line_1_56' title="bbox 995 351 1774 390; baseline -0.003 -8"><span class='ocrx_word' id='word_1_368' title='bbox 995 353 1126 390; x_wconf 85' lang='lat' dir='ltr'>appellat</span> <span class='ocrx_word' id='word_1_369' title='bbox 1139 353 1202 390; x_wconf 89' lang='lat' dir='ltr'>ipse</span> <span class='ocrx_word' id='word_1_370' title='bbox 1217 352 1374 389; x_wconf 84' lang='lat' dir='ltr'>Dionysius</span> <span class='ocrx_word' id='word_1_371' title='bbox 1388 352 1420 380; x_wconf 86' lang='lat' dir='ltr'>in</span> <span class='ocrx_word' id='word_1_372' title='bbox 1434 353 1495 380; x_wconf 85' lang='lat' dir='ltr'>tota</span> <span class='ocrx_word' id='word_1_373' title='bbox 1505 351 1698 388; x_wconf 86' lang='lat' dir='ltr'>philosophia</span> <span class='ocrx_word' id='word_1_374' title='bbox 1708 359 1774 384; x_wconf 84' lang='lat' dir='ltr'>sna.</span> 
     </span>
     <span class='ocr_line' id='line_1_57' title="bbox 995 398 1773 437; baseline -0.004 -8"><span class='ocrx_word' id='word_1_375' title='bbox 995 409 1062 437; x_wconf 81' lang='lat' dir='ltr'>quae</span> <span class='ocrx_word' id='word_1_376' title='bbox 1085 399 1266 428; x_wconf 85' lang='lat' dir='ltr'>transcendit</span> <span class='ocrx_word' id='word_1_377' title='bbox 1286 399 1383 427; x_wconf 88' lang='lat' dir='ltr'>omnis</span> <span class='ocrx_word' id='word_1_378' title='bbox 1406 399 1481 427; x_wconf 88' lang='lat' dir='ltr'>entis</span> <span class='ocrx_word' id='word_1_379' title='bbox 1504 398 1773 433; x_wconf 85' lang='lat' dir='ltr'>considerationes,</span> 
     </span>
     <span class='ocr_line' id='line_1_58' title="bbox 995 445 1775 484; baseline -0.003 -9"><span class='ocrx_word' id='word_1_380' title='bbox 995 447 1118 484; x_wconf 86' lang='lat' dir='ltr'>quando</span> <span class='ocrx_word' id='word_1_381' title='bbox 1141 446 1320 475; x_wconf 82' lang='lat' dir='ltr'>intellectiva</span> <span class='ocrx_word' id='word_1_382' title='bbox 1342 445 1496 482; x_wconf 85' lang='lat' dir='ltr'>cognoscit</span> <span class='ocrx_word' id='word_1_383' title='bbox 1519 454 1554 474; x_wconf 86' lang='lat' dir='ltr'>cx</span> <span class='ocrx_word' id='word_1_384' title='bbox 1578 445 1643 482; x_wconf 90' lang='lat' dir='ltr'>ipso</span> <span class='ocrx_word' id='word_1_385' title='bbox 1667 445 1775 473; x_wconf 84' lang='lat' dir='ltr'>affectu</span> 
     </span>
     <span class='ocr_line' id='line_1_59' title="bbox 994 493 1773 530; baseline -0.001 -8"><span class='ocrx_word' id='word_1_386' title='bbox 994 494 1188 530; x_wconf 83' lang='lat' dir='ltr'>praecedentc.</span> <span class='ocrx_word' id='word_1_387' title='bbox 1203 501 1258 522; x_wconf 90' lang='lat' dir='ltr'>nec</span> <span class='ocrx_word' id='word_1_388' title='bbox 1271 501 1288 521; x_wconf 90' lang='lat' dir='ltr'>e</span> <span class='ocrx_word' id='word_1_389' title='bbox 1302 495 1424 522; x_wconf 84' lang='lat' dir='ltr'>contra:</span> <span class='ocrx_word' id='word_1_390' title='bbox 1441 495 1470 522; x_wconf 85' lang='lat' dir='ltr'>et</span> <span class='ocrx_word' id='word_1_391' title='bbox 1480 493 1535 521; x_wconf 84' lang='lat' dir='ltr'>ista</span> <span class='ocrx_word' id='word_1_392' title='bbox 1548 496 1592 522; x_wconf 88' lang='lat' dir='ltr'>est</span> <span class='ocrx_word' id='word_1_393' title='bbox 1603 493 1773 528; x_wconf 88' lang='lat' dir='ltr'>verissima,</span> 
     </span>
     <span class='ocr_line' id='line_1_60' title="bbox 995 540 1776 576; baseline 0 -8"><span class='ocrx_word' id='word_1_394' title='bbox 995 543 1023 569; x_wconf 91' lang='lat' dir='ltr'>ct</span> <span class='ocrx_word' id='word_1_395' title='bbox 1041 540 1253 569; x_wconf 89' lang='lat' dir='ltr'>certitudinalis</span> <span class='ocrx_word' id='word_1_396' title='bbox 1271 540 1421 576; x_wconf 85' lang='lat' dir='ltr'>cognitio,</span> <span class='ocrx_word' id='word_1_397' title='bbox 1441 540 1480 568; x_wconf 85' lang='lat' dir='ltr'>ab</span> <span class='ocrx_word' id='word_1_398' title='bbox 1502 540 1585 568; x_wconf 90' lang='lat' dir='ltr'>omni</span> <span class='ocrx_word' id='word_1_399' title='bbox 1609 548 1725 575; x_wconf 89' lang='lat' dir='ltr'>errore,</span> <span class='ocrx_word' id='word_1_400' title='bbox 1747 541 1776 568; x_wconf 89' lang='lat' dir='ltr'>et</span> 
     </span>
     <span class='ocr_line' id='line_1_61' title="bbox 995 586 1775 624; baseline -0.001 -9"><span class='ocrx_word' id='word_1_401' title='bbox 995 587 1156 624; x_wconf 89' lang='lat' dir='ltr'>opinione,</span> <span class='ocrx_word' id='word_1_402' title='bbox 1185 590 1214 615; x_wconf 90' lang='lat' dir='ltr'>et</span> <span class='ocrx_word' id='word_1_403' title='bbox 1246 586 1430 623; x_wconf 78' lang='lat' dir='ltr'>phantastica</span> <span class='ocrx_word' id='word_1_404' title='bbox 1458 586 1630 623; x_wconf 89' lang='lat' dir='ltr'>deceptione</span> <span class='ocrx_word' id='word_1_405' title='bbox 1657 587 1775 624; x_wconf 90' lang='lat' dir='ltr'>penitus</span> 
     </span>
     <span class='ocr_line' id='line_1_62' title="bbox 995 633 1775 670; baseline -0.001 -8"><span class='ocrx_word' id='word_1_406' title='bbox 995 634 1143 670; x_wconf 86' lang='lat' dir='ltr'>elongata.</span> <span class='ocrx_word' id='word_1_407' title='bbox 1161 633 1242 662; x_wconf 89' lang='lat' dir='ltr'>Unde</span> <span class='ocrx_word' id='word_1_408' title='bbox 1263 636 1291 662; x_wconf 90' lang='lat' dir='ltr'>et</span> <span class='ocrx_word' id='word_1_409' title='bbox 1310 634 1372 661; x_wconf 87' lang='lat' dir='ltr'>haec</span> <span class='ocrx_word' id='word_1_410' title='bbox 1392 641 1458 670; x_wconf 82' lang='lat' dir='ltr'>quae</span> <span class='ocrx_word' id='word_1_411' title='bbox 1473 633 1552 662; x_wconf 89' lang='lat' dir='ltr'>dicta</span> <span class='ocrx_word' id='word_1_412' title='bbox 1565 635 1649 668; x_wconf 86' lang='lat' dir='ltr'>sunt,</span> <span class='ocrx_word' id='word_1_413' title='bbox 1665 635 1694 662; x_wconf 91' lang='lat' dir='ltr'>et</span> <span class='ocrx_word' id='word_1_414' title='bbox 1707 641 1775 670; x_wconf 78' lang='lat' dir='ltr'>quae</span> 
     </span>
     <span class='ocr_line' id='line_1_63' title="bbox 996 680 1775 717; baseline -0.001 -8"><span class='ocrx_word' id='word_1_415' title='bbox 996 681 1140 715; x_wconf 86' lang='lat' dir='ltr'>dicentur,</span> <span class='ocrx_word' id='word_1_416' title='bbox 1156 681 1217 709; x_wconf 86' lang='lat' dir='ltr'>sive</span> <span class='ocrx_word' id='word_1_417' title='bbox 1231 681 1262 709; x_wconf 89' lang='lat' dir='ltr'>in</span> <span class='ocrx_word' id='word_1_418' title='bbox 1276 681 1419 714; x_wconf 88' lang='lat' dir='ltr'>theorica,</span> <span class='ocrx_word' id='word_1_419' title='bbox 1429 680 1491 708; x_wconf 89' lang='lat' dir='ltr'>sive</span> <span class='ocrx_word' id='word_1_420' title='bbox 1505 680 1536 708; x_wconf 93' lang='lat' dir='ltr'>in</span> <span class='ocrx_word' id='word_1_421' title='bbox 1545 680 1675 717; x_wconf 84' lang='lat' dir='ltr'>practica</span> <span class='ocrx_word' id='word_1_422' title='bbox 1686 680 1775 716; x_wconf 87' lang='lat' dir='ltr'>hujus</span> 
     </span>
     <span class='ocr_line' id='line_1_64' title="bbox 995 727 1774 765; baseline -0.003 -9"><span class='ocrx_word' id='word_1_423' title='bbox 995 728 1163 765; x_wconf 85' lang='lat' dir='ltr'>sapientioe.</span> <span class='ocrx_word' id='word_1_424' title='bbox 1187 737 1254 764; x_wconf 83' lang='lat' dir='ltr'>quoe</span> <span class='ocrx_word' id='word_1_425' title='bbox 1276 727 1418 756; x_wconf 84' lang='lat' dir='ltr'>affectivae</span> <span class='ocrx_word' id='word_1_426' title='bbox 1439 727 1633 756; x_wconf 87' lang='lat' dir='ltr'>directionem</span> <span class='ocrx_word' id='word_1_427' title='bbox 1654 727 1774 764; x_wconf 85' lang='lat' dir='ltr'>conspi-</span> 
     </span>
     <span class='ocr_line' id='line_1_65' title="bbox 995 774 1775 815; baseline 0 -13"><span class='ocrx_word' id='word_1_428' title='bbox 995 775 1086 810; x_wconf 86' lang='lat' dir='ltr'>ciunt,</span> <span class='ocrx_word' id='word_1_429' title='bbox 1100 775 1163 803; x_wconf 84' lang='lat' dir='ltr'>sine</span> <span class='ocrx_word' id='word_1_430' title='bbox 1178 775 1363 803; x_wconf 83' lang='lat' dir='ltr'>dubitatione</span> <span class='ocrx_word' id='word_1_431' title='bbox 1374 775 1402 802; x_wconf 93' lang='lat' dir='ltr'>et</span> <span class='ocrx_word' id='word_1_432' title='bbox 1411 774 1553 815; x_wconf 83' lang='lat' dir='ltr'>opinione</span> <span class='ocrx_word' id='word_1_433' title='bbox 1569 781 1672 802; x_wconf 86' lang='lat' dir='ltr'>coram</span> <span class='ocrx_word' id='word_1_434' title='bbox 1685 774 1775 802; x_wconf 89' lang='lat' dir='ltr'>totius</span> 
     </span>
     <span class='ocr_line' id='line_1_66' title="bbox 995 820 1775 858; baseline -0.003 -8"><span class='ocrx_word' id='word_1_435' title='bbox 995 822 1101 850; x_wconf 90' lang='lat' dir='ltr'>mundi</span> <span class='ocrx_word' id='word_1_436' title='bbox 1115 821 1301 858; x_wconf 87' lang='lat' dir='ltr'>philosophis</span> <span class='ocrx_word' id='word_1_437' title='bbox 1311 823 1340 849; x_wconf 90' lang='lat' dir='ltr'>et</span> <span class='ocrx_word' id='word_1_438' title='bbox 1350 821 1523 849; x_wconf 84' lang='lat' dir='ltr'>doctoribus</span> <span class='ocrx_word' id='word_1_439' title='bbox 1532 820 1775 857; x_wconf 82' lang='lat' dir='ltr'>irrefragabiliter</span> 
     </span>
     <span class='ocr_line' id='line_1_67' title="bbox 996 867 1773 903; baseline -0.001 -7"><span class='ocrx_word' id='word_1_440' title='bbox 996 868 1191 903; x_wconf 76' lang='lat' dir='ltr'>affirmantur,</span> <span class='ocrx_word' id='word_1_441' title='bbox 1207 870 1235 896; x_wconf 91' lang='lat' dir='ltr'>et</span> <span class='ocrx_word' id='word_1_442' title='bbox 1251 868 1320 896; x_wconf 91' lang='lat' dir='ltr'>ideo</span> <span class='ocrx_word' id='word_1_443' title='bbox 1334 867 1397 896; x_wconf 83' lang='lat' dir='ltr'>haec</span> <span class='ocrx_word' id='word_1_444' title='bbox 1411 867 1541 903; x_wconf 85' lang='lat' dir='ltr'>cognitio</span> <span class='ocrx_word' id='word_1_445' title='bbox 1556 869 1670 902; x_wconf 73' lang='lat' dir='ltr'>mystica</span> <span class='ocrx_word' id='word_1_446' title='bbox 1683 875 1773 895; x_wconf 86' lang='lat' dir='ltr'>voca-</span> 
     </span>
     <span class='ocr_line' id='line_1_68' title="bbox 996 913 1775 950; baseline 0 -8"><span class='ocrx_word' id='word_1_447' title='bbox 996 917 1058 950; x_wconf 84' lang='lat' dir='ltr'>tur,</span> <span class='ocrx_word' id='word_1_448' title='bbox 1074 914 1105 942; x_wconf 93' lang='lat' dir='ltr'>id</span> <span class='ocrx_word' id='word_1_449' title='bbox 1120 917 1163 943; x_wconf 88' lang='lat' dir='ltr'>est</span> <span class='ocrx_word' id='word_1_450' title='bbox 1181 914 1314 949; x_wconf 86' lang='lat' dir='ltr'>occulta,</span> <span class='ocrx_word' id='word_1_451' title='bbox 1335 916 1398 942; x_wconf 91' lang='lat' dir='ltr'>tum</span> <span class='ocrx_word' id='word_1_452' title='bbox 1420 914 1490 950; x_wconf 87' lang='lat' dir='ltr'>quia</span> <span class='ocrx_word' id='word_1_453' title='bbox 1510 913 1597 950; x_wconf 89' lang='lat' dir='ltr'>pauci</span> <span class='ocrx_word' id='word_1_454' title='bbox 1618 914 1658 942; x_wconf 80' lang='lat' dir='ltr'>ad</span> <span class='ocrx_word' id='word_1_455' title='bbox 1679 914 1775 950; x_wconf 87' lang='lat' dir='ltr'>ipsam</span> 
     </span>
     <span class='ocr_line' id='line_1_69' title="bbox 995 960 1775 998; baseline -0.001 -9"><span class='ocrx_word' id='word_1_456' title='bbox 995 962 1197 998; x_wconf 86' lang='lat' dir='ltr'>recipiendam</span> <span class='ocrx_word' id='word_1_457' title='bbox 1221 970 1251 990; x_wconf 91' lang='lat' dir='ltr'>se</span> <span class='ocrx_word' id='word_1_458' title='bbox 1278 961 1458 998; x_wconf 89' lang='lat' dir='ltr'>disponunt,</span> <span class='ocrx_word' id='word_1_459' title='bbox 1481 964 1543 989; x_wconf 90' lang='lat' dir='ltr'>tum</span> <span class='ocrx_word' id='word_1_460' title='bbox 1567 961 1638 998; x_wconf 88' lang='lat' dir='ltr'>quia</span> <span class='ocrx_word' id='word_1_461' title='bbox 1661 960 1775 989; x_wconf 87' lang='lat' dir='ltr'>occulte</span> 
     </span>
     <span class='ocr_line' id='line_1_70' title="bbox 996 1007 1775 1044; baseline -0.001 -8"><span class='ocrx_word' id='word_1_462' title='bbox 996 1008 1127 1036; x_wconf 89' lang='lat' dir='ltr'>consistit</span> <span class='ocrx_word' id='word_1_463' title='bbox 1141 1008 1172 1036; x_wconf 94' lang='lat' dir='ltr'>in</span> <span class='ocrx_word' id='word_1_464' title='bbox 1191 1008 1301 1041; x_wconf 86' lang='lat' dir='ltr'>corde,</span> <span class='ocrx_word' id='word_1_465' title='bbox 1318 1010 1349 1035; x_wconf 89' lang='lat' dir='ltr'>ut</span> <span class='ocrx_word' id='word_1_466' title='bbox 1371 1016 1425 1035; x_wconf 89' lang='lat' dir='ltr'>nec</span> <span class='ocrx_word' id='word_1_467' title='bbox 1448 1007 1543 1044; x_wconf 80' lang='lat' dir='ltr'>stylo,</span> <span class='ocrx_word' id='word_1_468' title='bbox 1558 1015 1613 1035; x_wconf 90' lang='lat' dir='ltr'>nec</span> <span class='ocrx_word' id='word_1_469' title='bbox 1627 1007 1720 1036; x_wconf 89' lang='lat' dir='ltr'>verbo</span> <span class='ocrx_word' id='word_1_470' title='bbox 1735 1007 1775 1035; x_wconf 88' lang='lat' dir='ltr'>ad</span> 
     </span>
     <span class='ocr_line' id='line_1_71' title="bbox 996 1055 1379 1092; baseline -0.005 -8"><span class='ocrx_word' id='word_1_471' title='bbox 996 1056 1119 1092; x_wconf 90' lang='lat' dir='ltr'>plenum</span> <span class='ocrx_word' id='word_1_472' title='bbox 1134 1055 1231 1083; x_wconf 87' lang='lat' dir='ltr'>valeat</span> <span class='ocrx_word' id='word_1_473' title='bbox 1245 1055 1379 1083; x_wconf 87' lang='lat' dir='ltr'>enodari.</span> 
     </span>
    </p>

    <p class='ocr_par' dir='ltr' id='par_1_7' title="bbox 995 1101 1776 2677">
     <span class='ocr_line' id='line_1_72' title="bbox 1032 1101 1774 1138; baseline -0.003 -8"><span class='ocrx_word' id='word_1_474' title='bbox 1032 1104 1062 1131; x_wconf 84' lang='lat' dir='ltr'>ln</span> <span class='ocrx_word' id='word_1_475' title='bbox 1077 1102 1128 1130; x_wconf 90' lang='lat' dir='ltr'>illa</span> <span class='ocrx_word' id='word_1_476' title='bbox 1142 1102 1265 1138; x_wconf 82' lang='lat' dir='ltr'>mystica</span> <span class='ocrx_word' id='word_1_477' title='bbox 1279 1101 1459 1137; x_wconf 85' lang='lat' dir='ltr'>cognitione,</span> <span class='ocrx_word' id='word_1_478' title='bbox 1473 1101 1526 1129; x_wconf 86' lang='lat' dir='ltr'>ubi</span> <span class='ocrx_word' id='word_1_479' title='bbox 1540 1101 1662 1129; x_wconf 85' lang='lat' dir='ltr'>affectus</span> <span class='ocrx_word' id='word_1_480' title='bbox 1677 1101 1774 1129; x_wconf 90' lang='lat' dir='ltr'>domi-</span> 
     </span>
     <span class='ocr_line' id='line_1_73' title="bbox 996 1148 1775 1184; baseline -0.001 -7"><span class='ocrx_word' id='word_1_481' title='bbox 996 1151 1092 1184; x_wconf 90' lang='lat' dir='ltr'>natur,</span> <span class='ocrx_word' id='word_1_482' title='bbox 1106 1149 1228 1184; x_wconf 87' lang='lat' dir='ltr'>jubetur</span> <span class='ocrx_word' id='word_1_483' title='bbox 1248 1151 1276 1176; x_wconf 89' lang='lat' dir='ltr'>et</span> <span class='ocrx_word' id='word_1_484' title='bbox 1291 1156 1394 1176; x_wconf 86' lang='lat' dir='ltr'>sensus</span> <span class='ocrx_word' id='word_1_485' title='bbox 1409 1151 1437 1176; x_wconf 89' lang='lat' dir='ltr'>et</span> <span class='ocrx_word' id='word_1_486' title='bbox 1450 1148 1615 1176; x_wconf 89' lang='lat' dir='ltr'>intellectus</span> <span class='ocrx_word' id='word_1_487' title='bbox 1633 1148 1775 1176; x_wconf 87' lang='lat' dir='ltr'>radicitus</span> 
     </span>
     <span class='ocr_line' id='line_1_74' title="bbox 996 1195 1775 1233; baseline -0.001 -9"><span class='ocrx_word' id='word_1_488' title='bbox 996 1197 1185 1233; x_wconf 83' lang='lat' dir='ltr'>derelinqui:</span> <span class='ocrx_word' id='word_1_489' title='bbox 1209 1196 1327 1232; x_wconf 87' lang='lat' dir='ltr'>primo,</span> <span class='ocrx_word' id='word_1_490' title='bbox 1355 1204 1373 1223; x_wconf 86' lang='lat' dir='ltr'>a</span> <span class='ocrx_word' id='word_1_491' title='bbox 1395 1198 1479 1232; x_wconf 85' lang='lat' dir='ltr'>parte</span> <span class='ocrx_word' id='word_1_492' title='bbox 1507 1196 1639 1231; x_wconf 86' lang='lat' dir='ltr'>ipsarum</span> <span class='ocrx_word' id='word_1_493' title='bbox 1665 1195 1775 1223; x_wconf 88' lang='lat' dir='ltr'>virium</span> 
     </span>
     <span class='ocr_line' id='line_1_75' title="bbox 995 1242 1774 1280; baseline -0.001 -9"><span class='ocrx_word' id='word_1_494' title='bbox 995 1243 1299 1280; x_wconf 87' lang='lat' dir='ltr'>apprehendentium,</span> <span class='ocrx_word' id='word_1_495' title='bbox 1321 1242 1372 1270; x_wconf 94' lang='lat' dir='ltr'>ubi</span> <span class='ocrx_word' id='word_1_496' title='bbox 1397 1242 1468 1270; x_wconf 91' lang='lat' dir='ltr'>dicit</span> <span class='ocrx_word' id='word_1_497' title='bbox 1488 1250 1580 1270; x_wconf 80' lang='lat' dir='ltr'>sensus</span> <span class='ocrx_word' id='word_1_498' title='bbox 1604 1245 1631 1269; x_wconf 82' lang='lat' dir='ltr'>et</span> <span class='ocrx_word' id='word_1_499' title='bbox 1651 1243 1774 1270; x_wconf 77' lang='lat' dir='ltr'>intellec-</span> 
     </span>
     <span class='ocr_line' id='line_1_76' title="bbox 997 1288 1774 1325; baseline -0.001 -8"><span class='ocrx_word' id='word_1_500' title='bbox 997 1292 1081 1318; x_wconf 76' lang='lat' dir='ltr'>tuales</span> <span class='ocrx_word' id='word_1_501' title='bbox 1107 1292 1296 1325; x_wconf 63' lang='lat' dir='ltr'>operationes,-</span> <span class='ocrx_word' id='word_1_502' title='bbox 1319 1288 1466 1323; x_wconf 87' lang='lat' dir='ltr'>secundo,</span> <span class='ocrx_word' id='word_1_503' title='bbox 1489 1297 1506 1317; x_wconf 89' lang='lat' dir='ltr'>a</span> <span class='ocrx_word' id='word_1_504' title='bbox 1533 1290 1616 1325; x_wconf 86' lang='lat' dir='ltr'>parte</span> <span class='ocrx_word' id='word_1_505' title='bbox 1641 1289 1774 1325; x_wconf 87' lang='lat' dir='ltr'>ipsorum</span> 
     </span>
     <span class='ocr_line' id='line_1_77' title="bbox 996 1335 1775 1372; baseline -0.001 -8"><span class='ocrx_word' id='word_1_506' title='bbox 996 1337 1197 1372; x_wconf 88' lang='lat' dir='ltr'>objectorum,</span> <span class='ocrx_word' id='word_1_507' title='bbox 1227 1336 1337 1364; x_wconf 81' lang='lat' dir='ltr'>scihcet</span> <span class='ocrx_word' id='word_1_508' title='bbox 1364 1336 1548 1364; x_wconf 84' lang='lat' dir='ltr'>sensibilium</span> <span class='ocrx_word' id='word_1_509' title='bbox 1578 1337 1606 1363; x_wconf 90' lang='lat' dir='ltr'>et</span> <span class='ocrx_word' id='word_1_510' title='bbox 1635 1335 1775 1371; x_wconf 86' lang='lat' dir='ltr'>intelligi-</span> 
     </span>
     <span class='ocr_line' id='line_1_78' title="bbox 996 1383 1772 1418; baseline -0.003 -7"><span class='ocrx_word' id='word_1_511' title='bbox 996 1384 1121 1418; x_wconf 89' lang='lat' dir='ltr'>bilium,</span> <span class='ocrx_word' id='word_1_512' title='bbox 1148 1391 1215 1410; x_wconf 91' lang='lat' dir='ltr'>cnm</span> <span class='ocrx_word' id='word_1_513' title='bbox 1240 1383 1311 1410; x_wconf 90' lang='lat' dir='ltr'>dicit</span> <span class='ocrx_word' id='word_1_514' title='bbox 1332 1391 1338 1409; x_wconf 93' lang='lat'>:</span> <span class='ocrx_word' id='word_1_515' title='bbox 1357 1383 1500 1410; x_wconf 79' lang='lat' dir='ltr'>sensibilia</span> <span class='ocrx_word' id='word_1_516' title='bbox 1521 1385 1546 1409; x_wconf 80' lang='lat' dir='ltr'>ct</span> <span class='ocrx_word' id='word_1_517' title='bbox 1573 1383 1772 1417; x_wconf 70' lang='lat' dir='ltr'>intelliqibilz&#39;a.</span> 
     </span>
     <span class='ocr_line' id='line_1_79' title="bbox 996 1422 1774 1464; baseline -0.003 -6"><span class='ocrx_word' id='word_1_518' title='bbox 996 1431 1051 1459; x_wconf 83' lang='lat' dir='ltr'>Sed</span> <span class='ocrx_word' id='word_1_519' title='bbox 1066 1438 1102 1458; x_wconf 90' lang='lat' dir='ltr'>ne</span> <span class='ocrx_word' id='word_1_520' title='bbox 1115 1429 1280 1458; x_wconf 79' lang='lat' dir='ltr'>absurdum</span> <span class='ocrx_word' id='word_1_521' title='bbox 1293 1429 1368 1456; x_wconf 90' lang='lat' dir='ltr'>illud</span> <span class='ocrx_word' id='word_1_522' title='bbox 1383 1429 1530 1464; x_wconf 79' lang='lat' dir='ltr'>videatur,</span> <span class='ocrx_word' id='word_1_523' title='bbox 1548 1422 1651 1457; x_wconf 60' lang='lat' dir='ltr'>sensus</span> <span class='ocrx_word' id='word_1_524' title='bbox 1665 1429 1774 1457; x_wconf 87' lang='lat' dir='ltr'>dehere</span> 
     </span>
     <span class='ocr_line' id='line_1_80' title="bbox 997 1476 1774 1513; baseline -0.001 -8"><span class='ocrx_word' id='word_1_525' title='bbox 997 1477 1176 1513; x_wconf 86' lang='lat' dir='ltr'>derelinqui,</span> <span class='ocrx_word' id='word_1_526' title='bbox 1189 1476 1327 1504; x_wconf 87' lang='lat' dir='ltr'>subditur</span> <span class='ocrx_word' id='word_1_527' title='bbox 1340 1476 1416 1503; x_wconf 89' lang='lat' dir='ltr'>ratio</span> <span class='ocrx_word' id='word_1_528' title='bbox 1439 1485 1445 1503; x_wconf 96' lang='lat'>:</span> <span class='ocrx_word' id='word_1_529' title='bbox 1464 1476 1538 1509; x_wconf 84' lang='lat' dir='ltr'>Quia</span> <span class='ocrx_word' id='word_1_530' title='bbox 1557 1476 1612 1504; x_wconf 85' lang='lat' dir='ltr'>ista</span> <span class='ocrx_word' id='word_1_531' title='bbox 1631 1476 1774 1512; x_wconf 81' lang='lat' dir='ltr'>sapientia</span> 
     </span>
     <span class='ocr_line' id='line_1_81' title="bbox 996 1523 1774 1558; baseline -0.003 -6"><span class='ocrx_word' id='word_1_532' title='bbox 996 1532 1057 1552; x_wconf 89' lang='lat' dir='ltr'>non</span> <span class='ocrx_word' id='word_1_533' title='bbox 1073 1526 1116 1551; x_wconf 89' lang='lat' dir='ltr'>est</span> <span class='ocrx_word' id='word_1_534' title='bbox 1129 1523 1204 1551; x_wconf 86' lang='lat' dir='ltr'>sicut</span> <span class='ocrx_word' id='word_1_535' title='bbox 1218 1523 1277 1551; x_wconf 82' lang='lat' dir='ltr'>alia</span> <span class='ocrx_word' id='word_1_536' title='bbox 1291 1523 1429 1557; x_wconf 86' lang='lat' dir='ltr'>scientia,</span> <span class='ocrx_word' id='word_1_537' title='bbox 1446 1531 1512 1558; x_wconf 81' lang='lat' dir='ltr'>quae</span> <span class='ocrx_word' id='word_1_538' title='bbox 1527 1525 1570 1551; x_wconf 89' lang='lat' dir='ltr'>est</span> <span class='ocrx_word' id='word_1_539' title='bbox 1583 1531 1620 1551; x_wconf 83' lang='lat' dir='ltr'>ex</span> <span class='ocrx_word' id='word_1_540' title='bbox 1637 1523 1774 1558; x_wconf 63' lang='lat' dir='ltr'>praeexis—</span> 
     </span>
     <span class='ocr_line' id='line_1_82' title="bbox 997 1569 1773 1605; baseline -0.003 -7"><span class='ocrx_word' id='word_1_541' title='bbox 997 1571 1066 1600; x_wconf 87' lang='lat' dir='ltr'>tenti</span> <span class='ocrx_word' id='word_1_542' title='bbox 1081 1571 1266 1599; x_wconf 86' lang='lat' dir='ltr'>sensibilium</span> <span class='ocrx_word' id='word_1_543' title='bbox 1284 1570 1468 1605; x_wconf 89' lang='lat' dir='ltr'>cognitione,</span> <span class='ocrx_word' id='word_1_544' title='bbox 1484 1569 1536 1597; x_wconf 88' lang='lat' dir='ltr'>sed</span> <span class='ocrx_word' id='word_1_545' title='bbox 1550 1572 1593 1597; x_wconf 91' lang='lat' dir='ltr'>est</span> <span class='ocrx_word' id='word_1_546' title='bbox 1609 1570 1707 1605; x_wconf 87' lang='lat' dir='ltr'>potius</span> <span class='ocrx_word' id='word_1_547' title='bbox 1722 1569 1773 1597; x_wconf 90' lang='lat' dir='ltr'>de-</span> 
     </span>
     <span class='ocr_line' id='line_1_83' title="bbox 996 1616 1772 1654; baseline -0.003 -8"><span class='ocrx_word' id='word_1_548' title='bbox 996 1627 1095 1654; x_wconf 75' lang='lat' dir='ltr'>super,</span> <span class='ocrx_word' id='word_1_549' title='bbox 1104 1618 1267 1645; x_wconf 82' lang='lat' dir='ltr'>secundum</span> <span class='ocrx_word' id='word_1_550' title='bbox 1277 1616 1412 1651; x_wconf 83' lang='lat' dir='ltr'>regulam</span> <span class='ocrx_word' id='word_1_551' title='bbox 1420 1616 1606 1645; x_wconf 82' lang='lat' dir='ltr'>beatiJacobi</span> <span class='ocrx_word' id='word_1_552' title='bbox 1618 1617 1740 1644; x_wconf 89' lang='lat' dir='ltr'>dicentis</span> <span class='ocrx_word' id='word_1_553' title='bbox 1753 1616 1772 1651; x_wconf 75' lang='lat'>²,</span> 
     </span>
     <span class='ocr_line' id='line_1_84' title="bbox 997 1663 1773 1700; baseline -0.003 -8"><span class='ocrx_word' id='word_1_554' title='bbox 997 1673 1013 1692; x_wconf 89' lang='lat' dir='ltr'>a</span> <span class='ocrx_word' id='word_1_555' title='bbox 1035 1672 1095 1700; x_wconf 89' lang='lat' dir='ltr'>quo</span> <span class='ocrx_word' id='word_1_556' title='bbox 1120 1664 1180 1691; x_wconf 74' lang='lat' dir='ltr'>baec</span> <span class='ocrx_word' id='word_1_557' title='bbox 1203 1663 1346 1699; x_wconf 83' lang='lat' dir='ltr'>sapientia</span> <span class='ocrx_word' id='word_1_558' title='bbox 1375 1665 1497 1690; x_wconf 88' lang='lat' dir='ltr'>vocatur</span> <span class='ocrx_word' id='word_1_559' title='bbox 1519 1672 1529 1690; x_wconf 58' lang='grc' dir='ltr'>ι</span> <span class='ocrx_word' id='word_1_560' title='bbox 1548 1664 1630 1691; x_wconf 79' lang='lat' dir='ltr'>Omne</span> <span class='ocrx_word' id='word_1_561' title='bbox 1661 1664 1773 1698; x_wconf 79' lang='lat' dir='ltr'>bonum,</span> 
     </span>
     <span class='ocr_line' id='line_1_85' title="bbox 996 1711 1776 1745; baseline -0.003 -6"><span class='ocrx_word' id='word_1_562' title='bbox 996 1720 1070 1739; x_wconf 79' lang='lat' dir='ltr'>omne</span> <span class='ocrx_word' id='word_1_563' title='bbox 1099 1711 1193 1737; x_wconf 80' lang='lat' dir='ltr'>datum</span> <span class='ocrx_word' id='word_1_564' title='bbox 1223 1712 1364 1745; x_wconf 76' lang='lat' dir='ltr'>optimum,</span> <span class='ocrx_word' id='word_1_565' title='bbox 1391 1713 1416 1737; x_wconf 79' lang='lat' dir='ltr'>ct</span> <span class='ocrx_word' id='word_1_566' title='bbox 1445 1718 1521 1737; x_wconf 74' lang='lat' dir='ltr'>omne</span> <span class='ocrx_word' id='word_1_567' title='bbox 1549 1711 1646 1738; x_wconf 70' lang='lat' dir='ltr'>(Ionum</span> <span class='ocrx_word' id='word_1_568' title='bbox 1673 1712 1776 1745; x_wconf 78' lang='lat' dir='ltr'>perfec—</span> 
     </span>
     <span class='ocr_line' id='line_1_86' title="bbox 997 1756 1774 1791; baseline -0.001 -6"><span class='ocrx_word' id='word_1_569' title='bbox 997 1762 1054 1785; x_wconf 64' lang='lat' dir='ltr'>lum&gt;</span> <span class='ocrx_word' id='word_1_570' title='bbox 1078 1757 1217 1785; x_wconf 76' lang='lat' dir='ltr'>desursum</span> <span class='ocrx_word' id='word_1_571' title='bbox 1240 1759 1294 1790; x_wconf 81' lang='lat' dir='ltr'>cst,</span> <span class='ocrx_word' id='word_1_572' title='bbox 1316 1759 1341 1783; x_wconf 85' lang='lat' dir='ltr'>et</span> <span class='ocrx_word' id='word_1_573' title='bbox 1361 1756 1531 1791; x_wconf 78' lang='lat' dir='ltr'>descendens,</span> <span class='ocrx_word' id='word_1_574' title='bbox 1558 1759 1610 1784; x_wconf 92' lang='lat' dir='ltr'>etc.</span> <span class='ocrx_word' id='word_1_575' title='bbox 1633 1756 1661 1784; x_wconf 95' lang='lat' dir='ltr'>Si</span> <span class='ocrx_word' id='word_1_576' title='bbox 1687 1765 1774 1784; x_wconf 91' lang='lat' dir='ltr'>omne</span> 
     </span>
     <span class='ocr_line' id='line_1_87' title="bbox 998 1802 1775 1839; baseline -0.001 -7"><span class='ocrx_word' id='word_1_577' title='bbox 998 1804 1111 1832; x_wconf 90' lang='lat' dir='ltr'>donum</span> <span class='ocrx_word' id='word_1_578' title='bbox 1126 1825 1134 1837; x_wconf 91' lang='lat'>,</span> <span class='ocrx_word' id='word_1_579' title='bbox 1165 1803 1259 1831; x_wconf 89' lang='lat' dir='ltr'>multo</span> <span class='ocrx_word' id='word_1_580' title='bbox 1288 1802 1391 1830; x_wconf 85' lang='lat' dir='ltr'>fortius</span> <span class='ocrx_word' id='word_1_581' title='bbox 1421 1803 1481 1830; x_wconf 69' lang='lat' dir='ltr'>lime</span> <span class='ocrx_word' id='word_1_582' title='bbox 1513 1803 1657 1839; x_wconf 85' lang='lat' dir='ltr'>sapientia</span> <span class='ocrx_word' id='word_1_583' title='bbox 1671 1825 1680 1838; x_wconf 88' lang='lat'>,</span> <span class='ocrx_word' id='word_1_584' title='bbox 1709 1811 1775 1839; x_wconf 67' lang='lat' dir='ltr'>quae</span> 
     </span>
     <span class='ocr_line' id='line_1_88' title="bbox 998 1849 1774 1887; baseline 0 -9"><span class='ocrx_word' id='word_1_585' title='bbox 998 1851 1094 1879; x_wconf 90' lang='lat' dir='ltr'>omnis</span> <span class='ocrx_word' id='word_1_586' title='bbox 1114 1850 1212 1887; x_wconf 89' lang='lat' dir='ltr'>portio</span> <span class='ocrx_word' id='word_1_587' title='bbox 1235 1849 1349 1883; x_wconf 81' lang='lat' dir='ltr'>Mariae,</span> <span class='ocrx_word' id='word_1_588' title='bbox 1375 1858 1441 1885; x_wconf 73' lang='lat' dir='ltr'>quae</span> <span class='ocrx_word' id='word_1_589' title='bbox 1460 1849 1569 1877; x_wconf 84' lang='lat' dir='ltr'>amoris</span> <span class='ocrx_word' id='word_1_590' title='bbox 1589 1849 1684 1877; x_wconf 85' lang='lat' dir='ltr'>dilecti</span> <span class='ocrx_word' id='word_1_591' title='bbox 1707 1850 1774 1885; x_wconf 87' lang='lat' dir='ltr'>igne</span> 
     </span>
     <span class='ocr_line' id='line_1_89' title="bbox 997 1896 1776 1932; baseline -0.001 -7"><span class='ocrx_word' id='word_1_592' title='bbox 997 1905 1136 1925; x_wconf 78' lang='lat' dir='ltr'>succensa</span> <span class='ocrx_word' id='word_1_593' title='bbox 1147 1897 1270 1924; x_wconf 88' lang='lat' dir='ltr'>ardebat</span> <span class='ocrx_word' id='word_1_594' title='bbox 1286 1896 1444 1924; x_wconf 86' lang='lat' dir='ltr'>desiderio.</span> <span class='ocrx_word' id='word_1_595' title='bbox 1460 1896 1533 1929; x_wconf 83' lang='lat' dir='ltr'>Quia</span> <span class='ocrx_word' id='word_1_596' title='bbox 1547 1896 1634 1931; x_wconf 86' lang='lat' dir='ltr'>igitur</span> <span class='ocrx_word' id='word_1_597' title='bbox 1649 1897 1710 1924; x_wconf 82' lang='lat' dir='ltr'>haec</span> <span class='ocrx_word' id='word_1_598' title='bbox 1725 1905 1776 1932; x_wconf 90' lang='lat' dir='ltr'>ap-</span> 
     </span>
     <span class='ocr_line' id='line_1_90' title="bbox 997 1942 1776 1980; baseline 0.001 -10"><span class='ocrx_word' id='word_1_599' title='bbox 997 1944 1153 1980; x_wconf 80' lang='lat' dir='ltr'>prehensio</span> <span class='ocrx_word' id='word_1_600' title='bbox 1169 1945 1211 1970; x_wconf 77' lang='lat' dir='ltr'>est</span> <span class='ocrx_word' id='word_1_601' title='bbox 1226 1943 1353 1978; x_wconf 83' lang='lat' dir='ltr'>desuper</span> <span class='ocrx_word' id='word_1_602' title='bbox 1365 1964 1373 1976; x_wconf 89' lang='lat'>,</span> <span class='ocrx_word' id='word_1_603' title='bbox 1391 1945 1418 1969; x_wconf 91' lang='lat' dir='ltr'>ct</span> <span class='ocrx_word' id='word_1_604' title='bbox 1438 1949 1499 1969; x_wconf 91' lang='lat' dir='ltr'>non</span> <span class='ocrx_word' id='word_1_605' title='bbox 1520 1942 1637 1977; x_wconf 79' lang='lat' dir='ltr'>subtus,</span> <span class='ocrx_word' id='word_1_606' title='bbox 1655 1943 1776 1978; x_wconf 88' lang='lat' dir='ltr'>jubetur</span> 
     </span>
     <span class='ocr_line' id='line_1_91' title="bbox 997 1988 1775 2024; baseline 0 -7"><span class='ocrx_word' id='word_1_607' title='bbox 997 1999 1098 2019; x_wconf 79' lang='lat' dir='ltr'>sensus</span> <span class='ocrx_word' id='word_1_608' title='bbox 1113 1990 1239 2018; x_wconf 81' lang='lat' dir='ltr'>exterior</span> <span class='ocrx_word' id='word_1_609' title='bbox 1253 1989 1404 2024; x_wconf 74' lang='lat' dir='ltr'>extirpari.</span> <span class='ocrx_word' id='word_1_610' title='bbox 1429 1988 1514 2022; x_wconf 83' lang='lat' dir='ltr'>Quod</span> <span class='ocrx_word' id='word_1_611' title='bbox 1529 1997 1590 2016; x_wconf 93' lang='lat' dir='ltr'>non</span> <span class='ocrx_word' id='word_1_612' title='bbox 1606 1992 1719 2017; x_wconf 89' lang='lat' dir='ltr'>tantum</span> <span class='ocrx_word' id='word_1_613' title='bbox 1739 1990 1775 2017; x_wconf 91' lang='lat' dir='ltr'>de</span> 
     </span>
     <span class='ocr_line' id='line_1_92' title="bbox 1001 2035 1776 2071; baseline -0.001 -6"><span class='ocrx_word' id='word_1_614' title='bbox 1001 2045 1141 2065; x_wconf 85' lang='lat' dir='ltr'>sensuum</span> <span class='ocrx_word' id='word_1_615' title='bbox 1161 2037 1341 2064; x_wconf 85' lang='lat' dir='ltr'>exteriorum</span> <span class='ocrx_word' id='word_1_616' title='bbox 1363 2036 1463 2063; x_wconf 79' lang='lat' dir='ltr'>officio</span> <span class='ocrx_word' id='word_1_617' title='bbox 1483 2035 1709 2071; x_wconf 85' lang='lat' dir='ltr'>intelligendum</span> <span class='ocrx_word' id='word_1_618' title='bbox 1723 2039 1776 2070; x_wconf 90' lang='lat' dir='ltr'>est,</span> 
     </span>
     <span class='ocr_line' id='line_1_93' title="bbox 997 2082 1775 2118; baseline -0.004 -6"><span class='ocrx_word' id='word_1_619' title='bbox 997 2084 1048 2112; x_wconf 88' lang='lat' dir='ltr'>sed</span> <span class='ocrx_word' id='word_1_620' title='bbox 1071 2084 1159 2111; x_wconf 88' lang='lat' dir='ltr'>etiam</span> <span class='ocrx_word' id='word_1_621' title='bbox 1181 2083 1218 2110; x_wconf 88' lang='lat' dir='ltr'>de</span> <span class='ocrx_word' id='word_1_622' title='bbox 1238 2082 1373 2110; x_wconf 85' lang='lat' dir='ltr'>sensibus</span> <span class='ocrx_word' id='word_1_623' title='bbox 1398 2082 1610 2109; x_wconf 86' lang='lat' dir='ltr'>interioribus:</span> <span class='ocrx_word' id='word_1_624' title='bbox 1629 2083 1699 2118; x_wconf 84' lang='lat' dir='ltr'>quia</span> <span class='ocrx_word' id='word_1_625' title='bbox 1721 2091 1775 2110; x_wconf 91' lang='lat' dir='ltr'>nec</span> 
     </span>
     <span class='ocr_line' id='line_1_94' title="bbox 997 2128 1775 2162; baseline -0.004 -4"><span class='ocrx_word' id='word_1_626' title='bbox 997 2131 1052 2158; x_wconf 90' lang='lat' dir='ltr'>sub</span> <span class='ocrx_word' id='word_1_627' title='bbox 1068 2131 1179 2158; x_wconf 89' lang='lat' dir='ltr'>ratione</span> <span class='ocrx_word' id='word_1_628' title='bbox 1195 2129 1290 2157; x_wconf 87' lang='lat' dir='ltr'>dulcis</span> <span class='ocrx_word' id='word_1_629' title='bbox 1302 2129 1348 2156; x_wconf 61' lang='lat' dir='ltr'>vel</span> <span class='ocrx_word' id='word_1_630' title='bbox 1366 2129 1540 2162; x_wconf 80' lang='lat' dir='ltr'>odorabiliS,</span> <span class='ocrx_word' id='word_1_631' title='bbox 1556 2129 1616 2155; x_wconf 87' lang='lat' dir='ltr'>sive</span> <span class='ocrx_word' id='word_1_632' title='bbox 1632 2128 1775 2156; x_wconf 88' lang='lat' dir='ltr'>olsactibi-</span> 
     </span>
     <span class='ocr_line' id='line_1_95' title="bbox 997 2175 1773 2213; baseline -0.003 -9"><span class='ocrx_word' id='word_1_633' title='bbox 997 2177 1047 2211; x_wconf 90' lang='lat' dir='ltr'>lis,</span> <span class='ocrx_word' id='word_1_634' title='bbox 1065 2177 1147 2213; x_wconf 88' lang='lat' dir='ltr'>quod</span> <span class='ocrx_word' id='word_1_635' title='bbox 1160 2176 1240 2204; x_wconf 89' lang='lat' dir='ltr'>idem</span> <span class='ocrx_word' id='word_1_636' title='bbox 1257 2178 1315 2210; x_wconf 81' lang='lat' dir='ltr'>est,</span> <span class='ocrx_word' id='word_1_637' title='bbox 1333 2175 1380 2203; x_wconf 79' lang='lat' dir='ltr'>vel</span> <span class='ocrx_word' id='word_1_638' title='bbox 1396 2175 1528 2210; x_wconf 82' lang='lat' dir='ltr'>pulchri,</span> <span class='ocrx_word' id='word_1_639' title='bbox 1543 2175 1590 2202; x_wconf 83' lang='lat' dir='ltr'>vel</span> <span class='ocrx_word' id='word_1_640' title='bbox 1604 2175 1773 2210; x_wconf 87' lang='lat' dir='ltr'>melodiosi,</span> 
     </span>
     <span class='ocr_line' id='line_1_96' title="bbox 997 2221 1773 2258; baseline -0.004 -7"><span class='ocrx_word' id='word_1_641' title='bbox 997 2224 1043 2251; x_wconf 76' lang='lat' dir='ltr'>vel</span> <span class='ocrx_word' id='word_1_642' title='bbox 1058 2223 1157 2251; x_wconf 88' lang='lat' dir='ltr'>suavis</span> <span class='ocrx_word' id='word_1_643' title='bbox 1172 2223 1233 2258; x_wconf 90' lang='lat' dir='ltr'>ipsc</span> <span class='ocrx_word' id='word_1_644' title='bbox 1247 2223 1320 2249; x_wconf 86' lang='lat' dir='ltr'>Deus</span> <span class='ocrx_word' id='word_1_645' title='bbox 1334 2221 1520 2248; x_wconf 78' lang='lat' dir='ltr'>beatissimus</span> <span class='ocrx_word' id='word_1_646' title='bbox 1531 2221 1773 2257; x_wconf 87' lang='lat' dir='ltr'>apprehenditur,</span> 
     </span>
     <span class='ocr_line' id='line_1_97' title="bbox 997 2267 1773 2304; baseline -0.001 -7"><span class='ocrx_word' id='word_1_647' title='bbox 997 2279 1066 2298; x_wconf 84' lang='lat' dir='ltr'>cum</span> <span class='ocrx_word' id='word_1_648' title='bbox 1093 2270 1154 2297; x_wconf 78' lang='lat' dir='ltr'>haec</span> <span class='ocrx_word' id='word_1_649' title='bbox 1183 2269 1283 2296; x_wconf 90' lang='lat' dir='ltr'>omnia</span> <span class='ocrx_word' id='word_1_650' title='bbox 1308 2267 1542 2303; x_wconf 78' lang='lat' dir='ltr'>apprehensione</span> <span class='ocrx_word' id='word_1_651' title='bbox 1562 2268 1682 2295; x_wconf 82' lang='lat' dir='ltr'>rationis</span> <span class='ocrx_word' id='word_1_652' title='bbox 1700 2277 1773 2304; x_wconf 82' lang='lat' dir='ltr'>proe-</span> 
     </span>
     <span class='ocr_line' id='line_1_98' title="bbox 997 2314 1773 2351; baseline 0 -7"><span class='ocrx_word' id='word_1_653' title='bbox 997 2317 1045 2345; x_wconf 87' lang='lat' dir='ltr'>via</span> <span class='ocrx_word' id='word_1_654' title='bbox 1059 2316 1240 2351; x_wconf 82' lang='lat' dir='ltr'>dirigantur,</span> <span class='ocrx_word' id='word_1_655' title='bbox 1257 2317 1285 2342; x_wconf 85' lang='lat' dir='ltr'>ct</span> <span class='ocrx_word' id='word_1_656' title='bbox 1306 2315 1367 2342; x_wconf 80' lang='lat' dir='ltr'>hoec</span> <span class='ocrx_word' id='word_1_657' title='bbox 1387 2314 1499 2342; x_wconf 87' lang='lat' dir='ltr'>unitiva</span> <span class='ocrx_word' id='word_1_658' title='bbox 1519 2315 1714 2351; x_wconf 82' lang='lat' dir='ltr'>apprehensio</span> <span class='ocrx_word' id='word_1_659' title='bbox 1739 2316 1773 2344; x_wconf 88' lang='lat' dir='ltr'>sit</span> 
     </span>
     <span class='ocr_line' id='line_1_99' title="bbox 997 2361 1770 2399; baseline -0.003 -8"><span class='ocrx_word' id='word_1_660' title='bbox 997 2371 1085 2399; x_wconf 82' lang='lat' dir='ltr'>supra</span> <span class='ocrx_word' id='word_1_661' title='bbox 1106 2364 1233 2390; x_wconf 85' lang='lat' dir='ltr'>mentem</span> <span class='ocrx_word' id='word_1_662' title='bbox 1260 2363 1287 2389; x_wconf 92' lang='lat' dir='ltr'>et</span> <span class='ocrx_word' id='word_1_663' title='bbox 1307 2361 1466 2394; x_wconf 86' lang='lat' dir='ltr'>rationem,</span> <span class='ocrx_word' id='word_1_664' title='bbox 1489 2361 1563 2389; x_wconf 81' lang='lat' dir='ltr'>sicut</span> <span class='ocrx_word' id='word_1_665' title='bbox 1585 2361 1695 2389; x_wconf 89' lang='lat' dir='ltr'>dictum</span> <span class='ocrx_word' id='word_1_666' title='bbox 1721 2364 1770 2390; x_wconf 90' lang='lat' dir='ltr'>est.</span> 
     </span>
     <span class='ocr_line' id='line_1_100' title="bbox 997 2407 1773 2446; baseline -0.001 -9"><span class='ocrx_word' id='word_1_667' title='bbox 997 2411 1116 2446; x_wconf 88' lang='lat' dir='ltr'>Oportet</span> <span class='ocrx_word' id='word_1_668' title='bbox 1123 2417 1194 2444; x_wconf 85' lang='lat' dir='ltr'>ergo</span> <span class='ocrx_word' id='word_1_669' title='bbox 1201 2407 1416 2444; x_wconf 86' lang='lat' dir='ltr'>speculativum</span> <span class='ocrx_word' id='word_1_670' title='bbox 1427 2407 1605 2443; x_wconf 83' lang='lat' dir='ltr'>discipulum</span> <span class='ocrx_word' id='word_1_671' title='bbox 1616 2408 1692 2435; x_wconf 88' lang='lat' dir='ltr'>hanc</span> <span class='ocrx_word' id='word_1_672' title='bbox 1701 2408 1773 2436; x_wconf 91' lang='lat' dir='ltr'>alibi</span> 
     </span>
     <span class='ocr_line' id='line_1_101' title="bbox 996 2454 1773 2490; baseline -0.004 -6"><span class='ocrx_word' id='word_1_673' title='bbox 996 2456 1114 2484; x_wconf 89' lang='lat' dir='ltr'>haurire</span> <span class='ocrx_word' id='word_1_674' title='bbox 1139 2454 1327 2490; x_wconf 81' lang='lat' dir='ltr'>sapientiam,</span> <span class='ocrx_word' id='word_1_675' title='bbox 1351 2462 1441 2490; x_wconf 89' lang='lat' dir='ltr'>quam</span> <span class='ocrx_word' id='word_1_676' title='bbox 1462 2454 1492 2481; x_wconf 91' lang='lat' dir='ltr'>in</span> <span class='ocrx_word' id='word_1_677' title='bbox 1516 2454 1557 2481; x_wconf 91' lang='lat' dir='ltr'>eis</span> <span class='ocrx_word' id='word_1_678' title='bbox 1577 2462 1643 2490; x_wconf 79' lang='lat' dir='ltr'>quae</span> <span class='ocrx_word' id='word_1_679' title='bbox 1665 2462 1773 2490; x_wconf 87' lang='lat' dir='ltr'>appre-</span> 
     </span>
     <span class='ocr_line' id='line_1_102' title="bbox 996 2500 1770 2537; baseline -0.006 -5"><span class='ocrx_word' id='word_1_680' title='bbox 996 2504 1170 2531; x_wconf 88' lang='lat' dir='ltr'>hensionem</span> <span class='ocrx_word' id='word_1_681' title='bbox 1191 2501 1378 2537; x_wconf 78' lang='lat' dir='ltr'>speculativoe</span> <span class='ocrx_word' id='word_1_682' title='bbox 1398 2500 1573 2536; x_wconf 85' lang='lat' dir='ltr'>cognitionis</span> <span class='ocrx_word' id='word_1_683' title='bbox 1594 2500 1770 2536; x_wconf 85' lang='lat' dir='ltr'>respiciunt:</span> 
     </span>
     <span class='ocr_line' id='line_1_103' title="bbox 997 2547 1772 2584; baseline -0.005 -6"><span class='ocrx_word' id='word_1_684' title='bbox 997 2550 1063 2578; x_wconf 87' lang='lat' dir='ltr'>etin</span> <span class='ocrx_word' id='word_1_685' title='bbox 1074 2550 1130 2577; x_wconf 89' lang='lat' dir='ltr'>hoc</span> <span class='ocrx_word' id='word_1_686' title='bbox 1140 2550 1261 2584; x_wconf 86' lang='lat' dir='ltr'>apparet</span> <span class='ocrx_word' id='word_1_687' title='bbox 1275 2547 1363 2582; x_wconf 84' lang='lat' dir='ltr'>hujus</span> <span class='ocrx_word' id='word_1_688' title='bbox 1377 2547 1525 2583; x_wconf 84' lang='lat' dir='ltr'>sapientiae</span> <span class='ocrx_word' id='word_1_689' title='bbox 1538 2547 1612 2574; x_wconf 87' lang='lat' dir='ltr'>mira</span> <span class='ocrx_word' id='word_1_690' title='bbox 1626 2550 1654 2574; x_wconf 89' lang='lat' dir='ltr'>et</span> <span class='ocrx_word' id='word_1_691' title='bbox 1668 2555 1772 2583; x_wconf 89' lang='lat' dir='ltr'>appre-</span> 
     </span>
     <span class='ocr_line' id='line_1_104' title="bbox 998 2593 1771 2629; baseline -0.003 -5"><span class='ocrx_word' id='word_1_692' title='bbox 998 2596 1098 2624; x_wconf 87' lang='lat' dir='ltr'>tianda</span> <span class='ocrx_word' id='word_1_693' title='bbox 1111 2595 1261 2628; x_wconf 79' lang='lat' dir='ltr'>nobilitas,</span> <span class='ocrx_word' id='word_1_694' title='bbox 1278 2596 1305 2621; x_wconf 85' lang='lat' dir='ltr'>et</span> <span class='ocrx_word' id='word_1_695' title='bbox 1319 2594 1453 2629; x_wconf 90' lang='lat' dir='ltr'>ejusdem</span> <span class='ocrx_word' id='word_1_696' title='bbox 1468 2593 1606 2621; x_wconf 90' lang='lat' dir='ltr'>divinitas</span> <span class='ocrx_word' id='word_1_697' title='bbox 1612 2613 1621 2628; x_wconf 94' lang='lat'>,</span> <span class='ocrx_word' id='word_1_698' title='bbox 1637 2595 1665 2621; x_wconf 90' lang='lat' dir='ltr'>et</span> <span class='ocrx_word' id='word_1_699' title='bbox 1679 2601 1771 2629; x_wconf 87' lang='lat' dir='ltr'>quare</span> 
     </span>
     <span class='ocr_line' id='line_1_105' title="bbox 997 2639 1769 2677; baseline -0.003 -7"><span class='ocrx_word' id='word_1_700' title='bbox 997 2642 1180 2671; x_wconf 89' lang='lat' dir='ltr'>divinissima</span> <span class='ocrx_word' id='word_1_701' title='bbox 1194 2642 1224 2669; x_wconf 93' lang='lat' dir='ltr'>in</span> <span class='ocrx_word' id='word_1_702' title='bbox 1246 2641 1421 2669; x_wconf 86' lang='lat' dir='ltr'>diffinitione</span> <span class='ocrx_word' id='word_1_703' title='bbox 1436 2640 1566 2676; x_wconf 89' lang='lat' dir='ltr'>Dionysii</span> <span class='ocrx_word' id='word_1_704' title='bbox 1587 2639 1769 2677; x_wconf 83' lang='lat' dir='ltr'>appellatur,</span> 
     </span>
    </p>
   </div>
  </div>
 </body>
</html>
