2004 3037
502 189 551 221 DE
572 187 765 220 OPERIBUS
786 186 1030 220 CONDITORIS.
1054 187 1139 219 CAP.
1163 188 1373 222 XLIII-XLIV.

137 254 233 284 intusa
255 255 424 290 Salomoni,
439 256 467 283 et
489 255 610 284 virtutes
622 254 797 290 theologicae
812 253 909 282 conse-

137 303 242 330 runtur
256 302 388 338 quotidie
402 301 533 338 parvulis
546 301 578 329 in
592 301 741 337 baptismo
753 322 761 336 ,
778 302 806 329 et
821 300 910 328 etiam

137 348 348 384 poenitentibus
370 348 401 376 in
425 347 632 384 justificatione
656 357 663 376 :
687 350 713 376 et
737 355 773 375 ex
796 347 910 376 actibus

137 402 199 422 non
223 397 399 430 generantur
424 394 496 422 tales
517 394 656 429 habitus3
681 394 735 421 sed
759 394 875 430 pottus,
894 401 910 422 e

138 448 301 476 converso,
317 449 353 469 ex
370 440 478 469 talibus
498 440 648 468 habitibus
663 439 819 468 eliciuntur
837 439 910 468 boni

138 489 220 515 actus
234 495 270 515 ex
284 487 430 524 potentiis.
451 487 531 515 Unde
550 487 582 514 in
595 486 746 515 habitibus
761 485 910 522 acquisitis

138 533 291 569 sequitur:
312 533 417 568 Quales
439 535 506 561 sunt
528 535 625 567 actus,
639 533 712 562 tales
735 533 847 560 suntet
862 532 911 560 ha-

137 579 225 607 bitus.
242 579 298 608 Sed
317 580 347 608 in
362 579 513 607 habitibus
531 579 633 607 infusis
652 581 694 607 est
708 578 889 607 contrarium
901 598 911 613 ‚

138 625 261 660 scilicet,
274 626 376 662 quales
390 627 458 654 sunt
470 625 597 660 habitus,
610 625 683 653 tales
694 627 762 653 sunt
776 626 804 652 et
818 626 910 652 actus.

138 673 185 700 Est
199 673 296 699 tamen
309 680 428 706 verum,
444 671 527 708 quod
547 671 621 699 sicut
639 671 758 699 habitus
776 669 911 706 acquisiti

139 720 316 753 generantur
329 726 382 754 per
401 720 497 752 aetus,
511 718 551 746 ita
566 720 593 746 et
607 719 749 753 generant
763 716 892 745 actiones
902 737 911 750 ‚

138 763 191 792 sed
205 771 266 792 non
277 764 459 799 meritorias,
474 765 505 792 in
517 766 663 800 quantum
672 764 746 792 tales
759 763 912 800 passiones

139 812 206 838 sunt
217 811 304 839 illatae
314 811 352 840 ab
364 811 538 839 extrinseco.
551 813 640 839 Vocat
651 813 749 839 autem
759 810 913 847 passiones

139 857 334 894 Philosophus
349 858 428 894 ipsas
447 858 630 894 receptiones
650 857 846 892 objectorum.
863 858 914 885 Su-

139 905 260 932 muntur
278 906 307 932 et
331 904 416 932 aliter
435 904 603 941 passiones,
618 906 649 932 ut
670 904 805 932 dicantur
825 903 913 932 affec-

139 949 252 986 tiones,
275 951 350 979 sicut
374 950 479 986 dolor,
504 951 611 985 timor,
632 952 659 978 et
681 958 768 986 spes,
793 952 821 977 et
841 957 913 985 gau-

140 995 232 1024 dium.

383 1066 525 1100 CAPUT
549 1066 667 1100 XLIII.

256 1150 294 1177 De
311 1150 451 1177 Divisione
477 1149 661 1176 Potentiarum
679 1149 797 1176 Animoe.

176 1230 256 1256 Nune
272 1228 311 1256 ad
330 1228 507 1256 divisionem
525 1228 726 1264 potentiarum
747 1228 853 1256 animae
867 1235 915 1255 ac-

141 1275 290 1303 cedamus.
305 1275 500 1312 Philosophus
511 1283 581 1310 ergo
591 1275 795 1311 principaliter
809 1274 916 1302 dividit

142 1322 248 1350 animae
267 1322 410 1357 potentias
434 1322 464 1349 in
489 1321 678 1356 cogitativam
703 1323 731 1349 et
750 1321 915 1356 motivam,

143 1376 217 1404 quas
241 1368 396 1403 theologus
421 1368 551 1403 appellat
574 1367 755 1395 intellectum
776 1370 803 1395 et
825 1368 914 1395 affec-

142 1416 223 1442 tum:
240 1414 338 1450 ipsum
352 1416 451 1441 autem
466 1414 604 1441 affectum
627 1413 766 1448 intelligit
779 1414 917 1442 volunta-

144 1462 212 1488 tem.
224 1460 352 1488 Potentia
363 1462 461 1488 autem
472 1460 577 1488 animae
588 1462 656 1487 tunc
672 1460 778 1487 dicitur
787 1460 917 1488 intellec-

145 1508 200 1540 tus,
217 1507 288 1534 dum
304 1508 346 1533 est
358 1506 571 1542 apprehensiva
583 1515 591 1540 ;
608 1508 636 1533 et
650 1506 756 1533 dicitur
767 1506 915 1540 voluntas,

145 1552 216 1579 dum
228 1554 271 1580 est
279 1552 398 1580 motiva.
409 1553 494 1580 Item:
505 1551 642 1587 quaedam
651 1554 718 1580 sunt
726 1552 803 1579 vires
811 1552 917 1580 animae

144 1600 284 1634 separatae
293 1607 310 1626 a
320 1600 494 1634 corpore‚ut
501 1597 589 1632 velle,
597 1600 624 1625 et
633 1598 807 1634 intelligere,
816 1607 917 1626 secun-

146 1645 217 1673 dum
233 1654 307 1681 quas
322 1646 422 1673 anima
436 1653 497 1673 non
513 1645 602 1673 utitur
612 1654 748 1682 corpore,
762 1647 814 1674 sed
828 1647 917 1675 utitur

144 1692 235 1720 utenti
259 1700 401 1728 corpore,
418 1692 528 1719 scilicet
544 1692 700 1727 phantasia
712 1714 720 1727 ,
737 1701 803 1728 quae
823 1693 863 1720 sic
887 1701 917 1721 se

143 1738 234 1767 habet
251 1739 290 1766 ad
303 1738 497 1772 intellectum,
515 1739 589 1766 sicut
606 1739 689 1766 color
704 1739 743 1766 ad
757 1739 870 1773 visum,
887 1742 918 1767 ut

145 1785 184 1812 ait
195 1785 398 1820 Philosophus.
409 1785 549 1818 Quasdam
562 1793 633 1812 vero
644 1787 711 1812 sunt
720 1785 918 1821 viresinsepa-

144 1831 252 1859 rabiles
267 1840 284 1859 a
298 1840 439 1867 corpore,
452 1833 484 1858 ut
508 1831 687 1866 vegetabiles
708 1834 735 1859 et
754 1832 916 1867 sensibiles,

145 1880 173 1905 et
187 1880 331 1913 quantum
345 1878 384 1905 ad
397 1878 566 1912 essentiam,
585 1880 612 1905 et
627 1880 772 1913 quantum
787 1879 826 1906 ad
847 1887 918 1914 ope-

144 1924 303 1958 rationem,
318 1927 350 1952 ut
363 1924 393 1951 in
408 1925 510 1951 brutis.
527 1924 584 1952 Sed
598 1925 629 1951 in
642 1925 763 1951 homine
779 1933 918 1960 separan-

145 1971 191 1997 tur
205 1970 281 1998 vires
295 1971 356 1998 istae
370 1979 387 1998 a
402 1979 527 2006 corpore
541 1972 685 2006 quantum
698 1971 737 1998 ad
749 1972 916 2006 essentiam,

144 2016 212 2044 licet
235 2016 334 2044 anima
358 2017 543 2052 operationes
568 2025 671 2044 earum
698 2025 832 2044 exercerc
857 2025 918 2045 non

144 2062 237 2098 possit
251 2065 332 2090 extra
346 2071 462 2098 corpus.
485 2063 516 2089 ln
534 2062 628 2090 brutis
651 2071 722 2090 vero
747 2063 918 2099 simpliciter

143 2111 268 2144 pereunt
296 2111 440 2144 quantum
464 2108 504 2136 ad
531 2110 700 2144 utrumque.
725 2110 796 2136 Item
819 2110 918 2137 a‘nima

144 2155 288 2191 potentias
303 2155 449 2191 quasdam
469 2154 559 2182 habet
579 2162 753 2182 communes
768 2163 836 2182 cum
850 2155 919 2183 bru-

145 2201 180 2229 tis
196 2222 205 2235 ,
230 2204 262 2229 ut
289 2203 331 2229 est
357 2201 531 2229 sensualitas
541 2221 550 2234 ,
578 2208 681 2228 sensus
707 2201 891 2237 particularis
907 2223 916 2236 ,

146 2255 247 2275 sensus
270 2248 455 2282 communis,
481 2248 654 2283 imaginatio
669 2269 678 2283 ,
702 2248 866 2283 memoria,
891 2251 918 2276 et

145 2294 297 2322 aestimatio
316 2304 324 2330 3
356 2294 501 2330 quasdam
535 2294 626 2322 habet
655 2302 718 2322 non
745 2303 917 2323 communes

145 2348 213 2368 cum
227 2341 301 2375 illiS,
317 2343 350 2368 ut
370 2343 411 2368 est
429 2340 503 2368 ratio
524 2342 552 2368 et
571 2340 752 2376 intellectus,
768 2343 796 2369 et
816 2341 916 2377 hujus-

145 2387 237 2414 modi.
255 2388 325 2414 ltem
341 2387 440 2415 anima
454 2387 545 2414 habet
559 2387 636 2415 vires
655 2387 802 2423 quasdam
816 2388 917 2423 quoad

146 2440 194 2467 se,
207 2435 239 2461 ut
253 2435 295 2461 est
314 2433 405 2468 ratio,
423 2433 579 2467 voluntas,
594 2433 723 2461 liberum
741 2433 894 2462 arbitrium
907 2445 916 2469 ;

147 2479 291 2513 quasdam
304 2479 394 2507 habet
408 2479 517 2515 quibus
532 2479 650 2515 corpori
664 2480 869 2515 permiscetur,
886 2482 918 2509 ut

147 2526 189 2552 est
201 2525 246 2552 vis
259 2526 415 2559 naturalis,
428 2525 539 2560 vitalis,
554 2527 582 2553 et
595 2525 745 2561 animalis,
757 2526 794 2554 de
807 2527 917 2562 quibus

148 2569 258 2598 dictum
281 2574 324 2599 est
345 2580 444 2607 supra.
470 2574 510 2599 Ex
530 2572 592 2606 Jam
613 2571 696 2599 dictis
719 2574 816 2608 patet,
834 2574 916 2609 quod

147 2617 284 2651 potentiae
315 2618 451 2653 quaedam
484 2620 550 2645 sunt
576 2619 723 2652 organicae
743 2641 751 2652 ‚
780 2621 916 2655 quaedam

1682 187 1740 218 109

967 261 1038 282 non.
1060 255 1130 282 Item
1154 263 1190 283 ex
1212 255 1358 291 praedictis
1379 255 1486 291 collige
1501 277 1511 290 ‚
1534 255 1617 292 quod
1640 253 1740 282 anima

966 300 1118 328 rationalis
1133 309 1236 330 omnes
1254 303 1400 338 potentias
1418 301 1509 330 habet
1530 301 1636 330 animae
1655 307 1742 335 vege-

967 347 1065 375 tabilis
1081 350 1108 375 et
1123 348 1269 376 sensibilis
1279 358 1287 384 3
1304 349 1357 376 sed
1372 356 1433 377 non
1448 349 1477 376 in
1493 350 1636 385 quantum
1654 347 1740 375 ratio-

967 393 1042 421 nalis
1058 396 1122 429 est,
1143 403 1265 429 verum,
1287 395 1318 422 in
1339 397 1483 431 quantum
1506 393 1658 422 rationalis
1679 395 1740 429 est,

968 439 1051 468 addit
1065 440 1243 468 intellectum
1265 443 1292 468 et
1306 440 1432 468 liberum
1456 440 1630 475 arbitrium,
1647 442 1674 468 et
1687 439 1741 468 hu-

964 486 1108 521 jusmodi.
1131 488 1162 515 Et
1186 487 1242 514 hoc
1271 489 1313 514 est
1337 486 1421 523 quod
1449 486 1518 514 dicit
1541 486 1740 522 Gregorius¹2

971 543 983 558 «
999 533 1113 568 Omnis,
1127 533 1237 570 inquit,
1253 535 1393 561 creaturae
1409 532 1524 568 aliquid
1538 532 1640 560 homo.
1653 532 1742 560 Habet

967 587 1098 615 namque
1113 580 1204 608 homo
1224 587 1382 608 commune
1404 587 1464 607 esse
1488 587 1555 607 cum
1574 578 1740 614 lapidibus,

969 625 1068 653 vivere
1084 634 1153 654 cum
1167 626 1340 660 arboribuS‚
1353 626 1460 653 sentire
1471 633 1538 653 cum
1552 624 1742 658 animalibus,

967 671 1130 707 intelligere
1154 680 1222 700 cum
1245 671 1368 707 angelis.
1385 682 1398 698 n
1417 670 1570 707 Quidquid
1591 670 1670 698 enim
1684 670 1743 698 vir-

969 718 1036 746 tutis
1051 720 1102 746 aut
1121 719 1283 747 nobilitatis
1304 719 1415 747 habent
1435 720 1548 746 naturae
1570 717 1743 752 inferiores,

968 764 1079 793 habent
1093 767 1120 793 et
1134 765 1300 801 superiores
1313 787 1321 800 ,
1345 765 1398 793 sed
1420 764 1587 801 perfectiori
1610 763 1702 792 modo
1717 766 1745 792 et

968 811 1109 839 nobiliori
1121 821 1129 846 ;
1148 814 1175 839 et
1190 812 1274 848 quod
1289 813 1412 847 possunt
1434 811 1586 839 inferiores
1596 831 1605 845 ,
1622 812 1745 846 possunt

969 859 997 885 et
1007 858 1190 893 superiores,
1203 858 1256 885 sed
1267 858 1408 886 nobiliori
1419 860 1446 885 et
1460 856 1626 894 perfectiori
1640 855 1742 884 modo.

970 905 1090 940 Propter
1104 905 1162 932 hoc
1176 904 1364 932 manifestum
1379 906 1436 939 est,
1453 903 1537 940 quod
1551 911 1654 930 omnes
1668 902 1745 930 vires

971 951 1080 986 quibus
1104 952 1361 978 communicamus
1382 958 1450 978 cum
1472 949 1583 984 brutiS,
1606 948 1746 977 differunt

970 998 1067 1033 specie
1078 1018 1087 1032 ,
1102 999 1191 1033 prout
1204 997 1314 1025 suntin
1329 997 1431 1031 nobis,
1449 998 1476 1024 et
1490 996 1521 1023 in
1533 995 1637 1024 brutis,

1216 1091 1356 1124 CAPUT
1380 1091 1498 1124 XLIV.

1180 1163 1218 1189 De
1237 1163 1367 1189 Potentiz's
1386 1162 1540 1196 coquitivz's.

1008 1230 1139 1262 Quatuor
1162 1229 1348 1264 assignantur
1373 1229 1545 1257 differentiae
1567 1228 1680 1256 virtutis
1699 1228 1745 1255 in-

971 1275 1132 1304 tellectivae.
1158 1275 1255 1303 Prima
1278 1276 1444 1311 assignatur
1469 1275 1634 1303 secundum
1660 1274 1746 1301 diffe-

970 1323 1097 1350 rentiam
1111 1324 1238 1357 naturae,
1253 1324 1281 1350 et
1306 1322 1346 1350 sic
1367 1322 1531 1350 intellectus
1553 1321 1695 1349 dividitur
1717 1320 1748 1348 in

971 1371 1110 1405 agentem
1129 1371 1156 1396 et
1178 1370 1364 1405 possibilem.
1387 1370 1522 1398 Secunda
1543 1370 1629 1397 datur
1644 1376 1748 1396 secun-

973 1416 1045 1443 dum
1061 1416 1259 1443 differentiam
1280 1416 1404 1451 objecti,
1420 1419 1448 1444 et
1473 1416 1514 1444 sic
1538 1415 1680 1443 dividitur
1705 1415 1748 1442 in-

972 1462 1105 1490 tellectus
1129 1462 1160 1489 in
1184 1462 1400 1498 speculativum
1420 1464 1447 1490 et
1469 1462 1640 1498 practicum.
1656 1460 1748 1489 Tertia

973 1509 1138 1543 assignatur
1162 1509 1327 1536 secundum
1353 1508 1551 1535 differentiam
1580 1507 1746 1542 dignitatis,

973 1557 1001 1582 et
1024 1555 1064 1582 sic
1086 1555 1227 1582 dividitur
1249 1555 1324 1582 ratio
1343 1555 1373 1581 in
1392 1556 1507 1589 partem
1521 1554 1704 1589 superiorem
1721 1554 1749 1580 et

973 1601 1152 1629 inferiorem.
1170 1602 1277 1634 Quarta
1301 1601 1387 1628 datur
1408 1600 1573 1628 secundum
1596 1607 1748 1635 compara-

973 1648 1084 1676 tionem
1097 1648 1136 1675 ad
1151 1649 1266 1682 actum,
1284 1648 1311 1674 et
1324 1647 1364 1674 sic
1380 1647 1521 1674 dividitur
1539 1646 1702 1673 intellectus
1717 1645 1748 1673 in

973 1694 1108 1721 habitum
1130 1696 1158 1721 et
1180 1693 1211 1721 in
1231 1695 1349 1721 actum:
1366 1693 1397 1720 in
1411 1693 1546 1721 habitum
1560 1692 1699 1728 quidem,
1717 1693 1749 1719 ut

973 1740 1064 1776 possit
1079 1740 1243 1775 intelligere
1259 1740 1381 1776 quando
1398 1739 1462 1767 vult
1474 1749 1481 1774 ;
1498 1740 1528 1766 in
1542 1741 1639 1767 actum
1655 1746 1726 1766 vero
1736 1759 1746 1773 ,

974 1794 1042 1814 cum
1063 1786 1214 1814 actualiter
1234 1786 1273 1813 ad
1298 1786 1462 1821 intelligere
1486 1794 1516 1813 se
1539 1784 1700 1819 convertit,
1724 1786 1752 1812 et

974 1833 1014 1860 ad
1040 1832 1237 1868 intelligibile.
1259 1831 1425 1860 Differentia
1448 1840 1519 1860 vero
1541 1831 1705 1859 intellectus
1719 1830 1751 1858 in

952 1899 956 1901 Δ
974 1879 1094 1914 effectu,
1109 1881 1136 1907 et
1150 1880 1212 1914 ejus
1226 1879 1277 1915 qui
1292 1879 1399 1907 dicitur
1411 1879 1547 1914 adeptus,
1564 1878 1689 1905 sumitur
1704 1885 1750 1904 se-

974 1925 1108 1953 cundum
1136 1926 1282 1960 maj0rem
1310 1928 1337 1953 et
1364 1925 1511 1953 minorem
1538 1924 1751 1960 perfectionem

974 1971 1066 2007 ipsius
1082 1972 1246 1999 intellectus
1259 1972 1420 2007 possibilis.
1436 1973 1508 1999 Nam
1531 1979 1599 1998 cum
1620 1970 1751 1998 intellec-

974 2020 1019 2045 tus
1034 2018 1185 2054 possibilis
1199 2018 1303 2054 recipit
1317 2019 1428 2054 species
1451 2026 1519 2045 cum
1540 2017 1652 2044 lumine
1668 2016 1751 2043 intel-

974 2063 1066 2092 lectus
1076 2065 1202 2099 agentis,
1217 2067 1286 2092 tunc
1299 2064 1405 2092 dicitur
1416 2064 1579 2091 intellectus
1593 2063 1623 2090 in
1634 2062 1750 2096 effectu,

975 2112 1002 2137 et
1017 2110 1106 2138 etiam
1121 2110 1151 2137 in
1166 2110 1270 2137 habitu
1282 2120 1290 2145 3
1306 2110 1469 2138 intellectus
1487 2118 1558 2138 vero
1569 2131 1578 2144 ,
1594 2118 1661 2137 cum
1676 2109 1749 2137 reci-

973 2156 1016 2191 pit
1036 2156 1163 2191 perfecte
1188 2156 1291 2184 lumen
1314 2156 1479 2184 secundum
1500 2156 1658 2184 formalem
1681 2163 1749 2183 con-

971 2203 1174 2238 junctionem,
1190 2206 1258 2231 tunc
1278 2205 1402 2230 vocatur
1423 2203 1588 2230 intellectus
1611 2203 1745 2238 adeptus.

975 2249 1133 2284 Diligenter
1156 2252 1255 2278 autem
1282 2250 1448 2277 notandum
1471 2251 1513 2277 est
1535 2249 1618 2285 quod
1643 2257 1746 2277 omnes

974 2295 1146 2324 differentiae
1164 2296 1365 2324 intellectuum
1381 2296 1444 2330 jam
1465 2295 1610 2331 praedictae
1626 2303 1746 2323 sumun-

974 2345 1034 2377 tur,
1059 2343 1107 2371 vel
1122 2343 1286 2370 secundum
1308 2345 1425 2376 actum,
1447 2342 1494 2369 vel
1514 2342 1678 2369 secundum
1692 2342 1745 2370 ha-

973 2389 1084 2424 bitum,
1098 2389 1146 2417 vel
1167 2389 1330 2417 seeundum
1350 2388 1476 2416 modum
1496 2388 1680 2424 intelligendi
1696 2397 1703 2415 :
1719 2390 1746 2416 et

973 2435 1055 2463 nulla
1075 2436 1200 2463 sumitur
1223 2435 1386 2462 secundum
1408 2434 1585 2462 divisionem
1608 2434 1757 2470 potentiae·

974 2481 1139 2517 cognitivae,
1152 2481 1209 2508 nisi
1223 2481 1320 2517 prima
1334 2483 1458 2515 tantum,
1475 2480 1638 2508 secundum
1653 2488 1745 2516 quam

973 2528 1114 2557 dividitur
1128 2528 1160 2556 in
1174 2529 1310 2563 agentem
1325 2528 1353 2555 et
1366 2527 1549 2563 possibilem.

1007 2628 1110 2658 ¹Greg.,
1126 2628 1150 2650 in
1165 2626 1272 2656 Evany„
1287 2626 1357 2650 hom.
1372 2630 1445 2655 xxtx,
1459 2627 1517 2649 ante
1535 2624 1604 2650 med.
