2004 3037
883 221 1013 256 CAPUT
1034 222 1170 259 xcvm:

241 292 387 331 Superbia.
404 291 570 321 volentium
590 290 738 320 aedificare
762 290 869 320 turrim
888 299 984 329 usque

205 341 246 370 ad
263 340 374 370 coelum
395 339 538 368 damnata
555 338 611 367 fuit
628 346 683 375 per
703 337 909 367 confusionem
928 339 986 368 lin-

205 396 343 425 guarum.
361 387 439 421 Gen„
454 395 496 415 Χι.

241 436 320 470 Agar
335 433 444 462 ancilia
458 432 550 468 Sarai,
567 440 598 461 se
613 431 784 469 concepisse
799 433 916 469 videnS,
932 433 987 462 do-

206 483 320 512 minam
335 490 421 510 suam
436 480 579 517 despexit.
598 480 676 516 Gen„
691 488 756 514 xw,
771 482 798 510 4.

242 532 350 559 Contra
379 530 539 566 gloriantes
570 528 607 557 de
633 528 871 565 primogenitura
896 528 964 557 facit
977 549 987 563 ‚

206 578 290 614 quod
308 578 379 606 Cain
405 577 460 605 suit
479 577 566 604 natus
591 577 659 604 ante
673 576 746 604 Abel
762 597 770 611 ,
796 576 874 609 Gen„
894 584 920 604 ιν
934 585 942 611 ;
960 577 988 604 et

205 627 282 654 Esau
297 628 363 654 ante
378 624 485 658 Jacob,
503 624 581 658 Gen„
597 631 670 659 xxv3
687 625 714 651 et
725 623 816 651 Judas
830 622 885 651 fuit
900 631 989 659 quar-

205 672 355 708 togenitus
375 672 451 700 inter
464 671 542 699 filios
557 670 660 703 Israel,
686 670 765 705 Gen„
780 677 867 705 xx1x3
888 672 916 698 et
931 671 988 699 Ma-

204 727 306 748 nasses
328 719 408 747 filius
429 719 538 755 loseph
557 719 644 746 natus
661 717 716 746 fuit
740 719 806 745 ante
830 717 986 754 Ephraim,

205 766 258 802 qui
271 768 371 794 tamen
385 766 492 794 habuit
501 764 742 794 benedictionem
753 765 893 800 dexterae,
910 765 987 798 Gen„

204 821 311 850 xbvu13
337 815 364 842 et
390 813 483 841 David
507 812 650 840 minimus
674 811 749 840 inter
769 811 873 840 fratres
897 820 967 840 suos
979 833 988 846 ,

204 862 215 890 I
229 863 307 896 Req„
323 869 389 896 xv:;
410 862 439 889 et
457 860 589 889 Adonias
602 861 689 888 natus
703 859 758 888 fuit
773 861 839 888 ante
854 859 988 888 Salomo-

204 916 292 943 nem,
309 909 330 937 11
344 909 419 944 Req„
435 916 487 936 111:
505 909 532 936 et
546 907 588 935 sic
603 907 641 935 de
657 907 757 934 multis
773 906 848 935 aliis.

241 956 332 984 Nimis
361 956 490 992 superbe
517 954 672 991 respondit
700 954 814 982 Pharao
826 975 835 989 ,
864 954 988 990 quando

207 1003 280 1031 dixit
295 1012 302 1030 ι
322 1013 335 1028 «
349 1003 452 1031 Nescio
467 1002 643 1036 Dominum,
660 1003 689 1030 et
703 1001 792 1029 Israel
813 1008 875 1029 non
890 1001 988 1029 dimit-

205 1051 277 1077 tam.
293 1059 306 1076 »
329 1050 431 1084 Eoeod„
447 1057 476 1083 v,
489 1051 517 1076 2.

241 1097 375 1125 Rebellio
393 1098 478 1131 Core,
495 1098 523 1125 et
538 1096 665 1124 aliorum
686 1095 763 1123 facta
787 1097 890 1124 contra
908 1097 989 1132 Moy-

206 1153 276 1178 sen,
292 1153 328 1173 ex
346 1144 487 1180 superbia
505 1144 724 1180 processerunt.
745 1144 818 1171 Nam
839 1143 913 1171 dixit
932 1143 990 1171 illis

206 1193 320 1228 Moyses
336 1200 343 1220 ι
364 1191 506 1221 «Multum
521 1189 679 1227 erigimini,
694 1189 749 1218 filii
764 1190 841 1219 Levi.
858 1200 871 1218 »
892 1192 988 1226 Num„

206 1246 272 1272 xvi,
289 1240 315 1266 7.

243 1286 400 1313 Percussus
441 1284 614 1313 Abimelech
651 1284 770 1312 vocavit
807 1284 988 1320 armigerum

208 1341 306 1366 suum,
320 1335 347 1361 et
362 1333 401 1360 ait
415 1332 459 1360 illi
472 1341 478 1359 :
491 1341 505 1358 «
516 1332 634 1360 Percute
645 1339 704 1366 me,
715 1340 752 1359 ne
764 1331 889 1367 dicatur,
906 1331 990 1368 quod

208 1388 226 1408 a
239 1380 351 1408 femina
365 1379 542 1408 interfectus·
550 1387 627 1407 sum.
642 1389 656 1405 »
672 1379 777 1413 Judz’c.‚
793 1387 838 1414 ix,
854 1380 898 1407 54.

245 1428 312 1456 Saul
328 1428 411 1463 petiit
429 1436 447 1456 a
469 1426 625 1462 Samuele,
642 1429 674 1456 ut
688 1435 757 1455 eum
773 1436 875 1457 coram
895 1428 991 1457 senio-

210 1475 293 1504 ribus
307 1475 414 1512 populi
429 1475 599 1503 honoraret.
611 1476 621 1504 1
634 1476 714 1510 Rea„
729 1483 786 1504 xw.

244 1523 376 1552 Graviter
405 1522 460 1550 fuit
482 1522 621 1558 punitum
649 1522 786 1550 elationis
813 1524 969 1558 peccatum
980 1545 989 1558 ,

209 1570 332 1606 quando
349 1569 442 1597 David
453 1569 520 1597 fecit
531 1569 680 1606 populum
694 1569 845 1598 numerari
854 1570 910 1598 sibi
921 1570 990 1598 sub-

206 1618 328 1653 jectum.
345 1619 366 1645 11
382 1618 459 1651 Ray„
476 1624 554 1645 xxiv.

245 1664 350 1692 Libido
362 1663 550 1698 dominandi,
560 1671 652 1700 quam
661 1663 767 1692 habuit
776 1664 947 1699 Jeroboam,
958 1664 992 1692 ti-

209 1720 294 1739 mens
303 1719 341 1739 ne
352 1711 484 1747 populus
496 1712 693 1739 reverteretur
703 1711 742 1739 ad
753 1711 879 1739 domum
887 1711 990 1747 David,

209 1758 276 1787 fecit
291 1766 359 1786 eum
375 1758 543 1793 excogitare
557 1758 669 1786 vitulos
684 1766 790 1786 aureos
800 1779 809 1793 ,
833 1767 910 1794 quos
925 1758 993 1786 fecit

210 1813 228 1833 a
242 1805 356 1841 populo
370 1805 506 1840 adorari;
521 1807 548 1834 et
559 1805 665 1834 maluit
680 1813 730 1833 eos
740 1805 880 1833 recedere
891 1813 908 1834 a
920 1813 991 1834 vero

211 1853 270 1880 Deo
281 1872 292 1886 ‚
307 1860 398 1888 quam
413 1861 430 1880 a
445 1852 580 1880 dominio
596 1861 660 1881 suo.
677 1854 711 1881 111
729 1855 805 1888 Rea„
821 1861 873 1881 xu.

246 1899 379 1927 Amasias
393 1907 446 1927 rex
460 1899 537 1927 Juda
552 1899 755 1927 debellaverat
768 1900 879 1932 Edom,
894 1901 923 1927 et
936 1900 993 1928 ela-

211 1947 258 1974 tus
272 1946 303 1974 in
318 1946 490 1982 superbiam
501 1967 510 1980 ,
525 1946 621 1974 voluit
636 1948 739 1974 contra
752 1947 821 1974 Joas
836 1955 938 1981 regem
954 1948 992 1975 ls-

210 1993 274 2022 rael
286 1993 414 2029 praeliari
426 2003 432 2027 ;
447 1993 500 2021 sed
511 1993 590 2021 male
603 1993 742 2021 successit
752 1993 786 2021 ei.
800 1995 832 2021 lll
844 1995 920 2028 Rey„
934 2001 990 2022 x1v.

248 2043 321 2069 Cum
338 2040 497 2068 roboratus
520 2042 595 2068 esset
615 2040 696 2068 Ozias
715 2049 768 2068 rex
787 2040 874 2076 Juda,
895 2040 992 2069 eleva-

212 2089 275 2116 tum
288 2089 331 2115 est
347 2096 398 2115 cor
413 2088 476 2123 ejus
490 2088 521 2115 in
541 2088 689 2116 interitum
705 2097 792 2116 suum
802 2109 810 2123 ,
832 2090 860 2116 et
873 2088 994 2116 adolere

212 2135 305 2164 voluit
319 2135 474 2163 incensum
490 2135 520 2163 in
536 2136 659 2171 templo.
677 2137 698 2164 11
718 2137 825 2170 Parae,
847 2143 912 2164 xxvi
924 2157 931 2170 ,
951 2137 992 2163 16.

248 2182 383 2218 Superba
398 2183 485 2210 nimis
501 2185 529 2211 et
543 2183 721 2218 blasphema
735 2183 828 2211 verba
845 2183 923 2210 misit
942 2190 994 2210 rex

211 2229 401 2265 Assyriorum
420 2230 459 2258 ad
474 2230 645 2265 Ezechiam,
673 2230 758 2266 quasi
779 2238 877 2266 neque
902 2231 994 2265 Deus,

212 2284 311 2312 neque
327 2276 420 2305 homo
433 2280 534 2313 posset
549 2286 618 2306 eum
632 2277 669 2306 de
683 2285 775 2305 manu
789 2285 843 2305 sua
857 2276 994 2313 liberare,

212 2325 246 2353 lv
262 2326 339 2359 Rea„
355 2333 424 2358 xix,
441 2327 533 2353 11-102.

249 2372 372 2399 Loetatus
388 2374 431 2399 est
445 2372 596 2406 Ezechias,
609 2373 637 2400 et
652 2372 801 2400 elevatum
814 2373 857 2399 est
869 2379 920 2400 eor
932 2373 995 2408 ejus

213 2419 244 2447 in
260 2419 389 2446 adventu
399 2418 435 2454 (a)
446 2418 619 2446 nuntiorum
634 2419 710 2454 regis
722 2419 892 2455 Babylonis,
908 2421 935 2447 et
950 2428 996 2447 os-

213 2466 308 2493 tendit
323 2466 364 2493 eis
379 2465 492 2499 omnia,
506 2474 572 2500 quae
584 2468 667 2494 erant
682 2466 712 2493 in
727 2466 870 2494 thesauris
886 2466 995 2495 domus

215 2519 284 2540 suae.
302 2513 335 2541 IV
350 2514 426 2547 Req„
443 2521 498 2546 xx,
515 2514 565 2544 132
584 2514 603 2541 11
619 2515 757 2548 Paralz'p„
771 2521 867 2548 xxxii,
884 2515 928 2541 31.

251 2561 318 2587 Post
341 2560 494 2588 obtentam
515 2560 671 2589 victoriam
691 2561 728 2589 de
743 2561 903 2597 Arphaxad
925 2569 995 2597 rege

215 2607 390 2643 Medorum,
406 2608 566 2637 exaltatum
585 2609 627 2637 est
647 2616 775 2644 regnum
796 2609 994 2638 Nabuchodo-

249 2708 284 2740 (α)
302 2708 364 2734 Cat.
378 2708 439 2734 edit.
454 2708 602 2734 adventum.

1763 224 1823 256 605

1041 300 1134 322 nosor
1145 293 1224 329 regis
1239 292 1442 330 Assyriorum,
1468 293 1498 322 et
1511 299 1563 321 cor
1588 292 1651 329 ejus
1675 290 1824 320 elevatum

1043 341 1096 369 est.
1111 340 1219 376 Judz'th,
1236 348 1246 368 1
1260 361 1269 376 ‚
1284 341 1312 368 7.

1078 386 1358 415 Nabuchodonosor
1373 386 1502 422 superbe
1519 385 1645 422 juravit,
1667 385 1752 422 quod
1769 385 1824 413 de-

1041 434 1177 463 fenderet
1191 442 1221 462 se
1237 434 1276 462 ab
1292 434 1367 468 illis,
1383 433 1435 469 qui
1450 433 1577 470 imperio
1597 440 1652 461 suo
1670 432 1825 469 subjugari

1042 482 1175 517 nollent,
1195 480 1281 518 quasi
1296 480 1437 517 injuriam
1455 489 1560 517 passus
1580 480 1618 509 ab
1639 479 1690 509 eis.
1712 480 1825 516 Malim,

1043 538 1054 557 1
1063 551 1071 565 ,
1089 531 1133 557 12.

1078 577 1258 612 Praeceperat
1277 575 1556 604 Nabuchodonosor
1577 574 1759 612 Holopherni
1770 595 1779 610 ‚
1794 575 1827 602 ut

1043 632 1147 653 omnes
1169 624 1241 652 deos
1264 626 1348 652 terrae
1371 624 1600 659 exterminaret,
1616 625 1649 652 ut
1663 623 1725 660 ipse
1744 622 1826 651 solus

1044 672 1118 699 Deus
1134 671 1281 699 diceretur
1303 671 1342 698 ab
1362 670 1397 698 iis
1417 670 1609 706 regionibus,
1630 679 1697 707 quoe
1715 669 1827 707 potuis-

1043 720 1108 747 sent
1125 727 1178 754 per
1198 716 1396 754 Holophernis
1415 717 1580 753 potentiam
1597 717 1761 753 subjugari.
1776 718 1825 745 Ju-

1044 766 1115 799 dz'th,
1131 773 1163 793 ιιι
1177 787 1184 797 ,
1201 767 1246 793 13.

1079 812 1188 841 Videns
1211 812 1359 848 superbus
1381 814 1491 847 Aman,
1516 811 1599 848 quod
1625 811 1827 840 Mardochaeus

1043 859 1141 896 ipsum
1165 859 1293 888 adorare
1312 858 1451 895 nolebat,
1474 858 1565 887 suasit
1585 858 1668 894 regi,
1694 860 1727 886 ut
1749 859 1827 886 totus

1045 907 1215 935 Judaeorum
1230 906 1364 943 populus
1379 905 1534 933 deleretur.
1551 906 1639 939 Esth.‚
1654 913 1705 940 ιιι,
1722 906 1797 933 8-13.

1080 957 1175 982 Aman
1190 953 1422 990 superbissimus
1434 952 1556 981 volebat
1571 960 1673 980 coram
1691 959 1722 980 se
1736 960 1828 987 genu-

1044 1000 1138 1035 flecti,
1154 1002 1182 1028 et
1196 1000 1234 1028 ab
1251 1000 1391 1028 omnibus
1408 999 1537 1027 adorari.
1555 999 1612 1027 Sed
1626 998 1758 1027 notabile
1774 1001 1826 1034 est,

1045 1048 1129 1084 quod
1143 1048 1195 1076 illa
1214 1047 1355 1084 superbia
1374 1049 1417 1075 tot
1437 1047 1518 1075 mala
1537 1047 1568 1074 in
1590 1047 1655 1083 ipso
1676 1046 1826 1081 causavit,

1044 1098 1076 1124 ut
1089 1096 1181 1124 iratus
1199 1097 1227 1124 et
1246 1095 1418 1131 indignatus
1434 1095 1586 1128 existeret,
1603 1096 1631 1122 et
1647 1094 1749 1122 omnia
1769 1093 1828 1122 alia

1045 1151 1112 1179 quae
1126 1143 1258 1171 habebat
1271 1142 1356 1179 quasi
1372 1141 1499 1170 nihilum
1513 1142 1675 1178 reputaret.
1692 1141 1783 1175 Esth„
1796 1148 1828 1169 111

1045 1192 1073 1219 et
1089 1198 1118 1218 v.

1080 1237 1169 1273 Signa
1201 1236 1349 1273 superbiae
1382 1236 1542 1264 detestatur
1579 1236 1720 1264 Dominus
1731 1257 1741 1272 ,
1775 1243 1829 1271 per

1044 1285 1150 1313 Isaiam
1181 1284 1301 1312 dicens:
1331 1292 1344 1309 «
1367 1284 1422 1311 Pro
1447 1291 1482 1311 eo
1510 1283 1594 1319 quod
1621 1283 1741 1311 elevatae
1762 1284 1831 1310 sunt

1045 1332 1114 1360 fillae
1129 1332 1210 1367 Sion,
1224 1333 1252 1359 et
1264 1330 1496 1359 ambulaverunt
1510 1330 1588 1358 00110
1601 1332 1734 1365 extenso,
1744 1340 1758 1357 »
1773 1331 1827 1358 etc.

1046 1382 1115 1416 Isa.,
1132 1389 1173 1414 ιιι,
1191 1381 1235 1408 16.

1082 1430 1120 1456 De
1145 1426 1423 1455 Nabuchodonosor
1446 1425 1619 1460 intelligitur
1641 1425 1680 1453 ad
1703 1425 1830 1453 litteram

1046 1476 1123 1504 illud
1151 1477 1205 1503 Isa.
1220 1496 1229 1509 ,
1250 1483 1311 1508 xw,
1331 1476 1362 1502 13
1380 1483 1386 1501 :
1414 1483 1427 1499 «
1453 1472 1575 1500 Dicebas
1596 1472 1627 1500 in
1647 1472 1737 1500 corde
1758 1473 1828 1500 tuo:

1046 1526 1077 1553 In
1094 1523 1203 1551 coelum
1216 1521 1427 1555 conscendam,
1443 1530 1457 1547 >2
1476 1522 1532 1548 etc.

1083 1572 1122 1599 De
1138 1570 1223 1599 Moab
1250 1569 1357 1597 dicitur
1380 1578 1386 1596 :
1416 1567 1622 1596 «Audivimus
1644 1567 1828 1604 superbiam,

1048 1618 1194 1654 superbus
1211 1618 1254 1645 est
1268 1616 1369 1649 valde,
1385 1615 1526 1652 superbia
1541 1615 1604 1650 ejus
1619 1616 1646 1643 et
1661 1614 1831 1650 arrogantia

1049 1665 1122 1701 ejus,
1151 1666 1179 1692 et
1208 1663 1375 1699 indignatio
1402 1663 1476 1699 ejus,
1504 1662 1665 1699 plusquam
1688 1662 1830 1691 fortitudo

1049 1712 1122 1748 ejus.
1138 1722 1152 1739 π
1169 1713 1236 1747 Isa.,
1252 1719 1312 1745 xvi,
1328 1711 1355 1739 6.

1085 1759 1233 1793 Quoniam
1248 1758 1398 1786 elevatum
1411 1757 1466 1785 fuit
1481 1764 1532 1785 cor
1553 1756 1831 1785 Nabuchodonosor

1048 1807 1128 1842 regis
1142 1805 1318 1842 Babylonis,
1334 1807 1361 1833 et
1375 1805 1494 1841 spiritus
1508 1804 1587 1832 illius
1602 1804 1778 1832 obfirmatus
1792 1804 1831 1832 ad

1049 1854 1240 1890 superbiam,
1258 1852 1409 1889 depositus
1425 1853 1467 1879 est
1486 1851 1524 1879 de
1545 1851 1621 1880 solio
1637 1859 1707 1886 suo,
1723 1852 1751 1879 et
1765 1850 1830 1887 glo—

1048 1902 1092 1929 ria
1107 1901 1208 1928 ablata
1222 1902 1264 1927 est
1278 1900 1315 1934 ei,
1333 1901 1386 1927 etc.
1406 1900 1488 1933 Dan„
1503 1906 1542 1926 ιν.

1085 1948 1238 1976 Balthasar
1252 1947 1331 1975 filius
1346 1946 1625 1974 Nabuchodonosor
1637 1967 1645 1981 ‚
1665 1953 1718 1973 rex
1733 1945 1830 1982 Baby-

1051 1995 1128 2023 lonis
1139 2016 1148 2029 ,
1162 2003 1225 2023 non
1238 1994 1407 2022 humiliavit
1426 2002 1477 2021 cor
1491 2002 1578 2021 suum
1588 2015 1597 2029 ,
1614 1993 1667 2021 sed
1690 1993 1832 2022 adversus

1051 2042 1272 2070 Dominatorem
1293 2041 1359 2069 coeli
1379 2041 1512 2069 elevatus
1531 2043 1588 2076 est3
1607 2042 1634 2068 et
1652 2040 1721 2068 ideo
1740 2041 1831 2068 inter-

1050 2089 1143 2117 fectus
1165 2091 1225 2123 est,
1247 2091 1275 2117 et
1296 2088 1398 2117 Darius
1421 2088 1523 2117 Medus
1542 2088 1569 2116 ei
1585 2088 1723 2116 successit
1740 2087 1772 2116 in
1787 2096 1832 2117 re-

1053 2146 1155 2174 gnum.
1172 2139 1258 2172 Dan„
1274 2145 1302 2165 v.

1087 2185 1247 2213 Antiochus
1263 2195 1275 2209 «
1287 2183 1419 2211 ascendit
1433 2182 1670 2219 Hierosolymam
1685 2183 1716 2211 in
1731 2183 1831 2211 multi-

1051 2232 1154 2259 tudine
1171 2231 1271 2267 gravi,
1289 2232 1316 2258 et
1338 2230 1458 2258 intravit
1478 2230 1741 2258 sanctificationem
1765 2238 1833 2258 cum

1051 2279 1212 2315 superbia,
1239 2279 1267 2306 et
1295 2278 1409 2314 accepit
1433 2277 1524 2305 altare
1553 2285 1688 2312 aureum,
1697 2288 1711 2303 n
1739 2279 1791 2306 etc.
1823 2278 1832 2304 1

1052 2327 1155 2361 Mach.,
1172 2334 1193 2360 1,
1208 2327 1308 2353 22-23.

1088 2372 1228 2401 Dixerunt
1239 2372 1301 2407 illi,
1317 2380 1393 2408 quos
1415 2371 1525 2399 dimisit
1545 2371 1635 2398 Judas
1650 2370 1832 2399 Machabaeus

1052 2421 1092 2450 ad
1113 2420 1280 2448 custodiam
1303 2421 1403 2453 terrec,
1426 2419 1499 2446 dum
1530 2418 1584 2446 iret
1607 2418 1646 2446 ad
1665 2418 1799 2454 praelium
1824 2428 1830 2446 ε

1056 2477 1069 2494 «
1091 2467 1246 2495 Faciamus
1269 2466 1357 2495 nobis
1376 2474 1502 2500 nomen,
1527 2467 1555 2493 et
1574 2473 1676 2493 eamus
1700 2473 1832 2502 pugnare

1053 2515 1197 2543 adversus
1212 2516 1322 2549 gentes.
1340 2523 1353 2539 »
1371 2515 1381 2542 1
1395 2513 1499 2547 Maeli„
1516 2520 1545 2547 v,
1561 2513 1605 2540 57.

1089 2562 1236 2595 Alcimus,
1252 2561 1303 2598 qui
1317 2560 1439 2588 volebat
1459 2559 1524 2587 fieri
1540 2558 1698 2594 sacerdOS‚
1721 2561 1749 2587 et
1768 2560 1833 2596 qui-

1054 2609 1125 2637 dam
1140 2608 1191 2636 alii
1206 2607 1301 2644 iniqui
1323 2608 1402 2635 ivere
1418 2606 1457 2634 ad
1472 2614 1574 2642 regem
1590 2606 1769 2634 Demetrium
1780 2627 1789 2642 ,
1806 2609 1833 2635 et

1053 2657 1269 2685 accusaverunt
1290 2655 1414 2689 Judam,
1430 2655 1458 2682 et
1481 2653 1628 2690 populum
1649 2653 1831 2684 Judaeorum.

1053 2706 1062 2732 1
1078 2704 1180 2739 inach„
1195 2711 1254 2739 vn,
1271 2705 1328 2732 5-6.
