2004 3037
223 209 281 240 172

223 283 277 311 per
290 275 416 303 mortem
430 273 554 310 capitur.
562 283 577 300 ι»
587 275 658 302 ltem
668 275 694 302 6.
705 273 798 303 virtus
807 277 996 310 comparatur

222 320 366 350 floribus·
385 329 392 348 :
408 321 511 348 Fulcite
524 328 565 348 me
586 321 706 355 floribus.
721 323 747 348 7.
766 321 799 357 (a)
817 322 828 338 ²
842 322 912 349 Fons
933 322 995 350 hor-

225 371 331 402 torum,
345 369 442 402 puteus
466 375 599 402 aquarum
613 369 772 396 viventium.
789 369 816 396 8.
832 367 947 396 semitis
961 369 971 386 ³
988 378 994 396 :

227 415 285 442 Via:
300 413 356 449 ejus
368 415 418 441 vioe
430 414 550 449 pulchrae
559 435 569 448 ,
585 417 610 442 et
624 422 711 442 onmes
733 415 835 442 semitoe
851 415 907 450 ejus
920 417 997 450 paci-

224 463 290 496 ficae.
310 461 336 488 9.
352 459 486 488 Vestibus
499 461 510 477 ⁶
524 469 531 488 :
547 461 650 488 Astitz't
667 462 763 495 reqina
778 469 795 488 a
814 461 919 489 deaetris
943 463 998 490 tuis

224 509 255 535 in
267 508 369 535 vestitu
383 507 522 535 deaurato.
538 508 582 535 10.
598 507 693 535 Stellis
703 507 714 524 ⁵
727 516 734 535 :
749 508 838 536 Stellae
853 511 943 536 autem
955 509 1000 537 de-

225 554 324 582 derunt
341 554 429 582 lumen
448 555 478 581 in
492 553 621 581 custodiis
637 555 705 582 suis.
729 555 771 582 ¹1.
792 555 950 590 Pigmentis
962 556 972 572 ⁶
990 564 996 582 :

226 601 290 634 Quoe
304 602 343 628 est
355 602 410 628 ista
419 621 428 633 ,
445 608 504 635 quw
518 600 639 627 ascendit
652 608 700 636 per
715 600 847 628 desertum
857 602 928 628 sicut
941 603 998 629 vir-

226 648 291 682 qula
305 649 377 681 fumi
389 655 421 674 οτι,-
436 648 622 675 aromatibus?
636 649 678 675 ¹2.
694 647 834 675 Cibariis:
851 647 931 675 unde
947 649 1000 676 Do-

227 694 325 722 minus
339 693 369 720 in
384 693 569 728 Evangeliis⁷
584 702 590 720 :
608 694 684 721 Meus
697 694 771 721 cibus
787 698 836 726 esc,
852 697 883 721 ut
897 696 1000 728 faciam

227 742 394 768 voluntatem
409 741 464 775 ejus
475 762 484 772 ,
508 741 556 775 qui
580 741 657 767 misit
670 748 720 767 me.
744 742 788 768 13.
804 741 863 768 Alis
877 741 887 757 ⁸
903 750 910 768 ε
930 742 997 774 Quis

228 787 304 815 dabit
318 787 387 814 mihi
397 795 499 821 pennas
515 789 584 814 sicut
599 787 744 814 columboe?

263 835 330 861 Tres
340 835 408 861 sunt
423 833 510 860 bonae
520 833 704 861 conditiones
715 833 838 868 virtutis,
855 842 920 870 quae
933 837 1001 862 sunt

228 880 395 909 tentationis
409 880 546 913 remotio,
561 882 680 907 actuum
694 880 911 916 multiplicatio,
929 883 956 908 ct
970 881 1001 908 in

228 927 310 955 bono
326 926 490 954 delectatio.
506 926 635 954 Primum
649 927 745 962 ipsam
759 926 896 954 virtutem
911 927 941 954 iu
956 935 1003 954 ra-

230 973 294 1001 dice
309 972 420 1007 firmat3
436 973 600 1000 secundum
615 972 700 1009 quasi
720 973 844 1000 floribus
865 973 1001 1006 decorat;

230 1019 348 1047 tertium
361 1027 467 1055 sapore
482 1019 630 1046 fructuum
651 1019 785 1047 delectat.
801 1019 938 1047 Similiter
959 1019 1004 1047 di-

230 1067 356 1094 cendum
373 1069 433 1101 est,
451 1066 534 1103 quod
549 1067 588 1094 ad
603 1066 891 1095 consummationem
913 1067 1004 1094 virtu-

231 1116 293 1140 tum
306 1115 434 1149 quatuor
448 1113 503 1140 ista
515 1116 704 1147 concurrunt,
721 1113 833 1141 scilicet
847 1113 1001 1149 dispositio

230 1167 418 1195 praeparanS,
437 1159 554 1187 habitus
577 1159 758 1194 intormem,
779 1160 912 1196 operatio
937 1168 1006 1195 pro-

232 1206 305 1234 bans
316 1226 325 1239 ‚
344 1206 499 1242 praemium
515 1214 671 1234 coronans.

498 1301 640 1334 CAPUT
664 1302 736 1334 Vll.

440 1373 473 1399 De
489 1372 645 1406 (equalitate
661 1373 800 1399 virtutum.

270 1445 394 1471 Virtutes
408 1449 511 1469 omnes
523 1441 551 1468 iu
565 1442 685 1469 homine
701 1443 768 1469 sunt
781 1442 926 1477 aequales,
940 1442 1006 1469 licet

237 1492 310 1518 inter
325 1498 355 1517 se
371 1490 510 1517 distinctae
520 1489 577 1516 sint
588 1497 640 1524 per
655 1489 792 1524 proprias
804 1488 1005 1516 excellentias:

236 1540 263 1565 et
281 1538 342 1565 haec
363 1536 513 1571 {equalitas
534 1535 564 1562 in
588 1535 686 1562 multis
709 1535 848 1561 consistit.
871 1535 1008 1570 AEquales

236 1592 365 1619 namque
384 1585 451 1610 suut
471 1582 590 1609 virtutes
612 1581 724 1617 primo,
740 1583 884 1616 quantum
905 1581 942 1608 ad
968 1589 1009 1608 es-

235 1630 376 1662 sentiam,
392 1629 463 1664 quia
478 1629 573 1655 omnis
588 1628 679 1655 virtus
694 1627 818 1663 simplex
835 1630 890 1659 est;
907 1635 1010 1654 seeun-

237 1678 292 1709 do,
307 1678 452 1711 quantum
465 1675 504 1701 ad
516 1674 661 1709 aequalem
676 1674 889 1700 radicationem
905 1673 934 1700 in
950 1674 1010 1700 aui-

237 1732 287 1750 ma
298 1743 306 1756 ,
320 1721 484 1749 secundum
499 1720 581 1756 quod
595 1720 703 1747 suntin
719 1721 796 1755 ipsa,-
811 1720 905 1753 tertio,
919 1728 1009 1755 quau-

238 1771 300 1796 tum
325 1768 363 1795 ad
389 1767 562 1794 relationem
582 1766 620 1793 ad
645 1766 783 1793 eumdem
806 1766 897 1793 tinem
908 1787 915 1799 ‚
941 1766 1011 1801 quia

238 1822 341 1843 omnes
357 1815 475 1849 propter
492 1814 581 1839 licum
597 1814 771 1847 operantur;
787 1814 903 1847 quarto,
916 1820 1010 1847 quau>

240 1865 300 1889 tum
316 1861 354 1889 ad
369 1860 513 1895 :equalem
533 1860 684 1891 ellectum,
708 1859 779 1893 quia
794 1858 946 1894 {equaliter
971 1858 1012 1886 fa-

239 1908 319 1934 ciunt
333 1907 457 1941 dignum
471 1907 528 1932 vita
538 1907 660 1938 aeternu3
678 1905 797 1939 quinto,
814 1907 957 1940 quantum
973 1905 1011 1932 ad

238 1954 383 1990 aeqilalem
401 1952 567 1980 facilitatem
589 1951 626 1977 ud
651 1954 731 1977 actus
756 1959 844 1984 suos,
868 1954 1011 1986 quantum

241 2000 269 2028 in
284 2000 353 2035 ipsis
369 2001 424 2032 est,
441 1998 496 2025 nisi
512 1997 721 2032 impediantur.

277 2047 354 2075 Sicut
375 2046 494 2073 virtutes
509 2044 638 2080 :equales
653 2046 719 2071 sunt
738 2043 882 2079 praedictis
898 2044 995 2071 modis
1005 2066 1013 2079 ,

241 2094 280 2121 ita
295 2092 453 2128 inaequales
467 2094 534 2118 sunt
548 2091 611 2118 aliis
626 2090 733 2117 modis.
760 2090 903 2124 Primum,
919 2099 1013 2126 quau-

243 2142 303 2167 tum
319 2139 356 2166 atl
375 2147 476 2171 usum,
491 2138 561 2173 quia
575 2140 643 2164 suut
657 2137 731 2164 sicut
753 2145 835 2164 arma
851 2146 857 2163 2
875 2137 927 2164 sed
941 2137 1014 2164 sicut

242 2186 326 2212 miles
340 2193 401 2211 nou
424 2186 536 2219 pugnat
550 2183 701 2218 {equaliter
717 2191 783 2210 cum
808 2184 947 2211 omnibus
968 2193 1015 2217 ,ue-

244 2231 363 2258 neribus
378 2238 528 2257 armorum
553 2237 618 2264 qua}
639 2229 741 2262 habet,
759 2230 817 2255 imo
837 2230 943 2256 melius
959 2239 1016 2265 pu-

243 2280 314 2309 ,enat
328 2285 394 2303 cum
411 2275 467 2302 illis
482 2283 547 2310 qua}
562 2275 742 2309 frequentius
758 2275 899 2308 visitavit,
919 2277 958 2303 sic
974 2280 1015 2303 est

245 2323 281 2350 (le
294 2322 458 2349 virtutibus.
475 2321 609 2348 Secundo
623 2342 629 2352 ‚
645 2323 789 2356 quantum
805 2322 843 2348 ad
860 2323 1015 2349 auctorita-

245 2371 320 2401 tem,
336 2368 406 2403 quia
420 2367 582 2394 secundum
597 2367 653 2394 lioe
668 2367 762 2401 major
775 2368 914 2394 omnibus
930 2368 1015 2395 virtu-

246 2416 323 2443 tibus
349 2414 481 2441 charitas,
505 2415 536 2440 Et
560 2413 698 2448 quaelihet
723 2413 813 2440 virtus
839 2416 933 2448 potest
956 2422 1017 2441 esse

248 2462 343 2496 maJ'or
357 2460 415 2487 alia
429 2460 592 2486 secundum
617 2459 749 2493 aliquam
772 2459 996 2493 prm-ogauvam
1009 2481 1016 2493 ,

249 2516 339 2543 quam
352 2506 442 2534 habet
464 2505 627 2532 secundum
642 2505 772 2540 aliquem
793 2504 937 2531 effectum.
955 2507 1019 2532 Ter-

282 2575 288 2590 ¹
305 2575 387 2603 Cant„
406 2579 434 2603 ιι,
450 2574 471 2597 5.
485 2585 514 2590 —-
531 2572 541 2587 '³
556 2572 690 2600 C‹mt.,1x·,
711 2573 747 2594 15.
760 2583 790 2587 --
805 2572 812 2583 ³
829 2571 911 2597 Pron..
928 2577 966 2600 ιιι,
984 2572 1017 2595 1ῖ.

249 2623 278 2627 —
295 2611 301 2622 ⁴
318 2609 385 2632 Psal.
405 2614 474 2638 Ακων,
496 2610 532 2631 10.
549 2620 579 2624 -
597 2607 606 2621 ⁵
623 2607 691 2634 Rau,
707 2612 745 2635 111,
761 2607 799 2629 ³4.
818 2618 842 2621 -
858 2606 867 2620 Β
881 2605 964 2635 Cant„
981 2612 1018 2633 ιιι,

281 2652 312 2681 (α)
329 2650 416 2681 δημμί.
433 2649 507 2680 Aquis
521 2647 673 2673 viventibus.

549 206 1087 241 COMPENDIUMTHEOLOGICAE
1107 208 1329 241 VERITATIS.
1353 208 1429 241 LlB.
1453 208 1491 242 V.

1049 275 1100 311 tio,
1114 277 1259 312 quantum
1273 275 1312 304 ad
1325 275 1484 311 fervorem,
1503 276 1572 312 quia
1585 276 1678 307 virtus
1691 285 1753 307 una
1765 277 1822 306 fer-

1050 322 1166 350 ventius
1179 323 1329 359 operatur,
1345 330 1437 358 quam
1451 321 1520 350 alia.

1087 368 1246 397 Sciendum
1271 370 1332 404 est,
1358 368 1442 406 quod
1461 368 1567 397 eadem
1585 369 1678 398 virtus
1695 377 1820 399 numero

1052 423 1114 443 non
1138 417 1180 443 est
1196 415 1318 452 oequalis
1337 415 1394 443 sibi
1414 423 1530 451 semper
1552 424 1559 443 ε
1583 417 1717 444 crescunt
1742 416 1824 444 enim

1051 462 1171 489 virtutes
1184 461 1285 490 multis
1298 461 1413 496 modis,
1435 461 1544 490 scilicet
1564 463 1709 498 quantum
1725 462 1765 490 ad
1779 462 1825 490 in-

1053 508 1233 542 tensionem,
1253 510 1398 544 quantum
1416 508 1456 536 ad
1479 508 1708 542 radicationem,
1729 516 1826 544 quan-

1053 556 1119 582 tum
1133 555 1173 582 ad
1191 555 1354 591 potentiam
1367 554 1497 590 virtutis,
1513 557 1657 590 quantum
1672 554 1712 582 ad
1733 555 1827 590 maJ'o-

1054 609 1118 629 rem
1145 601 1365 638 expressionem
1396 601 1503 629 divinae
1538 601 1738 629 similitudinis
1757 622 1766 636 ,
1799 603 1828 630 et

1055 650 1199 684 quantum
1213 648 1253 676 ad
1265 648 1482 676 diuturniorem
1496 649 1740 684 permanentiam.
1757 650 1828 677 Proe-

1056 697 1136 723 terea
1149 696 1293 722 crescente
1308 702 1368 722 una
1386 694 1492 722 virtute
1512 697 1646 723 crescunt
1659 703 1762 723 omnes
1778 705 1785 723 :
1801 697 1830 724 et

1055 741 1149 769 hahes
1168 741 1339 777 exemplum
1359 741 1391 769 in
1416 735 1550 776 eithara,
1567 741 1598 769 in
1620 749 1680 777 qua
1698 742 1723 769 si
1742 742 1831 770 debet

1057 795 1118 815 esse
1133 787 1233 815 debita
1250 787 1404 823 proportio
1419 795 1579 822 sonorum,
1604 795 1723 816 necesse
1737 790 1780 816 est
1799 790 1831 816 ut

1058 834 1178 870 quando
1193 841 1254 861 una
1269 833 1382 861 chorda
1392 833 1531 868 tenditur,
1546 834 1634 862 etiam
1647 842 1751 862 omnes
1767 834 1831 863 aliae

1058 880 1227 913 tendantur,
1242 887 1280 907 ne
1295 879 1325 907 in
1339 879 1496 907 harmonia
1513 879 1564 907 fiat
1579 879 1772 908 dissonantia.

1094 929 1188 961 Quare
1213 929 1313 955 autem
1334 926 1445 963 polleat
1464 927 1572 963 aliquis
1593 935 1649 955 usu
1666 927 1754 955 unius
1774 927 1831 955 vir-

1058 975 1126 1002 tutis
1140 974 1236 1010 potius
1251 982 1342 1009 quam
1357 973 1486 1007 alterius,
1497 973 1596 1001 multoe
1609 975 1677 1001 sunt
1690 973 1830 1002 rationes.

1060 1021 1155 1049 Prima
1176 1022 1233 1055 est,
1259 1020 1329 1056 quia
1350 1022 1408 1048 Deo
1427 1020 1467 1047 sic
1489 1020 1600 1056 placet,
1620 1020 1671 1056 qui
1687 1020 1772 1048 dator
1793 1022 1835 1048 est

1059 1067 1182 1095 virtutis.
1198 1067 1332 1094 Secunda
1346 1069 1389 1094 est
1404 1068 1509 1094 natura
1523 1067 1754 1103 complexionis,
1769 1075 1835 1103 quae

1060 1115 1155 1149 magis
1187 1116 1229 1142 est
1260 1121 1391 1142 consona
1423 1114 1563 1150 operibus
1591 1114 1679 1142 unius
1707 1114 1833 1149 virtutis,

1061 1169 1151 1197 quam
1172 1161 1300 1188 alterius.
1321 1161 1415 1188 Tertia
1429 1163 1471 1188 est
1484 1161 1616 1194 usitatio,
1639 1161 1710 1196 quia
1725 1161 1835 1188 exerci-

1062 1207 1131 1235 tavit
1146 1216 1176 1235 se
1192 1207 1257 1243 quis
1272 1207 1368 1242 magis
1383 1207 1460 1234 circa
1475 1215 1567 1234 unam
1580 1207 1730 1242 virtutem,
1745 1215 1836 1243 quam

1062 1254 1139 1281 circa
1153 1254 1252 1281 aliam.
1269 1254 1376 1286 Quarta
1390 1255 1442 1288 est,
1454 1253 1525 1289 quia
1539 1253 1636 1281 minus
1647 1253 1838 1289 impugnatur

1062 1308 1080 1327 a
1103 1300 1174 1328 vitio
1197 1299 1346 1327 contrario
1366 1299 1409 1326 illi
1431 1299 1539 1326 virtuti.
1561 1299 1667 1333 Quinta
1688 1301 1745 1334 est,
1767 1299 1838 1336 quia

1063 1347 1205 1381 majorem
1222 1346 1311 1373 habet
1326 1345 1533 1373 discretionem
1549 1346 1578 1373 in
1594 1346 1736 1381 operibus
1748 1347 1836 1374 unius

1063 1393 1193 1427 virtutis,
1219 1400 1309 1428 quam
1331 1392 1468 1419 alterius:
1487 1391 1627 1428 quoelibet
1648 1392 1728 1420 enim
1746 1393 1839 1420 virtus

1063 1439 1151 1466 habet
1166 1447 1234 1466 suas
1250 1438 1386 1474 proprias
1406 1438 1543 1465 rationes
1559 1439 1644 1466 Sexta
1658 1441 1701 1466 est
1715 1438 1839 1467 difficul-

1065 1489 1107 1513 tas
1121 1488 1225 1519 status,
1247 1485 1317 1520 quia
1332 1492 1400 1512 cum
1417 1484 1453 1512 de
1469 1492 1547 1512 novo
1567 1485 1633 1520 quis
1648 1485 1837 1519 convertitur,

1065 1533 1131 1560 licet
1151 1532 1259 1559 habeat
1278 1531 1423 1565 majorem
1445 1531 1632 1566 charitatem,
1656 1539 1747 1567 quam
1767 1531 1841 1558 alius

1066 1580 1115 1615 qui
1132 1579 1183 1606 diu
1195 1578 1247 1605 suit
1261 1578 1291 1605 in
1309 1577 1459 1611 charitate,
1474 1579 1645 1604 nontamen
1658 1580 1699 1604 est
1713 1578 1751 1605 ita
1764 1578 1839 1605 bene

1066 1625 1220 1661 expeditus
1235 1624 1273 1651 ad
1289 1624 1364 1650 liene
1382 1623 1544 1658 agendum,
1557 1623 1630 1650 sicut
1645 1623 1705 1657 ille,
1720 1627 1841 1660 propter

1066 1671 1206 1707 reliquias
1221 1672 1410 1705 peecatorum
1425 1678 1490 1705 quie
1505 1669 1602 1696 adhuc
1617 1669 1768 1697 inhaerent.

1102 1716 1292 1751 Magnitudini
1316 1715 1442 1742 scientim
1464 1715 1643 1751 respondere
1668 1716 1758 1743 debet
1778 1724 1841 1743 ma-

1067 1763 1191 1797 gnitudo
1206 1762 1334 1797 virtutis;
1355 1765 1382 1789 et
1398 1762 1455 1789 hoc
1475 1761 1630 1797 multiplici
1645 1762 1772 1793 ratione,
1788 1762 1842 1788 sei-

1068 1810 1135 1837 licet
1152 1813 1175 1836 1.
1192 1809 1305 1836 ratione
1321 1808 1448 1843 exempli
1465 1808 1557 1835 divini
1573 1809 1582 1824 ⁹
1597 1817 1603 1834 :
1621 1809 1731 1835 Plenum
1746 1810 1843 1842 qratiae

1068 1862 1091 1883 et
1107 1857 1241 1883 tentatis.
1257 1856 1277 1871 '¹¹
1297 1856 1391 1882 Potens
1407 1856 1435 1881 ιἰι
1454 1862 1532 1888 opere
1542 1858 1566 1881 ct
1581 1862 1708 1881 sermone.
1726 1854 1742 1869 ¹¹
1761 1854 1843 1889 Coepit

1067 1905 1142 1930 =lesus
1161 1904 1263 1935 facere,
1287 1904 1311 1928 et
1336 1901 1444 1934 doecre,
1465 1903 1518 1927 cte.
1534 1902 1560 1927 ⁶2.
1578 1900 1698 1927 Ratione
1717 1900 1842 1935 exempli

1070 1948 1211 1983 angelici,
1240 1947 1290 1982 qui
1316 1948 1426 1982 quanto
1451 1947 1517 1982 plus
1543 1949 1739 1980 cognoscunt,
1764 1948 1844 1973 tauto

1070 1996 1137 2030 plus
1161 1994 1297 2029 diligunt.
1323 1995 1350 2019 3.
1369 1993 1489 2020 Ratione
1513 1992 1639 2027 exempli
1664 1991 1786 2019 humani
1803 1993 1841 2018 ¹⁸³:

1072 2042 1125 2073 Qui
1148 2044 1236 2067 autem
1259 2042 1371 2073 feccrit,
1396 2043 1419 2065 ct
1443 2039 1579 2073 docuerit,
1607 2039 1650 2064 hic
1672 2039 1766 2072 major,
1789 2040 1841 2065 etc.

1072 2089 1096 2114 4.
1114 2087 1234 2114 Ratione
1255 2086 1380 2121 exempli
1403 2085 1558 2118 naturalis,
1581 2084 1722 2120 quoniam
1745 2084 1795 2110 lux
1817 2086 1845 2110 et

1072 2134 1153 2162 calor
1174 2133 1203 2160 in
1227 2133 1287 2160 soie
1302 2131 1572 2168 proportionantur.
1590 2133 1615 2156 5.
1632 2130 1753 2156 Ratione
1768 2129 1844 2156 obli-

1073 2180 1198 2215 gationis
1215 2180 1236 2195 ¹³
1251 2188 1257 2205 ε
1273 2180 1369 2205 Scri-us
1383 2180 1468 2204 sciens
1484 2178 1645 2203 voluntatem
1665 2176 1769 2202 domiui
1787 2177 1843 2207 sui,

1073 2230 1097 2253 et
1113 2235 1162 2253 71011
1178 2227 1297 2258 faciens,
1309 2225 1399 2258 plagis
1416 2223 1555 2257 vapulabit
1569 2222 1671 2248 multis.

1330 2316 1471 2349 CAPUT
1499 2315 1586 2347 vm.

1274 2390 1311 2414 De
1330 2388 1487 2414 connexione
1506 2387 1644 2412 virtutum.

1111 2461 1252 2485 connexae
1268 2458 1334 2483 sunt
1353 2455 1408 2482 sibi
1425 2454 1543 2481 virtutes
1559 2455 1586 2479 et
1601 2451 1793 2485 coordinatae,
1810 2453 1848 2479 ita

1076 2506 1107 2533 ut
1122 2503 1174 2539 qui
1188 2510 1279 2530 unam
1294 2502 1398 2533 habet,
1413 2501 1518 2528 haheat
1535 2506 1647 2526 omnes.
1664 2498 1759 2525 Prima
1773 2497 1847 2525 ratio

1079 2581 1099 2601 t.
1110 2590 1139 2594 ——
1156 2577 1253 2602 'Joam
1272 2581 1305 2605 iv,
1319 2577 1356 2599 34.
1371 2589 1400 2592 —
1413 2578 1420 2587 “
1432 2573 1500 2598 Psul.
1515 2579 1566 2603 ιιι,
1579 2574 1641 2595 7.-
1654 2573 1663 2588 ⁹
1678 2573 1792 2600 Jo(171.,l‚
1809 2571 1847 2593 ¹4.

1077 2626 1106 2630 -—
1128 2613 1146 2626 '0
1162 2612 1227 2640 Luta,
1245 2616 1315 2638 xxiv,
1334 2612 1369 2634 19.
1386 2623 1415 2627 --
1434 2610 1452 2625 ¹¹
1471 2610 1534 2638 Act„
1552 2615 1568 2638 1,
1593 2608 1693 2631 1.——¹²
1708 2606 1806 2634 Malim,
1824 2611 1847 2634 v,

1080 2651 1114 2671 19.
1132 2659 1159 2664 —-
1176 2646 1195 2662 ¹³
1206 2647 1272 2676 Lunx,
1289 2651 1336 2675 xu,
1352 2646 1389 2668 Π.
