2004 3037
852 222 1109 257 GMQTMNL

159 289 286 320 modum
305 293 405 320 autem
418 291 482 321 fllia
496 292 560 328 eJ'us
579 294 607 321 et
621 294 744 330 nepotes
763 292 808 321 sui
823 292 943 321 fuerunt

158 345 213 375 per
226 347 295 367 eum
310 339 469 375 magnifice
484 339 637 369 honorati.

194 387 326 415 Testatur
347 388 480 424 Moyses,
496 387 615 423 dicens,
636 388 717 416 Deut.
729 408 739 423 ,
753 395 792 423 x,
816 387 867 423 18,
883 389 917 416 19
934 396 941 416 ;

163 443 177 460 «ι
195 434 337 462 Dominus
358 436 434 463 Deus
455 437 557 463 noster
578 436 658 464 amat
679 435 890 472 peregrinum,
915 436 944 464 et

160 480 212 510 dat
236 482 263 510 ei
290 482 404 510 victum
428 484 517 519 atque
544 482 682 511 vestitum
695 491 703 519 ;
734 484 762 511 et
787 490 843 511 vos
871 490 942 518 ergo

160 532 256 557 amate
282 529 474 566 peregrinos,
498 530 570 566 quia
594 531 623 558 et
646 529 704 566 ipsi
730 529 826 558 fuistis
849 529 941 558 adve-

146 584 220 612 ,nae,
233 587 247 604 r>
262 578 317 605 etc.

195 624 228 652 In
243 624 344 653 Gabaa
362 623 515 660 Benjamin
529 631 593 653 non
615 624 730 652 invenit
743 624 855 654 Levites
865 645 874 660 ,
891 624 944 661 qui

160 679 230 700 eum
253 672 382 708 hospitio
401 671 563 708 reciperet,
578 671 636 700 nisi
654 672 821 708 quemdam
841 679 944 700 senem

160 718 198 746 de
213 726 303 755 opere
317 718 496 747 venientem.
511 720 614 755 Judic„
629 727 698 755 ΧΠ,
717 722 748 748 15
766 720 794 748 et
807 727 870 756 seq.

194 765 271 793 Elias
293 766 444 794 suscitavit
463 766 562 794 filium
578 766 727 802 mulieris,
747 766 831 804 apud
852 774 945 804 quam

160 813 389 847 sustentabatur,
403 815 447 847 ΙΙΙ,
465 814 541 849 Rea„
557 822 626 842 xvu.

195 860 307 889 Mulieri
319 861 506 895 Sunamitidi‚
522 861 619 889 filium
631 869 694 890 non
707 861 847 896 habenti,
863 861 946 898 apud

161 914 253 944 quam
273 907 383 936 Eliseus
401 909 586 937 transeundo
604 909 764 945 manebat,
785 909 867 937 idem
888 908 945 937 Eli-

161 963 228 983 seus
245 956 341 985 filium
355 957 539 994 impetravit,
563 959 591 986 et
608 959 761 987 mortuum
780 956 943 990 suscitavit,

161 1003 195 1032 lv
209 1005 288 1039 Req„
302 1012 343 1033 lv.

197 1051 295 1079 Bonus
310 1051 521 1088 hospitalarius
534 1053 597 1080 erat
607 1052 712 1080 beatus
724 1052 791 1086 Job,
807 1052 858 1088 qui
869 1051 947 1080 dice-

161 1097 213 1126 bat
232 1107 240 1126 ε
269 1108 283 1125 «
303 1099 384 1126 Foris
407 1107 469 1127 non
487 1099 598 1127 mansit
620 1099 796 1136 perengnus
804 1108 813 1135 3
837 1099 946 1128 ostium

161 1153 263 1174 meum
276 1145 383 1174 viatori
399 1146 504 1183 patuit.
519 1157 533 1174 »
551 1147 611 1182 Job,
626 1155 708 1181 xxm,
723 1148 770 1175 32.

197 1193 363 1222 Ambulans
378 1202 433 1230 per
445 1194 594 1222 mundum
611 1194 753 1222 Dominus
767 1196 849 1222 Jesus
865 1193 947 1222 Chri-

162 1242 222 1269 stus
242 1249 305 1269 non
326 1241 459 1269 habebat
480 1241 535 1269 ubi
562 1243 651 1278 caput
673 1241 828 1269 reclinaret
836 1251 844 1277 3
872 1244 947 1271 Mar-

162 1288 244 1316 tham
253 1297 326 1316 vero
342 1288 504 1324 specialem
513 1289 662 1325 hospitam
676 1288 784 1325 legitur
794 1289 946 1318 habuisse.

163 1337 238 1370 Luc„
251 1344 292 1370 ix,
304 1337 353 1372 583
369 1344 399 1370 x,
415 1338 463 1371 383
479 1338 573 1370 Joan„
587 1344 642 1370 xu,
657 1338 685 1364 2.

198 1383 323 1417 Quando
342 1383 422 1412 misit
443 1384 578 1412 Salvator
600 1383 764 1420 discipulos
783 1383 822 1412 ad
837 1384 947 1420 praedi-

163 1431 305 1465 candum,
315 1430 347 1458 in
360 1431 420 1459 illis
434 1431 563 1467 seipsum
576 1431 781 1468 asseritrecipi
795 1434 823 1459 et
838 1431 948 1466 audiri,

162 1478 246 1506 Mate.
258 1498 268 1513 ,
283 1486 322 1511 x,
336 1479 390 1507 40:
411 1487 425 1504 ι(
446 1479 500 1512 Qui
519 1478 624 1515 recipit
644 1486 715 1513 vos,
731 1487 780 1506 me
801 1479 914 1515 recipit.
931 1488 944 1506 »

162 1525 238 1559 Luc„
252 1533 282 1561 x,
299 1526 355 1554 16:
377 1534 392 1552 ι(
407 1526 462 1559 Qui
480 1534 535 1554 vos
556 1526 658 1562 audit,
673 1534 722 1555 me
737 1526 836 1562 audit3
853 1529 881 1555 et
896 1526 948 1563 qui

165 1580 220 1601 vos
231 1573 354 1608 spernit,
369 1581 418 1601 me
435 1574 556 1609 spernit.
572 1583 586 1600 »

198 1619 336 1648 Gaudens
352 1620 465 1656 accepit
480 1620 639 1648 Dominum
653 1621 790 1649 Zachaeus
809 1621 840 1648 in
856 1621 948 1649 domo

163 1675 233 1703 sua;
255 1669 283 1695 et
300 1668 442 1696 Dominus
461 1669 543 1696 Jesus
564 1668 660 1704 magis
682 1669 864 1703 gaudentem
880 1669 950 1697 effe-

164 1715 212 1750 cit,
237 1715 361 1751 quando
381 1715 479 1744 dixit:
505 1725 520 1743 α
543 1715 634 1744 Hodie
658 1716 739 1744 salus
753 1716 823 1745 huic
844 1716 949 1745 domui

162 1761 239 1790 facta
255 1763 314 1796 est,
329 1773 342 1790 »
361 1764 416 1791 etc.
434 1764 514 1798 Luc„
528 1771 588 1798 xix,
605 1764 633 1791 9.

199 1810 343 1847 Exemplo
364 1810 495 1838 duorum
514 1810 746 1847 discipulorum,
771 1811 825 1847 qui
849 1811 950 1839 Domi-

163 1865 237 1886 num
252 1858 283 1885 in
305 1858 402 1894 specie
421 1857 572 1894 peregrini
588 1860 750 1893 coegerunt
764 1858 804 1886 acl
822 1866 949 1887 manen-

165 1904 238 1933 dum
251 1913 362 1940 secum,
379 1906 503 1940 apparet
513 1905 597 1941 quod
611 1905 762 1942 peregrini
774 1914 836 1934 non
850 1906 950 1935 solum

164 1951 294 1980 vocandi
308 1953 377 1979 sunt
390 1951 431 1979 acl
449 1951 629 1988 hospitium,
646 1952 700 1980 sed
713 1953 804 1981 etiam
816 1953 950 1990 compel-

164 1998 257 2027 lendi.
273 2000 352 2033 Luc„
367 2006 448 2027 xxiv.

200 2045 332 2082 Apostoli
347 2046 575 2082 hospitabantur
589 2047 621 2075 ut
632 2046 798 2083 plurimum
811 2047 842 2075 in
856 2047 951 2076 domi-

166 2093 224 2122 hus
239 2093 385 2121 artificum
407 2096 434 2122 et
455 2094 614 2122 hominum
635 2094 853 2129 mediocrium,·
869 2095 950 2124 unde

166 2140 274 2176 legitur
297 2140 335 2169 de
358 2142 463 2177 Petro,
479 2141 555 2176 Act„
570 2149 608 2176 x,
629 2143 665 2169 6:
685 2150 699 2168 «
721 2142 771 2170 Hic
786 2141 952 2178 hospitatur

167 2187 250 2224 apud
277 2187 428 2216 Simonem
457 2188 622 2224 quemdam
657 2189 837 2225 coriarium,
868 2190 951 2224 cujus

168 2235 277 2264 domus
292 2237 334 2263 est
345 2236 430 2271 juxta
446 2244 540 2265 mare.
559 2246 573 2264 »
592 2236 675 2264 Idem
694 2236 731 2263 de
750 2236 858 2271 Paulo,
874 2237 949 2272 Act-‚-

167 2285 254 2316 xvul,
269 2285 284 2311 3
299 2292 305 2310 z
319 2283 478 2311 «Manebat
493 2283 574 2319 apud
584 2283 723 2319 Aquilam
734 2284 762 2311 et
776 2283 951 2320 Priscillam,

170 2330 241 2367 quia
256 2332 319 2358 erat
333 2330 469 2366 ejusdem
479 2330 562 2365 artis,
578 2333 606 2358 et
621 2331 812 2366 operabatur.
826 2340 841 2358 ›>

205 2379 320 2407 Obnixe
336 2381 364 2406 et
378 2379 520 2407 instanter
541 2379 701 2416 deprecata
717 2382 760 2408 est
774 2380 868 2416 Lydia
880 2387 952 2416 pur·

169 2427 291 2462 puraria
309 2427 451 2461 Paulum,
472 2428 499 2454 et
518 2427 615 2455 socios
635 2427 718 2463 ejus,
743 2430 775 2456 ut
798 2429 953 2456 manerent

171 2474 251 2508 apud
267 2482 333 2502 eazn
346 2474 377 2502 in
393 2474 484 2503 domo
500 2482 565 2502 sua.
583 2475 657 2510 Act„
673 2476 798 2511 xw,15:
819 2477 874 2504 «Et
888 2483 953 2504 coe-

172 2519 213 2555 git
227 2528 298 2556 nos,
311 2531 326 2548 »
342 2521 469 2549 habetur
486 2521 573 2550 infra.

209 2568 282 2595 Cum
298 2569 436 2596 evasisset
458 2568 567 2596 Paulus
583 2569 611 2596 et
629 2569 701 2597 socii
720 2570 784 2605 ejus
804 2570 840 2598 dc
862 2570 954 2600 fracta

168 2614 249 2649 navi,
265 2615 386 2644 Publius
400 2616 540 2652 princeps
554 2616 657 2644 insulae
670 2616 750 2645 illius
764 2617 845 2654 ipsos
860 2618 953 2646 susci-

169 2662 254 2700 piens
272 2663 402 2699 benigne
423 2664 567 2692 exhihuit.
593 2664 700 2693 Paulus
721 2669 821 2694 autem
837 2668 953 2703 patrem

201 2717 236 2749 (a)
252 2716 327 2749 Vulq.
338 2717 475 2744 latuerunt.
486 2732 517 2736 -
532 2718 565 2749 (b)
581 2719 642 2743 Item
657 2719 843 2750 conglutinata.

1724 227 1783 258 543

999 292 1080 328 ejus,
1096 291 1232 321 febribus
1255 293 1444 322 laborantem
1464 294 1492 323 et
1513 293 1698 330 dysenteria,
1713 301 1784 323 ora-

998 339 1080 368 tione
1104 340 1132 368 et
1154 347 1302 369 manuum
1324 340 1517 377 impositione
1543 340 1669 371 sanavit.
1697 341 1762 370 Act.
1773 363 1783 378 ‚

998 394 1104 422 xxvnr,
1119 389 1136 416 7
1155 388 1184 416 et
1198 395 1263 424 seq.
1369 423 1376 426 ¹

1035 434 1154 463 Urbana
1172 434 1283 463 fiducia
1297 434 1437 464 utebatur
1449 435 1558 464 Paulus
1573 435 1706 464 scribens
1717 434 1785 464 Phi-

999 481 1124 518 lemoni,
1136 490 1207 510 cum
1221 482 1305 518 dixit,
1321 483 1448 518 Philam„
1458 484 1494 512 22
1506 492 1513 512 :
1534 493 1549 510 «
1561 483 1656 511 Simul
1671 484 1699 511 et
1713 490 1786 520 para

999 529 1073 558 mihi
1087 529 1267 566 hospitium,
1283 538 1354 558 nam
1375 538 1464 566 spero
1483 538 1538 567 per
1554 530 1704 559 orationes
1718 538 1784 559 ves-

999 578 1059 606 tras
1075 577 1183 606 donari
1197 585 1246 605 me
1260 577 1358 606 vobis.
1373 587 1387 604 »

1036 627 1112 654 Inter
1127 627 1232 654 caetera
1247 625 1287 654 ad
1305 634 1373 662 quas
1394 625 1561 662 specialiter
1574 625 1682 655 Paulus
1695 625 1786 654 indu-

1001 672 1040 700 cit
1062 672 1217 708 llebraeos,
1244 674 1287 701 est
1309 673 1514 709 hospitalitas,
1534 675 1616 702 Hebr.
1627 695 1637 710 ,
1659 682 1728 710 xm,
1748 674 1785 702 2:

1004 719 1263 756 «Hospitalitatem
1274 720 1366 748 nolite
1381 720 1529 749 oblivisci.
1547 723 1599 749 Pcr
1613 721 1692 749 hane
1707 721 1787 750 enim

1000 768 1177 805 placuerunt
1192 770 1219 797 et
1237 768 1276 805 (a)
1289 769 1430 806 quidam,
1444 769 1558 805 angelis
1576 769 1708 805 hospitio
1723 778 1787 798 sus-

1002 815 1103 852 ceptis.
1117 815 1130 842 5>

1038 862 1235 892 Commendat
1257 863 1360 891 Caium
1374 864 1479 892 beatus
1500 865 1628 892 Joannes
1651 864 1681 892 in
1704 863 1789 893 tertia

1003 909 1129 946 epistola
1140 919 1209 944 sua,
1221 911 1337 946 dicens,
1353 913 1387 940 ΙΙΙ
1403 913 1501 944 Ιοαη.,
1517 915 1531 940 5
1547 921 1553 940 :
1570 921 1586 938 «
1600 911 1786 947 Charissimc,

1002 958 1129 986 fideliter
1146 958 1217 986 facis
1242 959 1394 996 quidquid
1416 960 1550 997 operaris
1573 959 1605 988 in
1623 960 1744 996 fratres,
1760 961 1789 988 et

1001 1005 1060 1035 hoc
1073 1006 1105 1034 in
1119 1006 1306 1043 peregrinos,
1321 1017 1335 1034 >³
1354 1009 1409 1036 etc.

1195 1101 1393 1137 CAPUT
1437 1102 1596 1138 XLVL

1300 1176 1339 1203 De
1359 1176 1493 1203 amicitia.

1040 1244 1156 1272 Vocatis
1180 1244 1282 1272 multis
1312 1244 1480 1273 amicorum
1503 1245 1599 1273 turbis
1622 1245 1662 1274 ad.
1687 1246 1789 1275 convi-

1003 1291 1098 1325 vium,
1114 1291 1215 1320 Laban
1228 1291 1296 1320 fecit
1309 1292 1438 1328 nuptias,
1454 1295 1482 1320 et
1497 1292 1580 1322 dedit
1593 1293 1689 1322 filiam
1703 1302 1789 1323 suam

1003 1338 1084 1367 Liam
1099 1339 1202 1375 nepoti
1216 1347 1271 1367 suo
1285 1340 1389 1367 Jacob.
1406 1340 1485 1375 Gen„
1501 1348 1583 1368 xxm.

1045 1395 1058 1412 «
1072 1387 1263 1423 Loquebatur
1282 1387 1426 1415 Dominus
1447 1387 1487 1416 ad
1510 1389 1632 1424 Moysen
1654 1387 1729 1416 facie
1750 1387 1791 1417 ad

1004 1433 1111 1462 faciem
1125 1455 1135 1468 ,
1160 1434 1235 1462 sicut
1255 1434 1331 1462 solet
1356 1435 1450 1463 homo
1478 1435 1564 1471 loqui
1587 1434 1628 1464 ad
1659 1436 1791 1464 amicum

1005 1490 1103 1511 suum.
1120 1493 1133 1509 υ
1150 1483 1251 1518 Εοεοά.,
1265 1491 1374 1518 xuni,
1390 1486 1436 1513 11.

1040 1530 1118 1558 Ruth
1133 1530 1257 1558 adhaesit
1271 1531 1369 1558 socrui
1384 1539 1444 1559 suae
1458 1531 1597 1567 Nohemi,
1612 1533 1639 1560 et
1654 1531 1730 1560 dixit
1743 1532 1788 1561 ei:

1009 1578 1233 1614 «Quocumque
1252 1578 1419 1614 perrexeris
1439 1587 1583 1614 pergam,
1605 1580 1634 1607 et
1651 1579 1703 1607 ubi
1725 1587 1792 1607 mo-

1005 1628 1069 1653 rata
1083 1624 1183 1661 fueris,
1195 1626 1224 1653 et
1243 1633 1299 1661 ego
1314 1626 1425 1662 pariter
1439 1626 1619 1655 morabor.»
1636 1629 1691 1656 etc.
1706 1627 1791 1661 Ruth,

1006 1679 1016 1700 ι
1023 1692 1034 1707 ,
1049 1673 1094 1701 16.

1045 1719 1172 1747 «Anima
1182 1719 1314 1748 Jonathae
1325 1719 1465 1756 colligata
1476 1721 1511 1757 (b)
1520 1722 1562 1749 est
1571 1721 1678 1749 animae
1686 1721 1792 1758 David,

1007 1769 1035 1796 et
1050 1767 1154 1794 dilexit
1168 1775 1238 1795 eum
1252 1768 1411 1804 Jonathas,
1427 1768 1513 1804 quasi
1530 1769 1663 1797 animam
1679 1777 1764 1797 suam
1783 1777 1791 1797 τ

1005 1822 1078 1843 nam
1093 1815 1256 1851 expoliavit
1270 1823 1301 1843 se
1315 1815 1456 1844 Jonathas
1472 1816 1583 1852 tunica,
1600 1824 1660 1852 qua
1676 1818 1738 1844 erat
1750 1816 1793 1844 in-

1007 1862 1106 1897 dutus,
1119 1864 1147 1890 et
1161 1862 1245 1891 dedit
1255 1871 1321 1891 eam
1333 1863 1437 1891 David.
1448 1873 1463 1890 n
1479 1864 1490 1892 Ι
1502 1865 1580 1899 Βες]υ
1590 1872 1673 1898 xvin,
1689 1865 1714 1898 1,
1728 1866 1753 1898 3,
1764 1865 1790 1891 4.

1042 1910 1166 1945 Signum
1179 1909 1233 1937 fuit
1248 1910 1346 1938 fidelis
1361 1909 1515 1946 amicitiae,
1529 1911 1596 1939 licet
1610 1911 1790 1947 indiscretae,

1007 1958 1091 1994 quod
1106 1957 1260 1992 «armiger
1274 1958 1343 1985 Saul
1355 1979 1363 1992 ‚
1375 1967 1389 1984 v)
1406 1958 1513 1986 videns
1529 1958 1688 1986 dominum
1703 1966 1791 1986 suum

1007 2013 1071 2033 esse
1088 2006 1261 2040 mortuum,
1286 2004 1399 2032 «irruit
1418 2013 1508 2040 super
1529 2005 1666 2041 gladium
1686 2013 1790 2041 suum,

1007 2055 1036 2081 et
1050 2053 1186 2080 mortuus
1201 2053 1244 2079 est
1259 2059 1327 2079 cum
1342 2059 1386 2079 eo.
1400 2062 1415 2079 »
1432 2054 1441 2080 Ι
1455 2053 1533 2087 Req„
1549 2060 1637 2087 mi,
1654 2054 1681 2080 5.

1043 2099 1116 2128 Misit
1124 2099 1224 2127 Abner
1235 2099 1355 2127 nuutios
1368 2098 1407 2127 ad
1420 2099 1529 2134 David,
1545 2099 1693 2127 dicentes:
1711 2108 1726 2126 «
1735 2099 1792 2128 Fac

1007 2154 1127 2174 mecum
1144 2146 1305 2181 amicitias,
1321 2147 1350 2174 et
1364 2146 1418 2174 erit
1432 2155 1539 2174 manus
1553 2155 1621 2175 mea
1636 2148 1750 2182 tecum,
1764 2149 1793 2175 et

1007 2193 1150 2222 reducam
1163 2193 1202 2222 ad
1219 2194 1247 2222 te
1260 2193 1435 2222 universum
1449 2194 1539 2223 lsrael
1548 2215 1558 2231 ,
1572 2204 1587 2221 »
1604 2196 1659 2224 etc.
1675 2196 1696 2223 ΙΙ
1710 2195 1790 2231 Rea„

1007 2248 1058 2275 111,
1073 2242 1119 2268 12.

1044 2287 1150 2316 Chusai
1165 2288 1326 2323 ArachiteS,
1342 2288 1455 2316 amicus
1468 2288 1572 2325 David,
1587 2289 1669 2318 venit
1683 2289 1722 2318 ad
1734 2289 1791 2318 Ab-

1008 2335 1116 2371 salom,
1125 2336 1154 2363 et
1160 2335 1313 2372 dissipavit
1321 2336 1480 2365 consilium
1487 2337 1701 2374 Achitophe1.11
1711 2339 1790 2372 Rea„

1007 2391 1081 2418 xvn,
1097 2385 1112 2410 5
1128 2384 1231 2419 etseq.
1815 2422 1817 2425 ι

1044 2430 1190 2467 Propheta
1203 2430 1278 2458 Jehu
1293 2430 1367 2460 dixit
1380 2431 1522 2467 Josaphat
1538 2431 1601 2467 regi
1622 2432 1717 2467 Juda,
1737 2432 1790 2469 qui

1008 2477 1102 2506 iverat
1124 2478 1164 2506 ad
1186 2478 1323 2514 praelium
1348 2487 1417 2506 cum
1447 2479 1547 2507 Achab
1571 2487 1641 2514 rege
1668 2480 1755 2507 Israel
1780 2489 1787 2508 :

1013 2535 1026 2551 «
1040 2526 1134 2561 Impio
1150 2526 1268 2562 praebes
1287 2525 1448 2561 auxilium,
1470 2528 1500 2554 ct
1521 2527 1581 2561 his,
1598 2526 1649 2562 qui
1665 2527 1792 2556 oderunt

1010 2573 1170 2602 Dominum
1184 2594 1192 2608 ‚
1213 2572 1344 2601 amicitia
1361 2573 1517 2610 jungeris,
1537 2575 1566 2602 et
1585 2574 1697 2602 idcirco
1715 2575 1792 2603 iram

1011 2621 1134 2658 quidem
1156 2619 1274 2649 Domini
1292 2621 1475 2656 merebaris,
1490 2631 1504 2647 »
1532 2622 1585 2650 etc.
1611 2623 1633 2650 ΙΙ
1652 2624 1791 2659 Paralip.,

1009 2676 1061 2697 xix
1072 2690 1082 2703 ‚
1094 2671 1123 2697 ⁶2.

1046 2718 1141 2746 Amau
1154 2715 1300 2752 superbus
1322 2716 1500 2745 convocavit
1512 2716 1552 2746 ad
1566 2724 1597 2745 se
1615 2716 1727 2747 amicos
1737 2739 1747 2754 ,
1764 2719 1793 2746 et
