2004 3037
243 272 302 304 210

241 340 347 367 natura
359 339 522 375 permanet.
539 337 597 366 Sed
610 337 635 366 si
650 337 687 366 de
702 337 774 366 vino
789 336 917 365 multum
930 333 1019 372 poni-

241 387 287 414 tur
301 385 341 414 ad
353 393 445 414 unam
461 386 574 421 guttam
595 385 748 420 sanguinis
758 405 768 420 ,
784 384 858 413 sicut
877 381 1018 420 quando-

240 441 299 469 que
313 432 390 461 fitia
404 431 575 467 ablutione,
590 434 660 460 tune
680 431 722 460 ibi
743 431 849 460 desiuit
872 439 935 459 esse
953 437 1018 457 san-

239 479 324 515 guIs,
347 479 418 516 quia
441 479 555 516 species
578 479 658 507 illius
681 480 788 515 guttae,
811 478 867 506 sub
891 485 952 514 qua
974 477 1018 504 est

238 526 374 563 sanguis,
389 527 567 555 absorbetur
582 534 600 554 a
615 525 709 554 multo
724 526 795 554 vino
809 525 960 561 adjuncto.

271 574 356 602 Circa
373 573 586 602 Eucharistiam
611 575 654 601 est
673 573 830 610 quoddam
851 579 1016 600 sacramen-

236 623 299 650 tum
312 622 442 655 tantum,
454 622 487 649 ut
499 620 611 657 speeies
625 620 711 657 panis
725 622 754 648 et
769 619 846 655 vini3
859 618 1015 656 quoddam

235 670 279 696 est
291 668 333 696 ibi
347 675 395 696 res
409 668 534 702 tantum,
549 669 582 696 ut
596 675 705 704 eorpus
719 666 823 695 Christi
837 666 1013 703 mysticum;

235 715 391 751 quoddam
409 717 452 742 est
464 714 506 742 ibi
527 722 574 743 res
589 716 617 742 et
641 716 876 748 sacramentum,
893 715 925 741 ut
948 720 1014 740 cor-

233 770 291 799 pus
312 761 404 790 Chrisi
429 770 535 790 verum
554 782 564 796 ‚
589 761 674 798 quod
699 761 786 789 traxit
810 760 847 789 de
871 759 1012 795 Virgine:

233 808 313 837 istud
337 809 417 837 enim
437 810 480 837 est
499 816 547 836 res
565 807 669 845 primi,
686 810 714 836 et
735 809 955 835 sacramentum
970 813 1014 833 se-

233 855 334 884 cundi.
600 879 602 881 ,

269 903 328 932 Sub
350 905 477 939 utraque
501 902 599 939 specie
620 904 697 930 totus
718 901 847 929 Christus
868 899 1012 927 indivisus

232 952 290 986 est,
305 949 417 978 seilicet
439 957 548 986 corpus
571 952 599 977 et
617 949 733 983 anima,
748 950 776 976 et
796 949 887 982 nem,
906 955 940 974 ac
959 953 1012 982 per

230 997 288 1026 hoe
302 997 462 1034 utrobique
482 999 525 1025 est
542 1004 636 1024 unum
656 997 684 1023 et
698 994 952 1031 simplicissimum
967 1001 1012 1022 sa-

231 1046 425 1073 cramentum.
442 1044 501 1072 Sub
523 1044 621 1080 specie
635 1051 767 1079 namque
788 1041 874 1078 panis
890 1044 933 1069 est
947 1049 1011 1069 cor-

230 1099 286 1128 pus
307 1091 410 1120 Christi
433 1099 487 1127 per
513 1090 754 1124 conversionem,
771 1092 799 1117 et
822 1088 943 1124 sanguis
958 1096 1011 1124 per

230 1138 467 1173 connexionem,
483 1140 510 1166 et
526 1137 627 1165 anima
638 1145 691 1173 per
711 1136 967 1171 eonjunetIOnem,
983 1136 1011 1163 et

231 1185 369 1214 divinitas
383 1194 436 1222 per
451 1185 594 1213 unionem
611 1194 618 1217 ς
636 1184 690 1211 ista
706 1183 785 1211 euim
801 1184 929 1219 quatuor
948 1189 1009 1210 non

229 1235 353 1270 possunt
374 1232 487 1267 dividi,
506 1240 559 1259 nec
583 1231 621 1259 ab
649 1230 776 1258 invicem
798 1229 938 1266 separari.
954 1230 1009 1256 Eo-

230 1279 298 1308 dem
311 1279 403 1308 modo
417 1279 579 1307 dicendum
593 1280 635 1306 est
647 1277 684 1305 de
700 1277 855 1313 sanguine.
870 1278 1010 1304 i‘rwterea

230 1327 358 1355 Christus
377 1327 419 1354 sie
441 1329 516 1354 totus
540 1328 583 1354 est
604 1325 634 1353 in
659 1327 719 1353 tola
739 1324 851 1360 specie,
869 1323 952 1360 quod
967 1325 1009 1350 ost

229 1375 260 1402 in
275 1375 409 1411 qualibet
423 1377 506 1411 parte
523 1374 601 1409 ejus,
615 1374 676 1401 sive
693 1373 729 1400 sit
747 1373 860 1408 integra
876 1372 925 1399 ill-a
942 1380 1009 1408 spe-

230 1422 308 1457 cies,
327 1422 387 1449 sive
413 1421 508 1449 divisa
525 1431 531 1448 :
548 1429 581 1448 ac
604 1429 657 1456 per
679 1420 736 1447 hoc
760 1428 821 1447 non
847 1421 889 1447 cst
913 1419 954 1446 ibi
978 1421 1011 1446 ut

229 1469 482 1505 circumscriptus,
503 1467 550 1495 vel
576 1475 726 1503 occupans
749 1466 865 1500 locum,
887 1465 934 1493 vel
955 1465 1007 1493 lia-

229 1515 303 1543 bens
317 1515 422 1549 situm,
437 1515 485 1542 vel
505 1514 705 1550 percnptibilis
724 1521 777 1550 per
797 1513 928 1549 aliquem
944 1520 1009 1540 sen—

229 1571 296 1590 sum
311 1570 498 1598 corporeum.
517 1561 692 1597 Exemplum
714 1561 802 1593 huius
816 1560 963 1587 habemus
978 1559 1009 1587 in

229 1609 366 1647 speculo,
383 1609 466 1646 quod
491 1609 514 1636 si
535 1608 685 1636 dividatur
710 1607 740 1635 in
764 1607 872 1635 multas
893 1609 1008 1643 partes,

231 1657 260 1685 in
275 1656 408 1693 qualibet
422 1657 545 1693 apparet
560 1655 675 1689 imago,
695 1663 761 1691 quie
780 1654 863 1690 prius
881 1662 1007 1690 appare-

229 1704 281 1731 bat
294 1704 325 1731 in
340 1703 464 1737 integro.
478 1704 547 1730 ltem
563 1701 734 1737 exemplum
750 1703 791 1728 cst
807 1701 843 1727 de
860 1708 1006 1735 somnone,

230 1759 320 1787 quem
335 1750 401 1786 quis
417 1749 516 1777 multis
532 1749 648 1782 recitat,
666 1748 736 1783 quia
751 1747 876 1783 quilibet
890 1746 1008 1774 auditor

230 1797 333 1834 recipit
356 1797 440 1824 illum
461 1798 563 1823 totum.
588 1795 668 1822 Unde
691 1794 828 1830 quamvis
851 1802 948 1821 sermo
973 1794 1008 1821 sit

230 1845 334 1872 unicus
349 1844 379 1872 in
394 1843 574 1880 proferente,
591 1844 666 1870 totus
683 1844 781 1870 tamen
795 1843 837 1869 est
859 1841 888 1868 in
910 1841 1008 1877 quoli-

230 1891 279 1920 bet
295 1891 442 1919 audiente.

265 1938 364 1967 Hostia
378 1938 521 1972 frangitur
536 1937 565 1964 in
581 1938 637 1964 tres
657 1938 754 1972 partes
765 1958 771 1967 .
795 1937 916 1971 propter
931 1935 1006 1962 mul-

230 1989 272 2014 tas
299 1985 427 2014 rationes
449 1994 455 2012 ι
482 1984 579 2020 primo
597 2005 604 2017 ,
631 1986 752 2019 propter
779 1984 837 2009 tres
865 1990 1008 2018 personas

230 2033 346 2060 divinas
361 2032 390 2059 in
406 2040 465 2059 uua
481 2030 606 2058 essentia
623 2039 628 2057 :
646 2030 686 2057 sic
703 2032 769 2057 sunt
794 2032 850 2056 tres
865 2030 962 2064 partes
978 2029 1007 2056 in

230 2080 375 2107 divisione
404 2078 505 2106 hostiae
526 2099 535 2111 ‚
563 2086 638 2104 unus
664 2079 761 2103 tamen
788 2076 915 2103 Clu-imis
945 2078 1004 2105 est:

229 2126 375 2160 seeundo,
393 2127 512 2162 propter
535 2127 590 2152 tros
613 2125 703 2151 status
729 2122 876 2155 uec-lesing
898 2122 1007 2149 scilicet

229 2173 416 2201 militantium
432 2193 440 2205 ,
464 2170 728 2206 triumphantium,
746 2172 773 2196 et
788 2169 818 2196 in
834 2169 1005 2204 purgatorio

228 2220 415 2253 ardentium;
440 2219 537 2251 tertio,
563 2219 684 2252 proptor
709 2219 764 2243 tres
788 2218 878 2243 status
903 2216 1005 2243 Christi

227 2266 257 2294 iu
282 2267 390 2302 quibus
412 2265 480 2298 fuit,
496 2263 604 2290 seilicet
628 2263 760 2290 mortalis
777 2283 785 2295 ,
808 2264 942 2289 mortuus
955 2284 963 2296 ,
979 2265 1005 2290 ot

228 2312 418 2346 immortalis;
436 2313 542 2346 quarto
553 2331 561 2343 ,
578 2312 698 2345 proptor
721 2312 777 2335 tres
793 2309 959 2344 apertiones
975 2309 1004 2336 in

228 2367 352 2396 corpore
368 2357 469 2385 Christi
487 2360 617 2392 tempore
633 2355 793 2391 passionis,
810 2355 918 2382 scilicet
941 2364 1003 2382 ma-

227 2415 337 2441 nuum,
356 2405 482 2442 pedum,
497 2406 523 2431 et
538 2403 652 2436 lateris;
667 2402 784 2438 quinto,
808 2404 929 2437 propter
948 2405 1004 2429 tres

227 2453 404 2483 substantias
425 2452 455 2479 iu
475 2451 604 2484 Christo,
620 2449 728 2477 scilieet
748 2449 926 2483 divinitatis,
943 2450 1004 2476 ani-

226 2510 296 2536 mm,
311 2503 338 2529 et
353 2499 494 2536 corporis.

261 2548 482 2576 Sacramentum
502 2544 634 2580 corporis
657 2543 759 2572 Christi
781 2544 1002 2580 praefiguramm

226 2599 267 2625 est
282 2594 495 2631 multiplieiter,
510 2592 619 2619 seilicet
635 2593 656 2618 l.
674 2591 703 2618 iu
719 2591 869 2619 oblatione
886 2592 999 2619 Melchi-

224 2643 350 2676 sedech,
366 2642 395 2669 in
414 2649 474 2677 qua
495 2640 619 2675 figurate
642 2639 787 2666 habemus
809 2639 936 2667 formam
954 2649 1001 2667 ex-

257 2706 369 2735 ¹J111lic.‚
385 2710 441 2733 xiii,
464 2702 734 2732 12³.-—211tey.,x1v‚
750 2703 788 2726 πῖ.
800 2715 830 2719 -
846 2702 855 2717 ³
871 2702 953 2729 Crm‘.,
972 2707 999 2731 ιι,

224 2744 246 2768 t.
262 2756 290 2761 —
301 2742 310 2758 ⁴
322 2740 408 2767 Verbo
417 2738 535 2770 Liturgim
551 2740 630 2769 temp.
643 2737 740 2768 pasch„
754 2745 785 2762 ex
802 2737 900 2769 Ewch„
917 2743 1000 2767 amn,

570 268 830 302 COMPENDIUM
850 263 1112 300 TIIEOLOGICAE
1131 264 1355 298 VERITA'I'IS.
1379 263 1455 297 LIB.
1477 263 1530 298 VI.

1075 333 1214 362 tei-iorem
1227 332 1420 368 sacramenti,
1435 334 1464 361 et
1480 331 1613 370 primum
1631 332 1784 371 effectum,
1797 333 1852 364 sci-

1073 380 1142 409 IIeet
1166 380 1355 409 refectionem
1379 390 1387 409 :
1410 380 1452 409 ihi
1477 380 1558 409 enim
1579 380 1727 418 praecessit
1753 381 1852 417 figura

1073 427 1234 464 spiritualis
1254 427 1422 456 refectionis
1443 427 1474 456 in
1495 435 1573 464 pane
1588 429 1617 456 et
1636 427 1708 456 vino
1718 437 1728 464 ς
1748 427 1780 456 in
1798 429 1852 458 Eu-

1074 475 1211 503 charistia
1247 477 1290 503 est
1315 474 1435 503 refectio
1467 474 1628 511 spiritualis
1655 475 1723 503 vitae
1749 474 1782 503 in
1807 482 1849 504 re.

1072 522 1099 550 2.
1127 523 1199 550 ltem
1224 522 1256 550 in
1285 530 1413 557 manna,
1439 521 1492 550 ubi
1518 521 1704 558 figurabatur
1730 521 1851 551 effectus
1872 556 1880 562 ,

1072 569 1182 604 gratiae.
1197 572 1223 599 3.
1241 571 1313 598 ltem
1327 569 1358 597 in
1377 577 1456 605 agno
1477 569 1628 606 paschali,
1644 569 1675 597 in
1695 577 1755 606 quo
1775 570 1851 606 figu-

1071 616 1193 645 rabatur
1221 616 1358 644 liberatio
1385 625 1403 644 a
1428 617 1566 644 servitute
1590 616 1755 653 aegyptiaca
1779 626 1787 645 :
1811 617 1851 646 ita

1070 666 1170 691 noster
1185 671 1281 699 agnus
1296 666 1338 691 est
1351 663 1469 698 signum
1483 663 1667 691 liberationis
1681 672 1699 691 a
1713 662 1848 692 diabolo.

1071 711 1096 737 4.
1113 711 1184 738 ltem
1204 710 1234 738 in
1257 709 1381 738 diversis
1396 710 1564 745 sacrificiis,
1581 710 1618 738 de
1638 710 1747 746 quibus
1761 710 1850 739 habe-

1070 757 1117 784 tur
1130 756 1161 784 in
1176 757 1310 792 Levitico,
1326 757 1437 792 quibus
1455 756 1639 793 figurabatur
1653 757 1766 786 oblatio
1779 765 1848 794 pas-

1069 802 1160 830 sionis
1175 802 1294 838 Christi,
1313 804 1346 831 ut
1369 803 1423 831 fuit
1442 804 1531 832 hostia
1554 804 1657 840 quoad
1679 804 1849 832 reconcilia-

1068 848 1182 877 tionem
1198 871 1207 884 ,
1230 851 1259 877 et
1281 851 1394 878 victima
1417 850 1521 886 quoad
1541 850 1770 879 satisfactionem
1792 858 1848 888 pro

1067 895 1195 932 peccatis
1225 897 1349 932 uostris,
1374 899 1402 925 et
1424 898 1606 925 holocaustum
1632 897 1733 934 quoad
1759 897 1848 925 totius

1069 943 1202 979 corporis
1230 944 1275 971 sui
1305 943 1466 973 laesionem.
1495 947 1519 972 5.
1546 945 1616 972 item
1640 945 1671 972 in
1696 944 1847 972 oblatione

1067 991 1185 1025 Manno,
1203 990 1240 1018 de
1255 999 1316 1027 quo
1336 991 1443 1027 legitur
1458 992 1488 1019 in
1510 991 1587 1020 libro
1606 992 1732 1019 Judicum
1753 993 1776 1024 ¹,
1793 999 1848 1028 per

1067 1044 1159 1072 quam
1174 1036 1360 1072 figurabatur
1375 1038 1404 1065 in
1421 1046 1481 1074 quo
1497 1038 1585 1066 debet
1599 1038 1662 1066 fieri
1678 1038 1806 1074 oblatio,
1819 1040 1848 1066 et

1066 1091 1155 1119 super
1171 1084 1262 1120 quid,
1283 1085 1354 1120 quia
1369 1085 1400 1112 in
1423 1084 1482 1112 tide
1502 1086 1568 1113 Jesu
1584 1085 1686 1113 Christi
1698 1106 1706 1119 ,
1727 1085 1778 1122 qui
1793 1094 1846 1122 per

1066 1131 1181 1164 petram
1203 1129 1382 1164 designatur.
1404 1132 1429 1157 6.
1456 1131 1526 1158 ltem
1550 1130 1581 1158 in
1604 1131 1689 1166 virga
1712 1131 1844 1159 Jouathze

1066 1175 1178 1203 mellita
1189 1177 1198 1192 ²
1211 1197 1219 1210 ‚
1237 1176 1289 1204 ubi
1304 1176 1488 1212 figurabatur
1502 1177 1569 1213 quis
1590 1177 1695 1205 offerre
1715 1177 1841 1213 debeat,

1066 1221 1137 1256 quia
1163 1222 1330 1257 Jonattias;
1359 1230 1413 1258 per
1441 1222 1543 1250 savum
1571 1230 1642 1250 vero
1670 1222 1767 1250 mellis
1795 1222 1846 1250 de-

1065 1268 1198 1303 signatur
1214 1269 1334 1297 devotio
1351 1269 1509 1297 offerentis.
1527 1271 1552 1297 7.
1567 1269 1674 1305 Figura
1694 1269 1845 1305 sanguinis

1066 1315 1169 1343 Christi
1193 1316 1246 1344 fuit
1265 1317 1385 1351 vinum,
1408 1316 1447 1344 ad
1467 1316 1686 1351 designandum
1710 1317 1845 1344 refectio·

1066 1370 1134 1389 nem
1148 1364 1158 1379 ³
1177 1372 1182 1390 :
1201 1364 1360 1390 Introduxit
1386 1371 1425 1390 me
1448 1364 1505 1390 Rea:
1532 1365 1561 1390 in
1583 1365 1677 1391 cellam
1695 1366 1842 1391 vinariam.

1065 1410 1091 1436 8.
1119 1412 1190 1437 Item
1216 1418 1297 1447 aqua
1324 1411 1363 1438 ad
1390 1402 1611 1445 designondum
1637 1410 1843 1444 ablutionem3

1064 1456 1145 1484 unde
1173 1457 1249 1485 illud
1273 1458 1309 1485 ²:
1339 1458 1407 1485 Vidi·
1433 1466 1532 1492 aquam
1559 1458 1759 1493 egredientem,
1789 1460 1842 1486 etc.

1066 1505 1091 1530 9.
1120 1504 1190 1531 ltem
1219 1504 1363 1539 sanguis,
1395 1504 1433 1532 ad
1463 1504 1681 1540 designandum
1709 1504 1846 1541 redemp-

1065 1550 1176 1578 tionem
1192 1552 1201 1567 s
1223 1560 1229 1578 :
1251 1552 1315 1580 Siue
1338 1553 1479 1586 sanguinis
1509 1551 1639 1586 effusione
1664 1560 1717 1579 non
1744 1553 1776 1586 fit
1801 1559 1844 1579 re-

1064 1605 1168 1626 nusszo.

1322 1680 1465 1713 CAPUT
1494 1681 1582 1714 XIII.

1066 1759 1102 1785 De
1114 1757 1249 1791 cli'flnz'tate
1261 1760 1286 1785 ct
1302 1759 1461 1786 eaecellentia
1475 1761 1638 1787 sacramenti
1652 1760 1840 1805 Euchflristioe.

1100 1835 1230 1869 Dignitas
1246 1838 1275 1863 et
1294 1837 1468 1865 excellentia
1489 1838 1578 1873 hujus
1599 1838 1773 1866 sacramenti
1793 1845 1842 1874 ap-

1062 1886 1146 1919 paret
1161 1883 1189 1910 in
1206 1884 1305 1912 multis
1320 1894 1327 1911 ι
1343 1886 1453 1921 primo,
1469 1885 1556 1922 quia,
1570 1885 1642 1913 sicut
1654 1886 1717 1921 jam
1731 1885 1842 1913 dictum

1063 1932 1120 1963 cst,
1133 1931 1193 1957 tam
1217 1932 1283 1958 ante
1305 1931 1418 1967 legem,
1436 1940 1527 1968 quam
1550 1932 1579 1959 in
1595 1932 1658 1967 lege
1681 1931 1734 1959 fuit
1748 1931 1842 1968 proefi-

1062 1978 1220 2011 guratmn;
1239 1979 1371 2006 secundo
1383 2001 1390 2012 ‚
1407 1979 1478 2015 quia
1498 1987 1515 2006 a
1535 1979 1685 2015 Prophetis
1703 1985 1841 2014 praeuun-

1062 2023 1165 2050 tiatum
1185 2024 1194 2040 ὓ
1211 2033 1217 2051 2
1240 2026 1338 2052 Panem
1358 2027 1513 2060 ‹inqelorum
1541 2027 1717 2053 manducavit
1744 2026 1838 2053 homo:

1062 2070 1183 2106 ponitur
1203 2071 1249 2098 hic
1270 2073 1447 2107 prafftcritum
1470 2081 1525 2109 pro
1551 2073 1650 2101 futuro
1673 2072 1839 2109 prophetali

1063 2118 1245 2146 certitudine.
1262 2120 1372 2153 Tertio,
1389 2120 1459 2155 quia
1482 2128 1499 2148 a
1521 2120 1634 2148 Christo
1657 2119 1837 2154 institutum;

1062 2166 1089 2191 et
1100 2164 1156 2191 hoe
1168 2164 1335 2200 dupliciter,
1348 2166 1456 2193 scilicet
1471 2167 1575 2200 verbo,
1588 2168 1615 2193 et
1627 2166 1703 2193 facto
1716 2174 1722 2192 :
1735 2165 1837 2200 verbo,

1061 2214 1092 2238 ut
1113 2213 1193 2247 patet
1216 2211 1244 2238 in
1269 2213 1380 2239 Joanne
1395 2213 1404 2228 ⁷
1422 2222 1428 2239 ;
1445 2214 1500 2247 1330
1524 2221 1601 2247 sum,
1623 2213 1717 2249 inquit
1732 2233 1741 2247 ‚
1758 2213 1839 2247 panis

1060 2261 1153 2289 vivus,
1177 2261 1224 2293 qui
1236 2280 1243 2293 ,
1266 2262 1331 2293 ct‹f.;
1353 2259 1429 2287 facto
1444 2260 1454 2276 ⁸
1472 2269 1478 2287 ε
1496 2261 1620 2295 Accipite
1643 2263 1667 2288 et
1687 2260 1837 2287 comedite:

1061 2306 1107 2331 hoc
1122 2308 1172 2336 est.
1195 2308 1247 2333 etc.
1272 2306 1400 2340 Quarto,
1419 2307 1489 2342 quia
1513 2307 1551 2334 ab
1568 2306 1714 2342 Apostolis
1735 2306 1838 2334 obser-

1059 2355 1160 2379 vatum
1175 2352 1185 2368 ⁹
1207 2362 1213 2380 ι
1239 2353 1462 2381 Ceut-enz'entibus
1494 2355 1566 2382 robis
1592 2356 1620 2381 1⁴71
1648 2362 1730 2381 unum
1748 2374 1757 2386 ‚
1782 2355 1836 2380 etc.

1060 2400 1185 2434 Quinto,
1203 2400 1273 2435 quia
1297 2408 1313 2427 a
1340 2401 1462 2428 summis
1487 2401 1677 2437 pontificibus
1700 2399 1838 2427 solemni-

1059 2448 1155 2474 zatum
1167 2467 1174 2481 ,
1191 2447 1241 2482 qui
1259 2447 1472 2475 ordinaverunt
1491 2451 1609 2476 cantum
1625 2449 1652 2475 et
1667 2447 1815 2475 orationes
1827 2468 1836 2482 ‚

1058 2493 1214 2527 lovum,et
1238 2496 1368 2530 tempus,
1393 2497 1420 2522 et
1445 2495 1632 2528 vestimenta,
1648 2496 1675 2522 et
1700 2502 1771 2522 vasa
1793 2494 1837 2522 di-

1058 2549 1156 2575 versa,
1174 2549 1240 2576 quoe
1257 2542 1357 2570 omnia
1376 2545 1444 2571 sunt
1465 2542 1503 2570 ad
1527 2542 1666 2570 decorem
1689 2541 1777 2577 hujus
1791 2549 1836 2569 sa-

1059 2588 1208 2617 eramenti.

1092 2635 1218 2664 Maxima
1235 2635 1362 2671 dignitas
1378 2638 1500 2674 apparet
1514 2636 1543 2664 in
1558 2636 1615 2664 hoc
1630 2637 1831 2669 sacramento,

1060 2701 1079 2723 1.
1096 2712 1121 2715 ἡ
1137 2699 1146 2713 r.
1162 2697 1247 2724 [li-lum,
1264 2704 1299 2725 Π,
1316 2700 1417 2723 22.-¹³
1433 2699 1614 2730 uvalani-11,
1631 2700 1670 2723 255.
1683 2712 1713 2716 —
1724 2699 1734 2716 ⁷
1749 2698 1830 2730 loon.¹

1057 2741 1092 2766 vt,
1107 2734 1145 2758 Ijl.
1158 2746 1187 2750 -——
1199 2735 1208 2746 “
1221 2734 1321 2764 Mami„
1340 2741 1412 2767 xxm,
1429 2738 1467 2760 ⁵26.
1478 2749 1509 2754 ·—
1524 2738 1533 2751 ⁹
1549 2736 1556 2759 I
1574 2736 1643 2765 Cor„
1655 2733 1742 2766 x1,18.
