2004 3037
195 227 253 258 ⁴08

193 292 246 321 sed
259 292 423 321 intellectus
436 293 581 321 convertit
596 301 628 321 se
644 301 734 330 super
747 302 782 324 ea
794 303 862 333 quae
874 296 966 326 hahet

193 339 275 376 apud
293 347 344 373 se,
359 341 387 367 et
401 347 436 367 ea
457 339 572 368 reducit
594 341 634 368 ad
655 343 770 378 actum,
786 351 854 379 quae
875 343 967 372 habet

192 385 224 414 in
237 385 340 413 habitu
356 395 363 414 z
379 386 432 414 iste
446 388 546 414 autem
565 387 685 416 habitus
703 392 802 418 manet
815 391 966 419 actualiter

192 432 273 468 apud
301 432 482 460 intellectum
509 433 683 469 possibilem
699 456 707 469 ,
736 436 787 472 qui
812 438 855 464 est
881 437 966 466 locus

192 477 357 514 specierum
381 479 595 507 universalium
611 489 617 508 :
633 481 714 509 unde
737 484 765 510 et
785 483 965 512 universalia

191 525 273 561 prius
300 526 451 562 speculata
482 530 634 556 remanent
666 529 748 565 apud
775 529 875 566 ipsum
902 533 965 559 tan-

192 580 283 607 quam
298 573 328 600 in
343 573 410 601 loco
425 581 484 601 suae
500 574 712 610 generationis,
730 577 820 604 etiam
841 577 964 613 quando

192 620 258 646 actu
281 619 317 656 (α)
338 618 390 647 illa
407 627 469 647 non
486 620 663 649 considerat.
682 622 846 651 Intellectus
866 626 965 652 autem

191 665 340 701 possibilis
355 667 394 694 ad
407 667 461 696 has
474 668 604 703 species,
620 676 694 704 quas
714 669 755 697 sie
774 670 864 698 habet
884 669 965 706 apud

191 719 241 746 se,
265 713 463 748 convertitur,
479 714 528 742 vel
547 714 585 742 ab
606 715 647 742 eis
668 716 824 751 avertitur,
841 717 963 752 quando

190 757 327 786 voluerit.
345 759 449 788 Ultimo
473 761 638 789 notandum
660 764 702 789 est
721 763 805 799 quod
819 763 965 792 memoria

190 804 311 840 ponitur
328 805 360 833 in
379 807 536 842 posteriori
557 810 640 843 parte
661 809 795 844 cerebri,
810 809 862 845 qui
882 809 966 837 locus

191 852 234 877 est
245 851 339 879 siccus
353 854 475 889 propter
488 861 597 882 nervos
609 855 752 888 motivos,
766 855 816 891 qui
832 855 966 884 oriuntur

192 903 228 924 ex
241 905 317 933 ipso.

452 951 594 984 CAPUT
617 952 702 985 XLI.

376 1021 414 1047 De
431 1021 460 1047 vi
477 1020 600 1047 sensibili
619 1019 718 1048 ὶηοιίυα
740 1022 785 1056 (b).

231 1085 367 1120 Sequitur
382 1085 418 1112 de
437 1086 466 1113 vi
487 1086 619 1113 sensibili
641 1087 754 1114 motiva
768 1096 774 1114 :
790 1087 850 1115 baec
865 1090 966 1116 movet

191 1132 373 1169 quandoque
388 1132 591 1168 spiritualiter,
606 1135 788 1171 quandoque
804 1136 964 1171 corporali-

190 1181 242 1208 ter.
258 1179 355 1207 Primo
371 1179 461 1206 modo
478 1179 584 1207 dicitur
598 1181 771 1216 appetitiva,
784 1190 850 1218 quoe
865 1185 965 1210 movet

191 1225 363 1261 dupliciter,
381 1228 430 1252 aut
450 1225 619 1261 diligendo,
635 1229 686 1254 aut
709 1227 859 1262 o(licndo;
877 1231 904 1256 et
920 1229 963 1256 di-

191 1272 300 1300 viditur
315 1272 344 1300 in
361 1273 638 1308 concupiscibilem,
654 1276 682 1302 et
696 1274 874 1303 irascibilem
886 1297 894 1309 ‚
913 1284 965 1311 per

191 1326 265 1354 quas
279 1319 389 1354 appetit
403 1319 502 1347 anima
517 1320 647 1355 bonum,
661 1321 707 1349 vel
722 1321 847 1356 insurgit
862 1325 964 1350 contra

190 1365 313 1392 malum.
332 1365 375 1392 Ab
395 1365 440 1392 his
455 1374 526 1393 vero
549 1366 681 1400 duabus,
695 1367 804 1395 scilicet
825 1368 964 1396 irascibili

191 1413 219 1439 et
234 1411 472 1447 concupiscibili,
489 1412 623 1440 oriuntur
638 1416 765 1448 quatuor
779 1414 964 1447 affectiones,

190 1457 298 1485 scilicet
312 1458 472 1493 gaudium,
487 1467 553 1494 spes
564 1480 573 1493 ,
589 1459 676 1487 dolor
693 1462 720 1487 et
739 1461 835 1488 timor.
853 1462 925 1488 Nam
941 1462 964 1489 si

190 1511 317 1539 praesens
340 1507 381 1532 est
402 1505 486 1540 quod
509 1506 763 1541 concupiscimus,
779 1506 963 1543 gaudemus3

190 1550 213 1577 si
227 1550 334 1578 absens
349 1553 400 1585 est,
415 1559 577 1586 speramus.
591 1552 738 1585 Similiter,
747 1553 769 1579 si
780 1561 908 1588 praesens
924 1556 966 1582 est

190 1597 227 1625 de
243 1605 303 1632 quo
325 1597 493 1632 irascimur,
513 1598 669 1633 dolemus;
686 1599 709 1626 si
731 1599 838 1626 absens
853 1602 913 1634 est,
930 1601 965 1628 ti-

190 1650 314 1671 memus.

226 1689 403 1716 Sensualitas
429 1693 528 1717 autem
552 1692 595 1717 est
617 1690 661 1717 vis
686 1691 791 1718 animle
819 1692 966 1719 sensibilis

190 1736 324 1769 motivae,
342 1738 369 1762 et
391 1736 429 1762 ad
453 1736 533 1763 idem
557 1739 670 1769 movet,
687 1737 725 1763 ad
750 1737 833 1772 quod
860 1746 965 1766 concu-

189 1782 349 1817 piscibilis,
365 1784 392 1809 et
406 1782 571 1809 irascibilis.
588 1783 765 1810 Sensualitas
781 1783 860 1810 enim
875 1792 964 1820 appe-

191 1827 223 1855 tit
248 1836 313 1863 quie
338 1828 526 1855 delectabilia
550 1831 617 1856 sunt
640 1830 776 1864 corpori,
801 1838 834 1857 ac
859 1831 966 1859 nociva

190 1874 305 1908 refugit.
324 1874 422 1901 Differt
437 1877 534 1901 tamen
557 1875 730 1902 sensualitas
748 1884 765 1903 a
785 1877 965 1912 concupisci-

191 1919 243 1947 bili
255 1940 264 1953 ,
280 1922 306 1946 et
321 1920 459 1947 irascibili
476 1929 482 1947 :
498 1921 567 1956 quia
587 1921 760 1948 sensualitas
777 1925 871 1957 magis
894 1931 965 1950 con-

189 1966 321 2000 jungitur
347 1967 464 2002 corpori
481 1988 488 2001 ,
515 1969 542 1994 et
569 1967 643 1995 sicut
666 1968 695 1995 in
725 1968 818 1995 brulis
836 1990 844 2002 ,
869 1970 907 1997 ita
936 1970 965 1997 in

191 2011 311 2039 homine
328 2013 411 2040 nulla
435 2013 499 2047 lege
521 2014 740 2049 perstringitur,
757 2015 828 2050 quin
850 2023 967 2051 semper

191 2058 221 2085 in
233 2058 379 2094 appetitus
393 2067 492 2086 rerum
505 2060 545 2087 ad
561 2068 665 2095 corpus
680 2061 888 2096 pertinentium
904 2070 967 2089 mo-

191 2107 303 2131 veatur.
329 2105 384 2132 Sed
404 2106 642 2141 concupiscibilis
669 2109 696 2134 ct
720 2107 875 2135 irascibilis
899 2117 967 2136 con-

189 2151 354 2184 junguntur
374 2152 495 2186 rationi,
515 2155 556 2186 et,
572 2155 660 2188 prout
683 2156 750 2181 sunt
774 2154 803 2180 in
826 2155 965 2189 homine,

192 2196 350 2224 fraenantur
376 2199 488 2226 ratione
500 2220 508 2232 ,
534 2207 567 2226 ac
591 2202 734 2234 reguntur
758 2200 787 2226 in
815 2200 894 2235 ipsis.
921 2203 968 2229 Est

193 2243 271 2270 enim
287 2245 479 2278 temperantia
493 2245 521 2271 in
537 2246 769 2280 concupiscibili,
782 2248 809 2272 et
824 2246 966 2274 fortitudo

194 2288 223 2316 in
238 2289 395 2323 irascibili,
411 2293 438 2317 et
453 2291 492 2317 sic
509 2291 545 2318 de
562 2291 635 2318 aliis.

230 2336 398 2362 Secundum
414 2337 495 2371 quod
517 2338 560 2363 vis
580 2337 690 2364 motiva
705 2338 852 2365 sensibilis
867 2343 967 2367 movet

196 2383 404 2418 corporaliter,
428 2383 468 2409 sic
490 2383 631 2411 dividitur
651 2385 680 2411 in
704 2384 837 2412 virtutem
852 2387 967 2413 natura-

197 2429 272 2462 lem,
287 2429 405 2456 vilalem
421 2432 449 2456 et
463 2430 623 2457 animalem
640 2439 646 2456 :
664 2439 791 2465 quarum
811 2431 907 2466 prima
929 2433 966 2459 si-

198 2477 257 2502 tum
272 2483 358 2502 suum
373 2475 461 2502 habet
473 2476 503 2502 in
517 2476 621 2511 hepate
635 2486 642 2510 3
659 2477 799 2510 secunda,
816 2477 845 2503 iu
861 2478 964 2512 corde3

198 2522 294 2555 tertia,
310 2522 339 2548 in
354 2522 462 2557 capite,
477 2524 508 2549 ut
528 2522 557 2549 in
577 2523 714 2558 proximo
737 2524 881 2558 principio
899 2533 904 2550 :
922 2526 966 2551 ta-

197 2574 265 2594 men
286 2568 416 2602 primum
436 2568 614 2604 principium
629 2570 671 2596 est
692 2577 751 2596 cor.
770 2569 863 2596 Virtus
887 2570 966 2597 enim

229 2628 261 2666 (a)
277 2629 337 2652 Coet.
355 2629 414 2653 edit.
434 2632 493 2654 actu
510 2631 620 2661 quando.
637 2643 665 2648 —
687 2630 721 2661 (b)
740 2632 800 2654 Item
816 2631 927 2655 sensibili
944 2634 968 2656 et

198 2665 300 2687 motiva.

522 225 780 260 COMPENDIUM
800 227 1059 262 THEOLOGICAE
1081 230 1304 264 VERITATlS.
1326 233 1402 265 LlB.
1427 234 1464 265 ll.

1021 298 1162 326 naturalis
1175 300 1219 327 est
1236 299 1349 329 motiva
1362 300 1523 330 humorum
1533 311 1542 338 3
1554 302 1667 338 vitalis,
1683 304 1794 332 motiva

1020 344 1161 380 pulsuum
1167 355 1176 381 3
1192 346 1343 381 animalis,
1358 347 1470 376 motiva
1486 347 1702 377 membrorum.
1718 349 1792 378 Dici-

1021 398 1088 418 mus
1111 399 1182 427 ergo
1209 393 1292 429 quod
1321 393 1413 422 virtus
1441 395 1584 422 naturalis
1611 397 1654 423 est
1681 395 1793 424 motiva

1021 435 1180 466 humorum
1199 439 1399 468 mediantibus
1420 441 1533 468 arteriis
1553 443 1582 469 et
1602 441 1704 477 venis,
1727 450 1794 478 qum

1020 482 1191 512 radicantur
1204 485 1236 513 in
1249 485 1356 521 hepate
1376 487 1541 515 secundum
1562 487 1724 523 Galenum,
1741 487 1795 516 sed

1020 530 1185 558 secundum
1203 532 1387 560 Aristotelem
1407 533 1578 562 radicantur
1596 534 1627 561 in
1642 535 1750 570 corde,
1767 537 1795 563 et

1020 575 1077 604 hoc
1091 585 1144 612 per
1159 577 1294 613 spiritum
1307 580 1483 608 naturalem.
1500 582 1548 608 Est
1563 583 1662 608 autem
1677 581 1795 617 spiritus

1020 624 1179 658 naturalis,
1195 625 1358 654 substantia
1372 627 1487 654 subtilis
1511 629 1538 655 et
1566 635 1669 663 aerea,
1687 627 1718 655 vi
1744 636 1794 655 ca-

1020 669 1091 698 loris
1115 670 1146 698 in
1172 672 1261 699 corde
1286 675 1448 708 generata:
1467 673 1529 702 haec
1555 674 1730 710 sanguinem
1755 674 1795 702 ad

1020 716 1138 752 singula
1158 718 1294 746 membra
1316 719 1460 754 impellit,
1482 728 1518 747 ex
1541 728 1602 756 quo
1624 729 1731 756 corpus
1746 729 1795 749 ve·

1020 765 1143 797 getatur.
1160 763 1255 791 Virtus
1270 765 1365 792 vitalis
1380 767 1424 792 est
1438 766 1550 794 motiva
1569 766 1710 802 pulsuum
1730 775 1794 795 me-

1021 808 1172 836 diantibus
1196 810 1310 837 arteriis
1324 832 1333 845 ,
1358 819 1425 847 quae
1447 811 1616 840 radicantur
1637 813 1669 840 in
1692 813 1794 841 corde.

1020 854 1143 890 Spiritus
1155 857 1254 883 autem
1266 856 1363 884 vitalis
1378 859 1420 885 est
1433 857 1514 885 idem
1529 858 1580 894 qui
1595 861 1623 886 et
1635 859 1793 887 naturalis:

1020 901 1091 928 idem
1113 901 1180 929 dico
1202 902 1233 929 in
1256 903 1438 939 substantia;
1454 904 1507 931 sed
1530 904 1669 932 differens
1686 905 1717 932 in
1738 905 1796 933 vir-

1021 948 1080 975 tute
1097 956 1104 974 :
1119 947 1167 975 hic
1181 956 1234 984 per
1248 949 1370 976 arterias
1389 949 1428 977 ad
1451 950 1587 978 membra
1611 951 1744 987 corporis
1762 959 1794 979 se

1021 993 1190 1021 diffundens
1208 1015 1217 1028 ,
1242 995 1371 1023 vivificat
1394 995 1491 1032 ipsum
1518 1004 1625 1033 corpus
1651 1000 1794 1033 tanquam

1020 1040 1255 1069 instrumentum.
1270 1042 1365 1070 Virtus
1377 1043 1514 1070 animalis
1527 1045 1568 1071 est
1583 1044 1694 1071 motiva
1705 1052 1796 1072 mem—

1019 1087 1144 1115 brorum
1159 1088 1358 1116 mediantibus
1377 1090 1491 1124 nervis,
1508 1090 1559 1125 qui
1580 1090 1750 1118 radicantur
1765 1091 1795 1119 in

1020 1134 1130 1169 capite,
1146 1136 1174 1161 et
1188 1134 1244 1162 hoc
1260 1143 1313 1170 per
1328 1135 1462 1171 spiritum
1487 1135 1657 1163 animalem.
1681 1138 1728 1164 Est
1743 1145 1796 1165 au-

1020 1182 1078 1207 tom
1100 1181 1219 1216 spiritus
1240 1181 1377 1209 animalis
1399 1181 1479 1209 idem
1502 1183 1553 1218 qui
1568 1185 1596 1210 et
1613 1182 1754 1210 naturalis
1769 1185 1797 1211 et

1019 1226 1135 1261 vitalis;
1150 1227 1202 1254 sed
1216 1227 1354 1255 animalis
1370 1228 1485 1262 dicitur,
1502 1236 1570 1256 cum
1586 1228 1625 1256 ad
1640 1228 1795 1257 cerebrum

1021 1273 1180 1300 devenerit.
1198 1274 1247 1301 Hic
1262 1274 1371 1301 caeteris
1396 1274 1531 1302 subtilior
1555 1282 1608 1310 per
1629 1283 1736 1302 nervos
1756 1274 1796 1303 ad

1021 1326 1134 1354 organa
1149 1319 1292 1347 sentiendi
1312 1320 1463 1355 dirigitur,
1478 1323 1510 1348 ut
1529 1328 1630 1348 sensus
1654 1324 1683 1348 et
1697 1324 1795 1349 motus

1020 1366 1184 1393 seeundum
1198 1366 1298 1394 locum
1320 1366 1426 1394 exinde
1447 1369 1602 1402 generetur
1616 1367 1647 1394 in
1667 1375 1792 1404 corpore

1021 1412 1167 1439 animalis.
1519 1405 1537 1412 ⁶

1057 1459 1138 1486 Circa
1152 1458 1228 1486 vires
1244 1459 1312 1486 istas
1328 1459 1457 1495 denique
1475 1459 1629 1488 sciendum
1644 1462 1697 1494 est,
1712 1461 1795 1497 quod

1021 1512 1088 1532 cum
1111 1505 1232 1532 virtutes
1257 1505 1400 1533 animales
1420 1506 1634 1541 intenduntur,
1652 1508 1721 1534 tunc
1743 1515 1795 1534 na-

1021 1551 1128 1579 turales
1157 1551 1343 1580 remittuntur
1363 1562 1370 1586 3
1394 1554 1515 1588 propter
1538 1553 1595 1580 hoc
1617 1553 1647 1580 in
1675 1553 1794 1581 homine

1021 1598 1121 1625 dedito
1142 1598 1256 1632 studio,
1271 1598 1318 1625 vel
1334 1598 1592 1632 meditationibus,
1607 1598 1705 1626 minus
1726 1607 1795 1635 ope-

1020 1647 1101 1671 ratur
1122 1644 1213 1671 virtus
1235 1644 1374 1671 nutritiva
1388 1665 1397 1678 ,
1423 1646 1450 1671 ct
1471 1645 1656 1679 generativa,
1671 1647 1699 1672 et
1721 1653 1795 1681 aug-

1020 1690 1189 1717 mentativa.
1206 1692 1245 1717 lix
1266 1698 1325 1726 quo
1347 1692 1425 1726 patet
1446 1691 1527 1726 quod
1554 1691 1794 1727 concupiscentia

1020 1737 1116 1763 carnis
1132 1736 1270 1764 domatur
1284 1737 1314 1763 in
1329 1737 1393 1764 viro
1410 1737 1554 1764 studioso.
1572 1737 1652 1764 Unde
1670 1738 1709 1765 ait
1730 1738 1793 1766 llic-

1019 1790 1162 1818 ronymus
1179 1792 1185 1809 ε
1208 1792 1220 1807 «
1241 1784 1313 1810 Ama
1338 1783 1489 1810 scientiam
1513 1783 1748 1818 Scripturarum,
1766 1786 1793 1812 et

1020 1829 1114 1856 carnis
1128 1829 1197 1856 vitia
1220 1837 1281 1856 non
1305 1829 1428 1856 amabis.
1446 1840 1457 1853 »ι
1477 1831 1616 1857 Praetcrea
1633 1850 1641 1863 ‚
1667 1830 1788 1865 quando

1020 1875 1138 1902 virtutes
1159 1875 1300 1903 animales
1315 1876 1512 1907 remittuntur,
1531 1876 1678 1903 naturales
1701 1876 1792 1904 inten-

1020 1922 1129 1949 duntur
1145 1930 1151 1947 z
1168 1922 1241 1949 sicut
1263 1924 1342 1957 patet
1365 1922 1394 1949 in
1413 1930 1534 1955 somno,
1551 1922 1601 1958 qui
1619 1922 1793 1950 describitur

1021 1976 1082 1995 esse
1097 1968 1180 2003 quies
1194 1968 1334 1995 virtutum
1350 1968 1523 1995 animalium
1542 1977 1610 1995 cum
1630 1969 1792 1997 intensione

1020 2014 1210 2041 naturalium.

1273 2099 1414 2132 CAPUT
1438 2099 1539 2131 XLII.

1163 2175 1200 2200 De
1218 2176 1346 2208 potentiis
1367 2176 1474 2200 Am‘moe
1491 2174 1647 2201 rationalis.

1056 2247 1120 2275 Tria
1134 2248 1200 2273 sunt
1213 2246 1242 2273 in
1253 2246 1362 2279 anima,
1374 2247 1405 2272 ut
1417 2245 1456 2272 ait
1468 2245 1675 2281 Philosophus,
1685 2247 1793 2276 scillcet

1021 2293 1166 2329 potentiae,
1177 2292 1306 2325 habitus,
1317 2294 1343 2318 et
1354 2291 1514 2326 passiones.
1532 2294 1564 2319 Et
1579 2293 1715 2327 potentiae
1727 2294 1791 2329 qui-

1022 2341 1090 2367 dem
1100 2341 1166 2366 sunt
1181 2339 1302 2371 innatfe3
1319 2338 1437 2365 habitus
1453 2340 1551 2365 autem
1564 2341 1630 2365 sunt
1646 2339 1791 2374 acquisiti,

1022 2387 1067 2413 vel
1077 2385 1177 2418 insusi;
1190 2384 1341 2419 passiones
1353 2392 1423 2411 vero
1433 2384 1788 2415 suntillatae,ve1innatoe.

1021 2433 1141 2460 Habitus
1156 2431 1233 2457 enim
1249 2432 1315 2457 sunt
1330 2430 1473 2465 acquisiti,
1484 2433 1516 2457 ut
1526 2433 1603 2465 patet
1616 2430 1645 2457 in
1659 2431 1789 2465 scientia,

1021 2481 1048 2506 et
1075 2479 1179 2505 virtute
1202 2476 1322 2512 politica
1340 2485 1345 2502 :
1368 2484 1436 2503 nam
1461 2485 1496 2503 es.
1521 2476 1665 2511 frequenti
1694 2477 1792 2504 studio

1021 2526 1111 2553 homo
1128 2523 1252 2559 acquirit
1271 2523 1439 2557 scientiam5
1457 2525 1484 2550 et
1506 2531 1541 2550 ex
1556 2522 1699 2557 frequenti
1716 2523 1791 2552 bene

1021 2579 1108 2606 agere
1122 2570 1155 2597 fit
1167 2569 1257 2596 homo
1274 2569 1370 2595 bonus
1383 2568 1513 2596 bonitate
1528 2568 1641 2595 virtutis
1655 2569 1789 2604 politicae.

1021 2618 1092 2645 Sunt
1114 2618 1142 2643 et
1156 2615 1273 2642 habitus
1288 2615 1469 2650 quandoque
1485 2623 1545 2642 non
1560 2623 1612 2651 per
1626 2615 1792 2650 acquisitio-

1022 2671 1104 2696 nem,
1120 2661 1171 2689 sed
1193 2669 1246 2697 pcr
1268 2661 1463 2689 inlusionem:
1482 2661 1555 2688 sicut
1576 2661 1719 2697 sapientia
1739 2660 1792 2688 fuit
