2004 3037
190 192 251 227 1432

191 260 417 297 contemplator,
433 258 508 287 sicut
527 257 599 286 dicit
618 255 787 285 Bernardus
802 257 824 291 ¹,
840 255 894 284 ruit
918 255 970 292 qui

192 309 266 338 dixit
279 309 290 326 ²
307 316 314 336 :
330 307 465 342 Elongavi
476 307 600 341 sumens,
616 307 641 333 et
657 305 748 333 mansi
762 305 794 332 in
813 303 968 332 solitudine.

191 358 256 386 Non
276 354 357 384 enim
376 353 431 382 fuit
453 353 610 382 contentus
630 351 728 386 exire,
750 350 807 378 nisi
829 350 919 386 longe
940 357 971 377 se

191 402 314 436 faceret,
329 402 362 429 ut
375 401 476 438 posset
490 399 652 436 quiescere.
664 408 678 425 n
691 397 844 434 Sequitur:
857 406 871 424 «
882 398 971 425 Tran-

192 448 277 478 silisti
305 448 402 477 carnis
430 447 672 481 oblectamenta,
699 445 733 473 ut
757 444 882 472 minime
910 443 983 479 jam*

193 495 318 524 obedias
337 493 582 530 concupiscentiis
605 493 689 528 ejus,
711 499 768 519 nec
791 491 918 519 tenearis
941 489 975 517 il-

192 542 336 578 lecebris;
351 540 516 578 perfecisti,
540 541 568 568 et
592 537 737 575 superasti
755 538 784 565 te
801 546 808 565 :
824 537 878 565 sed
897 545 974 565 non-

195 589 268 617 dum
280 588 439 624 elongasti,
454 587 511 615 nisi
527 588 555 614 et
569 585 712 614 irruentia
725 584 860 620 undique
874 583 975 620 phan-

194 637 320 664 tasmata
328 642 541 672 corporearum
551 631 780 661 similitudinum
789 630 975 659 transvolare

195 683 302 711 mentis
323 682 450 719 puritate
472 680 645 718 praevaleas.
661 689 676 706 »
693 680 757 707 Hzec
780 678 839 706 ille.
860 678 899 705 De
914 684 975 713 quo

195 729 264 758 vide
278 737 385 766 supra,
401 728 467 756 dist.
484 736 514 756 vi
526 728 546 755 ²³.

233 777 342 811 Quarto
356 796 366 811 ‚
386 783 474 804 verus
498 773 714 810 contemplator
729 780 774 807 es,
790 771 814 799 si
825 772 977 799 transcen-

198 824 266 852 disti
280 823 382 852 omnia
396 821 569 856 rationalia,
585 821 706 856 propter
725 818 935 855 phantasmata
951 818 979 844 et

199 872 258 900 alia
271 870 486 908 impedimenta
510 867 690 897 retardantia
712 867 845 895 animam
868 864 908 893 ad
929 872 978 892 su-

198 919 318 956 periora
333 918 554 954 properantem.
566 916 606 942 De
617 914 675 942 hoc
692 913 762 941 dicit
776 912 940 941 Richardus
950 911 977 940 *ε

203 976 217 992 «
231 963 447 1000 Contemplatio
462 963 564 991 nostra
579 963 650 988 tunc
670 959 815 988 veraciter
829 966 920 995 supra
934 965 981 986 ra-

200 1013 312 1041 tionem
327 1009 472 1043 ascendit,
489 1007 612 1046 quando
628 1007 659 1035 id
676 1007 794 1035 animus
808 1013 861 1042 per
874 1004 981 1033 mentis

202 1058 440 1087 sublevationem
456 1056 563 1090 cernit,
580 1053 663 1091 quod
678 1054 817 1082 humanae
832 1053 980 1088 capacita-

202 1106 238 1134 tis
253 1107 347 1133 metas
367 1102 560 1136 transcendit,
575 1103 607 1128 ut
630 1102 698 1128 sunt
718 1100 785 1135 illa,
799 1108 866 1136 quae
881 1098 918 1126 de
933 1098 981 1126 di-

203 1152 331 1180 vinitatis
353 1153 478 1185 natura,
501 1151 528 1177 ct
553 1148 590 1176 de
618 1147 744 1183 simplici
769 1146 833 1182 ejus
857 1145 982 1173 essentia

204 1199 363 1227 credimus.
387 1199 420 1225 Et
434 1197 500 1225 licet
519 1195 569 1223 illa
591 1193 803 1229 contemplatio
824 1200 915 1228 supra
936 1200 982 1219 ra-

205 1246 315 1274 tionem
331 1245 383 1279 sit,
408 1252 470 1272 non
492 1245 593 1271 tamen
616 1243 721 1278 praeter
744 1241 890 1268 rationem
913 1247 983 1267 cen-

205 1293 298 1320 senda
313 1294 369 1327 cst,
386 1291 509 1328 quando
532 1290 557 1318 ci
575 1310 583 1323 ,
604 1289 687 1325 quod
708 1296 762 1324 per
785 1286 984 1322 intelligentiae

206 1340 301 1368 aciem
320 1339 447 1367 cernitur
461 1360 469 1373 ‚
494 1337 628 1365 humana
652 1335 726 1363 ratio
755 1334 901 1362 contraire
923 1341 985 1361 non

206 1389 316 1424 potest,
332 1385 404 1422 quin
419 1384 518 1421 potius
533 1384 558 1411 ei
574 1382 658 1411 facile
683 1380 857 1418 acquiescit,
880 1382 908 1408 ct
932 1387 985 1407 sua

207 1433 391 1462 attestatione
406 1431 520 1460 alludit.
537 1440 550 1457 n
571 1431 633 1457 llaec
646 1429 706 1457 ille.

244 1480 366 1514 Quinto,
381 1486 468 1507 verus
496 1476 711 1512 contemplator
739 1483 769 1503 es
785 1496 794 1510 ,
817 1474 841 1502 si
869 1481 986 1501 sursum

208 1530 314 1556 tractus
329 1535 358 1554 es
382 1533 471 1562 super
494 1524 596 1552 omnia
618 1522 816 1557 intelligibilia
840 1521 869 1549 in
886 1520 986 1556 caligi-

208 1583 277 1603 nem
291 1573 474 1610 ignorantim.
491 1573 523 1599 Et
539 1571 586 1598 liic
600 1570 710 1605 gradus
725 1567 986 1604 contemplationis

210 1624 252 1650 est
266 1622 303 1650 dc
318 1629 379 1657 quo
394 1619 526 1656 loquitur
542 1617 715 1653 DionysiuS,
728 1616 829 1644 dicens
845 1616 854 1631 ⁶
872 1624 878 1642 :
898 1625 912 1640 (1
926 1614 984 1642 Ad—

210 1670 268 1697 huc
282 1670 370 1697 restat
386 1666 578 1704 principalior
597 1665 645 1692 1)οἰ
662 1663 792 1699 cognitio
803 1684 812 1697 ,
828 1671 894 1698 qum
910 1663 987 1697 ligu-

211 1719 292 1744 ratur
307 1716 336 1743 in
352 1723 386 1742 eo
395 1736 402 1749 ‚
415 1713 498 1750 quod
514 1714 626 1747 Moyses
636 1712 645 1727 ⁶
655 1713 808 1746 separatur
819 1710 857 1737 ab
869 1709 925 1743 his,
937 1709 988 1744 qui

212 1764 311 1791 locum
328 1762 375 1789 Dei
399 1768 499 1788 secum
522 1758 675 1791 videraut,
693 1759 720 1785 ct
734 1756 916 1783 subtrahitur
932 1755 989 1782 illis

212 1810 296 1844 visis,
313 1811 340 1836 et
356 1808 443 1835 intrat
455 1807 484 1833 in
500 1805 660 1839 caliginem
676 1803 847 1838 ignorantiae
861 1822 867 1835 ‚
885 1803 912 1829 et
926 1801 989 1829 uni-

213 1859 259 1885 tur
284 1851 630 1890 incomprcliensibilitati
662 1849 786 1884 (livinae,
812 1857 903 1884 quam
929 1855 990 1875 non

213 1904 346 1940 penetrat
373 1898 587 1935 intelligentia,
612 1905 678 1933 quse
699 1905 767 1924 vere
790 1898 831 1923 est
855 1895 991 1923 omnium

215 1949 391 1982 clarissima,
406 1949 433 1975 et
448 1947 477 1974 in
496 1953 526 1974 se
542 1944 653 1973 claudit
668 1946 696 1971 ct
711 1942 902 1971 secretissime
919 1941 992 1969 celat

216 2005 319 2025 omnes
347 1993 530 2030 cognitiones
558 1990 817 2028 comprehensivas
846 1991 989 2025 tanquam

216 2045 246 2071 in
266 2051 354 2071 cansa
379 2041 476 2078 prima
499 2039 634 2067 omnium
651 2047 657 2065 :
674 2039 703 2065 ct
726 2045 779 2073 per
804 2044 870 2064 eam
895 2035 992 2063 omnis

216 2091 316 2119 unitus
336 2091 408 2122 Deo,
426 2087 477 2124 qui
498 2088 540 2114 est
562 2093 652 2121 supra
675 2083 791 2116 onmia,
809 2082 993 2110 constituitur

218 2138 246 2164 iu
271 2135 461 2169 excellentia,
481 2141 571 2170 quam
596 2139 693 2167 neque
717 2131 791 2158 ratio
818 2129 994 2164 investigat,

218 2192 273 2211 nec
294 2182 457 2210 intellectus
481 2179 666 2216 speculatur,
689 2179 717 2205 et
731 2177 768 2205 ab
792 2176 950 2210 omnibus,
967 2177 996 2202 et

220 2230 303 2267 quasi
320 2238 337 2257 a
360 2229 456 2264 scipso
479 2228 665 2261 segregatur,
681 2226 709 2252 et
723 2232 776 2260 per
790 2223 933 2250 unionem
949 2221 995 2249 (li-

220 2275 369 2310 lectionis,
386 2283 452 2311 qum
476 2273 611 2300 affectiva
633 2273 675 2298 est
697 2278 774 2297 verae
799 2268 993 2303 cognitionis,

220 2323 320 2351 unitur
342 2323 400 2348 Deo
422 2318 655 2347 intellectualiter
676 2317 778 2351 ignoto
794 2337 802 2351 ,
827 2316 996 2350 cognitione

221 2370 316 2398 multo
331 2367 462 2401 meliori,
481 2374 571 2402 quam
587 2365 622 2392 sit
637 2363 766 2398 cognitio
781 2362 996 2397 intellectualis,

222 2417 252 2444 iu
268 2424 302 2443 eo
318 2414 401 2451 quod
415 2411 644 2441 intellectualem
668 2409 869 2445 cognitionem
891 2408 997 2436 dercli-

222 2463 307 2500 quit,
332 2463 360 2489 et
384 2468 473 2496 super
495 2458 676 2487 intellectum
700 2458 728 2484 et
751 2458 881 2484 mentem
906 2457 997 2483 Deum

254 2549 261 2564 ¹
275 2549 363 2578 nem„
376 2548 400 2571 in
417 2547 501 2574 Cant„
511 2551 589 2569 serni.
603 2548 648 2573 Lu,
661 2543 719 2572 post
729 2541 798 2565 med.
808 2554 833 2558 —-
849 2541 856 2555 ²
867 2541 934 2564 Psal.
947 2546 998 2571 mr,

223 2587 246 2608 8.
260 2597 289 2602 —-
304 2585 313 2600 ³
328 2584 428 2609 Scilicet
442 2583 472 2606 110
491 2579 597 2606 secund.
614 2579 678 2608 iliu„
693 2578 751 2601 dist.
771 2583 806 2606 w,
824 2584 879 2607 pag,
900 2578 951 2600 lli.
969 2590 999 2594 —

223 2620 232 2635 ¹⁴
253 2619 380 2647 uic-hard„
396 2619 425 2641 de
446 2615 595 2647 00111ιί11111.ι
612 2614 655 2638 lib.
674 2615 696 2643 1,
717 2620 740 2637 0,
762 2619 801 2642 vx,
825 2612 890 2636 circu
910 2613 954 2636 tiu.
972 2625 998 2629 —

224 2657 233 2673 Β
244 2656 461 2686 Dion.,<11,·A1yst.
480 2652 572 2682 Theou,
588 2657 611 2674 0.
627 2656 643 2674 1.
657 2662 687 2667 -
703 2651 711 2662 ¹³
724 2649 816 2675 Exod..
829 2654 900 2678 xxiv,
919 2650 999 2672 lii-18.

605 184 654 222 DE
677 187 834 221 SEPTEM
856 186 1081 220 ITlNERlBUS
1101 180 1391 220 AETERNtTAT'IS.

1026 256 1210 291 cognoscit.»
1223 256 1288 284 llaec
1301 254 1458 291 Dionysius
1467 255 1635 285 secundum
1647 258 1803 288 Commen-

1026 303 1152 330 tatorem
1175 301 1388 330 Vercellcnsem
1411 301 1492 330 dicit.
1508 303 1575 331 Erec
1596 304 1716 340 require
1736 305 1802 342 ple-

1025 348 1094 377 nius
1107 356 1199 385 supra
1212 349 1233 376 ⁷.

1063 395 1165 428 Sexto,
1191 403 1278 423 verus
1304 395 1520 432 contemplator
1541 404 1588 432 es,
1609 396 1634 425 si
1655 396 1687 425 in
1708 398 1736 426 te
1761 400 1805 427 cst

1027 441 1185 470 uniformis
1199 441 1271 470 fixio
1285 441 1487 477 intelligentia—2
1499 451 1582 479 purae
1589 463 1600 478 ,
1614 445 1643 472 et
1656 443 1696 472 ab
1710 444 1805 472 omni-

1027 488 1086 517 hus
1106 488 1230 516 omnino
1255 488 1429 524 denudatae,
1451 491 1481 518 et
1503 489 1664 519 conformis
1688 490 1806 519 affectio

1028 535 1158 563 volitivae
1172 536 1310 572 potentiae
1332 544 1386 572 per
1407 536 1528 572 omnia,
1549 536 1581 564 in
1603 537 1688 566 nullo
1711 537 1807 574 impe-

1030 581 1115 616 ditoe,
1130 581 1161 610 in
1181 590 1243 611 uno
1263 582 1368 610 fontali
1389 582 1535 620 principio
1553 583 1717 612 coelestium
1732 592 1807 619 gau-

1031 628 1170 664 diorum,
1192 629 1276 665 quod
1299 631 1342 658 est
1361 631 1436 658 Deus
1449 629 1543 659 trinus
1566 632 1595 659 et
1617 638 1705 659 unus.
1725 630 1808 660 Unde

1031 674 1171 710 Origenes
1184 675 1300 703 ibidem
1313 676 1455 712 praedicta
1466 676 1497 704 in
1512 685 1607 705 unum
1620 676 1810 713 recolligens,

1031 721 1104 750 dicit
1117 731 1127 749 ε
1145 731 1159 748 α
1174 722 1445 758 contemplatorem
1466 731 1572 752 verum
1586 744 1597 759 ,
1618 726 1646 752 et
1665 723 1810 759 111111111ῐο-

1031 775 1095 796 rem
1109 769 1222 796 certum
1236 769 1264 796 te
1284 768 1404 804 judico,
1424 769 1449 797 si
1472 769 1604 806 primum
1627 771 1655 799 te
1677 770 1811 807 perficiat

1033 814 1109 842 actio
1121 835 1131 850 ,
1154 815 1178 842 si
1202 822 1322 843 sensum
1348 815 1385 844 ab
1412 815 1608 844 exterioribus
1630 824 1770 852 revoces,
1784 817 1811 845 si

1033 860 1239 897 imaginabilia
1252 861 1330 890 felici
1351 864 1436 891 motu
1456 865 1660 899 pertranseas,
1677 863 1701 891 si
1721 863 1812 892 ratio-

1034 908 1149 936 nabilia
1172 908 1259 936 celeri
1283 911 1367 937 motu
1386 917 1560 945 percurras,
1575 910 1599 938 si
1614 910 1813 946 intelligibilia

1033 954 1111 983 felici
1126 957 1154 983 et
1167 954 1334 984 illuminata
1353 955 1414 984 fide
1437 964 1613 992 cognoscas,
1629 957 1653 984 si
1668 957 1700 985 in
1712 957 1811 994 primo

1035 1010 1107 1030 vero
1127 1004 1155 1030 et
1175 1002 1205 1029 in
1228 1010 1345 1030 summo
1366 1003 1449 1032 bono
1473 1003 1699 1039 intelligentiam
1718 1005 1747 1032 et
1759 1011 1813 1032 vo-

1036 1049 1179 1077 luntatem
1199 1051 1280 1076 tuam
1300 1057 1395 1085 ponas
1407 1057 1530 1085 sugens,
1543 1050 1624 1078 unde
1646 1050 1814 1078 teneritudi-

1037 1103 1106 1124 nem
1119 1098 1200 1124 tuam
1215 1096 1347 1132 nutrias;
1364 1096 1465 1132 bibas,
1479 1096 1560 1125 unde
1575 1097 1726 1132 gaudeas,
1742 1096 1814 1125 hau-

1037 1143 1096 1171 rias
1107 1164 1115 1178 ,
1130 1143 1211 1171 unde
1226 1151 1383 1179 nunquam
1399 1143 1528 1171 deficias.
1545 1154 1560 1170 »
1575 1143 1609 1172 Hi
1620 1146 1689 1172 sunt
1703 1143 1815 1179 gradus

1039 1189 1297 1226 contemplationis
1313 1190 1478 1218 secuudum
1492 1190 1660 1226 Origenem.

1273 1284 1515 1319 DISTINCTIO
1539 1284 1582 1319 V.

1089 1358 1225 1390 Quantum
1243 1357 1393 1384 utilitatem
1412 1359 1528 1392 spiritus
1547 1359 1577 1385 in
1595 1358 1692 1385 itinere
1709 1358 1773 1385 vitoe

1230 1403 1443 1438 contemplalivoe
1462 1404 1628 1437 experiatur.

1078 1472 1185 1506 Quinto
1199 1471 1365 1500 videndum
1380 1473 1438 1507 est,
1448 1473 1591 1508 quantam
1603 1471 1818 1507 jucunditatem

1043 1521 1071 1547 et
1084 1519 1237 1546 utilitatem
1260 1518 1378 1554 spiritus
1400 1518 1551 1546 humanus
1574 1518 1605 1546 in
1625 1518 1728 1547 itinere
1751 1518 1819 1546 vitae

1043 1565 1281 1601 contemplativae
1295 1564 1472 1600 experiatur.
1490 1566 1562 1593 Nam
1577 1567 1636 1593 Deo
1658 1573 1712 1601 per
1727 1567 1821 1593 totum

1044 1612 1119 1640 illud
1136 1613 1190 1640 iter
1209 1612 1370 1640 associatur
1392 1612 1540 1640 continue.
1565 1612 1662 1640 Primo
1686 1620 1757 1648 ergo
1779 1612 1822 1640 vi-

1045 1659 1183 1693 deamuS,
1198 1658 1324 1695 qualiter
1334 1658 1452 1694 spiritus
1464 1659 1494 1686 in
1509 1659 1566 1686 hoc
1580 1658 1684 1686 itinere
1697 1658 1822 1686 dulciter

1045 1714 1062 1733 a
1078 1705 1201 1732 Domino
1215 1704 1383 1732 consoletur
1394 1705 1442 1740 (a).
1456 1706 1494 1732 De
1509 1713 1568 1740 quo
1584 1704 1658 1732 illud
1673 1703 1769 1732 Lucoe⁸
1783 1704 1820 1732 de

1045 1753 1104 1780 vita
1119 1751 1247 1779 duarum
1268 1750 1441 1785 mulierum,
1462 1751 1572 1779 scilicet
1589 1751 1706 1779 Marthae
1720 1754 1748 1780 et
1761 1752 1819 1780 Ma-

1045 1799 1114 1833 riae,
1139 1798 1176 1826 dc
1200 1798 1310 1834 quibus
1333 1797 1403 1825 dicit
1433 1798 1589 1832 Gregorius
1604 1819 1613 1833 ,
1638 1797 1716 1826 libro
1739 1800 1821 1826 sexto

1047 1846 1193 1873 Moralium
1210 1845 1220 1861 ⁹
1236 1854 1242 1871 :
1261 1854 1275 1870 «
1291 1844 1366 1878 Quid
1388 1852 1442 1880 per
1464 1844 1605 1872 ltlartham
1627 1845 1823 1873 exterioribus

1048 1891 1199 1928 ohsequiis
1223 1893 1413 1927 occupatam,
1436 1891 1492 1918 nisi
1511 1891 1606 1919 activa
1631 1891 1691 1919 vita
1712 1891 1822 1927 figura-

1048 1940 1115 1967 tur?
1130 1949 1142 1964 n
1161 1940 1229 1972 Qum
1252 1937 1345 1972 stetit,
1361 1937 1452 1973 quia,
1467 1937 1542 1965 sicut
1564 1938 1595 1974 (b)
1614 1937 1684 1965 dicit
1698 1938 1799 1966 Glossa
1814 1946 1821 1965 :

1051 1996 1065 2012 «
1080 1986 1142 2013 Vita
1157 1985 1252 2013 activa
1267 1985 1297 2012 in
1310 1984 1461 2012 laborioso
1478 1984 1602 2012 desudat
1618 1985 1777 2012 certamine
1787 1994 1795 2020 3
1807 1994 1821 2011 ιι

1050 2041 1115 2069 quae
1131 2034 1158 2059 et
1173 2031 1388 2068 querulabatur
1411 2031 1448 2059 de
1473 2039 1594 2066 sorore,
1615 2031 1686 2067 quia
1707 2031 1825 2059 turbata

1051 2081 1127 2108 circa
1158 2080 1287 2116 plurima
1317 2079 1382 2107 vitae
1407 2079 1518 2107 aclivoe.
1552 2079 1632 2107 Unde
1661 2078 1825 2107 Bernardus

1051 2127 1121 2154 dicit
1137 2127 1156 2143 ¹⁰
1171 2134 1178 2153 z
1198 2135 1211 2151 «
1225 2127 1297 2153 Cum
1312 2126 1412 2153 anima
1427 2126 1457 2153 in
1475 2126 1589 2154 actione
1614 2134 1667 2154 sua
1691 2126 1721 2153 in
1743 2125 1826 2154 aliud

1050 2174 1162 2208 tendit,
1188 2181 1279 2209 quam
1303 2173 1332 2199 in
1359 2174 1472 2206 Deum,
1496 2172 1633 2208 quamvis
1657 2172 1713 2200 1100
1739 2172 1827 2200 saciat

1051 2223 1172 2257 propter
1187 2221 1288 2254 Deum,
1300 2221 1397 2247 tamen
1413 2227 1474 2247 non
1489 2219 1546 2247 hoc
1562 2222 1604 2246 est
1618 2219 1712 2247 Mariae
1722 2218 1825 2253 otium,

1053 2267 1106 2295 sed
1120 2267 1237 2295 Marthae
1252 2266 1422 2301 negotium,
1438 2274 1505 2302 quae
1519 2265 1617 2294 adhue
1632 2265 1756 2293 sollicita
1769 2266 1827 2299 est,

1053 2317 1081 2342 et
1095 2314 1230 2341 turbatur
1245 2321 1316 2348 erga
1332 2312 1477 2349 plurima,
1494 2315 1521 2340 et
1543 2320 1604 2340 non
1626 2313 1721 2348 potest
1742 2313 1828 2339 terre-

1054 2368 1161 2389 norum
1177 2362 1296 2388 actuum
1310 2359 1357 2386 vel
1373 2359 1452 2386 tenui
1465 2359 1587 2395 pulvere
1602 2366 1663 2386 non
1679 2357 1828 2394 respergi,

1055 2415 1145 2444 quem
1169 2409 1267 2434 tamen
1293 2405 1349 2433 cito
1374 2405 1521 2442 facileque
1548 2405 1678 2440 deterget
1703 2404 1732 2431 in
1755 2404 1829 2432 hora

1055 2456 1161 2482 sanctae
1184 2453 1350 2481 devotionis
1362 2452 1411 2480 vel
1433 2451 1620 2480 dormitionis
1637 2453 1716 2479 casta
1736 2451 1830 2478 inten-

1056 2542 1086 2546 —
1100 2529 1107 2543 ⁷
1122 2527 1179 2552 Viti.
1197 2534 1265 2558 sup,
1278 2527 1352 2557 Mysi.
1370 2525 1460 2556 Theol„
1474 2525 1526 2550 fere
1538 2532 1585 2556 per
1595 2527 1685 2549 totum.
1698 2538 1730 2544 -
1741 2525 1750 2539 Β
1762 2524 1830 2555 Luc„

1057 2570 1088 2594 x,
1105 2565 1183 2588 39--10,
1198 2576 1229 2581 --
1249 2563 1258 2577 ⁹
1273 2564 1361 2593 Greg„
1377 2562 1480 2591 Mor-al„
1502 2561 1546 2586 lib.
1569 2562 1617 2592 Vl,
1637 2569 1659 2585 c.
1678 2567 1757 2591 xviii,
1773 2563 1830 2585 ante

1057 2600 1124 2624 nied.
1139 2612 1170 2617 -
1183 2600 1201 2613 ¹⁰
1215 2600 1300 2629 Bern„
1317 2599 1342 2622 in
1358 2599 1445 2627 Caut.‚
1458 2604 1535 2622 serm.
1554 2603 1597 2629 xz,
1612 2597 1680 2622 circa
1693 2597 1760 2621 med.

1090 2647 1124 2678 (a)
1142 2646 1204 2671 Caet.
1220 2645 1279 2669 alst.
1297 2645 1451 2670 consolatur.
1463 2657 1493 2662 —
1509 2644 1544 2675 ([ι)
1561 2645 1621 2668 [lem
1637 2644 1682 2668 sic.

1862 1480 1918 1501 Vite

1838 1512 1933 1532 contem·

1849 1542 1936 1570 plativae

1835 1573 1941 1595 utilitates
