2004 3037
116 895 169 916 Tria

87 929 194 956 proestuu-

87 959 115 980 de
142 959 194 981 reli-

87 990 159 1017 gioso-

210 215 270 246 284
753 216 897 250 mAETAE
916 195 1088 252 sunus
1103 219 1181 252 rrr.
1204 219 1257 253 Π.

209 281 413 318 proclamatur
435 283 467 311 in
490 283 581 318 villa,
603 292 657 320 per
679 284 785 314 vinum
810 286 894 323 quod
919 293 988 323 por-

210 329 287 356 tatur
317 328 348 356 in
379 329 494 366 scypho
522 330 658 367 judicant
687 331 825 361 homines
856 333 894 361 de
926 335 988 362 toto

209 374 294 410 vino,
309 375 394 412 quod
413 378 456 405 est
475 376 506 405 in
523 377 606 406 dolio
615 388 624 413 ;
644 377 686 406 sic
699 379 830 408 mundus
847 388 901 416 per
917 389 988 409 con-

209 423 428 460 versationem,
454 433 545 461 quam
571 425 653 454 videt
679 427 710 454 in
738 434 799 455 uno
827 427 988 464 religioso,

207 469 321 505 judicat
335 479 439 499 omnes
453 472 528 500 alios
543 473 594 509 qui
609 475 677 501 snut
691 473 722 501 in
736 475 926 509 monasterio,
941 475 989 504 vel

210 516 240 544 in
261 517 366 545 ordine
381 527 452 553 suo,
478 521 506 547 et
527 519 585 548 hoc
601 521 662 548 tam
685 520 714 548 in
737 520 835 556 bono,
852 529 944 558 quam
957 522 988 550 in

209 563 301 592 malo.
317 565 399 593 Unde
416 565 486 594 dicit
501 567 677 602 Apostolus¹
695 577 701 595 :
718 568 904 604 Spectaculum
918 571 990 603 facti

208 617 300 638 sumus
315 612 425 640 mundo.
442 614 490 640 Est
503 614 624 650 insuper
638 614 669 642 in
683 615 824 651 religioso
840 615 928 644 valde
941 624 986 644 re-

208 657 368 694 probanda
389 660 507 695 vagatio
524 669 530 688 :
551 661 625 689 sicut
647 661 727 690 enim
748 662 836 699 piscis
855 671 917 691 non
937 663 989 692 diu

208 704 281 732 vivit
298 707 380 733 extra
400 714 529 743 aquam,
549 708 591 736 sic
613 708 768 745 religiosus
789 709 989 745 vagabundus

209 751 266 780 cito
293 753 419 781 moritur
445 762 499 790 per
527 755 656 792 culpam.
686 756 766 784 Unde
796 756 866 785 dicit
889 757 989 786 Hiero-

209 806 341 835 nymus:
364 810 377 826 α
393 801 490 829 Otium
512 802 586 838 mihi
609 810 709 831 carcer
728 804 787 837 est,
811 806 838 831 et
858 803 988 832 solitudo

208 846 374 882 paradisus.
391 857 405 874 »

245 893 314 921 ltem
331 896 411 930 nota,
423 895 506 931 quod
519 896 674 932 religiosus
686 897 775 925 debet
788 905 819 925 se
835 897 987 934 castigare,

209 948 271 969 non
289 941 451 971 interficere
461 952 469 978 3
494 943 615 980 proelato
631 943 772 978 obedire,
786 952 847 972 non
872 948 989 973 contra-

209 987 307 1016 dicere
316 998 324 1024 3
337 990 365 1016 et
375 997 492 1026 semper
506 990 536 1018 in
551 990 632 1018 bono
648 990 805 1027 proficere,
821 999 882 1020 non
897 994 989 1020 retro-

209 1035 324 1064 cedere.
352 1037 516 1072 Religiosus
544 1038 643 1074 itaque
673 1038 761 1067 debet
783 1047 891 1076 corpus
918 1048 988 1076 pro-

207 1084 307 1120 prium
328 1092 389 1112 non
407 1085 560 1121 occidere,
582 1086 635 1114 sed
654 1086 860 1123 disciplinare;
886 1090 913 1116 et
929 1087 988 1115 dis-

210 1131 351 1168 ciplinam
373 1140 442 1160 cum
470 1133 583 1161 ratione
611 1133 764 1169 regulare,
791 1136 818 1162 ct
839 1134 989 1163 interdum

209 1178 398 1214 disciplinam
407 1179 563 1208 remittere-
577 1180 655 1208 Sicut
670 1180 771 1217 aquila
781 1181 900 1209 retrahit
914 1181 988 1216 alas,

209 1227 241 1253 ut
261 1225 366 1253 melius
387 1226 539 1262 extendat,
556 1229 584 1254 et
599 1226 765 1255 balistarius
787 1228 924 1263 remittit,
941 1228 989 1256 vel

209 1271 349 1300 distendit
363 1281 482 1307 arcum,
500 1275 531 1300 ut
546 1273 649 1301 fortius
664 1273 858 1310 postmodum
873 1275 987 1311 trahat;

208 1318 250 1346 sic
264 1319 413 1347 interdum
427 1320 602 1348 remittenda
617 1323 644 1349 et
664 1322 858 1358 temperanda
872 1324 914 1350 est
929 1322 988 1350 dis-

209 1365 331 1402 ciplina,
347 1369 379 1394 ut
393 1369 496 1402 postea
516 1368 710 1396 convalescat.
731 1372 804 1397 Nam
823 1369 893 1397 dicit
912 1372 989 1406 Apo-

208 1412 299 1440 stolus
313 1414 324 1430 2
341 1422 347 1440 :
369 1415 540 1442 Rationabile
557 1416 594 1441 sit
617 1415 769 1450 obsequium
788 1419 914 1444 vestrum.
934 1418 988 1444 Re-

207 1459 330 1495 ligiosus
345 1460 432 1488 etiam
443 1469 497 1488 suo
513 1461 633 1497 praelato
649 1462 738 1490 (lebet
750 1462 873 1490 obedire
889 1463 987 1490 humi-

207 1505 290 1542 liter,
321 1509 349 1534 et
376 1515 437 1535 non
467 1507 609 1536 resistere.
638 1508 716 1537 Sicut
745 1509 823 1536 enim
852 1510 988 1538 membra

205 1553 375 1588 judicantur
394 1555 577 1591 paralytica,
600 1564 666 1591 quie
690 1564 750 1583 non
765 1559 924 1584 moventur
949 1557 987 1584 ad

206 1599 365 1636 imperium
384 1601 505 1637 capitis;
527 1602 567 1629 sic
593 1610 748 1638 perversus
770 1606 812 1631 est
833 1604 988 1639 religiosus

207 1647 363 1682 subditus,
384 1649 435 1684 qui
457 1657 518 1676 non
533 1650 618 1677 sentit
639 1652 752 1678 motum
778 1653 805 1677 ct
829 1651 988 1687 imperium

206 1694 297 1730 patris
311 1695 480 1730 spiritualis.
499 1697 535 1723 Dc
552 1696 660 1724 talibus
677 1697 782 1725 dicitur
796 1697 826 1724 in
842 1698 935 1725 ficeclo
952 1699 962 1715 ³
979 1707 985 1725 :

206 1741 287 1768 Fiunt
304 1742 451 1769 immobiles
466 1745 547 1777 quasi
560 1745 640 1778 lapis.
655 1745 686 1771 Et
698 1744 772 1771 sicut
787 1752 875 1772 omne
890 1744 987 1771 humi-

209 1787 292 1822 dum,
308 1788 382 1816 sicut
397 1788 467 1816 dicit
480 1789 675 1826 Philosophus
685 1791 705 1825 ὅ,
721 1791 798 1818 male
814 1791 988 1819 terminatur

208 1835 333 1862 termino
351 1836 489 1871 proprio,
506 1839 532 1864 et
548 1837 623 1865 bene
643 1837 759 1873 alieuo;
776 1839 816 1865 sic
832 1838 987 1873 religiosus

208 1882 284 1910 liene
308 1882 427 1917 regitur,
458 1884 481 1910 si
500 1884 636 1912 observet
662 1884 772 1920 praelati
797 1887 987 1921 praeceptum,

207 1929 285 1956 male
304 1937 389 1964 vero,
407 1930 430 1957 si
451 1933 591 1966 sequatur
604 1932 739 1967 propriae
762 1931 921 1959 voluntatis
936 1940 988 1959 vo-

209 1977 280 2003 tum.
298 1977 370 2003 Nam
392 1977 462 2004 dicit
477 1978 640 2005 Bernartius
655 1979 664 1993 ¹⁴
683 1988 689 2005 :
709 1989 721 2003 «
739 1979 819 2006 Tolle
835 1980 987 2015 proprian]

209 2022 402 2057 voluntatem,
414 2026 441 2052 et
459 2024 590 2052 infernus
605 2033 665 2053 uon
681 2026 735 2053 erit.
751 2026 812 2053 tibi.
829 2037 841 2052 »
861 2026 987 2061 Religio-

209 2077 257 2096 sus
278 2069 398 2105 insuper
415 2070 504 2098 debet
521 2080 636 2107 semper
651 2072 807 2108 prolicere,
823 2075 850 2099 ct
865 2081 925 2100 non
940 2081 987 2101 re-

209 2116 375 2151 trocedere;
393 2119 420 2144 vt
442 2117 509 2145 ideo
530 2127 547 2146 a
563 2118 716 2146 latioribus
738 2119 867 2155 incipere
889 2120 986 2154 debet,

209 2165 240 2189 ut
255 2163 438 2198 proficiendo
453 2165 491 2192 ad
507 2165 612 2193 altiora
624 2166 722 2194 valeat
736 2167 900 2202 pervenire.
915 2168 987 2194 Nam

210 2209 279 2236 dicit
303 2211 476 2245 Gregorius:
507 2223 518 2237 a
545 2214 574 2239 ln
598 2213 645 2240 via
669 2213 717 2240 liei
742 2221 802 2240 nou
823 2214 987 2248 proficere,

210 2256 334 2283 deiicere
351 2260 401 2284 cst.
425 2269 437 2282 ι)
464 2258 541 2285 Sicut
564 2259 643 2286 cuim
663 2259 821 2287 :rditicium
837 2261 867 2287 in
882 2261 987 2288 sunda-

209 2304 309 2330 mento
326 2303 358 2330 fit
370 2303 473 2339 latius,
491 2307 518 2332 ct
533 2306 725 2341 postmodum
741 2307 940 2335 construendo
956 2308 989 2335 sit.

209 2349 348 2385 strictius;
368 2350 408 2377 sic
423 2351 579 2386 religiosus
598 2352 686 2380 talem
710 2354 919 2388 perfectionem
935 2355 987 2382 de-

209 2396 259 2424 bet
274 2397 415 2432 accipere,
428 2398 510 2433 quod
523 2399 561 2425 ad
574 2398 656 2426 illam
671 2399 767 2427 valeat
778 2401 899 2435 addere,
915 2404 942 2428 ct
957 2402 988 2429 in

210 2452 245 2471 ea
265 2452 472 2480 perseverare,
492 2454 528 2473 ne
549 2446 663 2474 dicatur
683 2447 758 2474 illud
782 2448 987 2483 evangelicum

210 2491 335 2518 verbum
350 2494 452 2519 contra
471 2492 568 2528 ipsum
586 2494 596 2509 ⁶
613 2502 619 2520 :
635 2495 687 2521 Hic
709 2495 783 2521 homo
804 2497 883 2530 coepit
898 2497 986 2530 oedifi-

210 2546 279 2570 care,
292 2541 316 2565 ci
330 2547 382 2566 non
394 2541 485 2575 potuit
499 2548 689 2574 consummare,
701 2543 732 2568 ut
743 2541 848 2569 dicitur
857 2542 887 2569 in
900 2544 987 2570 Luca.

245 2614 248 2625 ¹
267 2612 485 2643 100›·.,1v,9.-
501 2616 509 2630 ²
525 2616 602 2647 Item,
617 2619 742 2646 x11,t.—
758 2616 767 2632 ³
782 2616 874 2646 Exod„
889 2623 932 2646 xV,
950 2619 985 2641 16.

210 2660 240 2664 -—
255 2648 264 2663 ⁸
279 2649 366 2679 Arist„
381 2650 410 2673 (Ie
426 2651 553 2681 Generat„
570 2652 613 2675 lib.
630 2653 660 2676 ll.
677 2665 706 2670 —
721 2654 729 2666 ⁵
746 2653 833 2683 Bern.,
848 2652 877 2676 de
892 2660 986 2676 resurr.

212 2683 295 2715 ΒονηἸ
316 2691 394 2710 serm.
417 2693 461 2717 111,
481 2689 539 2713 ante
561 2687 629 2713 med.
647 2701 677 2706 —
701 2689 710 2702 ⁵
732 2687 799 2719 Luc„
824 2693 877 2719 xlv,
899 2689 937 2713 30.
958 2701 988 2706 —

1045 287 1136 316 Debet
1149 289 1249 317 autem
1262 297 1353 326 super
1367 289 1469 319 omnia
1483 290 1516 319 in
1528 290 1673 328 religione
1685 300 1821 329 perseve-

1043 327 1126 369 rares
1135 335 1207 372 quia
1221 336 1291 365 dicit
1302 336 1435 366 salvator
1445 338 1456 355 '¹
1472 345 1480 365 ε
1493 338 1577 367 Nemo
1590 340 1699 367 mittens
1711 348 1821 368 manum

1045 381 1082 409 ad
1094 385 1228 416 aratrum,
1238 386 1264 412 et
1277 385 1412 419 aspiciens
1425 387 1508 419 retro,
1521 387 1601 420 aptus
1613 389 1652 413 est
1665 394 1747 421 regno
1761 388 1820 416 Dei.

1045 428 1123 457 Sicut
1136 429 1216 457 enim
1229 430 1334 458 stultus
1348 433 1406 466 est,
1423 431 1475 467 qui
1495 433 1628 468 tempore
1643 433 1821 469 tempestatis

1045 475 1104 504 exit
1127 476 1164 504 de
1187 477 1276 512 navi,
1299 479 1327 505 et
1350 477 1468 514 projicit
1490 486 1521 506 se
1537 478 1568 506 in
1595 486 1678 507 mare
1698 478 1757 516 (a);
1780 479 1821 508 ita

1044 531 1162 552 summa
1175 524 1294 552 stultitia
1311 527 1366 560 est,
1382 527 1516 562 tempore
1530 525 1698 554 tentationis
1711 534 1821 555 navem

1044 570 1196 606 religionis
1210 571 1367 606 dimittere,
1383 575 1411 600 et
1425 572 1465 600 ad
1479 573 1734 608 submergendum
1745 582 1776 602 se
1791 573 1822 602 in

1044 625 1126 645 mare
1139 618 1238 646 soeculi
1252 619 1445 655 praecipitare.
1462 621 1500 648 De
1517 620 1624 648 talibus
1638 621 1736 648 autem
1750 620 1822 649 diei-

1045 665 1091 692 tur
1105 663 1136 692 in
1149 665 1227 693 Actis
1240 665 1251 683 ⁸
1270 675 1278 693 .·
1293 667 1359 695 Nisi
1371 668 1401 694 in
1415 668 1480 694 naui
1496 669 1649 695 menseriiis
1659 689 1668 701 ,
1684 668 1820 704 peribitis.

1080 713 1152 740 item
1162 713 1242 747 nota,
1255 712 1338 749 quod
1347 713 1504 749 religiosus
1519 714 1609 742 debet
1622 715 1651 742 in
1668 715 1824 751 disciplina

1045 758 1150 786 nutriri
1165 761 1194 786 et
1207 759 1363 788 informari
1376 760 1537 796 tripliciter,
1551 761 1662 790 scilicet
1670 761 1745 790 sicut
1758 770 1824 798 par-

1045 804 1133 833 vulus
1147 805 1178 832 in
1190 805 1297 840 domo,
1313 806 1387 834 sicut
1401 807 1580 842 plantulam
1594 808 1696 843 horto,
1709 811 1737 837 et
1750 809 1824 837 sicut

1044 851 1162 887 virgula
1176 851 1206 879 in
1227 851 1367 888 virgulto.
1390 853 1479 882 Debet
1497 854 1596 890 itaque
1613 854 1770 890 religiosus
1783 855 1824 884 ad

1045 898 1171 926 modum
1186 899 1270 935 pueri
1285 899 1315 927 in
1338 900 1494 937 disciplina
1509 901 1664 937 diligenter
1678 902 1782 930 nutriri
1796 905 1825 931 et

1046 945 1176 974 educari.
1199 946 1279 975 Unde
1298 949 1388 981 nota,
1406 948 1490 984 quod
1509 947 1598 976 debet
1617 948 1728 978 habere
1748 949 1824 978 duas

1046 992 1216 1021 obstetrices
1239 993 1269 1022 in
1287 1002 1445 1030 processu,
1461 994 1536 1023 duas
1557 995 1684 1024 nutrices
1702 996 1732 1024 in
1753 1004 1823 1033 pro-

1045 1048 1158 1076 gressu,
1172 1042 1200 1069 et
1215 1041 1289 1070 duas
1303 1042 1512 1070 consiliatrices
1527 1043 1556 1070 in
1573 1043 1762 1079 perfectione,
1775 1044 1825 1073 vel

1045 1089 1132 1115 statu.
1164 1088 1253 1116 Debet
1278 1088 1365 1124 igitur
1394 1089 1504 1117 habere
1532 1089 1606 1117 duas
1635 1090 1804 1118 obstetrices
1814 1112 1824 1125 ,

1046 1134 1156 1163 scilicet
1173 1144 1179 1162 :
1205 1135 1424 1170 obedientium,
1448 1145 1514 1172 quoe
1541 1137 1612 1173 liget
1637 1137 1693 1165 sibi
1717 1145 1824 1166 manus

1046 1184 1073 1209 et
1086 1182 1187 1218 pedes,
1204 1184 1231 1210 et
1246 1182 1378 1211 involvat
1393 1191 1461 1211 eum
1477 1184 1506 1211 in
1521 1184 1682 1220 panniculo
1697 1192 1824 1221 pauper-

1046 1228 1127 1263 tatis3
1145 1230 1172 1256 et
1187 1229 1392 1264 humilitatem,
1409 1239 1474 1266 qua:
1490 1230 1610 1259 inclinet
1624 1239 1692 1259 eum
1707 1231 1737 1259 in
1751 1239 1824 1267 prte-

1045 1275 1127 1311 sepio
1148 1278 1174 1303 et
1194 1275 1224 1303 in
1245 1276 1394 1304 cunabulo
1411 1276 1546 1311 claustri,
1563 1285 1630 1306 cum
1644 1277 1735 1306 fraeno
1750 1279 1824 1306 tem·

1045 1322 1183 1357 perantiae
1197 1325 1224 1350 et
1239 1323 1366 1359 capistro
1382 1323 1478 1351 cilicii.
1491 1325 1551 1351 Istse
1563 1327 1631 1351 sunt
1645 1324 1710 1352 duoe
1725 1324 1824 1353 obste-

1044 1368 1129 1396 trices
1145 1369 1334 1397 Hebraeorum
1344 1391 1352 1404 ‚
1369 1370 1401 1397 id
1416 1373 1473 1404 est,
1488 1370 1715 1405 Religiosorum,
1732 1379 1798 1407 quae
1813 1373 1823 1389 ⁹

1045 1416 1237 1443 conservabant
1253 1424 1350 1448 mares,
1368 1416 1399 1444 id
1414 1419 1456 1444 est
1469 1407 1614 1452 p‘ersectos
1629 1417 1782 1453 religiosos
1797 1421 1824 1446 et

1044 1462 1171 1497 perfecte
1192 1462 1289 1490 vivere
1305 1462 1453 1498 volentes,
1470 1466 1501 1490 ut
1520 1463 1646 1492 habetur
1661 1464 1691 1492 in
1709 1465 1821 1494 Exodo.

1044 1509 1134 1537 Debet
1145 1509 1233 1537 etiam
1248 1509 1358 1537 hahere
1374 1509 1448 1537 duas
1467 1510 1594 1539 nutrices
1609 1511 1638 1538 in
1654 1519 1823 1547 progressu,

1044 1556 1154 1584 scilicet
1168 1565 1174 1583 :
1204 1556 1356 1584 veritatem
1367 1578 1374 1590 ,
1403 1565 1468 1592 quae
1495 1557 1600 1585 doceat
1623 1566 1692 1586 eum
1717 1558 1821 1595 loqui,

1041 1603 1125 1638 juxta
1141 1603 1214 1631 illud
1231 1604 1306 1631 Petri
1325 1605 1345 1620 ⁸⁰
1361 1613 1367 1631 :
1383 1604 1414 1632 Si
1433 1606 1494 1639 quis
1509 1606 1646 1641 quuitur,
1666 1607 1746 1641 quasi
1767 1614 1823 1634 ser-

1044 1659 1131 1678 mones
1154 1653 1221 1683 Dei3
1249 1654 1276 1678 et
1298 1651 1497 1687 honestatem,
1526 1660 1592 1688 quse
1621 1652 1726 1681 doceat
1754 1661 1822 1681 eum

1044 1697 1215 1731 ambulare,
1229 1698 1313 1732 juxta
1329 1698 1402 1726 illud
1421 1699 1505 1735 quod
1524 1699 1594 1726 dicit
1612 1700 1768 1735 Apostolus
1784 1700 1823 1728 ad

1043 1744 1316 1771 Thessalonicenses
1329 1745 1346 1761 ¹¹
1364 1754 1369 1772 :
1387 1746 1563 1779 Fra-cipimus
1576 1746 1658 1779 robis,
1674 1750 1703 1773 u!
1718 1748 1823 1774 honeste

1043 1791 1184 1817 ambuletis
1207 1791 1243 1817 ud
1266 1799 1307 1818 eos
1328 1793 1376 1825 qui
1398 1793 1467 1824 foris
1495 1794 1567 1819 sunt.
1601 1791 1689 1820 Debet
1718 1792 1824 1820 nihilo-

1043 1837 1140 1865 minus
1155 1837 1265 1865 habere
1286 1837 1360 1865 duas
1375 1838 1583 1866 consiliatrices
1599 1838 1629 1866 in
1644 1839 1823 1875 perfectione

1044 1887 1071 1912 et
1087 1887 1174 1918 statu,
1189 1885 1299 1912 scilicet
1313 1885 1484 1912 charitatem
1500 1885 1538 1912 ad
1553 1887 1644 1913 Deum
1659 1888 1687 1913 et
1701 1886 1740 1913 ad
1755 1894 1824 1922 pro·

1043 1931 1173 1966 ximu1n3
1191 1939 1260 1959 uam
1276 1931 1347 1959 dicit
1358 1932 1513 1967 Apostolus
1529 1932 1548 1948 ¹²
1565 1942 1570 1959 :
1591 1933 1715 1959 Charitas
1726 1934 1826 1966 fruter-

1044 1980 1142 2005 niiatis
1158 1981 1263 2005 maneat
1286 1979 1315 2005 in
1330 1980 1419 2009 vobis:
1440 1981 1467 2006 et
1481 1979 1679 2007 austeritatem
1694 1979 1732 2007 ad
1750 1980 1825 2016 seip-

1044 2033 1109 2052 sum
1122 2046 1130 2059 ,
1152 2025 1235 2060 juxta
1251 2025 1326 2052 illud
1349 2026 1481 2060 ejusdem
1507 2026 1635 2061 apostoli
1650 2027 1690 2053 ¹³:
1716 2028 1823 2061 Custiqo

1044 2080 1139 2107 corpus
1154 2081 1237 2099 mcum
1248 2093 1254 2105 ,
1271 2075 1295 2098 et
1311 2074 1338 2098 in
1362 2075 1518 2099 servitutem
1537 2073 1641 2107 redfyo.
1661 2073 1824 2108 Religiosus
1839 2076 1937 2112 Religio-

1044 2119 1134 2147 iustar
1148 2119 1288 2155 plantulae
1307 2120 1395 2147 (lebet
1414 2119 1516 2147 nutriri
1538 2120 1567 2146 in
1589 2119 1759 2155 disciplina,
1776 2121 1823 2149 vel
1838 2114 1876 2158 ¹⁵:¹¹?
1885 2113 1947 2164 1:1¹3·-

1044 2167 1073 2194 iu
1089 2166 1242 2201 religione.
1259 2166 1338 2194 Unde
1355 2166 1520 2193 notandum
1534 2168 1584 2199 est,
1597 2166 1679 2201 quod
1694 2167 1823 2195 hortula-
1838 2172 1865 2190 (Β
1873 2169 1945 2190 novel-

1044 2221 1099 2240 nus
1114 2213 1186 2241 fouit
1200 2221 1278 2249 swpc
1290 2212 1367 2240 cirea
1381 2213 1530 2248 plantulas
1542 2221 1607 2248 qum
1619 2216 1684 2240 sunt
1697 2213 1726 2241 in
1737 2214 1823 2242 horto
1839 2201 1946 2252 ἐξῃᾚῖζ,

1044 2269 1117 2287 suo:
1140 2268 1204 2295 qum
1229 2259 1417 2294 spiritualiter
1441 2259 1551 2286 debent
1574 2260 1637 2287 fieri
1660 2268 1739 2288 novo
1759 2261 1824 2289 reli-

1044 2308 1139 2343 gioso.
1157 2306 1295 2334 Plautulae
1318 2314 1387 2333 vcro
1409 2306 1445 2333 dc
1466 2315 1526 2334 uno
1542 2307 1608 2334 loco
1624 2307 1821 2343 eradicantur,

1044 2358 1071 2382 ct
1086 2355 1115 2382 in
1132 2354 1191 2381 alio
1206 2353 1435 2388 transplantatur
1446 2374 1454 2387 ‚
1471 2353 1663 2388 clauduntur,
1679 2354 1821 2389 rigantur,

1043 2403 1218 2438 purgantur,
1235 2400 1401 2435 fodiuntur,
1419 2403 1447 2428 et
1461 2401 1599 2428 coluntur
1617 2411 1622 2428 :
1639 2401 1679 2429 sic
1694 2402 1823 2430 novitius

1045 2449 1149 2482 debet,
1180 2448 1269 2475 instar
1293 2447 1450 2483 plantulae,
1480 2447 1515 2474 de
1545 2448 1657 2475 mundo
1683 2448 1823 2477 radicitus

1043 2495 1140 2530 evelli,
1153 2497 1180 2522 et
1195 2494 1224 2522 in
1239 2494 1382 2530 religione
1398 2494 1616 2530 transplantari,
1634 2497 1661 2522 ct
1675 2495 1703 2522 in
1721 2499 1822 2525 sancto

1044 2572 1051 2585 ⁷
1067 2571 1133 2598 Luc..
1154 2575 1177 2593 lx
1189 2587 1196 2600 ,
1212 2571 1250 2593 02.
1266 2583 1296 2587 —
1310 2569 1320 2586 ὃ
1336 2570 1401 2600 Act,
1417 2572 1556 2599 xxv11‚:;l.
1571 2583 1600 2587 -—-
1617 2571 1624 2584 ¹
1642 2571 1733 2601 EsozL,
1750 2578 1766 2601 ι,
1788 2573 1824 2604 17,

1043 2606 1218 2633 —101Pet1·.‚
1235 2611 1268 2636 iv,
1286 2606 1416 2629 =11.—¹¹1
1433 2606 1551 2636 Thessal„
1569 2606 1827 2642 1v,1i.—¹²112b1·.‚

1050 2648 1110 2672 xru,
1127 2643 1193 2664 1.-
1211 2641 1230 2658 ¹³
1247 2641 1253 2664 1
1273 2641 1340 2670 Com,
1357 2647 1394 2672 lx,
1409 2642 1448 2665 27.

1084 2688 1118 2719 (α)
1134 2687 1197 2713 Coet.
1211 2687 1270 2713 edit.
1287 2688 1361 2713 mari.
