2004 3037
251 207 312 239 400

480 316 720 353 DISTINCTIO
743 317 803 352 VI.

253 396 378 429 Qualiter
386 394 502 430 spiritus
511 394 599 421 noster
608 393 639 420 in
647 391 697 420 illo
706 391 852 420 intrinseco
861 391 1032 425 stabiliatur,

496 440 520 466 et
532 439 710 475 perpetuetur
725 437 773 472 (a).

288 510 376 538 Sexto
389 507 558 537 videndum
572 508 626 542 est,
642 505 770 542 qualiter
791 504 911 542 spiritus
933 503 1034 532 noster

253 564 323 585 cum
343 555 375 584 in
397 554 473 584 illud
493 553 686 582 intrinsecum
703 551 873 581 manerium
894 549 1033 579 oeternale

253 602 341 631 fuerit
354 601 550 636 introductus,
565 601 596 629 in
617 600 670 628 illo
689 598 855 628 stabiliatur
879 599 907 626 et
929 605 1035 634 perpe-

254 652 364 685 tuetur,
379 649 419 678 ita
429 651 529 677 tamen
542 647 623 685 quod
635 647 676 675 ad
689 646 850 683 imperium
863 644 943 681 regis
952 651 1034 680 egre-

255 697 370 732 diatur,
390 697 419 725 et
441 694 627 731 ingrediatur
648 693 687 722 ad
709 694 847 721 naturam
869 692 1035 720 humanam

254 743 442 777 imitandam,
452 745 479 771 et
491 740 755 778 contemplandam
766 739 909 768 divinam.
920 740 960 766 De
973 746 1034 774 quo

255 790 411 819 sciendum
420 791 471 824 est,
486 789 569 826 quod
581 788 699 824 spiritus
708 789 808 815 noster
821 786 851 814 in
860 785 910 814 illo
925 791 1035 813 arcano

255 840 367 867 secreto
378 845 431 874 per
445 844 547 865 veram
558 835 650 864 fidem
663 834 827 863 collocatur
839 835 868 861 et
878 831 1035 866 stabilitur,

256 888 285 914 et
297 893 352 922 per
369 886 501 913 sanctam
517 882 688 911 charitatem
702 881 732 909 in
752 880 860 909 eodem
878 879 1037 916 perpetua-

257 934 314 960 tur.
325 933 363 960 De
373 930 443 959 fidei
456 929 649 958 collocatione
661 930 690 956 et
699 927 879 956 stabilitione.
892 925 963 954 dicit
972 925 1037 953 Dio-

257 979 380 1015 nysius¹
398 986 405 1005 :
425 987 439 1004 ιι
452 976 539 1012 Quod
554 977 632 1004 circa
652 975 804 1003 veritatem
821 981 891 1002 vere
914 973 1039 1001 existen-

257 1028 317 1054 tem
332 1027 360 1053 et
373 1032 435 1053 non
446 1025 593 1052 errantem
608 1023 741 1050 versatur
755 1021 830 1049 fides
845 1020 958 1054 divina,
970 1027 1037 1056 quae

258 1075 300 1101 est
310 1071 424 1100 stabilis
433 1070 590 1099 collocatio
599 1068 794 1102 credentium,
809 1067 961 1096 collocans
971 1066 1038 1095 illos

258 1120 289 1148 in
312 1119 445 1153 veritate,
468 1120 497 1145 et
511 1118 633 1145 firmans
648 1115 814 1152 simplicem
828 1115 992 1148 veritatem,
1008 1114 1039 1142 in

258 1165 474 1195 transmutabili
491 1164 640 1192 identitate
653 1163 683 1191 in
694 1162 765 1199 ipsis
778 1161 975 1196 credentibus,
987 1161 1039 1189 ha-

258 1214 398 1242 bentibus
412 1212 612 1247 cognitionem
623 1210 753 1238 veritatis
769 1218 776 1237 :
793 1212 820 1237 et
834 1209 903 1237 idco
919 1208 1039 1237 creden-

259 1263 318 1289 tem
331 1261 362 1289 in
375 1260 506 1294 veritate,
522 1260 593 1286 teste
608 1257 769 1294 Scriptura,
783 1256 858 1285 nihil
873 1256 1007 1284 movebit
1021 1264 1040 1284 a

259 1308 368 1340 lzetitia,
381 1315 446 1343 quae
458 1309 499 1334 est
513 1304 679 1333 secundum
691 1312 793 1332 veram
804 1304 906 1335 tidem,
918 1303 972 1331 sed
986 1303 1040 1331 lia-

259 1354 344 1383 bebit
355 1354 384 1382 in
399 1362 434 1382 ca
448 1352 685 1390 permanentiam
696 1350 860 1379 immobilis
875 1353 903 1378 et
915 1350 1041 1378 intrans-

260 1400 411 1430 mutabilis
434 1399 604 1428 identitatis·
626 1409 641 1426 »
665 1399 823 1435 Sequitur:
848 1409 861 1423 «
886 1397 941 1431 Qui
960 1396 1040 1426 enim

259 1447 373 1477 veritati
389 1447 488 1476 unitus
503 1449 556 1482 est,
567 1446 632 1482 ipsa
646 1445 756 1474 unione
767 1445 844 1473 bene
858 1444 942 1472 novit
956 1444 1039 1480 quod

260 1495 337 1524 bene
361 1494 457 1523 sentit.
481 1493 622 1528 Quamvis
643 1492 727 1520 multi
748 1491 908 1528 corripiant
931 1491 1040 1527 ipsum,

259 1545 403 1580 tanquam
417 1542 524 1570 mentis
546 1548 699 1568 excessum
713 1547 845 1576 passum,
862 1539 924 1566 sive
944 1537 1041 1566 surio-

260 1599 344 1626 sum;
359 1590 422 1626 ipse
446 1591 545 1617 tamen
560 1588 637 1616 bene
662 1587 745 1615 novit
767 1586 899 1623 seipsum
920 1593 981 1613 non
995 1584 1040 1613 fu-

260 1639 385 1673 rentem,
406 1638 439 1664 ut
460 1637 590 1664 errantes
605 1635 631 1663 ei
647 1635 821 1670 imponunt,
838 1633 891 1661 sed
905 1640 959 1669 per
973 1632 1042 1660 sim-

260 1684 368 1721 plicem
385 1684 554 1717 veritatem,
579 1689 698 1717 semper
719 1680 857 1708 eamdem
878 1682 906 1708 et
933 1679 1041 1707 eodem

261 1731 354 1759 modo
378 1738 408 1758 sc
428 1730 599 1762 habentem,
623 1728 782 1756 liberatum
806 1727 844 1755 ab
868 1725 999 1754 instabili
1014 1728 1043 1754 et

261 1778 396 1807 variabili
408 1777 554 1805 divisione
566 1779 667 1804 contra
678 1783 819 1804 errorem.
833 1785 846 1799 u
859 1775 923 1802 llaec
934 1773 1042 1809 Diony-

261 1825 332 1854 sius.
354 1826 394 1853 Ex
421 1824 467 1852 his
488 1831 632 1859 apparere
656 1823 769 1858 potest,
793 1820 948 1857 quomodo
969 1819 1042 1847 tides

261 1872 397 1909 spiritum
421 1873 556 1899 nostrum
585 1869 616 1898 in
645 1869 697 1897 illo
724 1868 882 1896 intrinseco
905 1867 1040 1895 manerio

261 1920 330 1948 Jesu
354 1918 481 1947 collocat
503 1920 531 1946 ct
552 1916 702 1945 stabilitet.
720 1915 802 1944 Unde
822 1914 893 1943 dicit
907 1913 1039 1942 lsaias2:

261 1967 293 1994 Si
307 1974 359 1994 nou
375 1965 562 2000 credideritis,
586 1972 638 1991 non
660 1963 872 2000 permanebitis,
887 1961 998 1990 scilicet
1012 1961 1042 1988 in

263 2015 332 2042 Deo.
353 2015 386 2042 Et
400 2012 541 2041 Eusebius
555 2011 585 2039 in
600 2010 699 2047 glossa
713 2018 802 2046 super
818 2008 893 2036 illud
907 2009 992 2036 Lucae
1007 2008 1017 2025 ³
1033 2017 1040 2036 :

267 2062 316 2088 Ubi
336 2061 473 2088 thesaurus
488 2061 574 2087 vester
595 2062 649 2093 cst,
675 2058 714 2085 ibi
729 2060 754 2085 et
777 2065 821 2084 cor
834 2059 953 2084 vestrum
976 2056 1043 2089 erit,

264 2108 335 2136 dicit
349 2107 391 2135 sic
407 2116 414 2135 z
433 2117 446 2132 «
468 2106 522 2140 Qui
543 2107 675 2134 mentem
696 2103 888 2140 applicaverit
902 2102 942 2130 ad
957 2101 1043 2130 coele-

264 2156 327 2189 Stia,
345 2154 387 2182 ibi
402 2155 532 2181 mentem
554 2152 686 2187 habebit,
703 2153 735 2179 ut
748 2150 884 2178 videatur
898 2149 963 2178 solo
979 2157 1043 2178 cor-

263 2210 336 2238 pore
358 2209 427 2229 cum
449 2200 622 2228 hominibus
642 2199 826 2233 conversari,
846 2198 947 2227 animo
971 2205 1043 2226 vero

261 2250 324 2285 jam
337 2251 372 2277 sit
384 2256 540 2284 aggressus
553 2247 723 2275 mansiones
734 2246 874 2274 coelestes.
883 2255 897 2271 n
909 2246 972 2272 Haec
983 2244 1041 2272 ille.

266 2297 305 2324 De
320 2295 468 2323 charitatis
482 2296 581 2323 autem
605 2293 827 2330 perpetuatione
837 2313 846 2327 ,
861 2291 891 2319 id
906 2294 948 2319 est
972 2299 1044 2327 qua-

264 2343 332 2372 liter
354 2342 474 2379 spiritus
498 2344 598 2369 noster
618 2341 648 2368 in
667 2339 824 2368 intrinseco
846 2338 959 2366 Domini
977 2339 1044 2366 Jesu

267 2391 468 2427 perpetuetur,
483 2387 662 2421 notandum,
677 2385 760 2422 quod
775 2393 842 2413 cum
857 2386 985 2413 loannes
999 2384 1044 2412 di-

266 2442 312 2467 cat
325 2438 353 2466 ³:
373 2439 440 2464 Deus
456 2437 575 2464 charitas
591 2438 639 2469 est,
652 2437 677 2462 ct
692 2436 741 2470 qui
755 2437 844 2461 manet
857 2435 886 2460 ιἰι
901 2434 1044 2467 charitate,

268 2489 297 2513 in
312 2487 365 2513 Deo
388 2487 495 2518 manet,
512 2491 584 2518 ergo
600 2481 734 2518 qnandiu
750 2480 868 2517 spiritus
892 2482 991 2508 manet
1014 2479 1044 2506 in

266 2533 417 2565 charitate,
430 2530 535 2559 tandiu
558 2531 658 2557 manet
672 2528 702 2556 in
718 2529 794 2562 Deo,
811 2527 872 2555 sive
891 2527 923 2555 in
942 2527 1045 2554 intrin-

301 2610 306 2622 ¹
323 2608 410 2638 Dion„
424 2607 454 2630 de
471 2607 526 2630 Diu.
544 2604 657 2635 Nomia„
673 2611 695 2627 c.
712 2609 757 2633 vii,
773 2603 841 2627 circa
856 2602 900 2626 fin.
916 2615 946 2620 --
961 2602 969 2616 ²
984 2601 1044 2633 Im„

267 2651 314 2676 vir,
329 2646 352 2669 9,
364 2657 396 2662 -
409 2644 420 2661 ³
435 2643 503 2673 Luc,
516 2647 565 2672 xri,
578 2642 617 2665 34.
631 2653 660 2658 —
677 2640 807 2666 ⁴1100n..
828 2645 864 2669 iv,
883 2640 919 2662 tfi.
939 2651 969 2656 —
985 2639 993 2652 ⁵
1010 2639 1046 2662 De

267 2682 337 2713 Spir.
361 2682 394 2705 ct.
416 2679 513 2710 Arnim„
536 2685 558 2703 c.
579 2682 669 2703 xxxx'l.
688 2689 720 2694 —
742 2676 751 2690 ⁸
773 2676 852 2706 Rom„
875 2680 932 2703 vlu.
955 2676 994 2699 35.
1017 2687 1044 2692 —

667 200 719 234 DE
739 200 900 236 SEPTEM
920 193 1148 236 ITlNERlBUS
1171 193 1459 233 AETERNlTATIS.

1089 275 1158 296 seco
1179 266 1298 296 Domini
1315 267 1384 295 Jesu
1398 274 1407 294 ε
1421 265 1477 295 sed
1496 265 1616 303 spiritus
1627 268 1729 297 noster
1741 268 1775 301 in
1786 270 1870 299 aeter-

1088 321 1163 344 num
1178 316 1276 352 potest
1289 313 1321 342 in
1335 312 1476 342 charitate
1495 320 1618 342 manere
1636 304 1709 344 cum
1718 314 1868 352 adjutorio

1089 363 1140 391 Dei
1156 371 1163 390 :
1183 370 1255 398 ergo
1273 362 1305 390 in
1325 363 1468 390 aeternum
1485 362 1584 398 potest
1603 369 1727 392 manere
1746 362 1780 393 in
1795 365 1866 394 Deo.

1088 409 1187 445 Unde,
1206 409 1237 438 iu
1257 409 1336 438 libro
1354 409 1387 438 de
1410 409 1520 445 Spiritu
1539 411 1565 436 et
1585 409 1705 445 Anima,
1724 409 1867 447 dicitur-⁸,

1089 456 1173 493 quod
1189 466 1204 483 α
1218 456 1319 484 anima
1328 455 1420 484 habet
1429 455 1501 484 inse
1515 462 1662 491 amorem,
1676 464 1738 493 quo
1752 464 1870 494 semper

1088 505 1185 540 potest
1207 505 1283 531 stare
1305 511 1375 531 cum
1398 503 1469 531 Deo.
1483 511 1498 529 n
1519 501 1608 536 Quod
1629 505 1731 531 autem
1750 503 1870 541 spiritus

1089 551 1190 578 noster
1204 549 1235 578 in
1249 551 1393 578 aeternum
1406 549 1500 586 possit
1513 551 1590 578 stare
1600 557 1670 578 cum
1684 550 1755 586 Deo,
1765 551 1794 579 et
1807 557 1871 580 ma-

1090 603 1162 624 nere
1176 596 1208 624 in
1223 596 1374 629 charitate,
1389 596 1517 624 ostendit
1531 596 1688 633 Apostolus
1702 597 1743 625 ad
1761 598 1870 627 Roma—

1090 651 1156 679 nos,
1170 643 1224 672 ubi
1239 643 1329 672 dicit·
1343 651 1352 672 ι
1368 643 1436 677 Quis
1449 645 1538 679 potest
1552 651 1600 671 nos
1614 651 1740 679 separare
1753 652 1771 672 a
1783 644 1872 673 chari-

1090 693 1148 718 tate
1162 691 1263 719 Christi
1271 691 1286 718 ?
1298 689 1384 726 quasi
1398 689 1478 718 dicat
1488 699 1495 718 :
1506 690 1610 726 Nemo,
1626 690 1687 719 imo
1698 690 1783 720 nulla
1791 698 1872 722 crea-

1091 737 1177 772 tur-a„
1184 736 1258 765 sicut
1271 736 1335 772 ipse
1348 739 1453 773 postea
1466 736 1587 773 probat.
1601 738 1676 773 Ergo
1689 737 1773 766 nulla
1793 745 1873 766 crea-

1092 785 1158 812 tura
1165 785 1262 820 potest
1270 791 1325 811 nos
1334 783 1441 818 ejicere
1451 783 1490 812 ab
1498 783 1556 812 illc
1563 783 1731 820 intrinseco,
1740 792 1797 813 nec
1807 784 1871 822 ipse

1093 831 1168 858 Deus
1182 828 1248 858 vult
1257 829 1374 865 ejicere,
1384 830 1487 866 utipse
1497 830 1508 848 '¹
1519 829 1591 858 dicit
1597 830 1628 859 in
1636 831 1760 860 Joanne.
1773 832 1872 865 Quan-

1094 877 1145 905 diu
1161 876 1241 905 enim
1257 885 1360 905 sumus
1375 877 1516 906 charitate
1530 877 1645 911 vestiti,
1657 877 1727 906 licet
1738 878 1874 915 nosipsos

1092 933 1147 961 per
1158 926 1313 961 peccatum
1327 925 1433 960 ejicere
1457 925 1619 961 possimus,
1635 933 1697 954 non
1715 927 1816 954 tamen
1829 925 1874 963 di-

1093 971 1199 1000 stantia
1208 971 1307 1007 locali,
1319 980 1388 1000 cum
1402 973 1476 1000 Deus
1487 972 1524 1001 sit
1533 972 1656 1009 ubique,
1666 972 1718 1001 sed
1736 972 1874 1002 distantia

1095 1019 1351 1047 dissimilitudinis.
1369 1018 1440 1047 Dicit
1459 1020 1540 1048 enim
1562 1020 1741 1055 Augustinus
1756 1028 1764 1047 t
1782 1030 1796 1047 α
1809 1021 1874 1049 Νοιι

1094 1065 1230 1094 locorum
1245 1066 1419 1101 intervallis,
1434 1065 1488 1094 sed
1508 1066 1702 1095 similitudine
1723 1067 1875 1095 acceditur

1095 1113 1133 1141 ad
1149 1115 1252 1148 Deum,
1267 1115 1295 1141 et
1309 1113 1549 1141 dissimilitudine
1564 1112 1725 1142 disceditur
1738 1113 1778 1143 ab
1794 1122 1840 1143 eo.
1855 1125 1869 1141 n

1095 1160 1181 1194 Quod
1195 1163 1294 1188 autem
1309 1160 1394 1188 nulla
1408 1163 1542 1189 creatura
1558 1161 1653 1197 possit
1666 1168 1722 1189 nos
1737 1168 1873 1198 separare

1095 1216 1113 1236 a
1133 1208 1273 1236 charitate
1296 1207 1364 1242 Dei,
1388 1197 1454 1244 qffoe
1476 1207 1565 1236 nobis
1587 1207 1618 1235 in
1640 1207 1754 1236 Christo
1776 1207 1874 1242 datur,

1096 1254 1223 1283 ostendit
1235 1254 1392 1290 Apostolus
1407 1254 1531 1289 ibidem,
1546 1253 1647 1283 dicens
1661 1255 1672 1272 ⁸
1689 1263 1696 1282 ε
1713 1254 1807 1283 Certus
1815 1262 1875 1282 sum

1096 1302 1168 1336 qnod
1182 1309 1266 1337 neque
1280 1309 1361 1336 mors,
1378 1301 1488 1329 scilicet
1509 1309 1601 1338 quam
1621 1301 1781 1336 minantur,
1796 1309 1874 1337 sepa-

1095 1350 1166 1377 rabit
1179 1357 1226 1377 nos
1241 1358 1257 1376 a
1267 1349 1402 1376 charitate
1414 1349 1474 1376 Dei.
1486 1349 1576 1384 Cujus
1588 1349 1733 1377 rationem
1747 1349 1876 1384 assignat

1096 1396 1286 1431 Augustinus,
1302 1396 1334 1423 de
1349 1396 1471 1424 Moribus
1486 1397 1620 1429 Ecclesioe,
1637 1395 1739 1424 dicens
1752 1395 1763 1413 ⁹
1779 1404 1786 1424 :
1805 1405 1819 1422 u
1833 1394 1876 1424 Li-

1096 1445 1142 1471 cet
1156 1451 1263 1479 corpus
1277 1445 1412 1471 nostrum
1432 1443 1526 1479 possit
1543 1443 1634 1478 mori,
1657 1445 1757 1471 tamen
1777 1442 1875 1479 ipsum

1097 1498 1158 1526 quo
1180 1490 1333 1526 diligimus
1349 1491 1458 1523 Deum,
1474 1489 1583 1518 scilicet
1597 1490 1707 1525 anima,
1723 1489 1798 1518 mori
1814 1497 1875 1518 non

1096 1540 1208 1573 potest,
1234 1537 1289 1565 nisi
1305 1537 1378 1566 dum
1399 1545 1461 1566 non
1475 1537 1571 1573 diligit
1593 1539 1685 1566 Deum
1703 1547 1709 1565 :
1726 1537 1773 1566 cui
1794 1544 1875 1566 mors

1097 1586 1139 1612 est
1161 1592 1221 1612 non
1238 1584 1362 1619 diligere
1387 1585 1497 1619 Deum,
1521 1583 1606 1620 quod
1626 1584 1698 1612 nihil
1724 1584 1806 1613 aliud
1821 1586 1874 1620 est,

1097 1639 1189 1668 quam
1204 1631 1231 1659 ei
1246 1631 1276 1658 in
1287 1631 1442 1667 diligendo
1459 1631 1575 1667 aliquid
1590 1638 1774 1667 praeponere.
1785 1640 1800 1658 n
1811 1631 1876 1660 Alie

1097 1681 1139 1706 est
1152 1678 1226 1706 ratio
1242 1678 1408 1706 secundum
1422 1678 1612 1706 Ambrosium
1622 1678 1659 1706 ¹⁰:
1677 1687 1692 1704 α
1707 1678 1782 1712 Quia
1794 1685 1874 1706 mors

1097 1727 1159 1753 erat
1173 1725 1279 1752 sanctis
1290 1725 1406 1752 occasio
1422 1724 1513 1752 eundi
1527 1724 1566 1752 ad
1581 1724 1735 1760 praemium
1750 1724 1875 1761 promis-

1097 1779 1174 1806 sum,
1191 1774 1219 1799 et
1233 1771 1317 1807 quasi
1329 1771 1438 1806 janua;
1454 1778 1525 1806 ergo
1542 1779 1623 1799 mors
1634 1779 1695 1799 non
1709 1772 1806 1808 potest
1819 1779 1874 1800 nos

1096 1826 1233 1854 separare
1254 1826 1272 1846 a
1293 1818 1433 1846 charitate
1455 1818 1582 1846 Christi:
1604 1826 1675 1854 ergo
1695 1826 1758 1847 non
1779 1819 1876 1855 potest

1097 1865 1224 1901 abjicere
1237 1864 1276 1893 ab
1292 1873 1338 1893 eo.
1356 1874 1370 1890 ι)

1132 1911 1267 1940 Secundo
1285 1919 1369 1947 neque
1382 1913 1450 1944 vita,
1469 1911 1565 1948 inquit
1581 1911 1750 1948 Apostolus,
1765 1910 1876 1940 scilicet

1096 1959 1254 1995 promissa,
1274 1961 1363 1994 potest
1387 1966 1434 1986 nos
1448 1966 1576 1994 separare
1590 1967 1607 1986 a
1620 1959 1765 1987 charitate.
1787 1958 1876 1994 Cujus

1096 2005 1240 2034 rationein
1258 2006 1389 2042 assignat
1410 2006 1588 2042 Augustinus
1606 2005 1638 2033 in
1651 2004 1730 2034 libro
1745 2005 1778 2033 de
1791 2005 1876 2034 Mort—

1098 2054 1146 2080 bus
1168 2053 1311 2088 Ecclesioe‚
1330 2053 1431 2080 dicens
1456 2054 1475 2071 ¹¹
1492 2052 1588 2087 :Quia
1607 2053 1682 2080 Deus
1700 2052 1768 2080 sons
1784 2052 1873 2081 vitae:

1098 2099 1174 2127 sicut
1188 2107 1259 2135 ergo
1277 2109 1291 2125 ει
1305 2107 1394 2128 nemo
1409 2101 1524 2136 separat
1539 2108 1557 2128 a
1579 2099 1660 2128 fonte
1679 2107 1783 2136 aquae,
1804 2106 1876 2135 pro—

1099 2148 1243 2177 mittendo
1265 2156 1376 2185 aquam
1384 2158 1392 2180 ;
1412 2157 1426 2175 υ
1447 2148 1487 2176 ita
1507 2155 1596 2175 nemo
1618 2149 1735 2183 separat
1757 2154 1776 2175 a
1797 2146 1877 2175 fonte

1098 2197 1176 2231 vitre,
1191 2195 1395 2233 promittendo
1416 2195 1518 2223 vitam.
1540 2194 1622 2223 Unde
1646 2194 1788 2223 Dominus
1807 2193 1878 2222 dicit

1099 2244 1129 2271 in
1143 2245 1256 2272 joanne
1272 2242 1292 2259 ¹²
1311 2251 1318 2270 :
1335 2242 1389 2276 Qui
1413 2242 1499 2270 credit
1525 2243 1554 2269 in
1578 2249 1633 2274 me,
1660 2240 1770 2269 habebit
1790 2241 1877 2268 vitam

1099 2294 1239 2318 oeeernam.

1135 2337 1229 2365 Tertio
1253 2337 1349 2372 inquit
1367 2336 1525 2372 Apostolus
1541 2345 1547 2364 ε
1564 2336 1656 2371 Neque
1669 2335 1779 2369 Anqeh,
1794 2341 1878 2369 neque

1099 2386 1275 2420 Princz'patus
1288 2404 1297 2418 ,
1317 2391 1401 2419 neque
1428 2384 1563 2419 Virtutes,
1586 2390 1684 2419 neque
1705 2380 1878 2416 inferiores,

1100 2439 1198 2468 neque
1212 2430 1316 2465 medii,
1332 2438 1430 2467 neque
1445 2430 1623 2466 superiores,
1635 2431 1763 2464 poterunt
1777 2435 1825 2456 nos
1839 2435 1879 2455 se-

1097 2486 1198 2515 parare
1212 2486 1230 2505 a
1244 2478 1377 2506 charitate
1392 2479 1451 2506 Dei.
1467 2477 1556 2513 Cujus
1569 2476 1643 2505 ratio
1659 2477 1701 2504 est
1714 2474 1880 2504 secundum

1102 2563 1111 2581 7
1125 2564 1208 2593 Ιοαη.,
1221 2569 1256 2593 vi,
1273 2564 1310 2587 37.
1320 2576 1348 2581 —
1363 2563 1372 2577 ¹
1385 2563 1460 2594 Rom„
1477 2568 1532 2592 vui,
1548 2563 1620 2586 39.—
1635 2562 1643 2576 ⁹
1656 2562 1733 2595 Aug„
1746 2560 1776 2585 de
1787 2558 1878 2584 Mor-ib.

1102 2599 1207 2631 Eccles,
1222 2606 1239 2623 n
1265 2600 1303 2623 ¹9.
1315 2612 1344 2617 —-
1362 2600 1379 2616 '⁰
1395 2599 1448 2623 lino
1466 2597 1691 2626 Ambrosiastrum,
1707 2598 1732 2621 in
1748 2597 1832 2628 Epist.
1846 2594 1882 2619 ad

1101 2636 1180 2664 Rom,
1195 2642 1218 2660 c.
1235 2641 1290 2660 vui.
1302 2647 1333 2653 —
1349 2637 1364 2649 ¹¹
1378 2636 1454 2666 Aug„
1469 2633 1512 2658 ubi
1526 2640 1584 2664 sup.
1599 2633 1711 2664 proxim.
1721 2645 1752 2650 —
1769 2632 1878 2662 '’Joan.,

1101 2679 1128 2704 v,
1144 2673 1181 2696 47.
1200 2684 1231 2689 —
1247 2673 1280 2702 (a)
1299 2671 1358 2696 Caet.
1373 2671 1433 2696 edre.
1449 2670 1586 2701 stabilitur,
1601 2672 1626 2694 et
1640 2670 1815 2701 perpetuatur.
