2004 3037
86 1795 185 1815 Eleemo-

86 1832 142 1851 syna
157 1824 192 1844 tri-

100 1857 180 1882 ptircm

98 1891 182 1907 molum

101 1918 177 1938 stimu-

97 1949 179 1969 laniem

102 1980 175 2001 haben

210 260 272 291 274
744 284 747 288 .
764 254 908 287 DIAETAE
926 253 1094 289 SALUTlS
1115 254 1193 288 TIT.
1220 255 1258 287 11.

208 325 324 354 mectat.
339 326 387 353 Est
397 324 520 361 insuper
532 323 626 353 homo
645 322 898 360 eleemosynarius
912 322 988 350 sicut

207 373 354 400 mercator
367 371 539 400 industrius.
554 373 627 399 Nam
646 370 721 399 sicut
739 371 919 398 mercatores
932 377 986 406 pe-

207 419 328 448 cuniam
344 427 430 447 suam
443 426 505 447 non
521 418 644 446 tradunt
661 417 704 446 eis
718 417 771 453 qui
783 416 910 446 reddere
922 424 985 445 non

205 468 351 502 possunt,
366 465 416 494 vel
436 465 478 494 eis
502 465 554 502 qui
575 464 615 493 ad
628 463 779 492 nundinas
792 463 908 493 venturi
922 471 986 491 non

205 515 289 548 sunt;
305 512 347 541 sic
361 513 454 541 homo
468 512 601 549 prudens
620 520 682 540 non
698 511 750 540 dat
763 511 986 546 eleemosynam

204 559 415 595 histrionibus,
430 559 481 596 qui
498 558 572 587 nihil
586 558 708 593 habent,
719 557 828 586 scilieet
839 557 878 586 de
892 556 986 592 gratia

204 607 273 642 Dei,
285 607 379 643 etqui
401 606 518 634 venturi
538 614 600 634 non
624 607 692 633 sunt
709 605 750 634 ad
770 605 919 633 nundinas
933 611 987 640 pa-

203 653 305 683 radisi.
322 654 393 682 Ideo
418 653 525 682 dieitur
539 652 548 669 ¹
565 662 571 681 :
588 654 704 686 Benefac
725 653 840 684 humili,
856 655 881 679 ει
896 659 928 679 ne
942 651 986 679 de-

205 701 279 729 deris
295 702 391 736 impio.
408 701 468 729 Hoc
482 708 553 728 vero
566 700 597 728 in
613 699 733 728 duobus
748 698 867 726 casibus
881 697 985 726 intelli-

204 747 304 783 gitur:
326 755 420 782 unus,
445 746 568 784 quando
593 746 681 775 datur
704 745 897 774 histrionibus
922 753 985 773 non

204 794 315 822 intuitu
328 794 462 830 pietatis,
477 793 530 822 sed
551 793 666 821 ratione
686 792 876 820 histrionatus
885 801 894 827 3
909 791 985 819 alius

204 843 267 876 est,
292 841 316 868 si
344 840 448 869 eredas
473 839 557 876 quod
567 838 586 874 ',
613 841 735 876 propter
763 838 985 874 eleemosynam

204 889 305 923 tuam,
319 887 430 924 impius
444 886 576 922 negligat
587 885 739 921 justitiam.
757 887 791 913 nt
805 885 880 912 sicut
893 884 986 920 peda-

205 935 288 971 gium
302 942 364 963 non
378 934 486 971 petitur
501 934 539 962 ab
561 933 619 961 illis
639 933 692 969 qui
712 933 864 960 transeunt
878 931 984 967 vacui,

204 981 258 1010 sed
273 981 312 1010 ab
327 981 393 1010 aliis
408 981 460 1018 qui
481 981 550 1008 sunt
571 979 683 1008 onerati
697 989 705 1014 3
722 979 763 1007 sie
777 979 917 1006 Dominus
931 986 984 1014 pe-

205 1028 330 1064 dagium
354 1028 551 1064 eleemosynae
571 1035 633 1055 non
654 1026 727 1063 petit
747 1035 766 1054 a
780 1026 983 1062 pauperibus,

203 1076 256 1113 qui
275 1077 342 1104 sunt
355 1075 442 1104 vacui
464 1075 553 1103 rebus
573 1074 768 1108 transitoriis3
784 1074 837 1102 sed
853 1083 870 1102 a
885 1074 985 1102 diviti-

202 1123 275 1158 bus,
291 1123 343 1159 qui
366 1125 433 1151 sunt
454 1122 567 1151 onerati
592 1121 719 1154 divitiis,
734 1123 762 1149 et
775 1121 856 1157 pleni
871 1124 985 1157 tempo-

202 1169 316 1198 ralibus
328 1170 426 1198 bonis.
443 1170 523 1197 Unde
540 1169 610 1197 dicit
623 1168 781 1205 Apostolus
793 1169 803 1185 Ξ
821 1177 827 1196 :
845 1169 985 1196 Divitibus

203 1218 285 1253 hujus
308 1219 400 1246 soeculi
419 1220 554 1254 proecipe,
570 1219 653 1251 facile
678 1218 813 1251 tribuere,
838 1217 985 1244 communi-

204 1273 281 1299 care,
298 1266 482 1294 thesaurizare
502 1265 556 1292 sibi
575 1265 784 1298 fundamentum
804 1265 834 1291 in
848 1265 983 1296 futurum.

204 1313 238 1340 Et
260 1311 334 1339 sicut
357 1311 498 1340 dominus
521 1313 652 1339 terrenus
678 1309 912 1343 mercatoribus,
933 1309 985 1345 qui

204 1357 340 1387 furantur
367 1358 528 1395 pedagium
541 1379 548 1391 ,
569 1357 666 1385 aufert
683 1357 865 1393 quandoque
891 1358 985 1384 totum

203 1405 347 1442 capitale;
369 1405 411 1432 sic
434 1405 492 1432 illis
516 1404 677 1438 divitibus,
693 1404 744 1439 qui
765 1403 894 1439 pedagio
911 1403 985 1430 elee-

203 1460 336 1488 mosynae
350 1451 528 1480 defraudant
544 1458 724 1487 pauperem,
740 1450 834 1478 aufert
846 1450 986 1477 Dominus

203 1507 266 1527 non
281 1499 380 1527 solum
395 1499 536 1534 gratiam,
550 1498 610 1525 imo
626 1497 775 1525 interdum
788 1497 986 1533 temporalem

204 1545 410 1574 substantiam.
428 1547 466 1573 De
487 1545 537 1572 tali
562 1544 670 1572 dicitur
685 1545 696 1560 ³
713 1553 718 1571 :
739 1545 835 1571 Tollite
850 1544 883 1571 ab
899 1552 926 1571 eo
943 1546 985 1570 ta-

205 1593 316 1625 lentum,
328 1595 353 1620 et
364 1592 427 1619 date
443 1593 487 1619 illi
501 1593 549 1627 qui
562 1591 650 1619 ‘leuem
667 1592 773 1618 talenta
789 1591 877 1618 habet.
889 1594 985 1618 Avaro

205 1639 354 1676 siquidem
369 1639 500 1668 tollenda
513 1640 554 1665 est
572 1637 744 1673 temporalis
763 1638 941 1671 substantia,
959 1639 988 1665 et

206 1686 306 1715 danda
322 1686 365 1714 illi
387 1686 456 1722 qui,
477 1684 650 1713 miserando
666 1684 868 1720 pauperibus,
883 1684 986 1720 implet

205 1733 348 1760 mandata
363 1732 488 1760 Domini.

242 1779 378 1808 Secundo
408 1779 597 1813 eleemosyna
622 1777 712 1805 habet
740 1780 854 1805 motum
882 1778 984 1804 >timu—

206 1826 328 1858 lantem,
357 1828 385 1853 et
408 1825 573 1861 specialiter
601 1824 756 1859 triplicem.
789 1824 869 1851 Unde
895 1827 965 1851 nota
977 1845 985 1858 ,

209 1873 292 1909 quod
302 1872 362 1906 illc,
374 1880 392 1900 a
408 1880 468 1907 quo
484 1872 590 1907 petitur
603 1870 803 1905 eleeuimyna,
816 1870 903 1898 debet
913 1879 986 1906 prae-

209 1920 295 1956 cipue
310 1918 497 1947 considerare
514 1918 579 1952 tria,
598 1917 707 1944 scilieet
724 1926 730 1944 :
747 1918 814 1953 quis
828 1917 915 1952 pctit3
932 1925 986 1953 pro

209 1975 270 2003 quo
285 1966 372 2002 petit;
390 1965 467 1993 etad
482 1964 555 2000 quid
571 1964 649 2000 petit.
668 1963 763 1991 Primo
779 1964 877 1998 igitur,
893 1972 986 1999 quan-

209 2014 249 2042 do
262 2021 376 2050 pauper
387 2012 459 2048 petit
469 2012 699 2047 eleemosynam,
717 2011 804 2038 debet
819 2011 902 2038 dives
917 2019 988 2038 con-

209 2061 339 2088 siderare
364 2059 430 2096 quis
454 2067 520 2086 eam
538 2058 633 2094 petit:
660 2058 730 2093 quia
754 2057 904 2091 Dominus,
932 2066 987 2093 pro

210 2108 292 2143 cujus
318 2115 420 2134 amoro
443 2106 514 2142 petit
535 2113 600 2132 eam
617 2104 783 2132 mendicus
804 2104 894 2131 Debet
910 2105 988 2132 enim

210 2154 285 2182 adeo
301 2153 424 2188 diligere
439 2160 586 2188 pauperes
597 2173 604 2185 ‚
621 2151 703 2187 quod
721 2151 870 2186 quidquid
893 2151 925 2178 fit
947 2152 988 2179 eis

209 2202 330 2236 propter
355 2207 485 2228 amorem
508 2206 614 2232 suum,
644 2200 757 2233 reputat
786 2198 842 2224 sibi
866 2198 986 2226 sactum.

210 2249 282 2275 Nan]
298 2248 402 2275 dicitur
414 2249 422 2264 Β
437 2256 443 2274 ;
459 2247 535 2279 Quod
548 2249 596 2273 uui
612 2254 644 2273 etr
660 2248 780 2272 minimis
794 2247 859 2273 meis
872 2247 988 2280 ferislls,

210 2295 279 2322 mihi
301 2295 414 2327 fecistis.
432 2293 501 2321 Petit
521 2301 591 2327 ergo
608 2292 829 2327 eleemosynam
848 2301 901 2328 per
915 2301 988 2328 pau-

209 2349 313 2378 perem
327 2348 413 2368 sunm
429 2340 477 2367 ille
488 2361 495 2373 ,
513 2348 529 2366 a
545 2347 605 2374 quo
622 2339 705 2366 dives
721 2339 789 2374 petit
806 2339 989 2374 quandoque

210 2396 336 2424 regnum
362 2397 368 2415 ε
396 2390 423 2415 et
447 2387 515 2414 idco
544 2395 611 2414 eum
638 2386 762 2421 pauperi
791 2388 880 2420 negat
906 2386 989 2413 dives

210 2435 364 2463 modicum
386 2434 513 2462 fructum
536 2433 637 2468 panis,
658 2433 759 2460 timere
783 2432 889 2466 debet,
907 2433 990 2468 quod

210 2483 285 2509 Deus
299 2489 361 2509 non
375 2481 476 2508 audiat
490 2488 575 2514 eum,
592 2487 660 2506 cum
675 2479 745 2514 petit
760 2479 798 2506 ab
813 2487 848 2506 eo
864 2488 989 2513 reguum

211 2531 324 2556 oeternce
345 2527 508 2561 felicitatis,
536 2526 606 2562 quia
631 2525 737 2553 dicitur
751 2526 760 2541 '⁴
778 2535 784 2553 ε
807 2526 860 2558 Qui
880 2527 989 2553 obturat

211 2583 289 2603 autes
304 2583 366 2603 suas
383 2575 419 2602 ad
433 2575 571 2601 clamorem
584 2575 724 2607 pauperis,
740 2573 865 2600 clamabit
882 2575 948 2607 ipso,
964 2576 989 2599 et

210 2630 263 2650 non
278 2623 417 2650 audietur.
436 2621 526 2648 Debet
545 2619 677 2647 seeundo
693 2619 879 2646 considerare
896 2619 988 2653 dives,

244 2685 354 2711 ἘΜ-ΜΖ,
371 2691 417 2714 111,
434 2686 495 2708 6.-
508 2683 534 2707 ²1
554 2683 624 2709 Tim.¹
642 2688 676 2711 xi,
696 2683 731 2705 Π.
745 2695 774 2699 —
790 2682 798 2695 ³
814 2682 912 2709 lunula,
928 2688 988 2711 xxv,

210 2722 249 2744 28.
265 2733 295 2738 —-
315 2722 322 2734 ⁴
342 2721 415 2750 ibid„
435 2722 472 2744 40⁴
491 2732 516 2736 —-
539 2720 547 2733 ⁵
566 2718 649 2746 Prov.,
665 2723 718 2747 xxl,
744 2720 779 2741 lli.
795 2731 825 2735 —
839 2718 849 2734 θ
867 2719 873 2741 Ι
892 2718 990 2747 Parni„

1041 322 1116 359 quid
1135 323 1211 359 petit
1223 323 1318 358 Deus,
1333 322 1457 358 quando
1472 322 1696 361 eleemosynam
1707 325 1780 362 petit
1792 325 1825 354 in

1039 369 1102 398 suis
1115 368 1319 406 pauperibus:
1335 369 1410 406 petit
1423 369 1504 398 enim
1516 371 1592 398 Deus
1606 377 1670 399 non
1677 374 1822 409 nostrum,

1039 416 1094 444 sed
1115 424 1213 445 suum.
1243 416 1314 446 Ideo
1339 416 1428 444 valde
1452 416 1585 452 ingratus
1607 418 1651 446 est
1672 419 1744 454 Deo,
1761 419 1824 456 ,qui

1039 464 1166 500 pauperi
1180 465 1270 499 negat
1284 463 1436 492 modicam
1450 463 1683 501 eleemosynam,
1699 473 1769 494 eum
1783 465 1821 495 de

1039 510 1128 539 honis
1141 510 1192 538 Dei
1206 510 1316 539 habeat
1330 510 1517 539 abundanter
1527 511 1568 539 ad
1577 519 1713 540 mensam
1723 519 1818 541 suam.

1040 558 1100 585 Hoc
1115 550 1314 586 consideravit
1332 558 1445 592 David,
1461 558 1512 594 qui
1528 558 1600 586 dicit
1612 557 1623 574 ⁶
1640 568 1646 586 :
1670 560 1729 587 Tua
1745 562 1820 592 sunt,

1040 605 1166 640 Domine,
1181 607 1288 640 omnia,
1311 607 1336 633 et
1356 614 1416 641 quoe
1435 605 1469 633 de
1488 609 1537 634 tua
1553 614 1634 634 manu
1656 608 1820 642 accepimus,

1040 651 1162 679 dedimus
1183 652 1246 680 tibi.
1271 652 1378 687 Tertio,
1405 652 1495 681 dehet
1524 653 1714 681 considerare
1738 652 1822 682 dives

1039 697 1143 734 homo,
1157 698 1196 727 ad
1211 698 1286 735 quid
1299 699 1372 735 petit
1386 700 1470 728 Deus.
1488 701 1563 728 Deus
1578 700 1659 728 enim
1672 700 1745 737 petit
1759 708 1822 729 non

1040 744 1080 772 ad
1102 744 1252 780 dandum,
1268 745 1322 773 sed
1335 745 1376 774 ad
1398 746 1597 775 mutuandum
1603 757 1612 782 3
1627 755 1683 776 nec
1706 750 1820 776 tantum

1042 791 1082 819 ad
1096 791 1210 827 triplas,
1225 791 1286 820 imo
1301 791 1341 820 ad
1355 793 1508 828 centuplus
1520 801 1635 822 usuras.
1651 794 1732 822 Unde
1749 794 1821 823 dicit

1040 838 1242 873 Augustinus:
1262 847 1276 864 ι(
1300 839 1412 874 Homo,
1427 839 1512 876 quod
1531 836 1664 868 ‘foeneras
1684 841 1820 877 homini,

1038 883 1182 913 foenerare
1197 886 1268 919 Deo,
1289 887 1318 914 et
1336 886 1509 922 centuplum
1531 886 1667 924 accipies,
1683 890 1711 915 et
1728 887 1820 916 vitam

1039 933 1179 960 aeternam
1197 932 1374 969 possidebis.
1397 943 1411 959 »
1437 934 1470 961 Et
1491 933 1561 962 ideo
1580 933 1669 962 nimis
1687 934 1820 970 ingratus

1041 981 1102 1013 est,
1131 979 1183 1015 qui
1211 979 1250 1007 ad
1278 979 1351 1008 tales
1373 988 1479 1008 usuras
1506 988 1568 1008 non
1592 980 1655 1009 vult
1684 989 1819 1010 eommo-

1040 1025 1111 1054 darc
1123 1027 1191 1061 Deo,
1205 1026 1245 1054 ad
1259 1026 1364 1063 quales
1377 1029 1527 1056 mutuaret
1542 1027 1658 1063 Judaeo,
1675 1028 1722 1057 vel
1736 1029 1820 1058 Sara-

1039 1080 1123 1101 ceno.
2000 1075 2004 1088 ¹

1074 1120 1180 1155 Tertio,
1208 1120 1399 1157 eleemosyna
1423 1121 1515 1149 habet
1535 1121 1661 1150 modum
1680 1121 1819 1158 regulan-
1835 1119 1940 1155 meeyno-
2002 1123 2004 1127 '

1040 1168 1115 1201 tem,
1130 1168 1159 1194 et
1172 1167 1339 1203 specialiter
1354 1167 1508 1204 triplicem.
1530 1169 1612 1197 Unde
1632 1171 1720 1203 nota,
1736 1168 1819 1204 quod
1833 1152 1942 1204 {{¹2‘⁸·i¹„⁵s.

1040 1213 1070 1240 in
1085 1213 1187 1242 dando
1201 1214 1439 1250 eleemosynam,
1454 1215 1543 1244 debet
1557 1223 1619 1244 esse
1633 1216 1743 1245 modus
1754 1216 1819 1251 jus·
1848 1213 1928 1240 P¹i⁰⁹¹²²

1039 1261 1095 1294 tus,
1113 1260 1221 1288 modus
1236 1264 1352 1296 gratus,
1369 1263 1397 1289 et
1410 1262 1520 1290 modus
1534 1263 1601 1298 pius
1617 1271 1624 1290 ;
1637 1263 1742 1298 justus,
1757 1262 1821 1291 sine
1835 1244 1940 1302 ,ῗέἒιῖἶ

1040 1306 1163 1342 injuria3
1181 1310 1282 1342 gratus
1292 1330 1301 1343 ,
1322 1308 1384 1336 sine
1408 1309 1540 1344 tristitia;
1557 1311 1585 1337 et
1598 1309 1679 1345 pius,
1693 1310 1756 1338 sine
1769 1317 1821 1338 su·
1836 1310 1881 1330 ¹0⁰²

1040 1353 1153 1389 perbia.
1179 1354 1275 1383 Primo
1295 1354 1403 1390 igitur,
1424 1355 1476 1391 qui
1500 1355 1551 1384 dat
1579 1355 1822 1392 eleemosynam,

1041 1400 1130 1429 debet
1153 1401 1263 1429 habere
1289 1402 1415 1430 modum
1433 1402 1557 1438 J‘ustum‚
1583 1405 1615 1430 ut
1637 1403 1748 1431 scilieet
1774 1403 1825 1432 det

1041 1456 1139 1483 suum,
1155 1451 1183 1476 et
1198 1457 1258 1477 non
1274 1449 1415 1478 alienum.
1430 1450 1507 1478 Sicut
1521 1450 1600 1478 enim
1615 1458 1695 1487 aqua
1709 1450 1825 1479 munda

1040 1494 1134 1528 lavat,
1151 1497 1179 1523 ct
1199 1496 1357 1524 immunda
1373 1497 1560 1533 coinquinat;
1575 1497 1617 1525 sie
1632 1497 1825 1534 eleemosyna

1041 1542 1166 1576 munda,
1181 1551 1248 1579 quae
1263 1543 1373 1571 scilicet
1384 1546 1426 1571 est
1442 1544 1504 1572 sine
1520 1546 1642 1580 peccato
1658 1552 1764 1579 usurae,
1777 1543 1825 1572 vel

1041 1589 1171 1624 rapinae,
1189 1590 1309 1618 dantem
1330 1590 1470 1625 mundat,
1491 1599 1655 1627 pauperem
1677 1591 1774 1626 lavat,
1798 1593 1826 1620 et

1042 1637 1134 1663 Deum
1148 1636 1256 1672 placat.
1282 1636 1363 1664 Unde
1379 1637 1487 1665 dieitur
1501 1639 1511 1655 ἵ
1529 1647 1535 1665 :
1560 1639 1670 1666 Honora
1687 1639 1826 1666 Dominum

1043 1682 1075 1709 ‹le
1091 1686 1138 1709 ιιιιι
1153 1684 1320 1714 substantia,
1337 1691 1398 1711 non
1416 1684 1452 1712 de
1472 1684 1570 1712 aliena
1586 1694 1592 1712 :
1615 1685 1686 1720 quia
1699 1684 1825 1713 elecmo-

1042 1737 1116 1764 syna
1141 1729 1177 1757 de
1201 1730 1311 1763 alieno,
1334 1732 1367 1758 ut
1395 1731 1432 1758 dc
1455 1731 1572 1766 rapina,
1598 1739 1698 1765 usura,
1719 1730 1767 1758 vel
1787 1731 1825 1758 de

1041 1775 1130 1808 furto,
1148 1776 1268 1803 dantem
1283 1777 1386 1810 inlicit,
1402 1777 1574 1812 proximum
1586 1777 1676 1812 laedit,
1692 1779 1720 1805 et
1736 1779 1825 1805 Deum

1043 1822 1177 1850 offendit.
1196 1822 1277 1850 Unde
1293 1823 1323 1850 in
1345 1824 1442 1858 figura
1457 1823 1545 1858 hujus
1563 1823 1670 1851 dicitur
1683 1824 1694 1841 ⁸
1709 1833 1715 1851 :
1733 1824 1826 1851 Omnis

1043 1869 1142 1896 oblatio
1157 1878 1216 1903 quw
1230 1870 1345 1903 offertur
1360 1872 1483 1901 Domino,
1501 1871 1600 1905 absque
1616 1872 1748 1904 fermento
1763 1872 1825 1904 erit,

1044 1915 1153 1943 seilicet
1164 1924 1273 1950 usurae,
1288 1916 1367 1950 furti,
1383 1916 1430 1944 vel
1445 1917 1571 1952 rapinae,
1588 1917 1636 1945 vel
1656 1917 1826 1952 quuscum-

1044 1970 1102 1997 que
1129 1963 1329 1998 acquisitionis
1357 1963 1482 1997 injustae.
1512 1963 1667 1999 Secundo,
1696 1964 1747 2000 qui
1777 1964 1828 1992 dat

1045 2009 1278 2046 eleemosynam,
1301 2011 1390 2038 debet
1413 2011 1524 2039 hahere
1544 2012 1669 2040 modum
1691 2015 1826 2047 grauun,

1044 2059 1076 2085 ut
1090 2057 1199 2085 scilieet
1213 2058 1347 2086 ostendat
1363 2059 1487 2094 pauperi
1502 2059 1601 2087 laetum
1616 2059 1744 2094 vultum,
1759 2059 1827 2087 dul-

1046 2111 1078 2131 ce
1093 2105 1220 2132 verbum
1239 2107 1265 2132 et
1282 2108 1450 2141 promptam
1469 2114 1602 2133 manum.
1620 2107 1692 2133 Nam
1709 2106 1745 2133 de
1760 2105 1826 2134 loeto

1045 2151 1128 2179 vultu
1144 2151 1214 2179 dicit
1229 2152 1386 2188 Apostolus
1406 2153 1416 2168 ⁹
1437 2162 1444 2178 :
1467 2154 1589 2180 Hilarem
1610 2154 1680 2179 enim
1705 2153 1827 2180 (latorem

1046 2198 1141 2232 diligit
1159 2200 1236 2226 Deus.
1254 2200 1290 2225 De
1307 2198 1387 2225 dulei
1398 2198 1502 2231 verbo,
1515 2198 1622 2226 dicitur
1635 2200 1674 2226 ¹⁰:
1688 2199 1827 2234 Responde

1046 2245 1105 2278 illi,
1128 2244 1238 2271 scilic-vt
1262 2245 1402 2280 pauperi,
1428 2247 1539 2279 pacifice
1560 2247 1590 2272 in
1611 2246 1826 2273 mansuetudine.

1046 2291 1084 2318 De
1095 2293 1232 2326 prompta
1243 2298 1334 2318 manu
1349 2291 1456 2318 dicitur
1467 2291 1484 2307 ¹¹
1503 2300 1509 2318 2
1526 2293 1567 2319 Ne
1582 2292 1656 2319 dicas
1670 2294 1753 2319 amico
1764 2294 1826 2319 tuo:

1050 2337 1124 2365 Vade
1139 2341 1163 2364 et
1179 2341 1319 2371 revertere,
1333 2346 1391 2364 cras
1406 2338 1473 2365 dabo
1489 2339 1551 2370 tibi,
1566 2347 1624 2365 cum
1635 2340 1728 2366 statim
1740 2339 1827 2372 possis

1047 2384 1120 2411 darc.
1137 2384 1242 2418 Tertio,
1255 2384 1306 2419 qui
1322 2384 1372 2412 dat
1387 2384 1619 2420 eleemosynam,
1636 2384 1723 2412 debet
1736 2384 1827 2411 habe-

1046 2439 1077 2458 re
1101 2430 1225 2458 modum
1249 2430 1344 2466 pium,
1365 2434 1392 2459 et
1420 2431 1483 2459 sine
1505 2431 1586 2459 omni
1616 2430 1755 2466 superbia
1778 2430 1827 2458 vel

1046 2477 1289 2513 praffsumptione,
1304 2480 1335 2505 ut
1347 2478 1467 2512 seilicet,
1479 2478 1580 2505 dando
1591 2478 1826 2514 eleemosynam,

1047 2524 1168 2552 laudem
1190 2533 1251 2552 non
1271 2528 1398 2560 quaerat,
1424 2533 1587 2561 pauperem
1602 2533 1639 2552 ne
1663 2524 1825 2561 despiciat,

1047 2571 1176 2606 seipsum
1203 2572 1265 2599 sine
1300 2572 1490 2608 eleemosyna
1517 2580 1578 2599 non
1607 2571 1743 2600 dimittat.
1772 2571 1827 2605 Qui

1047 2645 1125 2663 xxix.
1148 2640 1185 2661 tt.
1208 2652 1239 2656 —
1258 2639 1366 2665 711rov..
1388 2645 1432 2669 111,
1451 2640 1473 2663 9.
1494 2652 1525 2658 ·--
1544 2640 1552 2653 ³
1572 2640 1662 2669 ΖΛΜ,
1684 2645 1717 2670 u,
1740 2641 1777 2663 lt.
1796 2650 1827 2656 —-·

1047 2675 1056 2691 ⁹
1071 2676 1088 2698 ll
1107 2675 1174 2704 corz,
1190 2681 1227 2705 lx,
1246 2677 1268 2699 Τ.
1281 2688 1311 2693 -—
1325 2677 1344 2692 ¹⁰
1360 2676 1500 2706 Eccl1·.,1v,
1517 2678 1541 2699 ὃ,
1559 2689 1584 2692 —
1602 2674 1824 2704 ¹¹}'1·ov.,111,28.

1080 2718 1114 2747 (a)
1132 2717 1206 2748 Yutg.
1222 2719 1333 2748 pacifice.
