2004 3037
215 195 352 224 versitate
369 202 525 232 poenarum
537 216 547 230 ‚
568 195 678 232 quibus
697 195 782 232 impii
805 196 992 226 maneantur.

215 243 255 271 De
269 243 376 279 quarto
386 242 396 259 ¹
411 251 418 270 :
440 242 578 276 Quantum
592 243 756 277 clarificavit
770 251 814 278 se,
835 247 861 272 et
875 245 906 272 in
923 244 994 272 deli-

214 291 266 317 ciis
279 290 334 323 fuit
345 309 354 324 ,
370 289 424 317 etc.
447 290 486 316 De
509 288 612 325 quinto
623 287 651 317 ²:
673 290 765 317 Facies
779 291 919 319 combustoe
931 291 993 318 vul-

214 338 259 363 tus
277 343 376 363 eorum.
397 336 460 364 Imo
479 337 540 363 tam
559 335 795 371 ignominiosum
814 337 869 365 erit
886 345 994 374 corpus

213 381 396 419 peccatoriS,
419 382 504 418 quod
526 382 627 410 anima
646 390 800 411 resumens
818 383 918 420 ipsum
937 386 994 412 stu-

213 428 314 465 pebit,
335 428 458 465 quando
480 430 542 457 tam
560 429 691 457 terribile
710 429 787 457 illud
808 430 941 466 videbit,
966 432 995 459 et

213 475 302 503 vellet
313 475 425 504 habere
439 475 496 504 tale
506 497 516 510 ,
537 476 613 504 sicut
627 476 682 504 ruit
695 476 818 513 quando
834 477 994 505 dimidium

214 525 378 551 comestum
399 522 455 551 tuit
477 531 496 551 a
513 523 676 551 vermibus.
697 525 735 551 De
755 525 858 552 sexto³
875 533 882 552 ε
904 525 994 560 Proji-

213 571 265 597 cite
277 569 311 606 (a)
327 578 387 597 eum
401 571 431 597 in
446 571 582 606 tenebras,
598 572 652 598 etc.
670 571 709 599 De
724 570 866 606 septimo,
882 572 993 606 Grego-

213 615 295 644 rius:
313 626 327 642 «
343 615 385 645 ihi
403 624 484 644 mors
504 625 621 653 semper
640 617 733 646 vivit:
750 628 763 644 n
785 620 812 645 et
826 619 898 653 liaec,
920 617 994 646 sieut

214 661 321 691 dicitur
331 663 363 691 in
374 663 552 700 Apocalypsi
563 664 584 698 ⁴,
602 664 656 692 erit
670 672 740 692 mors
754 665 879 693 secunda.
896 667 934 693 De
945 673 994 693 oc-

213 710 321 737 tavo‘:
343 711 471 746 Princeps
486 711 693 746 provinciarum
712 713 790 746 sacta
808 715 847 740 est
869 712 917 740 sub
937 714 993 740 tri-

214 756 284 784 lauto.

249 803 341 837 Nota,
363 803 446 840 quod
465 804 597 832 damnati
619 804 675 832 sub
698 804 810 833 tributo
834 813 992 842 poenarum

213 858 331 887 semper
353 850 499 886 servient,
525 852 553 878 et
576 853 676 879 tamen
696 859 851 888 nunquam
877 852 992 888 persol-

213 899 291 925 vent.
312 898 353 925 Ex
371 897 517 934 praedictis
531 897 638 934 collige
649 920 657 932 ‚
678 898 761 934 quod
777 899 832 926 erit
849 898 890 926 ibi
911 899 993 928 calor

213 945 308 981 ignis,
324 945 406 981 rigor
419 945 537 981 frigoris
550 945 596 981 (b),
613 946 753 980 tenehrae‚
768 946 878 981 sumus·‚
894 946 992 983 laery-

214 999 291 1027 ιιι-τε,
313 1000 475 1027 moerores,
505 994 640 1028 aspectus
664 992 855 1027 daemonum,
880 993 992 1022 clamor

213 1038 398 1075 improperii,
414 1038 544 1073 ariditas,
559 1039 636 1074 sitis,
654 1039 739 1068 soetor
753 1040 913 1076 sulphuris,
930 1049 991 1068 ver-

214 1086 270 1114 mis
285 1085 484 1121 conscientiae,
498 1086 633 1121 vincula,
649 1094 760 1122 carcer,
776 1087 875 1122 timor,
893 1087 991 1123 dolor,

214 1133 325 1169 pudor,
340 1133 470 1168 invidia,
492 1141 609 1168 rancor,
630 1133 759 1161 carentia
777 1134 899 1162 visionis
915 1135 990 1162 divi-

214 1187 282 1215 nae,
305 1179 416 1208 ablatio
439 1180 500 1216 spei
525 1180 622 1207 omnis
646 1180 757 1208 salutis.
782 1182 881 1217 Ipsum
903 1181 990 1209 etiam

214 1234 276 1254 esse
287 1246 297 1261 ,
312 1226 395 1263 quod
411 1226 508 1254 omnis
523 1229 657 1254 creatura
672 1227 793 1263 appetit,
809 1227 862 1255 crit
874 1228 916 1256 eis
930 1236 990 1264 poe-

212 1280 252 1301 na
262 1294 271 1309 ,
288 1273 378 1310 quia⁰
393 1275 511 1308 quaerent
526 1276 635 1300 mortem
648 1273 828 1309 naturalem,
845 1277 870 1302 et
884 1283 937 1302 non
950 1277 990 1302 in-

211 1321 328 1348 venient.
349 1320 390 1349 lbi
410 1320 481 1355 erit,
501 1320 575 1347 sicut
595 1320 635 1348 ait
654 1320 828 1356 Dionysius,
852 1324 990 1358 proterva

210 1366 378 1403 phantasia,
391 1367 513 1395 demens
525 1366 773 1403 concupiscentia,
788 1370 816 1396 ct
827 1367 909 1397 furor
921 1369 991 1398 iras-

211 1413 316 1442 cibilis.

454 1496 597 1530 CAPUT
620 1497 742 1531 XXIII.

422 1577 459 1603 De
485 1576 577 1604 Gloria
604 1576 772 1604 Sanctorum.

245 1652 485 1688 Unumquodque
511 1654 592 1681 tanto
613 1652 771 1688 perfectius
793 1655 851 1688 est,
875 1657 987 1690 quanto

209 1699 303 1733 magis
318 1699 506 1734 conjungitur
522 1699 638 1727 essendi
653 1699 812 1736 principio.
829 1702 921 1728 Homo
937 1709 987 1728 au-

209 1747 280 1780 tem,
287 1745 504 1781 quipcrfcctum
515 1754 576 1774 esse
587 1749 729 1782 expectat,
738 1747 888 1782 duplicem
899 1748 987 1775 habet

208 1792 300 1820 finem
322 1792 458 1820 ultimum
481 1802 487 1820 :
508 1802 601 1821 unuin
624 1794 822 1821 extrinsecum
838 1815 846 1828 ,
871 1795 922 1830 qui
945 1797 987 1823 est

209 1839 362 1867 beatitudo
379 1842 488 1874 creata,
504 1848 569 1875 qum
582 1848 636 1868 nos
652 1841 680 1867 In
696 1841 791 1876 patria
805 1841 988 1870 beatificabit

208 1885 385 1920 formalitcr;
397 1886 488 1914 alium
503 1886 594 1914 habet
608 1887 697 1914 tinem
713 1887 923 1922 intrinsecum,
935 1888 986 1923 qui

209 1934 251 1960 est
263 1932 415 1961 beatitudo
430 1933 573 1968 increata,
594 1942 659 1970 quie
676 1942 730 1962 nos
748 1934 930 1962 beatificabit
945 1935 986 1962 ef-

208 1979 329 2014 fective,
353 1980 463 2009 scilicet
486 1981 585 2017 ipsum
609 1983 710 2009 Deum.
734 1981 852 2016 Prima,
877 1982 986 2010 scilicet

208 2026 360 2055 beatitudo
385 2030 495 2062 creata,
519 2031 561 2056 est
585 2031 726 2064 tanquam
749 2028 816 2055 finis
840 2036 920 2064 quo‚·
941 2037 985 2056 se-

209 2074 306 2102 cunda
321 2083 410 2109 vero,
426 2075 536 2103 scilicet
548 2075 693 2109 increata,
710 2077 852 2111 tanquam
871 2074 938 2102 finis
954 2075 985 2102 in

209 2127 269 2155 quo
290 2121 459 2157 quiescitur.

244 2167 307 2195 Alio
323 2168 414 2196 modo
427 2168 602 2203 judicabant
617 2168 788 2204 philosophi
805 2168 842 2196 de
858 2168 983 2196 beatitu-

209 2213 296 2249 dine;
312 2215 364 2242 sed
386 2215 473 2243 male.
500 2216 640 2243 Dicebant
663 2215 742 2242 enim
756 2215 842 2242 Stoici
857 2215 983 2242 beatitu—

209 2260 310 2289 dinem
325 2261 355 2288 in
370 2261 474 2289 virtute
496 2262 586 2289 animi
607 2261 764 2289 consistere
777 2271 784 2295 ;
801 2261 982 2296 Peripatetici

208 2315 294 2342 vero,
318 2308 349 2335 in
363 2308 531 2343 cognitione
552 2308 679 2336 veritatis
692 2318 699 2342 ;
717 2307 849 2343 Epicurei
864 2310 961 2335 autem
974 2329 981 2341 ,

208 2354 238 2382 in
252 2354 414 2391 voluptate.
427 2358 483 2383 Nos
497 2357 595 2383 autem
611 2355 737 2382 dicimus
753 2354 902 2390 duplicem
919 2362 981 2382 esse

208 2400 437 2436 beatitudinem,
453 2402 523 2428 sIcut
540 2401 651 2428 dictum
666 2404 707 2428 est
721 2410 727 2428 :
747 2402 819 2428 Deus
839 2401 918 2428 enim
937 2409 983 2428 re-

207 2450 344 2476 munerat
361 2456 429 2476 suos
450 2448 614 2476 secundum
638 2448 757 2481 merita,·
773 2447 931 2484 Apostolus
945 2448 954 2464 ⁷
973 2457 978 2475 :

211 2495 397 2530 Unusquisque
418 2496 557 2531 propriam
589 2495 733 2522 mercedem
759 2496 901 2530 accipiet,
926 2496 978 2522 etc.

239 2559 245 2573 ¹
258 2558 341 2589 Alme..
357 2564 432 2589 xviii,
447 2559 511 2582 7.-
525 2556 604 2587 ²1³0„
621 2564 678 2587 xm,
695 2559 717 2582 8.
729 2571 759 2577 —
774 2558 782 2571 ³
798 2557 902 2586 Matth„
914 2563 982 2589 xxm,

208 2594 248 2618 ia.
258 2606 287 2611 —
297 2595 304 2607 ¹
317 2596 403 2625 Apoc„
418 2600 462 2625 xx,
480 2595 516 2619 14.
530 2606 560 2612 -
570 2594 582 2610 ⁶
595 2594 691 2624 Thren„
709 2601 726 2625 1,
746 2597 765 2618 1.
780 2606 809 2612 -
819 2594 829 2608 ⁰
840 2595 927 2624 Apum,
944 2599 979 2623 ix,

533 127 790 161 COMPENDIUM
810 128 1072 162 THEOLOGlcAE
1093 128 1317 163 VERITATIS.
1340 131 1416 164 LIB.
1439 132 1508 166 VII.

1049 197 1170 234 Propter
1183 198 1288 227 merita
1298 199 1309 216 ⁸
1322 207 1329 227 :
1346 199 1470 228 Gratiam
1487 207 1542 237 pro
1555 203 1656 237 qratia.
1667 203 1678 220 ⁹
1691 203 1732 231 Ite
1745 204 1771 232 et
1781 211 1828 232 vos

1049 245 1079 271 in
1101 246 1208 272 vineam
1229 253 1333 278 meam,
1354 247 1409 274 etc.
1434 247 1530 283 Supra
1551 247 1675 284 merita3
1689 248 1771 283 unde
1790 249 1827 278 il-

1048 290 1102 319 lud
1115 291 1137 309 ¹⁰
1151 301 1159 319 ε
1173 293 1327 321 Mensarum
1349 293 1454 328 bonam,
1474 297 1501 322 et
1519 296 1678 332 confertam,
1691 299 1718 324 et
1735 298 1828 334 cmi·

1049 340 1136 366 tutam
1146 359 1155 372 ,
1171 340 1225 367 etc.

1291 420 1434 454 CAPUT
1457 420 1581 455 XXIV.

1240 499 1278 525 De
1303 499 1414 526 Dotibus
1438 500 1468 527 in
1492 501 1634 527 communi.

1084 575 1141 602 Dos
1156 574 1186 602 in
1200 574 1296 611 patria
1310 577 1354 603 est
1369 575 1462 610 illud,
1477 576 1563 613 quod
1577 575 1752 605 immediate
1766 577 1827 605 ani-

1048 629 1130 649 mam
1145 623 1203 649 Deo
1224 622 1394 658 conjungit,
1413 625 1446 651 ut
1468 625 1511 651 est
1536 623 1626 656 visio,
1646 623 1783 658 dileetio,
1798 625 1827 652 et

1048 667 1285 704 comprehensio.
1310 669 1381 697 Sunt
1406 669 1486 697 enim
1510 670 1590 698 dona
1611 670 1749 706 quaedam
1771 678 1825 707 pa-

1048 714 1125 750 triae,
1138 714 1214 742 sicut
1228 717 1270 743 est
1283 715 1427 752 sapientia
1441 718 1469 744 et
1482 716 1663 752 intellectus,
1677 725 1743 753 quae
1758 717 1825 745 licet

1048 762 1107 789 Deo
1129 761 1261 789 animam
1283 761 1481 798 conjungant,
1495 770 1557 790 non
1575 764 1675 791 tamen
1690 763 1752 792 sine
1771 764 1825 792 ha-

1047 807 1112 835 bitu
1126 807 1228 835 medio
1240 816 1247 835 :
1259 810 1287 836 et
1300 810 1422 844 propter
1431 808 1489 836 hoc
1500 816 1562 837 non
1576 808 1716 838 dicuntur
1730 810 1824 846 dotes,

1047 853 1100 882 sed
1116 853 1222 882 animae
1235 854 1463 891 praemiationes.
1485 856 1570 883 Dotes
1586 855 1666 884 enim
1687 864 1749 884 non
1772 864 1825 893 ap-

1047 900 1196 936 pellantur
1220 901 1301 929 dona
1325 901 1479 937 quaelibet,
1502 910 1567 938 quae
1588 902 1696 931 dantur
1718 903 1824 931 animae

1046 947 1077 975 in
1092 947 1311 976 introductione
1326 948 1370 976 sui
1385 948 1415 976 in
1430 948 1575 985 gloriam,
1590 949 1642 977 sed
1657 949 1739 977 dona
1752 958 1824 986 prae-

1047 994 1148 1030 cipua,
1165 1002 1219 1031 per
1234 1003 1300 1031 qum
1315 995 1353 1023 ad
1370 997 1469 1023 actum
1484 995 1549 1023 vitae
1565 995 1702 1031 gloriosae
1722 996 1823 1032 dispo-

1046 1041 1125 1068 nitur
1149 1050 1155 1068 :
1177 1041 1251 1068 sicut
1271 1041 1301 1069 in
1323 1043 1457 1078 praesenti
1480 1050 1541 1070 non
1563 1042 1729 1079 appellatur
1752 1050 1823 1079 pro·

1046 1087 1109 1123 prie
1132 1087 1187 1116 dos
1207 1088 1420 1125 quodcumque
1443 1088 1558 1117 donum
1582 1089 1685 1117 datum
1705 1096 1823 1125 sponsas

1047 1135 1076 1161 in
1092 1142 1146 1162 sua
1160 1134 1343 1162 traductione
1354 1156 1363 1170 ,
1378 1135 1430 1163 sed
1447 1134 1561 1163 donum
1583 1135 1767 1171 praeeipuum
1782 1135 1820 1164 de

1047 1189 1107 1217 quo
1122 1181 1277 1209 sustentari
1297 1181 1414 1210 debeat.

1082 1230 1167 1256 notes
1190 1230 1258 1256 sunt
1283 1227 1440 1264 duplices:
1458 1228 1596 1265 quaedam
1621 1228 1700 1257 enim
1722 1231 1822 1258 sunta

1045 1276 1128 1310 parte
1142 1275 1263 1309 animae,
1279 1275 1390 1311 quibus
1414 1277 1488 1310 neo,
1509 1277 1653 1312 tanquam
1675 1275 1822 1312 principio

1045 1321 1111 1349 vitm
1135 1330 1211 1356 suze,
1233 1321 1295 1349 sine
1318 1321 1421 1349 habitu
1447 1322 1548 1350 medio
1570 1322 1778 1358 conjungitur,
1795 1324 1823 1350 et

1045 1376 1098 1404 per
1113 1376 1187 1404 quas
1211 1367 1406 1396 introducitur
1430 1368 1460 1396 in
1483 1369 1639 1405 amplexus
1654 1369 1755 1405 sponsi
1775 1369 1821 1397 sui

1044 1415 1287 1450 indissolubileS,
1307 1417 1334 1443 et
1362 1415 1531 1443 fruitionem
1560 1415 1715 1451 ejusdem,
1741 1424 1821 1452 quae-

1046 1462 1116 1490 dam
1131 1470 1202 1490 vero
1218 1462 1302 1490 dotes
1317 1464 1384 1490 sunt
1398 1470 1431 1490 ex
1449 1465 1531 1498 parte
1547 1462 1695 1499 corporis,
1711 1462 1821 1499 quibus

1044 1509 1142 1545 ipsum
1159 1517 1266 1545 corpus
1286 1508 1440 1544 subjicitur
1460 1509 1566 1537 animae
1580 1517 1657 1544 suae,
1678 1512 1821 1546 tanquam

1044 1555 1190 1591 principio
1211 1555 1276 1583 vitae
1299 1563 1375 1590 suoe,
1400 1563 1436 1583 ne
1460 1563 1513 1592 per
1538 1555 1635 1591 ipsum
1658 1556 1758 1584 anima
1781 1555 1820 1583 ab

1044 1604 1110 1631 actu
1127 1602 1227 1637 gloriae
1241 1602 1415 1630 retardetur.

1080 1649 1246 1676 Notandum
1263 1651 1361 1676 autem
1376 1648 1460 1685 quod
1478 1648 1562 1677 dotes
1583 1649 1687 1677 animae
1701 1651 1768 1677 sunt
1783 1649 1820 1676 de

1043 1696 1165 1732 prcemio
1185 1695 1385 1729 substantiali,
1402 1695 1486 1723 dotes
1506 1698 1604 1723 autem
1628 1696 1761 1731 corporis
1782 1695 1819 1723 de

1043 1743 1166 1778 praemio
1179 1742 1362 1770 accidentali.
1380 1742 1508 1769 Christus
1531 1741 1614 1769 dotes
1630 1749 1691 1769 non
1710 1741 1818 1775 habet,

1044 1790 1114 1825 quia
1132 1790 1149 1806 ¹¹
1167 1797 1293 1825 sponsus
1313 1791 1354 1816 cst
1373 1797 1378 1815 :
1395 1788 1447 1815 scd
1461 1789 1560 1816 anima
1581 1796 1691 1824 sponsa
1711 1797 1718 1816 ε
1735 1790 1762 1815 et
1777 1790 1819 1816 est

1043 1835 1098 1863 dos
1113 1835 1259 1871 possessio
1275 1843 1405 1871 sponsae,
1421 1843 1487 1871 quae
1507 1843 1595 1862 usum
1614 1835 1676 1870 ejus
1696 1834 1819 1864 habebit

1042 1884 1108 1918 post
1123 1884 1249 1910 mortem
1262 1882 1328 1909 virI.
1344 1881 1494 1916 SimiIItcr,
1511 1889 1565 1909 nec
1590 1881 1688 1916 angeli
1711 1881 1817 1909 dicun-

1042 1931 1088 1956 tur
1102 1929 1212 1956 habere
1228 1928 1327 1963 dotes,
1345 1928 1415 1964 quia
1427 1936 1495 1955 cum
1518 1928 1548 1955 in
1562 1928 1672 1964 nuptiis
1691 1928 1727 1955 sil
1746 1936 1817 1956 con-

1042 1985 1144 2004 sensus
1156 1977 1325 2004 animorum
1338 1979 1364 2004 ct
1377 1977 1448 2004 unio
1463 1984 1638 2013 corporum,
1652 1976 1817 2004 secundum

1042 2031 1102 2051 nou
1116 2025 1157 2051 cst
1172 2024 1202 2051 in
1218 2023 1345 2059 angelis,
1358 2023 1425 2051 licet
1438 2023 1568 2059 primum
1580 2023 1717 2050 habeant.
1734 2022 1815 2050 Unde

1042 2070 1140 2106 angeli
1162 2078 1222 2098 non
1251 2071 1375 2106 possunt
1400 2069 1457 2097 dici
1482 2077 1619 2105 sponsae,
1645 2071 1676 2097 ut
1698 2069 1813 2097 homo:

1041 2125 1112 2153 ergo
1128 2125 1183 2145 nec
1198 2117 1281 2145 dotes
1295 2117 1415 2153 proprie
1431 2116 1594 2144 habebunt.

1077 2165 1197 2200 Sponsis
1219 2163 1388 2192 carnalibus
1407 2163 1515 2190 dantur
1533 2162 1604 2197 tria,
1619 2162 1728 2190 scilicet
1742 2161 1814 2197 dos,

1041 2211 1162 2239 donatio
1181 2212 1301 2247 propter
1330 2209 1469 2245 nuptias,
1491 2211 1519 2237 et
1539 2209 1736 2245 parapherna.
1760 2210 1815 2236 Dos

1041 2260 1139 2286 autem
1155 2259 1197 2285 est
1211 2257 1333 2285 donatio
1350 2256 1425 2283 sacta
1439 2264 1555 2292 sponsae
1568 2263 1603 2283 ex
1614 2257 1697 2291 parte
1712 2255 1813 2291 patris,

1040 2308 1068 2333 et
1081 2305 1138 2333 hoc
1153 2304 1191 2332 ad
1207 2311 1294 2331 usum
1308 2302 1408 2338 sponsi
1423 2305 1544 2339 propter
1559 2310 1651 2330 onera
1665 2302 1815 2329 matrimo-

1040 2352 1080 2379 nii
1095 2373 1103 2386 ,
1130 2350 1179 2378 sed
1205 2350 1243 2378 ad
1267 2349 1484 2385 possessionem
1504 2357 1629 2385 sponsae.
1653 2350 1684 2377 In
1704 2347 1813 2375 divinis

1039 2401 1137 2426 aulem
1153 2399 1226 2424 Deus
1241 2398 1323 2424 Pater
1338 2396 1389 2424 dat
1405 2404 1520 2432 sponsae
1539 2396 1640 2423 dotem
1659 2394 1698 2422 ad
1718 2394 1813 2430 possi-

1040 2445 1191 2480 dendum,
1219 2444 1271 2471 sed
1299 2452 1409 2480 sponso
1434 2445 1546 2472 Christo
1573 2444 1612 2471 ad
1635 2443 1761 2478 gloriam
1786 2444 1813 2470 et

1039 2514 1061 2537 fi.
1079 2525 1108 2531 -
1121 2513 1131 2529 ⁷
1147 2513 1154 2536 I
1172 2512 1239 2542 (20²2,
1259 2517 1298 2541 111,
1320 2512 1344 2534 8.
1363 2523 1394 2528 —
1415 2512 1423 2525 ¹
1437 2511 1520 2541 loun„
1540 2511 1662 2541 1,16.—
1682 2510 1692 2524 ⁹
1709 2508 1812 2540 Malui„

1039 2554 1083 2579 xx,
1098 2547 1186 2573 7.-ω
1201 2547 1269 2575 Luc.,
1286 2552 1320 2577 vi,
1337 2547 1442 2570 3S.—¹¹
1455 2547 1536 2575 lomi..
1552 2551 1591 2576 111,
1606 2545 1720 2576 29.—(a)
1735 2544 1810 2576 Vulg.

1039 2592 1142 2621 ηιιἩίΙο,
1156 2596 1202 2614 seu
1218 2590 1286 2619 (xxv,
1301 2589 1349 2619 38),
1367 2589 1490 2619 ejiciee.—
1502 2587 1535 2618 (b)
1547 2588 1564 2611 Α
1571 2587 1589 2612 l.
1602 2587 1696 2611 stridor
1710 2586 1810 2618 rigoris.
