2004 3037
0 75 2 79 ,
0 11 8 47 <v

86 1181 136 1203 Tria
144 1181 170 1202 de

65 1213 171 1240 religione

67 1246 171 1267 notanda.

630 206 681 240 DE
702 202 890 257 CONSILIIS
911 199 1185 238 EVANGELIGIS.
1208 199 1295 234 GAP.
1319 197 1343 232 Ι.

1730 195 1790 227 283

671 377 952 424 TITULUS
999 373 1305 426 QUARTUS

747 489 791 519 DE
813 486 981 518 CONSILIIS
1001 483 1229 515 EVANGELICIS

394 701 537 736 CAPUT
561 699 746 734 PRIMUM.

469 775 508 802 De
525 773 675 808 Religione.

219 846 286 874 Post
300 846 454 873 tractatum
470 844 507 872 de
519 843 683 880 praeceptis,
696 841 857 870 dicendum
872 841 914 868 est
925 840 962 868 de

185 892 314 920 consiliis
329 891 516 927 evangelicis
537 892 600 919 Haec
621 891 664 918 est
682 889 761 917 enim
778 888 863 916 tertia
878 887 964 915 diaeta

184 939 301 974 salutis,
317 938 428 966 scilicet
448 938 485 966 de
503 937 658 974 praeceptis
678 936 717 964 ad
737 935 860 964 consilia
876 941 964 962 evan-

185 985 294 1021 gelica,
315 985 389 1013 sicut
409 993 427 1013 a
448 985 546 1013 minus
567 983 703 1020 perfectis
726 983 766 1010 ad
785 981 879 1017 magis
899 989 965 1017 per-

184 1032 260 1061 fecta
270 1031 435 1068 pervenire.
456 1033 488 1059 Et
509 1031 652 1068 quoniam
667 1030 753 1058 istam
772 1029 889 1056 diaetam
905 1036 964 1055 am-

184 1078 290 1107 bulant
304 1078 358 1106 viri
374 1077 508 1114 perfecti,
525 1077 600 1105 sicut
614 1076 763 1112 religiosi,
777 1075 847 1103 ideo
863 1075 964 1103 dicen-

186 1126 259 1153 dum
274 1126 317 1154 est
330 1125 378 1152 hie
395 1124 431 1152 de
446 1124 591 1160 religione
606 1123 636 1151 in
652 1122 814 1151 communi.

220 1172 302 1200 Unde
331 1171 362 1199 in
389 1171 510 1199 nomine
536 1170 652 1199 Domini
677 1170 713 1198 de
736 1169 892 1205 religione,
917 1167 966 1196 vel

186 1218 432 1254 congregatione,
463 1219 531 1246 nota
562 1216 728 1254 specialiter
757 1216 828 1250 tria,
857 1215 967 1243 scilicet

186 1268 291 1303 typum
306 1265 353 1293 cui
368 1266 575 1301 comparatur,
595 1265 693 1292 ortum
707 1263 788 1291 unde
804 1262 964 1297 derivatur,

185 1314 290 1341 votum
313 1320 372 1348 quo
394 1312 509 1347 ligatur.
536 1311 628 1339 Habet
647 1319 717 1346 ergo
737 1309 843 1345 religio
861 1311 966 1345 typum

186 1359 390 1397 multiplicem,
403 1359 454 1395 qui
465 1359 560 1394 ipsam
572 1358 671 1386 reddit
682 1355 964 1385 commendabilem.

186 1407 266 1435 Unde
286 1408 371 1441 nota,
392 1406 474 1442 quod
494 1406 550 1432 tria
572 1405 821 1432 commendantur
848 1404 879 1430 in
900 1403 967 1431 reli-

188 1454 276 1489 gione
290 1453 339 1480 vel
353 1452 508 1488 religiosis,
521 1451 631 1479 scilicet
645 1450 764 1487 pondus
779 1449 965 1484 maturitatis,

187 1508 272 1528 amor
287 1499 520 1531 communitatis,
541 1500 569 1525 et
587 1498 658 1533 fuga
677 1497 872 1533 proprietatis.
889 1496 967 1524 Reli-

188 1547 288 1582 giosus
302 1554 373 1581 ergo
394 1545 483 1573 debet
501 1545 612 1572 habere
636 1543 756 1579 pondus
782 1543 965 1571 maturitatis

188 1594 266 1622 Sicut
289 1601 377 1620 verus
401 1592 555 1629 trapezita,
576 1592 625 1619 vel
645 1599 797 1627 campsor,
818 1590 970 1626 cognoscit

189 1640 328 1668 meliores
339 1640 477 1668 denarios
490 1639 528 1666 ad
541 1639 671 1675 pondus,
688 1637 728 1665 sic
744 1637 858 1673 absque
874 1636 968 1664 dubio

189 1687 220 1715 in
240 1687 374 1724 pondere
396 1686 570 1715 maturitatis
596 1685 784 1721 cognoscitur
803 1684 968 1719 religiosus.

189 1737 262 1764 Nam
277 1735 308 1763 in
329 1735 444 1762 Psalmo
466 1734 573 1761 dicitur
589 1734 596 1750 ¹
615 1743 621 1760 :
642 1734 675 1760 ln
696 1733 794 1767 populo
817 1733 895 1766 qravi
911 1732 970 1758 Iau—

190 1783 259 1811 dabo
272 1786 306 1810 te.
323 1782 486 1817 Religiosus
499 1781 588 1809 debet
599 1788 699 1808 amare
713 1779 970 1813 communitatem,

191 1832 220 1858 et
232 1830 289 1857 hoc
302 1829 458 1865 multiplici
471 1828 608 1864 exemplo
623 1837 628 1855 :
641 1827 777 1855 videmus
792 1826 871 1854 enim
886 1825 970 1862 quod

191 1877 294 1913 plures
307 1876 456 1911 homines,
472 1876 593 1912 quando
614 1876 682 1902 sunt
697 1873 878 1909 congregati,
893 1873 972 1900 ince-

194 1923 267 1950 dunt
288 1923 434 1957 securius,
450 1922 588 1950 resistunt
602 1921 706 1949 fortius
717 1942 725 1955 ,
741 1920 915 1947 solatiantur
927 1919 973 1954 ju-

194 1969 328 1997 cundius.
349 1969 431 1996 Unde
453 1969 560 1996 dicitur
579 1969 610 1996 in
634 1969 794 1995 Ecclesiaste
816 1967 827 1983 2
850 1975 859 1993 :
876 1967 973 1993 Melius

194 2019 233 2045 est
247 2017 313 2044 duos
330 2024 383 2044 esse
398 2017 479 2043 simul
495 2024 574 2050 quam
589 2023 682 2042 imum.
699 2014 839 2041 Videmus
853 2014 974 2049 insuper

195 2072 209 2091 e
226 2063 389 2097 contrario,
411 2062 494 2098 quod
517 2062 579 2089 avis
598 2061 663 2089 sola
679 2060 852 2095 singularis,
870 2060 917 2087 vel
933 2062 975 2088 est

193 2117 302 2146 rapax,
317 2112 349 2136 ut
367 2109 520 2145 accipiter,
536 2108 585 2136 vel
606 2107 703 2135 amisit
720 2107 848 2141 socium,
866 2108 897 2133 ut
915 2107 974 2133 tur-

194 2159 258 2191 tur,
291 2156 333 2183 sic
359 2156 516 2191 religiosus
545 2154 711 2190 singularis,
736 2153 784 2181 vel
811 2155 853 2180 est
881 2160 974 2188 rapax

194 2202 393 2237 detrahendo,
415 2202 461 2229 vel
486 2201 650 2237 judicando
670 2202 785 2236 patrem
806 2199 854 2226 vel
875 2199 974 2235 proxi-

193 2259 287 2285 mum,
299 2250 346 2277 vel
362 2249 458 2277 amisit
473 2249 596 2283 socium,
613 2248 644 2275 id
659 2249 711 2282 est,
728 2247 888 2282 Christum;
905 2247 975 2282 quia

194 2298 299 2326 dicitur
318 2297 406 2325 etiam
426 2296 456 2324 in
471 2297 630 2323 Ecclesiaste
646 2296 655 2312 ³
676 2305 682 2323 2
709 2296 754 2323 Vae
777 2297 836 2322 soli.
854 2295 923 2323 Ideo
944 2296 974 2323 in

194 2344 344 2372 oblatione
360 2342 475 2371 Domini
490 2343 521 2369 in
535 2342 657 2378 templo,
670 2342 723 2370 suit
734 2351 788 2377 par
803 2344 937 2369 turturum
954 2343 974 2377 t,

193 2399 254 2419 non
273 2391 337 2418 sola
356 2392 466 2424 turtur,
491 2390 523 2416 ut
547 2389 653 2416 dieitur
678 2389 709 2416 in
732 2390 812 2416 Luca.
836 2389 975 2416 Videmus

194 2438 273 2465 enim
295 2437 378 2473 quod
395 2436 458 2464 sola
478 2435 603 2463 candela
621 2443 674 2471 per
692 2437 812 2463 ventum
829 2435 974 2471 extingui-

192 2484 253 2518 tur,
273 2484 324 2511 sed
349 2491 411 2511 non
432 2483 472 2510 ita
494 2482 531 2509 de
556 2481 652 2515 sacili,
675 2482 798 2518 quando
820 2491 888 2510 cum
910 2482 974 2509 aliis

193 2530 276 2558 ardet
292 2539 299 2558 z
313 2530 353 2558 sic
367 2530 467 2566 plures
482 2528 669 2564 congregati,
689 2529 809 2558 vinculo
826 2529 974 2557 charitatis

226 2604 230 2617 ¹
249 2602 315 2626 Psal.
331 2608 425 2633 xxxiv,
444 2604 482 2627 18.
502 2613 533 2618 -
547 2602 557 2618 ¹
574 2601 718 2633 Eccle.,1v,
735 2604 759 2626 9.
774 2617 800 2620 -
820 2603 918 2633 ³1hid.‚
936 2604 974 2627 10.

192 2653 222 2657 —
237 2640 244 2653 ⁴
260 2639 328 2666 Luc.‚
345 2645 374 2668 11,
391 2640 430 2663 24.
445 2651 474 2655 —
489 2639 499 2656 ⁵
514 2637 583 2662 Psal.
599 2644 671 2669 xmx,
686 2640 709 2663 5.
723 2652 753 2657 —-
766 2640 776 2656 ⁶
787 2640 854 2671 Act„
870 2646 898 2669 11,
914 2641 973 2664 1.-

193 2675 203 2692 ⁷
214 2675 296 2705 Joan„
313 2680 361 2706 x11,
378 2676 401 2700 6.
419 2687 448 2692 -
461 2674 472 2690 ⁸
486 2673 556 2698 Psal.
567 2679 662 2704 xxxin,
679 2676 715 2700 11.

1015 698 1119 734 juncti,
1135 697 1242 726 melius
1256 696 1356 725 lucent
1369 703 1424 732 per
1434 693 1606 731 exemplum
1615 714 1624 729 ,
1639 692 1799 724 vehemen-

1017 745 1075 774 tius
1107 745 1212 773 ardent
1243 752 1298 781 per
1329 743 1511 772 desiderium
1541 741 1687 770 divinum.
1717 740 1799 770 Unde

1019 793 1126 821 dicitur
1147 793 1178 820 in
1196 792 1312 820 Psalmo
1323 791 1333 807 ⁵
1353 800 1359 818 ε
1376 792 1540 826 Conqreqate
1554 790 1599 817 illi
1613 790 1717 816 sanctos
1731 788 1798 822 ejus.

1018 841 1159 869 Videmus
1174 839 1254 867 enim
1267 839 1426 875 praeterea,
1441 836 1525 873 quod
1539 844 1600 864 non
1615 835 1697 864 solus
1711 835 1801 863 dena-

1019 888 1098 922 rius,
1113 887 1166 915 sed
1181 887 1281 923 plures
1301 885 1411 913 faciunt
1434 884 1619 919 thesaurum;
1639 891 1702 910 non
1722 889 1800 909 unus

1019 935 1122 968 miles,
1137 934 1190 962 sed
1204 933 1304 970 plures
1319 932 1431 960 faciunt
1450 931 1630 965 exercitum3
1647 937 1709 958 non
1724 936 1801 956 unus

1020 981 1174 1016 scholaris,
1189 980 1242 1008 sed
1254 980 1354 1016 plures
1368 979 1479 1007 faciunt
1491 977 1624 1005 studium
1630 986 1638 1013 3
1650 984 1712 1004 non
1724 983 1802 1003 unus

1020 1029 1091 1064 bos,
1118 1028 1171 1056 sed
1198 1028 1299 1064 plures
1327 1026 1447 1054 trahunt
1472 1026 1594 1060 jugum3
1618 1031 1680 1051 non
1707 1030 1802 1051 unum

1022 1075 1207 1109 membrum,
1227 1074 1279 1102 sed
1303 1074 1390 1110 plura
1418 1072 1531 1100 faciunt
1557 1079 1665 1108 corpus
1693 1077 1800 1104 unum;

1021 1131 1083 1151 non
1101 1130 1163 1150 una
1182 1122 1264 1158 apis,
1285 1121 1338 1149 sed
1361 1121 1460 1156 plures
1481 1119 1666 1154 componunt
1683 1117 1801 1152 favum;

1022 1177 1084 1197 non
1098 1177 1192 1197 unum
1205 1176 1341 1204 granum,
1353 1167 1404 1195 sed
1418 1167 1506 1203 plura
1519 1165 1631 1193 faciunt
1646 1171 1802 1199 acervum3

1021 1224 1083 1244 non
1094 1224 1154 1244 una
1169 1215 1291 1252 species,
1303 1214 1355 1242 sed
1365 1214 1465 1250 plures
1475 1213 1586 1240 faciunt
1596 1210 1803 1239 electuarium:

1023 1263 1064 1291 sic
1079 1271 1147 1291 cum
1161 1263 1262 1298 plures
1277 1262 1344 1289 sunt
1359 1260 1433 1288 uniti
1447 1268 1500 1296 per
1518 1258 1628 1286 amoris
1640 1257 1804 1292 vinculum,

1023 1312 1066 1338 est
1079 1310 1110 1337 in
1130 1309 1171 1337 eis
1192 1309 1305 1345 absque
1324 1308 1417 1336 dubio
1433 1307 1530 1342 major
1546 1305 1731 1334 abundantia
1746 1312 1808 1331 me-

1022 1357 1157 1385 ritorum.
1175 1356 1257 1384 Unde
1276 1356 1307 1383 in
1331 1354 1429 1390 figura
1449 1354 1538 1389 hujus
1558 1361 1619 1380 non
1635 1360 1711 1380 unus
1726 1350 1808 1378 solus

1024 1404 1205 1440 discipulus,
1227 1402 1280 1430 sed
1301 1402 1402 1438 plures
1430 1400 1440 1416 ⁶
1467 1400 1607 1436 discipuli
1634 1400 1809 1434 receperunt

1024 1451 1163 1487 Spiritum
1174 1452 1319 1483 sanctum,
1332 1451 1363 1476 ut
1378 1448 1484 1475 dicitur
1494 1447 1524 1474 in
1538 1448 1625 1474 Actis.
1642 1445 1808 1480 Religiosus

1025 1497 1114 1525 debet
1136 1497 1256 1532 insuper
1275 1496 1378 1530 fugere
1400 1497 1428 1522 et
1449 1502 1553 1522 cavere
1573 1492 1806 1529 proprietatem:

1025 1545 1099 1572 sicut
1119 1543 1198 1570 enim
1217 1542 1388 1578 vespertilio
1409 1541 1484 1568 bibit
1504 1540 1604 1568 oleum
1619 1539 1649 1566 in
1664 1538 1806 1573 Ecclesia,

1027 1591 1077 1618 ubi
1093 1590 1218 1617 laudant
1240 1589 1290 1616 alii
1313 1590 1402 1616 Deum
1413 1597 1421 1623 3
1442 1587 1482 1614 sic
1502 1586 1658 1621 religiosus
1677 1584 1808 1621 proprie-

1025 1637 1135 1672 tarius,
1165 1637 1256 1664 instar
1280 1634 1517 1671 vespertilionis,
1541 1633 1618 1660 bibit
1643 1634 1671 1660 et
1695 1631 1809 1660 furatur

1026 1684 1109 1712 bona
1125 1682 1316 1717 monasterii,
1336 1681 1389 1709 uhi
1409 1681 1456 1709 alii
1478 1681 1585 1708 vacant
1607 1679 1748 1707 laudibus
1770 1678 1806 1715 (a)

1027 1734 1054 1759 et
1079 1731 1126 1758 Dei
1153 1730 1282 1764 servitio,
1313 1729 1386 1756 sicut
1414 1728 1520 1763 Judas,
1550 1726 1602 1763 qui
1630 1725 1710 1753 solus
1735 1725 1810 1753 inter

1026 1778 1182 1814 Apostolos
1204 1776 1363 1814 pecuniam
1387 1775 1499 1803 furatus
1523 1776 1583 1808 est,
1604 1775 1636 1801 ut
1656 1772 1761 1800 dicitur
1778 1772 1809 1800 in

1027 1827 1129 1853 Ioanne
1144 1826 1165 1852 ⁷.

1065 1874 1135 1901 item
1150 1873 1237 1906 nota,
1254 1871 1337 1907 quod
1358 1870 1411 1898 tria
1434 1869 1502 1897 sunt
1520 1867 1680 1904 reprobata
1694 1866 1808 1902 specia-

1028 1920 1094 1947 liter
1118 1919 1150 1946 in
1173 1918 1308 1954 quolibet
1331 1917 1491 1952 religioso,
1511 1915 1621 1942 scilicet
1641 1914 1809 1948 indevotio,

1030 1966 1198 2000 dissolutio,
1214 1967 1241 1993 et
1255 1964 1385 1999 vagatio.
1402 1960 1474 1991 'Nam
1488 1962 1644 1997 religiosus
1656 1961 1810 1988 indevotus

1030 2015 1072 2041 est
1097 2013 1170 2040 sieut
1186 2012 1310 2047 seirpus,
1334 2011 1381 2038 vel
1399 2011 1517 2045 juncus,
1541 2011 1591 2036 aut
1613 2016 1741 2043 mergus,
1759 2007 1811 2043 qui

1032 2060 1153 2087 interius
1166 2061 1207 2086 est
1223 2058 1334 2092 aridus,
1351 2057 1433 2093 quod
1448 2059 1547 2084 tamen
1560 2058 1613 2083 stat
1625 2055 1655 2082 in
1670 2063 1749 2090 aqua
1762 2054 1811 2082 vel

1031 2106 1099 2133 loco
1114 2113 1238 2141 aquoso.
1251 2107 1322 2132 Item
1338 2104 1411 2131 sicut
1422 2103 1520 2139 piscis,
1538 2102 1588 2138 qui
1605 2109 1721 2137 semper
1736 2101 1812 2128 bibit

1033 2161 1158 2188 aquam,
1174 2154 1283 2179 etcum
1303 2151 1433 2187 aperitur
1453 2152 1569 2184 venter,
1590 2149 1737 2176 invenitur
1760 2156 1811 2176 va—

1034 2208 1124 2234 cuus,
1146 2198 1211 2226 talis
1233 2199 1317 2233 Juxta
1340 2205 1449 2233 panem
1465 2196 1590 2224 moritur
1610 2195 1707 2230 fame,
1728 2196 1813 2231 juxta

1031 2246 1144 2273 fontem
1163 2245 1288 2273 moritur
1310 2244 1376 2278 siti,
1390 2244 1476 2279 juxta
1499 2243 1600 2278 ignem
1622 2242 1746 2270 moritur
1762 2242 1812 2269 sri—

1032 2301 1113 2328 gore.
1130 2295 1163 2320 Et
1177 2292 1213 2320 de
1231 2291 1338 2319 talibus
1353 2291 1459 2318 dicitur
1474 2290 1504 2318 in
1525 2290 1640 2318 Psalmo
1657 2290 1667 2306 ¹³
1683 2299 1689 2317 :
1707 2291 1812 2324 Diuites

1033 2342 1174 2374 eguerunt,
1192 2341 1216 2366 et
1231 2340 1394 2366 esurierunt.
1410 2339 1457 2365 Est
1472 2337 1560 2365 etiam
1575 2336 1766 2373 reprobanda
1782 2336 1813 2363 in

1032 2386 1176 2421 religione
1192 2385 1346 2414 dissolutio
1362 2385 1446 2418 vitae,
1462 2386 1490 2412 et
1504 2384 1675 2412 inhonestas
1696 2384 1726 2410 in
1742 2390 1812 2410 con-

1032 2433 1209 2461 versatione.
1240 2435 1312 2461 Nam
1341 2432 1488 2459 saecularis
1514 2431 1667 2458 inhoneste
1691 2430 1811 2464 vivenS,

1033 2481 1131 2509 solum
1150 2480 1273 2508 infamat
1296 2479 1440 2515 seipsum;
1456 2478 1612 2513 religiosus
1631 2484 1702 2504 vero
1727 2476 1812 2503 inho-

1032 2530 1132 2556 nestus
1147 2529 1174 2555 et
1187 2527 1346 2555 dissolutus
1361 2526 1483 2553 infamat
1497 2526 1590 2552 totum
1601 2522 1813 2551 monasterium

1034 2576 1062 2603 et
1083 2575 1220 2603 ordinem
1242 2581 1339 2602 suum.
1369 2574 1443 2600 Nam
1467 2572 1541 2599 sicut
1565 2570 1686 2607 quando
1709 2569 1813 2598 vinum

1066 2674 1099 2705 (α)
1119 2673 1187 2698 Edit.
1207 2673 1285 2698 Vatic.
1301 2672 1433 2702 laudibus,
1452 2672 1477 2696 et
1491 2670 1537 2696 Dei
1552 2669 1665 2695 servitio.
