2004 3037
655 229 706 261 DE
727 229 884 263 CHRISTI
905 231 1182 265 HUMANITATE.
1204 234 1290 267 CAP.
1314 235 1350 268 X.

193 300 337 335 aegrotos,
358 299 538 335 Redemptor
555 297 596 326 ad
615 296 773 332 venditos,
793 297 846 327 Via
863 298 904 328 ad
925 307 972 328 er-

192 347 310 380 rantes,
330 345 394 374 Vita
407 345 447 374 ad
465 346 638 373 mortuos.»
656 344 854 373 Ostenduntur
872 345 971 374 adhuc

193 392 292 421 multoe
308 392 444 420 utilitates
457 390 668 419 incarnationis
682 391 786 419 Christi
799 400 807 419 ι
831 392 903 428 quia
916 393 972 421 sci·

192 438 260 468 licet
272 440 347 468 Deus
358 438 450 467 factus
463 437 620 472 esthemo,
632 438 665 465 ut
677 437 761 465 fieret
770 438 863 467 homo
876 441 951 468 Deus
962 450 971 475 ;

193 485 335 514 Dominus
348 485 441 513 factus
457 485 500 512 est
511 491 614 512 servus
624 504 632 518 ,
655 485 688 512 ut
701 484 785 513 fieret
799 493 901 514 servus
916 486 971 514 do-

192 531 309 567 minus;
330 533 404 560 Deus
423 530 461 559 de
483 530 559 559 coelo
580 530 620 558 ad
641 532 733 559 terras
749 531 917 568 descendit,
938 534 972 561 ut

192 578 283 607 homo
299 578 336 606 de
350 577 432 606 terris
447 577 487 606 ad
502 577 592 605 coelos
612 577 801 612 ascenderet3
823 580 898 607 Deus
912 579 970 608 fac—

192 627 238 653 tus
252 626 294 653 est
306 624 385 652 fiIIus
398 623 528 652 hominis
538 645 548 659 ,
563 625 596 651 ut
608 623 700 652 homo
716 625 799 653 fieret
813 625 892 654 filius
903 627 968 662 Dei;

192 670 365 700 immortalis
378 670 472 699 factus
488 672 531 698 est
544 670 676 699 mortalis
686 691 696 705 ,
717 673 749 699 ut
762 672 903 700 mortales
917 673 969 701 fie-

190 720 255 747 rent
265 718 447 746 immortales
457 727 466 753 ;
483 718 567 746 dives
581 717 725 746 innocens
739 718 832 747 factus
845 721 888 747 est
898 727 969 756 pau-

189 773 252 801 per,
264 766 301 793 ut
314 772 461 801 pauperes
480 764 584 792 fierent
603 764 728 800 divites;
749 765 907 794 obscurata
927 768 970 795 est

189 810 262 846 lux,
276 813 309 839 ut
324 819 379 839 nos
393 811 575 839 illuminaret
588 820 594 838 ε
612 811 732 840 esurivit
746 812 832 848 panis
844 833 851 847 ,
867 815 899 841 ut
914 821 969 841 nos

188 858 322 886 reficeret
333 867 341 893 3
364 857 454 885 sitivit
473 857 560 891 fons,
581 859 613 885 ut
632 865 688 885 nos
705 857 882 894 inebriaret;
904 860 968 887 tris-

188 905 249 932 tata
263 905 306 932 est
319 904 427 940 laetitia,
442 906 475 932 ut
489 912 544 932 nos
558 904 736 940 laetificaret3
752 906 882 941 pavebat
893 906 969 934 fidu-

189 951 253 986 cia,
268 952 300 979 ut
313 959 368 979 nos
383 951 579 986 confortaret3
600 951 709 980 lassata
724 954 766 980 est
779 952 829 981 via
841 974 850 988 ,
865 955 898 981 ut
914 953 969 982 iter

188 999 323 1026 nostrum
337 997 376 1026 ad
391 997 519 1026 coelestia
534 997 684 1032 dirigeret.
700 1008 714 1024 »

445 1090 625 1130 CAPUT
661 1091 704 1124 X.

229 1165 267 1191 De
285 1163 459 1191 mirabilibus
477 1164 551 1190 circa
569 1164 787 1191 incarnationem
806 1165 926 1193 Domini.

224 1232 391 1260 Excellebat
402 1232 566 1261 incarnatio
581 1232 685 1260 Christi
698 1235 831 1262 nostram
844 1242 968 1271 concep<

188 1280 300 1307 tionem
315 1279 346 1307 in
359 1279 496 1315 pluribus
511 1288 517 1306 :
532 1287 586 1315 per
601 1287 667 1315 quae
681 1282 815 1316 apparet,
831 1281 967 1317 quodibi

188 1328 294 1354 natura
300 1325 430 1362 perdidit
438 1333 491 1353 sua
499 1326 576 1361 jura.
586 1326 777 1354 Inveniuntur
785 1327 865 1356 enim
874 1328 968 1356 multa

188 1375 248 1400 tam
270 1381 306 1400 ex
327 1373 410 1408 parte
433 1372 554 1406 matris,
579 1380 671 1408 quam
694 1381 730 1400 ex
748 1375 830 1409 parte
853 1374 966 1409 prolis,

189 1426 281 1454 quam
300 1418 390 1446 etiam
409 1426 445 1446 ex
465 1420 547 1454 parte
567 1418 670 1453 modi,
696 1427 763 1454 quae
781 1427 843 1447 non
863 1428 967 1447 secun-

189 1465 262 1492 dum
276 1465 357 1492 viam
369 1465 402 1500 (α)
419 1466 542 1499 naturae,
559 1464 610 1492 sed
625 1465 791 1492 secundum
804 1466 967 1501 potentiam

188 1511 303 1539 virtutis
318 1510 438 1538 infinitae
448 1532 456 1545 ,
474 1519 540 1546 quae
554 1510 645 1538 solius
660 1512 704 1538 est
717 1512 776 1538 Dei.
795 1511 865 1540 Mira
879 1512 968 1548 igitur

187 1557 306 1585 fuerunt
319 1557 351 1584 in
365 1559 469 1591 matre,
485 1565 562 1592 quae,
578 1557 742 1584 secundum
755 1558 937 1586 Bernardum
946 1561 967 1594 ¹,

188 1604 250 1631 sine
266 1603 456 1639 corruptione
470 1602 623 1636 foecunda,
639 1603 701 1631 sine
718 1604 889 1639 gravamine
904 1613 968 1640 gra-

187 1650 278 1686 vida,
298 1650 360 1678 sine
376 1650 480 1678 dolore
496 1657 654 1686 puerpera.
678 1650 720 1678 Ibi
740 1652 868 1686 portavit
883 1652 967 1680 stella

189 1697 287 1724 Solem
297 1717 305 1731 ,
320 1696 435 1732 palmes
449 1696 540 1723 vitem
550 1717 559 1731 ,
583 1696 664 1724 rivus
681 1697 794 1725 fontem
808 1719 817 1732 ,
838 1698 900 1726 filia
914 1707 967 1735 pa-

187 1745 282 1777 trem,
299 1744 432 1770 creatura
446 1743 625 1770 Creatorem.
645 1744 727 1779 Fuit,
744 1744 884 1780 inquam,
900 1754 966 1773 ma-

187 1791 230 1817 ter
245 1789 351 1823 Patris,
372 1789 434 1817 filia
449 1789 520 1817 nati.
544 1789 608 1817 Fuit
630 1797 751 1826 quoque
772 1791 856 1826 prole
870 1793 967 1827 poste-

188 1835 258 1871 rior,
275 1836 413 1863 contento
428 1836 536 1870 minor,
559 1837 653 1863 mater
667 1838 695 1864 et
709 1837 794 1872 virgo
808 1837 863 1865 fuit
873 1858 882 1872 ,
899 1846 967 1866 oum

189 1884 246 1910 Deo
269 1882 364 1910 filium
386 1890 576 1910 communem
594 1883 708 1911 habuit.
731 1884 967 1913 Maledictionem

188 1929 262 1964 legis
276 1929 384 1964 evasit,
404 1929 455 1956 ubi
475 1929 640 1957 maledictae
659 1929 777 1958 fuerunt
790 1931 919 1966 virgines
940 1934 968 1960 et

189 1975 352 2010 conjugatae
366 1984 372 2002 :
390 1975 518 2010 virgines
533 1976 655 2011 quidem
667 1997 675 2010 ,
691 1977 763 2012 quia
776 1985 838 2005 non
857 1986 966 2013 genue-

188 2024 256 2049 runt
267 2032 274 2056 3
298 2022 464 2057 conjugatae
478 2031 549 2050 vero
562 2044 570 2057 ,
593 2024 664 2058 quia
676 2024 708 2050 in
723 2024 827 2052 dolore
841 2033 966 2061 pepere-

187 2069 265 2096 runt.
289 2068 345 2096 Sed
369 2069 529 2104 utrumque
549 2069 636 2096 beata
654 2070 742 2104 Virgo
762 2071 873 2105 evasit,
896 2072 967 2107 quia

187 2113 274 2148 Virgo
295 2114 416 2149 genuit,
438 2116 466 2142 et
485 2114 621 2142 dolorem
634 2123 696 2142 non
718 2116 816 2143 sensit.
833 2118 967 2152 Augusti-

186 2167 261 2187 nus:
281 2170 294 2186 «
314 2161 473 2196 Speculum
494 2169 556 2188 non
579 2161 690 2197 rumpit
704 2162 805 2189 radius
823 2163 918 2192 Solis:
940 2166 967 2192 et

186 2206 226 2234 ita
239 2206 436 2242 integritatem
452 2207 578 2243 Virginis
599 2208 748 2243 ingressus
763 2211 813 2236 aut
832 2217 967 2245 egressus

187 2253 237 2280 Dei
252 2253 355 2281 vitiare
370 2261 432 2281 non
446 2254 552 2289 potuit.
569 2265 581 2278 υ

223 2299 367 2327 Mirabilia
390 2308 510 2335 quoque
532 2300 653 2328 fuerunt
672 2301 702 2328 in
721 2301 826 2337 prole,
848 2303 918 2338 quia
937 2303 967 2331 in

187 2345 305 2374 instanti
319 2345 374 2373 fuit
387 2346 429 2373 ibi
444 2346 595 2381 sanguinis
615 2348 759 2383 separatio
771 2369 779 2382 ,
799 2349 966 2377 consolida-

188 2391 228 2419 tio
240 2413 248 2425 ,
264 2392 411 2427 figuratio,
427 2393 580 2427 animatio,
598 2393 755 2422 deificatio.
772 2396 804 2422 Et
817 2396 900 2431 quod
912 2396 966 2424 ista

187 2446 249 2465 non
272 2437 380 2465 suerint
404 2439 587 2474 successiva,
613 2440 692 2475 patet
715 2448 751 2468 ex
774 2441 963 2476 Seriptura’:

188 2485 298 2511 Femina
319 2486 495 2513 circumdabit
518 2488 617 2513 virum.
640 2488 720 2514 Patet
740 2487 827 2515 etiam
849 2496 885 2516 ex
907 2489 966 2516 vir-

188 2531 248 2557 tute
267 2532 399 2566 agentis,
421 2532 531 2560 scilicet
549 2532 670 2568 Spiritus
690 2534 801 2568 sancti,
823 2535 905 2569 cujus
925 2538 966 2563 est

190 2576 286 2604 subito
301 2578 427 2613 operari.
444 2578 584 2612 Quamvis
598 2580 696 2607 autem
709 2580 843 2608 membra
858 2589 963 2617 corpo-

223 2639 228 2651 ¹
242 2638 326 2667 Rern„
337 2646 414 2663 serm.
427 2647 458 2664 ex
468 2641 540 2664 verb.
551 2641 639 2671 Apoc„
652 2644 710 2666 ante
723 2643 791 2667 med.
804 2657 829 2661 —
842 2644 853 2659 2
862 2644 964 2669 dei-emu

190 2678 263 2702 xm,
285 2674 322 2698 32.
341 2687 371 2692 -—
385 2675 395 2692 ³
414 2676 456 2700 Est
474 2676 599 2706 expositio
619 2677 734 2708 Magistri
753 2678 832 2706 Sem..
855 2679 899 2704 lib.
920 2680 964 2709 ΙΙΙ,

1753 241 1811 271 155

1028 300 1068 329 ris
1092 301 1195 330 Christi
1218 300 1328 330 fuerint
1348 303 1380 331 in
1401 304 1596 340 conceptione
1615 305 1764 342 completa
1784 308 1812 336 et

1028 348 1158 384 perfecta
1179 357 1275 385 usque
1289 349 1326 378 ad
1343 351 1450 379 anImae
1469 352 1706 389 susceptionem,
1728 354 1810 390 Ipso-

1028 402 1096 423 rum
1111 397 1210 423 tamen
1228 397 1434 425 membrorum
1455 398 1602 428 distinctio
1613 421 1622 435 ,
1643 401 1810 430 secundum

1027 441 1255 476 Augustinum³,
1276 444 1338 470 tam
1357 451 1451 479 parva
1470 446 1498 472 et
1517 446 1611 474 tenuis
1630 446 1704 482 fuit,
1726 449 1810 484 quod

1028 487 1160 516 humano
1176 488 1253 516 visui
1265 489 1315 516 vix
1330 491 1430 525 posset
1443 490 1550 526 subjici
1565 501 1571 519 :
1596 493 1666 528 quia
1681 493 1712 521 in
1726 496 1808 524 tanto

1028 534 1082 562 fuit
1093 534 1192 562 minus
1207 542 1316 571 corpus
1333 535 1410 563 illud
1420 557 1430 570 ,
1450 544 1542 572 quam
1557 537 1632 565 alius
1648 543 1808 577 conceptus

1028 588 1098 608 cum
1111 580 1265 616 formatur,
1282 583 1428 617 quantum
1443 583 1547 618 augeri
1561 587 1658 620 posset
1673 585 1703 613 in
1723 589 1807 616 utero

1027 627 1104 655 infra
1119 628 1316 664 quadraginta
1331 637 1382 657 sex
1401 629 1474 657 dies.
1496 631 1577 658 Unde
1593 631 1808 663 miraculosum

1026 674 1080 702 fuit
1104 675 1187 711 quod
1209 675 1240 702 in
1264 677 1324 703 tam
1348 683 1442 712 parvo
1469 685 1593 713 corpore
1615 683 1733 716 recepta
1755 680 1809 710 fuit

1026 721 1127 750 anima
1141 731 1147 749 :
1169 722 1221 749 sed
1237 721 1294 750 hoc
1308 722 1377 751 ideo
1392 723 1502 751 factum
1517 724 1590 759 fuit,
1605 728 1637 754 ut
1652 727 1806 764 conceptio

1027 767 1131 796 Christi
1153 769 1298 804 quantum
1320 769 1359 797 ad
1381 771 1497 806 tempus
1520 772 1662 800 manendi
1677 773 1708 800 in
1722 775 1806 802 utero

1025 822 1088 843 non
1102 816 1178 843 esset
1192 817 1298 843 nostrae
1319 817 1507 853 conceptioni
1521 818 1681 847 dissimiIIS.
1704 821 1807 849 Praete-

1026 869 1077 889 rea
1098 862 1136 890 ab
1158 862 1276 891 instanti
1298 871 1358 891 sure
1381 864 1583 900 conceptionis
1602 865 1685 894 scivit
1705 867 1807 896 omnia

1027 908 1116 937 etiam
1130 909 1297 937 secundum
1316 910 1400 946 quod
1413 910 1516 939 homo.
1537 913 1608 940 Item
1623 912 1654 940 in
1668 912 1806 942 fruitione

1025 955 1155 991 perfecta
1169 956 1223 984 fuit
1236 956 1336 985 anima
1348 957 1411 993 ejus
1425 967 1431 985 :
1449 958 1529 986 unde
1541 961 1686 994 quantum
1697 960 1737 988 ad
1749 961 1806 989 hoc

1025 1009 1087 1030 non
1099 1003 1197 1030 solum
1209 1003 1262 1032 fuit
1273 1004 1380 1039 viator,
1394 1004 1447 1032 sed
1459 1004 1547 1033 etiam
1563 1006 1803 1042 comprehensor.

1025 1050 1096 1077 Item
1110 1050 1242 1077 mundus
1260 1050 1314 1078 fuit
1333 1051 1371 1079 ab
1394 1052 1476 1078 omni
1495 1054 1636 1088 peccato,
1658 1055 1685 1081 et
1699 1054 1806 1090 plenus

1026 1097 1108 1123 omni
1119 1097 1213 1132 gratia
1226 1098 1253 1124 et
1265 1097 1380 1125 virtute.
1395 1098 1502 1126 Habuit
1513 1106 1634 1135 quoque
1647 1101 1761 1128 Patrem
1774 1101 1805 1130 in

1026 1142 1117 1176 coelis,
1133 1144 1161 1170 et
1175 1145 1300 1171 matrem
1310 1144 1340 1171 in
1353 1144 1437 1171 terris
1452 1153 1458 1171 :
1474 1144 1527 1172 sed
1539 1146 1655 1173 Patrem
1672 1146 1734 1187 sine
1747 1148 1805 1175 Ma-

1024 1191 1067 1217 tre
1078 1210 1087 1223 ,
1104 1191 1131 1217 et
1144 1191 1271 1218 matrem
1285 1190 1348 1218 sine
1362 1192 1456 1226 patre.
1472 1192 1543 1218 Item
1557 1199 1610 1227 per
1625 1191 1804 1221 incarnatio-

1024 1244 1094 1263 nem
1112 1235 1175 1272 ipse
1195 1236 1336 1264 Dominus
1357 1237 1449 1265 factus
1473 1239 1516 1264 est
1535 1245 1653 1271 servus,
1679 1241 1804 1268 aeternus

1023 1282 1116 1310 factus
1132 1285 1174 1310 est
1187 1283 1359 1319 temporalis
1370 1304 1379 1317 ,
1395 1284 1558 1311 immensus
1573 1284 1666 1312 factus
1681 1288 1723 1313 est
1735 1294 1804 1322 par-

1023 1329 1121 1357 vulus.
1137 1330 1275 1358 Summus
1288 1330 1321 1358 fit
1335 1330 1411 1357 imus
1422 1350 1432 1365 ,
1446 1330 1754 1367 incomprehensibilis
1772 1333 1804 1362 fit

1023 1375 1144 1410 localis,
1163 1376 1290 1412 simplex
1308 1376 1340 1404 fit
1359 1378 1549 1413 compositus.
1577 1379 1649 1406 Dicit
1668 1380 1803 1415 Augusti-

1023 1430 1078 1450 nus
1088 1422 1098 1438 *
1112 1432 1118 1450 :
1139 1432 1152 1448 «
1167 1423 1287 1450 Videtur
1311 1423 1486 1458 invisibilis,
1501 1425 1640 1460 palpatur
1660 1426 1803 1462 impalpa-

1024 1468 1105 1503 bilis,
1122 1470 1298 1497 immortalis
1313 1469 1466 1497 occiditur.
1483 1480 1497 1496 »
1516 1472 1586 1498 Item
1602 1472 1800 1506 Augustinus:

1026 1525 1039 1541 ι(
1055 1516 1124 1549 Quis
1146 1524 1279 1552 unquam
1299 1517 1464 1544 existimare
1479 1519 1596 1552 posset,
1618 1519 1650 1545 ut
1664 1520 1802 1553 portare-

1022 1563 1069 1589 tur
1084 1562 1222 1590 manibus
1236 1562 1370 1590 femineis
1384 1565 1517 1598 portator
1534 1564 1615 1591 orbis
1625 1585 1633 1598 ‚
1649 1564 1735 1599 panis
1749 1572 1800 1592 an-

1023 1608 1158 1643 gelorum
1173 1609 1308 1644 aleretur,
1325 1609 1417 1637 virtus
1433 1610 1576 1638 coelorum
1591 1610 1800 1645 infirmaretur,

1022 1655 1081 1682 vita
1096 1655 1231 1682 omnium
1245 1658 1410 1683 moreretur
1420 1658 1433 1683 ἱ)
1446 1666 1459 1681 n

1059 1702 1108 1730 Hic
1125 1710 1246 1738 quoque
1261 1702 1428 1730 notandum
1443 1704 1504 1737 est,
1524 1703 1608 1738 quod
1625 1703 1699 1731 sicut
1712 1704 1743 1731 in
1759 1704 1801 1732 di-

1022 1749 1098 1776 vinis
1109 1750 1150 1776 est
1160 1749 1272 1777 trinitas
1284 1757 1480 1785 personarum
1492 1750 1523 1776 in
1536 1750 1644 1777 unitate
1659 1751 1801 1786 essentiae,

1022 1795 1063 1822 sic
1078 1795 1108 1822 in
1123 1795 1234 1823 Christo
1258 1797 1300 1823 est
1322 1795 1436 1823 trinitas
1451 1796 1643 1823 essentiarum
1654 1817 1663 1830 ,
1679 1804 1732 1824 seu
1746 1805 1800 1825 na-

1022 1843 1156 1869 turarum
1167 1863 1175 1875 ‚
1190 1842 1221 1869 in
1238 1842 1348 1870 unitate
1362 1850 1498 1878 personae
1514 1851 1520 1869 :
1543 1843 1615 1878 quia
1629 1843 1703 1870 sicut
1718 1843 1748 1871 in
1762 1844 1803 1871 di-

1021 1888 1098 1915 vinis
1112 1896 1165 1924 per
1180 1888 1310 1916 diversas
1325 1896 1466 1924 personas
1481 1896 1542 1916 non
1557 1889 1747 1925 distinguitur
1761 1899 1802 1918 es-

1022 1935 1115 1963 sentia
1125 1956 1135 1969 ,
1155 1935 1196 1962 sic
1210 1935 1241 1962 in
1261 1935 1373 1962 Christo
1389 1943 1442 1970 per
1461 1935 1591 1963 diversas
1605 1938 1725 1964 naturas
1739 1945 1800 1964 non

1023 1982 1211 2017 distinguitur
1222 1990 1360 2017 persona.
1378 1982 1508 2018 Denique
1522 1982 1625 2010 Christi
1637 1983 1800 2010 incarnatio

1021 2028 1075 2056 fuit
1093 2028 1238 2056 mirabilis
1259 2037 1295 2055 ex
1316 2029 1428 2062 modo,
1454 2029 1524 2064 quia
1544 2037 1613 2055 cum
1638 2031 1694 2055 tres
1717 2029 1801 2056 modi

1021 2075 1207 2110 producendi
1222 2075 1375 2102 hominem
1391 2076 1619 2111 praecessissent,
1635 2076 1748 2111 primus
1761 2077 1801 2103 vi-

1023 2121 1129 2148 delicet
1148 2129 1202 2148 nec
1220 2121 1257 2148 de
1276 2121 1361 2154 viro,
1383 2129 1435 2148 nec
1456 2122 1492 2148 de
1514 2122 1656 2155 muliere,
1677 2122 1751 2150 sicut
1769 2123 1800 2150 in

1022 2167 1134 2201 Adam,
1151 2167 1297 2194 secundus
1313 2167 1348 2195 de
1363 2167 1428 2195 viro
1443 2168 1504 2195 sine
1521 2168 1644 2196 muliere
1655 2190 1664 2203 ‚
1681 2169 1755 2206 sicut
1769 2169 1800 2197 in

1023 2215 1081 2241 Eva
1093 2223 1101 2248 3
1116 2213 1217 2241 tertius
1232 2214 1268 2241 de
1284 2214 1348 2241 viro
1364 2216 1391 2241 et
1406 2214 1529 2242 muliere
1541 2236 1549 2249 ,
1570 2215 1644 2243 sicut
1659 2215 1689 2242 in
1704 2216 1800 2243 omni-

1022 2260 1078 2287 bus
1094 2260 1362 2296 concupiscibiliter
1376 2261 1452 2288 natis
1466 2270 1471 2288 :
1496 2261 1535 2288 ad
1548 2261 1800 2297 complementum

1023 2306 1121 2334 decuit
1134 2306 1264 2334 universi
1284 2309 1423 2343 quartum
1439 2308 1564 2335 modum
1586 2308 1753 2343 introduci,
1769 2311 1800 2335 ut

1022 2353 1130 2381 scilicet
1153 2353 1244 2381 homo
1268 2354 1304 2381 de
1327 2354 1450 2381 muliere
1473 2354 1556 2381 fieret
1577 2355 1639 2381 sine
1665 2355 1727 2382 viro
1747 2363 1799 2390 per

1021 2399 1158 2427 virtutem
1169 2400 1277 2427 summi
1289 2400 1464 2435 Operatoris.
1482 2402 1512 2427 ln
1523 2401 1716 2436 conceptione
1727 2409 1797 2436 ergo

1021 2445 1084 2473 Filii
1103 2446 1151 2473 Dei
1171 2446 1259 2473 simul
1274 2449 1483 2474 concurrerunt
1504 2447 1595 2474 virtus
1610 2447 1730 2480 innata,
1753 2447 1797 2474 in·
1812 2442 1814 2444 ’

1020 2491 1085 2519 fusa
1099 2494 1126 2520 et
1140 2492 1269 2520 increata
1284 2502 1290 2519 :
1306 2493 1397 2520 virtus
1413 2493 1512 2521 innata
1527 2493 1682 2521 materiam
1700 2493 1798 2520 minis-

1020 2538 1125 2573 travit;
1148 2538 1237 2566 virtus
1262 2539 1359 2567 infusa
1380 2540 1566 2575 purificando
1593 2540 1631 2567 ad
1656 2539 1798 2567 unionem

1021 2611 1078 2637 dist.
1095 2618 1132 2636 111.
1153 2612 1211 2637 Vid.
1231 2614 1293 2637 tom.
1313 2614 1354 2642 IV,
1373 2621 1399 2644 p.
1416 2615 1456 2643 55,
1474 2614 1526 2644 huj.
1543 2614 1604 2637 edit.
1624 2625 1654 2630 —
1675 2614 1685 2630 ὁ
1702 2614 1798 2638 Similia

1020 2647 1139 2678 leguntur
1159 2655 1235 2672 serm.
1254 2654 1303 2673 V111
1326 2649 1357 2673 de
1379 2651 1509 2680 tempore,
1528 2649 1558 2673 al.
1579 2655 1660 2673 CXVIII
1680 2649 1796 2680 Append.

1019 2684 1082 2707 tom.
1101 2684 1133 2713 V,
1149 2684 1226 2714 Oper.
1243 2685 1385 2715 Augustini.
1400 2698 1428 2702 —
1442 2685 1473 2713 (a)
1489 2685 1528 2708 Al.
1548 2684 1634 2708 vitam.
