2004 3037
69 399 152 423 omio-

56 431 92 453 nis
102 433 144 453 Do-

53 463 141 484 minium

45 494 151 521 anagogi-

45 531 70 547 ca
80 524 152 546 decla-

45 556 108 578 ratio.

746 225 832 258 CAP.
857 226 896 258 11.
921 225 1146 259 PARTICULA
1169 226 1207 259 11.

165 297 352 334 protraham,
368 296 467 333 primo
481 295 621 324 subditur
641 295 672 323 in
691 294 829 324 Oratione
847 293 945 322 Domi-

166 343 255 373 nica:

202 392 285 418 Pater
298 392 387 418 noster
396 407 406 424 ,
419 390 474 416 etc.
491 387 569 417 Sicut
583 387 664 416 enim
677 387 709 415 in
723 395 811 416 sensu
826 386 944 416 litterali

166 436 356 466 artificialiter
377 434 588 472 procedendo,
609 434 651 463 sic
669 433 759 462 etiam
779 434 810 462 in
832 442 944 470 anago-

167 484 233 520 gico
254 483 352 521 primo
371 483 504 519 captatur
519 481 729 510 benevolentia
747 481 943 516 infundentis3

165 530 297 560 secundo
311 529 467 567 petitiones
481 537 550 557 suas
573 528 759 565 multiplicat.
774 528 832 556 Sed
847 528 944 564 primo

165 578 204 607 ab
225 578 290 614 ipsa
312 576 478 612 dilectus'jn
500 575 595 604 tribus
617 575 765 612 praecipue
790 582 944 603 commen-

165 624 270 658 datur,
286 622 435 660 captando
456 622 549 659 ipsius
570 621 810 650 benevolentiam
830 621 862 648 in
885 621 945 649 suis

164 670 367 708 petitionibus,
381 672 414 698 ut
434 677 488 698 sua
501 668 650 697 beneficia
665 668 826 697 conferenti
847 667 944 696 Domi-

164 726 204 747 no
233 717 403 746 adscribens
418 731 426 751 ,
460 715 544 744 idem
574 715 716 743 Dominus
749 714 945 743 favorabilior

164 765 318 800 habeatur,
334 763 432 801 primo
442 766 475 792 ut
488 762 625 800 perfectae
638 764 666 790 et
679 762 839 799 spiritualis
853 770 944 798 gene-

163 812 286 841 rationis
299 811 496 849 principium3
517 810 668 845 secundo,
683 811 716 838 ut
730 818 790 838 suae
804 810 944 838 bonitatis

163 859 244 888 velut
264 858 422 895 quoddam
440 857 633 893 diffusivum;
654 857 753 891 tertio,
775 857 807 884 in
827 857 943 885 habita-

164 906 222 935 culi
244 908 272 934 et
290 904 454 933 mansionis
474 904 615 939 dignitate
626 926 634 939 ,
651 904 703 940 qui
725 905 870 940 tanquam
884 906 944 932 Rex

163 952 336 989 praecellens
358 951 493 979 habitare
516 959 578 978 non
606 950 787 986 dignaretur,
812 950 869 978 nisi
891 951 944 979 ubi

164 1000 207 1027 est
226 998 348 1026 firmum
368 997 589 1032 habitaculum,
612 997 673 1025 sive
702 997 944 1032 tabernaculum,

165 1047 192 1074 et
219 1045 326 1073 decore
346 1043 504 1080 multiplici
527 1043 648 1071 interius
671 1043 855 1072 decoratum.
883 1045 944 1072 Pri—

163 1100 246 1120 mum
272 1099 326 1128 per
352 1093 454 1125 Pater,
480 1090 646 1118 secundum
673 1098 726 1126 per
749 1093 857 1125 noster,
888 1093 944 1119 ter-

163 1138 238 1166 tium
251 1146 305 1174 per
329 1139 401 1166 coelis
425 1138 611 1174 importatur.
637 1136 735 1165 Primo
750 1137 844 1172 illud,
860 1138 944 1174 quod

164 1187 206 1214 est
227 1185 392 1213 secundum
411 1184 624 1221 proprietatem
646 1183 802 1219 vocabuli,
833 1192 945 1220 anago-

164 1233 228 1268 gice
243 1233 283 1261 ad
306 1241 426 1260 sensum
445 1231 605 1268 mysticum
626 1230 840 1259 transferendo.
857 1231 943 1259 Verbi

163 1280 257 1316 gratia
273 1289 279 1307 :
302 1281 384 1308 Pater
408 1279 447 1307 ad
468 1279 596 1307 litteram
614 1278 688 1306 nihil
706 1278 790 1306 aliud
811 1280 872 1313 est,
886 1279 943 1307 nisi

164 1327 215 1364 qui
230 1327 267 1355 de
282 1335 312 1354 se
328 1326 443 1362 aliquid
457 1325 618 1353 emittendo
633 1325 730 1352 filium
746 1329 941 1362 progenerat;

164 1373 218 1408 sic,
245 1372 409 1409 anagogice
433 1371 657 1406 transferendo,
680 1372 833 1400 verissime
858 1374 943 1409 pater

162 1420 212 1448 ille
235 1420 360 1453 dicitur,
385 1419 436 1455 qui
462 1421 562 1447 tamen
588 1427 650 1446 non
675 1419 865 1454 naturaliter,
890 1420 943 1448 sed

164 1467 304 1503 adoptive
329 1466 439 1494 multos
461 1465 540 1493 filios
565 1467 695 1501 generat,
720 1474 737 1493 a
761 1474 792 1494 se
821 1474 942 1502 germen

164 1513 273 1542 amoris
293 1512 456 1541 deificantis
478 1511 662 1540 emittendo:
684 1521 745 1548 quo
768 1521 853 1541 mens
875 1522 942 1549 per-

163 1560 238 1589 fecta
252 1559 402 1588 nativitate
418 1559 566 1594 gignitur,
586 1559 708 1595 quando
722 1559 823 1588 vivere
835 1561 898 1595 jam
912 1560 943 1587 in

164 1614 234 1635 vera
247 1607 308 1634 vita
325 1606 428 1642 incipit
444 1615 451 1633 :
472 1606 534 1633 sine
551 1613 612 1642 quo
637 1614 654 1634 a
673 1607 778 1634 natura
800 1609 943 1643 quantam

165 1653 204 1681 ad
224 1660 329 1681 verum
345 1661 434 1681 omne
448 1652 523 1680 nihil
542 1652 660 1688 penitus
685 1652 826 1688 efficitur,
844 1654 943 1681 verius

165 1702 193 1728 et
206 1700 355 1728 efficacius
370 1699 576 1736 progrediens,
593 1699 715 1735 quando
732 1699 769 1727 de
785 1701 843 1728 Deo
859 1709 941 1735 vero,

165 1747 216 1783 qui
231 1749 273 1775 est
287 1747 356 1782 vita,
373 1747 501 1774 nascitur
515 1754 568 1782 per
583 1754 727 1781 amorem,
743 1755 836 1782 quam
850 1755 944 1783 quan-

165 1794 204 1821 do
217 1793 253 1821 de
265 1793 370 1829 nihilo,
382 1795 527 1830 quantum
537 1793 576 1821 ad
586 1801 649 1820 esse
659 1795 781 1827 naturae,
794 1793 825 1821 in
837 1794 943 1821 nativi-

164 1842 220 1868 tate
242 1840 384 1876 culpabili
403 1840 487 1868 duxit
504 1840 731 1876 primordialem
746 1840 910 1876 originem,
926 1849 944 1869 a

164 1895 225 1923 quo
249 1895 311 1915 non
339 1889 453 1915 tantum
484 1889 517 1914 ut
545 1886 691 1923 principio
720 1886 943 1916 affluentissimo

163 1934 255 1962 vitam
270 1934 416 1962 emittente
432 1934 469 1970 (a)
485 1934 598 1962 coelitus
621 1936 795 1969 generatur,
820 1935 859 1962 ab
878 1935 943 1971 ipso

165 1988 283 2008 sensum
306 1983 334 2009 et
352 1983 468 2008 motum
492 1980 676 2016 spiritualem
699 1981 864 2017 recipiens,
892 1982 943 2018 qui

165 2035 241 2054 verae
258 2027 324 2054 vitae
341 2027 543 2063 principaliter
563 2028 749 2063 attestantur,
772 2028 825 2056 sed
848 2036 943 2065 usque

165 2072 204 2100 ad
217 2072 378 2109 perfectam
391 2075 505 2101 oetatem
520 2073 657 2101 claritatis
671 2076 796 2109 aeternae,
807 2076 835 2102 et
848 2083 943 2111 quan-

166 2119 205 2147 do
220 2119 282 2155 ipse
297 2120 448 2148 videbitur
470 2120 544 2148 facie
560 2121 599 2148 ad
612 2120 734 2152 faciem,
752 2122 844 2149 micas
858 2123 944 2158 panis

165 2166 377 2194 consolationis
412 2167 533 2194 internae
563 2166 728 2202 recipiens,
757 2167 867 2195 scilicet
894 2168 944 2196 Dei

166 2213 386 2241 corroborantis
401 2216 429 2242 et
443 2214 635 2242 confortantis
650 2222 801 2248 amorem,
820 2214 858 2242 ab
878 2215 943 2251 ipso

166 2261 288 2294 paterno
306 2260 413 2288 affectu
429 2260 659 2288 misericorditer
674 2260 824 2288 educatur.
842 2263 873 2289 Et
886 2261 944 2289 hoc

166 2308 260 2334 totum
274 2307 414 2343 importat
428 2307 485 2335 hoe
501 2308 583 2343 quod
599 2307 686 2342 dicit,
703 2308 785 2335 Pater
795 2330 803 2339 ,
820 2308 943 2344 mystice

166 2353 360 2388 occultatum,
384 2355 417 2381 ut
439 2356 481 2381 est
500 2354 589 2381 totius
612 2355 679 2382 vitae
701 2354 811 2383 fontale
832 2355 942 2390 princi-

165 2399 258 2435 pium.
275 2399 410 2435 Sequitur
425 2403 524 2435 noster,
540 2400 593 2428 ubi
607 2400 747 2428 laudatur
765 2402 856 2437 ipsius
870 2402 943 2430 bea-

165 2446 297 2473 titudinis
317 2446 437 2474 inclusae
461 2447 595 2482 diffusio,
618 2448 702 2483 quasi
726 2448 824 2476 dicat:
850 2450 891 2476 Tu
913 2457 944 2477 es

165 2492 230 2527 ille,
253 2493 304 2528 qui
326 2493 438 2520 ratione
461 2495 518 2521 tuae
539 2494 687 2522 latissimae
710 2495 860 2529 bonitatis,
882 2504 944 2524 non

165 2539 328 2574 singulares
362 2548 506 2575 personas
534 2540 703 2569 consideras
716 2563 724 2576 ,
754 2542 807 2570 sed
839 2551 943 2571 omnes

164 2585 322 2614 rationales
339 2586 474 2622 spiritus,
490 2589 635 2623 quantum
649 2596 686 2615 ex
701 2590 728 2616 te
748 2591 803 2623 est,
820 2597 874 2625 per
887 2590 942 2617 im—

197 2648 230 2678 (a)
242 2648 303 2672 Caet.
319 2648 379 2673 edit.
395 2649 545 2674 emittendo.
561 2662 591 2668 —
605 2650 639 2681 (ὁ)
659 2651 764 2676 Dicitur.
784 2665 814 2670 —
833 2653 863 2683 (c)
883 2654 941 2677 coet.

166 2682 228 2706 edit.
244 2684 352 2707 tantum.

1743 231 1778 261 11

1000 294 1108 323 missos
1120 302 1139 323 a
1157 295 1185 323 te
1199 294 1301 323 radios
1318 295 1358 322 ad
1372 297 1399 322 te
1413 295 1519 330 trahis,
1534 297 1568 323 ut
1589 302 1652 324 non
1671 296 1782 333 aliqui,

1003 343 1279 378 quantumcumque
1294 341 1496 370 excellentiori
1512 343 1540 370 et
1555 342 1700 379 praeclara
1713 342 1782 371 reli-

999 387 1087 424 gione
1103 389 1265 416 eminentes
1275 409 1285 423 ,
1300 390 1327 416 tn
1345 387 1516 416 fontaneam
1538 389 1679 417 bonitatis
1693 389 1783 426 origi-

999 443 1069 463 nem
1091 435 1148 463 sibi
1172 435 1366 472 appropriare
1385 435 1519 469 valeant,
1538 435 1591 463 sed
1614 437 1646 464 ut
1669 444 1732 464 non
1746 437 1783 466 sit

999 490 1083 511 mens
1097 483 1240 518 humana,
1255 483 1304 511 vel
1318 483 1463 519 angelica,
1481 492 1548 520 quae
1561 492 1592 512 se
1613 484 1782 514 abscondat

999 538 1017 558 a
1031 530 1130 558 calore
1145 532 1195 558 tuo
1211 530 1383 558 naturaliter
1401 530 1588 559 abstractive.
1607 533 1638 559 Et
1651 532 1708 560 hoc
1722 539 1781 568 per

998 580 1088 605 noster
1102 578 1265 613 anagogice
1276 577 1461 613 importatur.

1035 624 1171 660 Sequitur
1187 633 1193 651 :
1216 624 1270 657 Qui
1285 632 1311 652 es
1326 625 1356 652 in
1369 625 1451 652 coelis.
1474 624 1523 652 ilic
1539 627 1673 661 captatur
1687 625 1779 654 bene-

1000 670 1129 700 volentia
1154 679 1172 699 a
1193 671 1307 699 ratione
1331 671 1508 706 excessivos,
1531 671 1580 699 vel
1602 672 1781 707 praecelsivae

999 718 1171 747 mansionis.
1198 718 1310 746 Coelum
1332 718 1408 746 inter
1429 718 1489 746 alia
1510 719 1652 755 praecellit
1673 719 1779 756 triplici

998 766 1196 802 proprietate:
1211 767 1254 793 est
1263 765 1343 793 enim
1354 765 1492 793 continue
1508 765 1631 801 mobile,
1648 765 1779 801 firmum,

1000 816 1027 842 et
1041 814 1131 842 variis
1150 813 1298 841 sideribus
1316 813 1347 840 in
1367 813 1432 849 ipso
1454 812 1669 848 refulgentibus
1691 813 1779 842 ador—

999 863 1111 889 natum.
1139 862 1198 889 Hoc
1224 861 1263 889 ad
1287 869 1408 889 sensum
1436 861 1636 896 anagogicum
1660 861 1780 889 transfe-

999 908 1110 942 rendo,
1125 916 1235 944 sponsa
1255 916 1400 944 sponsum
1415 908 1445 935 in
1464 916 1518 935 suo
1534 907 1673 936 cubiculo
1689 907 1780 936 collo-

1000 963 1089 990 cans,
1119 955 1148 982 in
1176 956 1288 983 secreto
1320 955 1418 982 cordis
1446 954 1575 982 armario
1605 954 1694 982 debet
1724 955 1780 982 hac

999 1002 1178 1038 proprietate
1202 1001 1311 1038 triplici
1335 1001 1487 1029 adornari.
1514 1001 1611 1029 Primo
1637 1001 1719 1037 quod
1745 1001 1781 1029 sit

998 1048 1102 1083 firma,
1121 1050 1150 1076 et
1170 1048 1336 1076 secundum
1351 1048 1409 1076 hoc
1427 1048 1561 1084 loquitur
1583 1047 1624 1075 sic
1642 1057 1648 1075 :
1671 1048 1693 1076 O
1713 1047 1780 1075 dul-

999 1095 1135 1130 cissime,
1162 1097 1193 1122 tu
1214 1095 1266 1131 qui
1290 1103 1321 1122 es
1345 1094 1375 1122 in
1399 1095 1498 1129 coelis,
1519 1094 1550 1122 id
1573 1096 1632 1129 est,
1660 1094 1780 1122 illarum

998 1142 1144 1169 mentium
1174 1142 1339 1169 thalamum
1380 1141 1549 1169 inhabitans
1590 1141 1779 1175 interiorem,

996 1189 1060 1224 Jam
1074 1196 1136 1216 non
1151 1191 1265 1216 tantum
1279 1187 1512 1224 praesentialiter,
1528 1187 1737 1223 potentialiter,
1753 1189 1781 1215 et

999 1235 1208 1269 essentialiter,
1235 1237 1269 1262 ut
1295 1235 1327 1262 in
1354 1234 1419 1262 aliis
1448 1234 1588 1262 creaturis
1596 1244 1604 1269 3
1633 1233 1687 1261 sed
1711 1242 1781 1262 vere

999 1282 1125 1318 teipsum
1137 1303 1144 1316 ,
1161 1282 1213 1318 qui
1228 1290 1258 1310 es
1281 1281 1390 1318 hospes
1406 1280 1600 1316 jucunditatis
1620 1282 1648 1309 et
1668 1281 1780 1317 solatii,

998 1329 1175 1357 sensibiliter
1185 1331 1212 1357 et
1221 1328 1406 1356 familiariter
1420 1329 1645 1364 repraesentans,
1660 1328 1706 1355 his
1717 1328 1778 1364 qui,

999 1376 1038 1404 ob
1054 1376 1188 1404 amorem
1208 1378 1294 1404 tuum
1316 1375 1463 1403 efficacius
1486 1374 1698 1410 obtinendum,
1714 1374 1780 1402 vale

998 1423 1137 1450 facientes
1148 1422 1257 1450 caeteris
1268 1421 1524 1456 delectationibus,
1538 1421 1684 1449 dederunt
1698 1421 1781 1449 libel-

998 1470 1061 1497 lum
1085 1470 1222 1506 repudii,
1244 1472 1272 1497 et
1292 1469 1346 1497 tibi
1368 1469 1423 1496 soli
1451 1469 1594 1505 quietanti
1617 1471 1730 1496 mentes
1750 1468 1781 1496 in

999 1524 1100 1544 amore
1128 1517 1280 1550 viventes,
1310 1517 1451 1545 continua
1480 1516 1623 1552 suspiria,
1653 1516 1780 1552 impedi-

998 1565 1104 1592 mentis
1137 1564 1293 1599 resecatis,
1328 1565 1443 1600 glutino
1473 1565 1582 1593 amoris
1615 1565 1780 1592 suavissimi

999 1611 1143 1646 colligati,
1159 1611 1211 1639 tibi
1227 1611 1399 1639 firmissime
1415 1614 1443 1639 et
1464 1611 1715 1639 ineradicabiliter
1729 1611 1781 1639 ad-

998 1659 1155 1693 haeserunt,
1166 1660 1198 1687 ut
1213 1659 1248 1687 sit
1258 1659 1347 1686 etiam
1358 1651 1430 1694 ipsis
1444 1661 1527 1693 fortis
1541 1661 1572 1686 ut
1580 1667 1649 1686 mors
1661 1659 1778 1695 dilectio,

999 1708 1031 1733 ut
1047 1706 1078 1733 in
1094 1706 1211 1733 Canticis
1232 1705 1239 1721 ¹
1260 1705 1331 1732 dicit
1353 1706 1387 1741 (b)
1408 1705 1447 1733 ad
1469 1713 1553 1733 suam
1567 1706 1781 1734 radicationcm

999 1752 1164 1780 firmiorem
1195 1760 1305 1788 sponsa
1331 1752 1520 1788 proclamans
1551 1752 1590 1780 ad
1620 1761 1780 1788 paranym-

999 1799 1127 1835 phorum
1149 1799 1299 1833 subsidia,
1321 1799 1430 1827 scilicet
1457 1799 1648 1834 angelorum,
1672 1799 1781 1835 quibus

999 1849 1099 1875 tamen
1123 1846 1210 1874 sociis
1230 1847 1408 1881 adjuvatur,
1432 1847 1472 1874 ita
1496 1847 1621 1874 dicens2
1646 1856 1652 1874 ε
1677 1848 1782 1874 Fulcite

1000 1902 1040 1921 me
1056 1894 1182 1928 floribus,
1198 1893 1230 1920 id
1247 1895 1305 1927 est,
1320 1893 1435 1928 fulcite,
1452 1894 1576 1921 obsecro
1587 1916 1594 1928 ‚
1619 1893 1782 1921 irreverbe—

999 1941 1069 1968 ratis
1084 1939 1307 1974 affectiom'bus,
1328 1948 1389 1968 non
1405 1949 1421 1968 a
1441 1940 1542 1975 vobis,
1563 1940 1615 1968 sed
1635 1948 1652 1968 a
1674 1941 1781 1968 dilecto

1000 1995 1053 2023 per
1073 1995 1128 2014 vos
1147 1987 1204 2014 hoc
1221 1986 1354 2015 obtinere
1375 1987 1496 2023 cupiens
1513 1997 1519 2014 :
1539 1989 1640 2022 stipate
1656 1996 1712 2020 me,
1727 1995 1781 2014 vos

1001 2034 1052 2069 qui
1071 2033 1177 2060 videtis
1192 2041 1261 2061 eum
1275 2033 1349 2061 facie
1365 2034 1403 2061 ad
1418 2034 1539 2068 faciem,
1556 2034 1658 2061 vestris
1673 2041 1779 2060 conso-

1000 2080 1176 2114 lationibus,
1193 2080 1293 2116 ipsum
1308 2080 1347 2108 ad
1362 2081 1434 2108 mihi
1457 2080 1696 2107 subveniendum
1710 2080 1781 2107 ube-

1000 2128 1061 2154 rius
1081 2127 1298 2162 provocando,
1322 2129 1389 2161 quia
1421 2128 1547 2160 Ianqueo,
1579 2127 1676 2154 calore
1696 2126 1781 2153 uniti-

1001 2181 1039 2200 vo
1061 2174 1187 2200 aestuans
1210 2172 1308 2208 ipsum
1330 2173 1455 2200 totaliter
1470 2173 1608 2209 amplecti
1629 2173 1779 2207 desidero,

1001 2227 1092 2255 quem
1109 2219 1207 2247 adhuc
1225 2219 1425 2255 paupercula,
1446 2220 1476 2247 in
1500 2220 1619 2247 miseria
1643 2219 1779 2253 existens,

1000 2268 1060 2294 tam
1070 2266 1237 2301 jucundum
1251 2266 1410 2293 Dominum
1426 2266 1692 2302 experimentaliter
1706 2274 1779 2302 prae-

1000 2320 1159 2347 cognosco.
1190 2312 1325 2348 Sequitur
1353 2313 1412 2340 alia
1445 2313 1629 2348 proprietas,
1659 2315 1781 2340 continue

1000 2360 1096 2387 mobile
1113 2368 1119 2386 :
1135 2361 1205 2386 tunc
1221 2359 1300 2386 enim
1319 2362 1449 2387 mentem
1467 2360 1638 2387 verissimus
1653 2368 1780 2396 sponsus

999 2408 1124 2433 aeternus
1152 2405 1309 2433 certissime
1332 2406 1447 2440 visitat,
1472 2409 1499 2434 et
1525 2414 1591 2434 eam
1614 2406 1778 2441 inhabitat,

1000 2452 1122 2488 quando
1137 2461 1198 2480 non
1214 2453 1277 2487 jam
1292 2452 1442 2480 laboriosa
1462 2453 1597 2480 tarditate
1615 2453 1645 2480 in
1660 2453 1779 2480 unitivis

1000 2500 1146 2534 motibus,
1170 2500 1244 2527 sicut
1268 2508 1336 2527 cum
1356 2502 1430 2527 esset
1449 2500 1479 2526 in
1502 2502 1592 2527 status
1615 2499 1780 2535 incipientis

1000 2546 1135 2580 exordio,
1165 2554 1195 2573 se
1219 2554 1337 2574 sursum
1362 2547 1505 2581 erigendo
1534 2546 1699 2581 affligatur,
1725 2546 1777 2573 sed

1000 2593 1141 2621 diuturno
1160 2593 1298 2621 exercitio
1320 2595 1432 2621 tantam
1453 2593 1485 2629 (c)
1508 2593 1671 2628 agilitatem
1692 2592 1779 2620 affec-

1033 2692 1040 2707 1
1055 2692 1141 2718 Cant„
1156 2697 1213 2721 vin,
1228 2693 1251 2715 6.
1263 2705 1293 2709 —
1307 2692 1317 2708 ²
1332 2692 1415 2720 Cant.¹
1432 2697 1460 2721 ιι,
1477 2693 1499 2715 5.
