2004 3037
203 206 262 240 230
535 197 796 232 COMPENDIUM
817 197 1080 232 THEOLOGICAE
1100 197 1326 231 VERITATIS.
1348 196 1424 229 LIB.
1445 196 1484 230 V.

203 272 393 309 gravitatem;
409 268 528 306 spiritus
547 275 620 296 vero
638 267 808 303 bonorum,
827 268 852 296 si
870 276 932 296 non
946 267 983 296 sit

203 317 450 355 impedimentum
481 314 608 350 alicujus
648 313 744 350 culpae
758 336 768 350 ,
800 315 850 343 vel
887 322 983 352 poenae

203 364 326 399 debitae,
341 363 437 392 statim
455 361 590 390 feruntur
604 360 644 390 ad
658 361 759 389 locum
779 361 982 398 praemiorum.

475 455 618 490 CAPUT
650 455 708 489 111.

349 532 386 558 De
405 530 554 558 acerbitate
568 536 653 564 poenae
671 529 839 563 Purgatur-ci.

239 603 271 630 In
278 599 452 637 purgatorio
461 599 574 635 duplex
583 600 626 626 est
635 606 739 634 poena:
749 605 810 626 una
820 599 863 626 est
871 597 984 633 damni,

204 649 242 677 de
256 647 386 676 carentia
400 645 509 674 divinae
525 644 648 673 visionis
657 655 665 681 3
681 645 739 673 alia
759 652 861 673 sensus
876 646 931 679 est,
948 645 986 672 de

205 694 363 724 afflictione
378 693 474 730 ignis:
493 695 522 721 et
541 693 686 729 quantum
701 692 740 720 ad
754 694 916 728 utrumque
930 691 987 719 mi-

204 742 286 770 nima
297 749 387 778 poena
401 739 567 777 purgatorii
584 739 681 774 major
695 741 738 767 est
752 738 885 767 maxima
897 746 988 775 poena

205 789 320 818 mundi.
335 787 415 817 Istud
429 789 509 824 patet
524 786 561 814 de
575 794 665 823 poena
680 786 798 815 damni:
816 786 887 822 quia
901 785 988 814 affec-

205 839 251 864 tus
265 844 326 872 quo
343 835 527 863 desideratur
537 841 688 862 summum
700 833 816 861 bonum
831 831 988 869 posthanc

204 883 296 911 vitam
311 882 349 910 ab
365 881 506 909 omnibus
522 879 644 915 sanctis,
666 879 808 908 intensior
822 881 880 914 est,
895 886 987 914 quam

205 929 314 966 aliquis
328 928 450 957 affectus
464 927 507 955 rei
526 926 700 963 temporalis
719 927 749 954 in
764 926 841 960 vita,
857 925 988 953 maxime

206 984 275 1004 cum
293 976 356 1012 jam
374 977 492 1010 tempus
513 973 645 1002 habendi
665 973 838 1001 advenerit:
855 972 925 1000 ideo
940 980 988 1000 ca-

205 1023 300 1051 rentia
311 1022 374 1058 ejus
386 1021 538 1050 molestius
550 1020 701 1048 toleratur.
715 1019 794 1048 Istud
805 1019 894 1047 etiam
909 1021 989 1055 patet

206 1070 243 1098 (le
257 1077 347 1106 poena
361 1076 475 1103 sensus,
491 1067 563 1104 quia
578 1075 646 1095 cum
661 1066 749 1095 dolor
763 1074 825 1095 non
840 1066 876 1094 sit
891 1074 988 1094 essen-

207 1116 312 1144 tialiter
329 1116 425 1149 laesio,
448 1114 500 1142 sed
515 1113 643 1142 laesionis
658 1121 776 1148 sensus,
797 1115 878 1141 tanto
895 1112 990 1148 magis

208 1165 288 1193 dolet
310 1164 424 1198 anima,
454 1165 565 1200 quanto
590 1162 686 1198 magis
709 1161 795 1189 sentit
817 1160 990 1188 sensitivum

208 1211 333 1248 aliquid.
349 1211 419 1239 Ideo
433 1210 471 1238 ab
487 1210 556 1246 igne
575 1210 605 1236 in
624 1210 720 1245 ipsam
737 1209 842 1244 agente
861 1207 990 1236 maxime

209 1258 359 1294 affligitur.

244 1305 328 1333 Ratio
353 1303 519 1332 acerbitatis
545 1310 640 1339 poenze
663 1302 827 1338 purgatorii
851 1301 912 1329 lioee
933 1303 990 1336 est,

210 1352 282 1389 quia
297 1359 365 1380 cum
380 1352 455 1378 Deus
473 1350 567 1385 magis
583 1351 695 1386 quoerat
709 1348 882 1383 emendam,
899 1355 991 1385 quam

210 1407 345 1435 poenam,
361 1397 428 1434 plus
448 1397 596 1434 ponderat
616 1396 647 1424 in
668 1396 840 1432 poenitentia
854 1395 991 1423 virtutem

211 1446 298 1474 bonae
325 1445 503 1479 voluntatis,
534 1451 626 1480 quam
660 1450 781 1479 poenam
813 1442 990 1470 afflictionis

210 1493 291 1521 Unde
305 1493 372 1529 plus
387 1491 534 1528 ponderat
549 1493 623 1518 Deus
637 1490 787 1518 modicam
804 1497 925 1525 poenam
941 1497 992 1516 vo-

210 1539 369 1568 luntariam
390 1539 420 1566 in
440 1538 593 1574 praesenti,
617 1545 708 1573 quam
730 1536 824 1564 multo
846 1536 992 1571 maj0rem

210 1595 272 1614 non
287 1587 326 1614 itu
340 1586 541 1614 voluntariam
560 1585 590 1612 in
609 1585 708 1612 futuro
718 1605 726 1617 ,
742 1584 815 1612 sicut
832 1583 901 1620 plus
915 1582 993 1611 valet

212 1634 364 1661 modicum
389 1633 470 1666 auri,
493 1640 584 1668 quam
608 1632 735 1659 multum
759 1631 885 1667 plumbi.
912 1623 993 1658 Unde

213 1682 329 1716 oportet
351 1683 381 1707 ut
404 1679 486 1715 quod
509 1679 554 1706 ibi
577 1679 675 1706 delicit
699 1678 728 1705 iu
752 1677 922 1712 voluntate,
946 1676 993 1704 hic

214 1727 386 1763 suppleatur
399 1726 429 1753 in
443 1725 611 1753 acerbitate.

250 1775 288 1801 De
303 1775 371 1809 igne
387 1774 437 1809 qui
453 1775 560 1809 purgat
575 1772 702 1803 animas,
720 1770 876 1806 dupliciter
891 1771 933 1798 est
947 1770 992 1797 lo-

215 1820 370 1857 quendum
386 1829 392 1847 :
421 1820 467 1847 vel
492 1821 636 1855 quantum
660 1818 699 1846 ad
724 1817 768 1849 id,
794 1817 877 1852 quod
897 1817 994 1852 primo

217 1868 331 1895 animas
351 1866 469 1901 affligit,
487 1869 514 1893 et
529 1866 569 1892 sie
591 1868 823 1900 estco1·poreu.<;
840 1864 886 1891 vel
904 1871 995 1899 quan-

218 1916 281 1942 tum
296 1914 333 1941 ad
349 1913 431 1949 quod
445 1913 581 1949 proxime
594 1912 706 1945 aflligit,
720 1914 746 1938 et
761 1910 942 1944 immediate,
955 1910 995 1938 sie

220 1962 262 1988 est
276 1961 478 1996 incorporeus.
493 1959 588 1987 Primo
602 1958 694 1986 modo
709 1958 814 1986 dicitur
825 1957 901 1992 ignis
911 1965 994 1992 vere;

219 2007 350 2035 secundo
366 2007 469 2041 modo,
484 2005 731 2039 similitudinarie,
748 2005 821 2032 sieut
837 2004 883 2031 leo
898 2012 995 2039 verim,

220 2058 247 2082 et
256 2054 303 2082 lco
311 2054 415 2090 pictus
428 2055 588 2088 Utrumque
596 2052 687 2087 tangit
698 2051 864 2086 Gregorius,
874 2050 996 2087 quando

221 2101 290 2128 dicit
305 2101 311 2116 ¹
326 2110 332 2128 :
351 2111 365 2125 α
379 2102 409 2129 ln
423 2109 458 2128 eo
473 2100 595 2134 ardent,
613 2100 683 2126 dum
700 2098 838 2126 ardorem
854 2098 963 2125 vident.
981 2109 994 2123 »

220 2148 270 2175 1110
296 2150 393 2175 autem
426 2147 502 2182 ignis
531 2154 691 2182 corporeus
721 2145 876 2181 dupliciter
903 2147 999 2180 potest

221 2194 401 2221 considerari
415 2203 420 2220 :
447 2194 543 2229 primo
563 2193 599 2228 (til
628 2195 669 2219 est
692 2192 919 2220 instrumentum
946 2199 998 2218 na-

220 2242 305 2274 turoe,
320 2240 360 2267 sic
377 2248 464 2275 agere
480 2242 575 2275 potest
590 2240 619 2266 in
635 2247 758 2274 eorpus,
776 2240 803 2265 et
818 2246 878 2265 nou
893 2238 922 2264 in
939 2238 999 2265 ani-

221 2295 316 2321 mam3
341 2287 488 2321 secundo,
517 2288 606 2321 prout
639 2286 863 2312 instrumentum
892 2285 999 2312 dirime

219 2333 350 2368 justiti-te,
372 2333 411 2359 sic
434 2333 493 2368 agit
517 2333 546 2359 in
569 2332 715 2365 animani,
737 2331 936 2367 imprimendo
957 2331 999 2358 illi

222 2380 350 2416 speciem
372 2387 470 2413 suum,
493 2387 546 2415 per
567 2387 657 2414 quam
679 2378 828 2412 affligitur,
849 2378 919 2413 quia
939 2378 1000 2405 vio-

222 2427 315 2455 lenter
330 2426 380 2454 illa
399 2426 495 2462 specie
514 2426 698 2452 informatur.
714 2424 792 2452 Sicut
807 2424 885 2452 enim
901 2425 1000 2452 anima

224 2473 386 2501 seeundum
409 2473 545 2500 ordinem
568 2474 678 2499 naturze
695 2471 793 2498 unitur
815 2471 948 2506 corpori,
970 2474 1001 2499 ut

223 2521 353 2548 instituat
367 2520 472 2553 vitam,
496 2519 536 2546 sie
556 2519 659 2546 merito
680 2518 844 2546 secundum
865 2518 1000 2546 ordinem

222 2567 339 2601 justitim
356 2567 455 2594 unitur
468 2565 540 2602 igni,
555 2574 572 2593 a
587 2574 647 2601 quo
662 2565 801 2601 suscipiat
815 2572 944 2600 poenam.

260 2632 267 2647 ¹
291 2632 377 2659 Creu„
402 2629 512 2659 Ih‘uluigy„
534 2628 577 2652 lib.
603 2629 642 2652 lv.
668 2637 689 2650 r.
712 2634 746 2651 ir.
769 2641 797 2646 —

227 2672 285 2697 pag.
307 2668 357 2689 nih.
373 2679 402 2682 —-
418 2666 425 2678 ³
443 2666 448 2688 1
464 2666 532 2694 Con,
549 2670 588 2694 ιιι,
607 2665 644 2687 12.

823 2628 830 2641 2
854 2628 911 2651 l'itl.
934 2634 1000 2658 sup.‚

1072 267 1146 296 Nota
1163 266 1248 304 quod
1267 265 1418 294 daemones
1435 272 1498 294 non
1515 266 1644 302 puniunt
1655 267 1770 297 animas
1783 268 1816 297 in

1036 313 1227 350 purgatori03
1248 312 1302 341 sed
1321 312 1382 341 illie
1405 320 1456 340 eas
1478 311 1645 347 adducunt,
1658 313 1709 343 vel
1727 314 1816 344 etiam

1037 360 1192 396 assistunt,
1217 362 1250 388 ut
1273 359 1470 388 communiter
1492 359 1608 388 dicitur.
1630 361 1673 389 Ex
1693 361 1817 397 permis-

1037 407 1121 437 sione
1136 409 1236 435 tamen
1250 406 1300 435 Dei
1315 406 1466 435 daemones
1484 406 1516 434 in
1529 406 1585 435 hac
1600 406 1662 435 vita
1679 407 1817 444 quando·

1039 461 1099 491 que
1112 454 1210 483 bonos
1222 453 1373 490 affligunt;
1389 453 1444 481 sed
1457 453 1520 481 hoec
1535 455 1578 481 est
1589 453 1685 482 ratio:
1701 454 1774 490 quia
1786 454 1819 483 in

1038 501 1174 537 proesenti
1189 501 1277 528 durat
1289 507 1392 537 pugna
1405 500 1480 528 inter
1499 500 1666 529 daemonem
1680 502 1709 529 et
1721 500 1819 529 homi·

1039 555 1120 582 nem,
1134 547 1206 584 quia
1221 547 1339 575 daemon
1352 547 1443 575 habet
1456 547 1487 575 in
1502 555 1538 575 eo
1549 549 1724 583 potestatem
1738 555 1820 576 exer-

1040 594 1098 622 citii
1106 604 1115 629 5
1131 594 1183 622 sed
1196 594 1351 631 posthanc
1365 594 1458 622 vitam
1471 601 1533 622 non
1547 594 1598 622 sic.
1607 594 1689 622 Unde
1704 602 1755 623 aer
1767 594 1820 623 iste

1040 640 1219 677 caliginosus
1248 643 1291 669 est
1319 641 1484 677 assignatus
1513 641 1699 669 daemonibus
1726 641 1821 677 magis

1040 690 1161 724 propter
1181 687 1313 717 tentandi
1335 687 1482 722 officium,
1506 695 1598 724 quam
1617 690 1737 725 propter
1751 695 1821 725 sup-

1040 734 1175 770 plicium.

1078 782 1116 808 De
1134 780 1208 808 locis
1223 780 1403 816 poenalibus,
1419 781 1471 809 ubi
1485 781 1543 810 sint
1558 784 1587 810 et
1601 784 1689 818 quot,
1704 783 1822 820 require

1042 835 1121 864 sup.‚
1136 827 1190 855 lib.
1202 829 1246 862 lv,
1257 835 1323 864 cap.
1337 827 1371 855 de
1384 829 1513 856 Descensu
1525 828 1628 856 Christi
1642 829 1679 856 ad
1690 830 1793 864 inferos
1800 830 1820 858 ².

1042 874 1200 902 Sciendum
1215 875 1315 902 tamen
1327 874 1364 902 de
1379 874 1446 902 loco
1461 875 1656 911 purgationis,
1670 875 1753 912 quod
1767 875 1824 904 du·

1042 921 1157 957 pliciter
1172 921 1337 956 assignatur
1351 930 1358 948 τ
1382 923 1432 949 aut
1448 921 1613 950 seeundum
1627 921 1724 957 legem
1741 929 1823 950 eom·

1043 975 1181 1002 munem,
1198 970 1225 996 et
1239 968 1280 995 sie
1295 970 1337 996 est
1354 968 1385 996 in
1406 976 1467 996 nno
1483 968 1550 996 loco
1570 968 1601 996 in
1620 971 1702 1005 parte
1717 968 1824 998 inferni

1044 1014 1121 1043 circa
1135 1014 1409 1050 limbum-patrum3
1425 1017 1476 1043 aut
1490 1014 1656 1043 seeundum
1674 1015 1825 1052 dispensa-

1044 1061 1156 1090 tionem
1170 1061 1329 1098 specialem
1339 1082 1347 1096 ,
1369 1063 1397 1089 et
1415 1062 1456 1089 sie
1470 1065 1636 1098 purgantur
1650 1062 1756 1090 animae
1768 1062 1823 1091 ali·

1045 1108 1167 1145 quando
1179 1108 1208 1136 in
1221 1108 1345 1136 diversis
1355 1108 1440 1143 locis,
1451 1108 1481 1136 in
1496 1109 1606 1145 quibus
1617 1111 1823 1145 peccaverunt.

1046 1157 1104 1184 lloc
1119 1158 1218 1183 autem
1238 1156 1269 1183 tit
1287 1157 1409 1191 propter
1421 1155 1553 1191 aliquam
1569 1163 1654 1184 suam
1667 1155 1825 1184 relevatio-

1045 1210 1114 1230 nem
1135 1210 1189 1238 per
1203 1202 1345 1237 suffragia
1363 1210 1485 1237 eorum,
1508 1202 1618 1238 quibus
1639 1204 1782 1239 apparent
1795 1202 1827 1232 in

1046 1249 1104 1276 illis
1125 1248 1214 1282 locis,
1233 1248 1281 1276 vel
1305 1248 1393 1276 etiam
1414 1251 1536 1285 propter
1554 1249 1687 1285 aliquam
1702 1248 1828 1278 aedifica-

1047 1296 1159 1323 tionem
1183 1295 1355 1323 viventium.
1382 1295 1460 1331 ignis
1488 1297 1587 1323 autem
1612 1295 1660 1323 ille
1687 1295 1755 1332 plus
1778 1295 1827 1325 vel

1047 1341 1145 1369 minus
1169 1341 1289 1376 cruciat,
1305 1341 1470 1370 secundum
1488 1341 1571 1378 quod
1585 1341 1652 1378 plus
1667 1342 1714 1370 vel
1728 1341 1827 1370 minus

1048 1389 1084 1416 de
1100 1388 1313 1422 combustibili‚
1331 1396 1383 1416 seu
1396 1380 1561 1422 cremam-li,
1581 1388 1708 1425 quisque
1726 1396 1827 1417 seeum

1049 1435 1121 1463 tulit.
1142 1437 1261 1472 Oportet
1284 1435 1373 1470 enim,
1397 1435 1574 1471 priusquam
1595 1434 1684 1463 facies
1709 1435 1759 1463 Dei
1781 1435 1826 1464 vi-

1049 1482 1164 1517 deatur,
1185 1482 1258 1510 sicut
1277 1481 1403 1518 legimus
1427 1482 1450 1517 ³,
1474 1481 1558 1517 quod
1578 1481 1676 1517 ligna,
1698 1481 1825 1517 foenum,

1048 1528 1171 1564 stipula,
1186 1528 1217 1556 id
1237 1531 1294 1564 est,
1313 1529 1442 1564 majora,
1458 1528 1591 1563 minima,
1608 1528 1784 1563 mediocria,
1800 1530 1828 1557 et

1049 1576 1177 1604 venialia
1196 1576 1323 1605 totaliter
1344 1584 1397 1612 per
1418 1575 1629 1604 cremationem
1647 1583 1827 1604 consuman-

1050 1626 1105 1651 tur.
1122 1623 1262 1651 Proedicta
1276 1631 1348 1651 vero
1369 1630 1464 1659 poenae
1483 1622 1636 1650 diversitas
1657 1630 1719 1651 non
1737 1625 1779 1651 est
1792 1630 1828 1651 ex

1050 1670 1216 1697 diversitate
1255 1670 1330 1705 ignis
1361 1669 1490 1697 ardentis
1503 1690 1511 1703 ‚
1537 1677 1589 1697 seu
1619 1670 1750 1704 agentis,
1776 1669 1829 1698 sed

1050 1716 1174 1751 subjecti
1198 1716 1350 1752 patientis,
1375 1715 1449 1743 sicut
1471 1715 1509 1743 ab
1534 1715 1641 1743 eodem
1668 1715 1731 1744 sole
1751 1723 1829 1743 unus

1050 1763 1118 1798 plus
1140 1764 1257 1797 aestuat,
1285 1763 1357 1790 alter
1380 1762 1492 1795 minus,
1515 1765 1546 1789 ut
1568 1762 1638 1789 dicit
1661 1762 1827 1797 Gregorius.

1051 1811 1171 1838 Necesse
1192 1813 1235 1838 est
1257 1811 1370 1843 autem,
1390 1810 1422 1837 ut
1440 1809 1510 1837 dicit
1530 1808 1724 1844 Augustinus,
1744 1809 1828 1845 quod

1051 1859 1165 1885 tantum
1186 1859 1252 1884 urat
1275 1856 1374 1890 dolor,
1401 1858 1545 1892 quantum
1570 1856 1693 1884 haeserat
1718 1863 1827 1883 amor:

1052 1905 1132 1931 tanto
1147 1904 1226 1931 enim
1243 1903 1368 1939 quisque
1384 1902 1570 1939 torquebitur
1580 1902 1700 1937 diutius,
1715 1904 1828 1939 quanto

1052 1952 1173 1981 affectus
1189 1953 1251 1988 ejus
1265 1952 1430 1980 venialibus
1445 1951 1615 1980 adhaerebat
1629 1951 1742 1980 fortius.

1324 2046 1466 2080 CAPUT
1496 2046 1554 2079 IV.

1263 2120 1300 2145 Dc
1323 2118 1464 2153 suffrayiis
1487 2117 1620 2144 Ecclesioe.

1091 2187 1168 2215 Sicut
1183 2187 1307 2222 pertinet
1326 2186 1364 2213 ad
1387 2186 1493 2213 divinas
1510 2185 1628 2221 justitiae
1647 2185 1831 2214 severitatem

1055 2234 1152 2262 bonos
1170 2235 1290 2269 propter
1308 2232 1436 2260 venialia
1457 2232 1572 2268 puniri,
1592 2232 1631 2259 ita
1650 2232 1775 2268 pertinet
1792 2231 1831 2260 ad

1055 2280 1218 2308 bonitatem
1233 2279 1340 2306 divinze
1354 2278 1562 2306 misericordiae
1573 2278 1694 2306 eosdem
1708 2286 1762 2313 per
1775 2278 1832 2306 suf-

1055 2327 1149 2362 fragia
1167 2325 1300 2354 relevari.
1318 2327 1439 2353 Prosunt
1459 2333 1530 2360 crgo
1549 2324 1690 2359 suffragia
1711 2324 1832 2352 defunc-

1056 2375 1106 2408 tis,
1121 2381 1182 2401 non
1202 2373 1241 2400 ad
1255 2372 1393 2400 meritum
1410 2372 1474 2399 vitae
1489 2373 1618 2405 aeternre‚
1634 2371 1686 2398 sed
1701 2370 1740 2398 ad
1754 2370 1832 2399 solu-

1057 2422 1166 2449 tionem
1180 2428 1274 2456 pcenfe
1287 2430 1293 2454 3
1308 2422 1335 2447 et
1349 2420 1416 2454 hoc,
1432 2419 1479 2447 vel
1494 2419 1531 2446 ad
1546 2425 1702 2454 poenarum
1717 2418 1832 2453 mitiga-

1057 2468 1182 2501 tionem,
1198 2466 1245 2494 vel
1261 2466 1299 2494 ad
1314 2466 1486 2494 celeriorem
1500 2464 1714 2492 liberationem.

1093 2515 1165 2542 Sunt
1187 2516 1285 2541 autem
1308 2515 1436 2549 quatuor
1455 2511 1537 2540 modi
1553 2510 1761 2545 suffragiorum
1779 2518 1831 2546 ge·

1057 2561 1186 2595 nerales,
1205 2561 1244 2589 ad
1265 2569 1341 2597 quos
1365 2568 1467 2588 omnes
1486 2559 1535 2588 alii
1558 2558 1754 2593 reducuntur,
1774 2557 1830 2586 sci-

1091 2664 1120 2691 ιζη)
1135 2661 1221 2692 Suppl.
1239 2663 1320 2692 prout.
