2004 3037
480 175 530 207 DE
550 172 710 207 SEPTEM
732 171 847 204 DONlS
870 170 1051 203 SPlRlTUS
1074 171 1228 204 SANCTl.
1250 173 1336 206 CAP.
1362 174 1384 205 l.

127 244 160 272 Et
173 242 247 272 sicut
267 242 320 270 iste
335 241 508 278 justitiarius
524 234 670 277 crucifigit
681 239 827 268 latronem
836 248 844 274 ;
862 238 903 266 sic

126 289 216 318 timor
241 288 358 318 Domini
373 289 474 317 nititur
494 287 666 324 crucifigere
681 294 801 315 carnem
815 307 823 321 ,
839 287 904 314 tan-

128 344 219 372 quam
233 335 396 372 pessimum
419 335 526 364 animae
548 335 705 364 latronem.
732 333 815 361 Unde
830 332 904 361 dici-

128 385 175 411 tur
193 384 199 400 ⁸
216 392 222 411 z
239 384 346 418 Confiqe
360 384 457 411 timore
472 384 517 410 tuo
540 389 632 410 carnes
646 388 726 408 meas.
751 379 847 408 Tertio
871 379 905 407 ti-

128 438 195 459 mor
210 430 327 459 Domini
342 431 384 458 est
397 430 471 458 sicut
484 429 582 458 honus
596 428 751 463 terrarius,
776 427 823 455 vel
838 435 906 463 spc-

129 477 254 512 culator,
272 477 324 514 qui
339 476 457 512 evigilat
471 476 634 504 exercitum
647 485 655 503 ε
669 483 739 503 nam
754 474 827 502 sicut
841 481 907 510 spe-

129 524 254 560 culator,
269 525 404 560 tempore
418 523 491 551 belli
505 523 635 551 maxime
648 544 656 557 ,
675 530 737 551 non
752 521 820 550 sinit
834 521 907 549 dor-

129 571 203 600 mire
217 570 342 606 milites;
358 570 400 598 sic
421 570 510 598 timor
524 570 659 604 Domini,
675 577 744 598 cum
762 569 799 596 sit
814 568 907 596 modo

129 619 246 655 tempus
259 617 331 646 belli
346 619 374 645 et
387 625 502 652 guerrae
517 616 650 645 mortalis
665 618 768 645 contra
777 623 906 651 carnem,

129 664 277 693 mundum
292 665 320 692 et
335 663 509 699 diabolum,
528 672 590 692 non
614 663 756 700 permittit
777 662 908 691 dormire

130 710 265 748 spiritum
297 718 352 747 per
386 710 614 739 delectationem
641 710 690 738 vel
719 717 907 738 consensum.

129 757 211 787 Unde
236 757 343 786 dieitur
357 757 368 772 ²
383 767 389 785 ε
407 759 506 786 Beatus
520 760 558 786 est
577 759 668 792 homo,
685 760 734 793 qui
749 765 851 792 semper
870 759 909 784 est

129 805 257 841 pavidus.
273 806 336 833 Non
351 805 450 833 solum
465 806 564 833 antem
580 807 713 841 tempore
727 804 799 832 belli
821 804 910 831 debet

129 852 221 881 homo
233 851 295 880 esse
306 852 433 888 pavidus
440 862 448 887 3
459 853 520 880 imo
531 852 620 880 etiam
631 854 763 888 tempore
771 851 852 888 pacis
862 851 911 879 de-

131 898 181 926 bet
196 907 258 927 esse
271 899 430 927 timorosus
441 921 448 935 ‚
466 899 540 927 sieut
558 899 696 927 videmus
711 898 795 935 quod
810 898 910 933 magni

131 953 216 981 reges
227 947 254 973 et
264 945 421 982 sapientes,
437 945 575 982 quamvis
590 942 657 974 actu
667 953 730 973 non
744 945 780 972 sit
792 952 909 980 guerra,

132 992 271 1020 muniunt
284 993 384 1020 tamen
399 995 426 1020 et
441 992 612 1020 custodiunt
626 994 721 1020 castra
735 1000 798 1020 sua.
815 993 853 1019 De
869 991 911 1018 in-

133 1038 224 1067 cautis
247 1039 317 1066 dicit
330 1039 487 1075 Apostolus
503 1040 535 1067 ³:
558 1040 623 1067 Cum
636 1040 760 1066 dz'oeerz'nt
778 1049 784 1066 ;
806 1039 866 1066 Pace
887 1041 911 1065 et

133 1087 276 1121 securitas,
292 1088 354 1113 tunc
368 1088 526 1121 repentinus
540 1087 578 1114 eis
588 1088 757 1121 superveniet
773 1087 910 1113 interitus.

133 1133 166 1160 Et
180 1132 386 1160 Ecclesiastes‘
400 1142 406 1160 2
423 1134 478 1167 Qui
492 1135 569 1161 timet
583 1135 666 1161 Deum
676 1154 684 1167 ,
699 1134 771 1160 m'hil
785 1133 911 1166 negligit,

134 1179 205 1215 quia
215 1188 271 1208 nec
281 1179 408 1215 bonum,
420 1188 475 1208 nec
485 1180 599 1208 malum
612 1189 618 1207 ε
629 1180 701 1216 quia
710 1188 763 1216 per
777 1179 913 1207 timorem

134 1226 250 1254 Domini
273 1226 388 1255 malum
408 1227 514 1261 evitat,
538 1229 682 1263 tanquam
704 1226 865 1260 nocivum‚·
886 1228 915 1254 et

134 1273 249 1301 bonum
264 1273 424 1308 formidat,
441 1276 468 1302 et
482 1274 575 1302 nescit
587 1274 611 1301 si
627 1275 670 1301 est
688 1275 815 1309 gratum.
832 1273 913 1301 Unde

136 1320 206 1348 dicit
218 1320 271 1348 Job
282 1321 291 1337 ⁵
310 1330 316 1348 :
335 1321 454 1348 Verebar
465 1323 555 1348 omm'a
569 1329 665 1356 opera,
682 1322 767 1348 sciens
784 1322 850 1356 quia
862 1328 914 1347 non

133 1376 228 1403 parces
239 1368 418 1403 delinquenti,
430 1368 560 1395 maxime
571 1370 668 1395 autem
679 1369 813 1404 tempore
827 1375 915 1402 guer-

135 1423 184 1443 rae.
202 1417 256 1443 Iste
270 1415 342 1450 vigil
361 1415 410 1443 vel
436 1415 603 1451 speculator
627 1416 751 1443 mandat
774 1415 916 1443 custodiri

136 1463 237 1498 portas
252 1470 392 1489 sensuum
404 1483 412 1497 ,
428 1463 498 1498 quia
512 1462 555 1490 ibi
571 1464 614 1489 est
630 1462 714 1498 quasi
730 1464 824 1490 totum
839 1462 917 1497 peri-

137 1508 248 1536 culum.
266 1508 343 1536 Sicut
357 1508 396 1536 ad
411 1508 539 1536 litteram
554 1509 597 1536 illi
613 1509 665 1544 qui
680 1511 749 1536 sunt
772 1509 802 1536 in
819 1508 916 1536 mnni-

137 1555 236 1590 tione,
252 1563 367 1583 summe
387 1556 556 1584 custodiunt
578 1558 696 1592 portas,
723 1564 791 1583 cum
813 1555 918 1583 vident

139 1605 267 1631 castrum
288 1603 326 1630 ab
347 1603 482 1630 hostibus
498 1603 670 1638 obsessum3
693 1603 734 1630 sic
750 1603 917 1639 spirituales

114 1652 117 1655 “
138 1650 208 1685 viri,
226 1650 277 1686 qui
293 1650 405 1677 habent
420 1650 559 1678 timorem
577 1650 646 1684 Dei,
662 1649 831 1677 custodiunt
845 1658 917 1685 por-

139 1699 197 1732 tas,
218 1697 327 1725 scilicet
347 1697 480 1733 quinque
502 1705 657 1732 sensuum,
678 1705 716 1724 ne
736 1696 844 1724 intrent
864 1696 919 1724 ini-

139 1745 207 1772 mici
218 1767 226 1780 ,
242 1745 377 1773 timentes
387 1744 472 1781 quod
483 1744 589 1772 dicitur
598 1745 608 1761 ⁶
620 1753 626 1771 :
639 1744 771 1772 Ascendit
786 1752 857 1772 mors
869 1752 919 1778 per

139 1794 271 1827 fenestras
286 1796 402 1820 nostras.

176 1841 247 1868 Item
261 1840 351 1867 timor
366 1839 482 1867 Domini
506 1839 570 1866 aliis
590 1839 684 1867 tribus
708 1840 896 1874 comparatur
909 1848 917 1873 ;

141 1888 184 1914 cst
199 1887 278 1914 enim
294 1887 368 1913 sicut
383 1886 533 1914 medicina
547 1885 735 1913 infirmorum
747 1907 755 1920 ,
771 1885 845 1912 sicut
860 1885 919 1912 dis-

143 1933 251 1969 ciplina
269 1941 453 1969 puerorum,
480 1934 506 1960 et
529 1933 603 1960 sicut
627 1932 746 1960 officina
767 1932 921 1967 religioso-

142 1988 219 2007 rum.
236 1980 332 2007 Primo
346 1980 444 2014 igitur,
460 1979 548 2006 timor
563 1979 678 2007 Domini
694 1980 737 2006 est
751 1979 825 2006 sicut
839 1978 920 2006 infir-

143 2035 261 2054 morum
285 2025 435 2053 medicina
456 2035 461 2052 :
485 2033 556 2052 nam
580 2025 654 2052 sicut
677 2025 826 2052 medicina
846 2026 920 2053 bene

144 2075 304 2109 temperata
324 2072 442 2109 repellit
461 2080 565 2100 omnes
588 2072 711 2099 morbos
731 2072 873 2104 nocivos,
895 2074 922 2099 et

144 2128 246 2148 omnes
261 2119 384 2147 nocivos
405 2119 567 2154 humores;
589 2118 629 2145 sic
649 2119 737 2146 timor
759 2118 809 2145 Dei
833 2126 921 2146 omne

142 2169 298 2203 peccatum
313 2169 340 2194 et
356 2174 460 2194 omnes
473 2165 584 2201 peccati
601 2165 770 2193 occasiones
786 2165 920 2201 expellit,

144 2214 319 2250 sanguinem
342 2213 466 2240 luxuriae
477 2233 486 2247 ,
513 2212 654 2248 phlegma
684 2212 720 2248 (a)
743 2212 867 2245 acediae,
896 2214 924 2239 et

144 2260 375 2288 melancholiam
389 2260 453 2294 irae,
466 2262 494 2286 et
504 2259 654 2286 choleram
671 2259 826 2295 superbiae.
842 2258 922 2286 Unde

146 2308 251 2335 dicitur
265 2308 298 2334 ⁷:
324 2308 413 2334 Timor
435 2307 545 2333 Domini
566 2307 677 2341 expellit
698 2309 847 2340 peccatum.
873 2307 923 2332 Se-

146 2354 244 2382 cundo
259 2354 348 2381 timor
363 2353 478 2380 Domini
494 2354 536 2380 est
551 2353 626 2380 sicut
648 2360 812 2388 puerorum
837 2352 922 2379 disci-

146 2401 230 2436 plina
254 2410 259 2428 z
285 2409 355 2428 nam
375 2400 450 2428 sicut
473 2400 558 2435 virga
581 2399 743 2435 disciplinae
766 2399 925 2434 castigatur

147 2455 232 2483 puer,
246 2447 398 2475 instruitur
413 2448 441 2474 et
455 2447 648 2481 insormaturg
665 2447 705 2474 sic
720 2455 772 2482 per
788 2446 925 2474 timorem

149 2494 264 2521 Domini
279 2494 375 2522 omnis
390 2496 489 2522 motus
512 2493 654 2521 sensualis
677 2495 704 2521 et
726 2493 848 2529 puerilis
869 2493 924 2521 sub

184 2571 188 2583 ¹
214 2568 283 2593 Psai.
308 2575 405 2599 cxvni,
430 2570 484 2592 120.
508 2581 538 2585 -—
565 2568 573 2582 ²¹
596 2569 678 2598 Prota,
702 2574 806 2594 xxx-111.
834 2570 871 2591 14,
896 2581 926 2585 »-

151 2605 183 2628 ³1
203 2604 286 2634 Thss„
300 2610 325 2633 ν,
341 2606 363 2628 3.
381 2617 411 2622 —-
427 2604 437 2621 ὅ
452 2603 548 2634 Eccle.,
566 2609 616 2634 vii,
634 2605 670 2628 19.
686 2617 715 2622 —
738 2605 747 2621 5
761 2604 869 2632 Job,1x,
887 2605 925 2627 28.

151 2653 182 2658 --
201 2641 211 2657 ⁶
232 2641 334 2670 Jerem„
354 2646 392 2670 ix,
412 2641 453 2664 21.
469 2652 500 2658 —-
521 2638 529 2654 ⁷
551 2639 640 2669 Ecclzz,
660 2646 683 2670 1,
703 2640 742 2663 27.
761 2653 792 2658 —-
810 2639 820 2656 Β
842 2640 925 2668 Pron„

274 2693 350 2716 Tom-
372 2693 441 2716 VIII.

1679 180 1739 211 305

960 238 1017 267 isto
1031 238 1196 275 paedagogo
1218 241 1257 268 ad
1276 241 1425 270 rationem
1443 242 1604 280 reducitur,
1625 246 1653 274 et
1666 253 1740 282 pue-

961 285 1023 313 rilis
1034 285 1205 322 extirpatur,
1212 287 1297 322 juxta
1309 288 1385 316 illud
1398 289 1481 326 quod
1498 289 1568 319 dicit
1578 291 1699 328 Sapiens
1710 293 1720 310 ⁸
1732 301 1738 320 :

963 332 1090 360 Stultitia
1108 334 1236 368 colligata
1251 337 1289 362 est
1305 335 1335 362 2¹72
1350 335 1426 364 corde
1440 339 1534 372 pueri,
1553 340 1579 366 et
1594 340 1673 374 virya
1687 339 1742 367 dis·
1773 374 1778 378 Ι

963 380 1074 415 σίρῐιῗηω
1087 380 1197 414 suqabz't
1210 389 1277 408 eam.

999 428 1032 454 Et
1045 429 1115 455 nota
1130 428 1213 464 quod
1223 429 1386 457 secundum
1396 430 1506 459 Bedam
1521 434 1650 468 quatuor
1661 433 1742 462 mala

963 476 1030 502 sunt
1043 476 1166 511 propter
1182 478 1336 512 peccatum
1350 477 1438 505 nobis
1456 477 1587 513 injuncta
1608 482 1636 508 et
1652 481 1742 509 nobis

964 520 1120 556 colligata,
1137 529 1204 558 quae
1219 525 1286 551 sunt
1300 523 1396 552 omnis
1413 524 1484 552 mali
1505 526 1533 553 et
1551 527 1663 562 peccati
1680 536 1744 556 ma-

964 568 1052 603 teria,
1076 568 1187 598 scilicet
1208 570 1398 606 impotentia,
1422 572 1609 608 ignorantia,
1635 582 1744 603 concu-

964 615 1127 651 piscentia,
1143 617 1171 644 et
1185 616 1308 645 malitia.
1325 618 1406 646 Unde
1429 619 1554 655 quidam
1569 623 1693 656 peccant
1707 630 1743 650 ex

964 663 1156 700 impotentia,
1171 667 1198 692 et
1211 665 1257 692 isti
1271 673 1378 702 parum
1394 668 1527 702 peccant,
1539 670 1567 696 et
1581 668 1744 697 maximam

965 710 1076 738 habent
1098 712 1319 740 excusationem
1331 736 1339 745 ,
1361 713 1417 741 nisi
1437 713 1489 742 illa
1503 714 1678 750 impotentia
1692 724 1745 751 per

966 757 1085 794 culpam
1112 766 1216 786 eorum
1237 759 1273 786 sit
1292 760 1468 788 introducta.
1489 761 1545 789 Alii
1564 763 1688 798 peccant
1710 770 1746 790 ex

966 805 1149 841 ignorantia,
1171 807 1198 833 et
1221 806 1267 833 isti
1290 806 1358 842 plus
1381 810 1522 843 peccant,
1547 810 1574 836 et
1596 809 1746 838 minorem

965 852 1077 880 habent
1100 853 1322 881 excusationem
1332 875 1340 887 ,
1366 854 1438 889 quia
1453 863 1488 883 ex
1503 854 1672 891 ignorantia
1685 865 1748 885 non

968 901 1145 927 excusantur
1159 908 1177 928 a
1191 902 1270 936 toto,
1286 901 1340 928 sed
1361 909 1378 928 a
1399 903 1480 929 tanto
1498 912 1504 930 :
1527 903 1658 931 maxime
1673 904 1697 931 si
1713 904 1749 932 sit

967 946 1136 981 ignorantia
1161 947 1296 976 affectata
1314 969 1323 982 ,
1348 956 1415 984 quae
1439 957 1501 977 non
1526 952 1667 984 excusat,
1694 951 1747 979 sed

968 996 1123 1028 peccatum
1139 996 1281 1030 aggravat
1302 996 1330 1023 et
1345 998 1524 1031 augmentat.
1541 997 1622 1025 Unde
1639 997 1676 1026 de
1691 998 1749 1027 hoc

969 1040 1041 1068 dicit
1054 1041 1226 1069 Ambrosius
1243 1051 1249 1069 z
1270 1053 1282 1067 «
1298 1043 1325 1070 Si
1339 1043 1460 1078 ignoras
1470 1065 1478 1078 ,
1493 1045 1666 1079 gravissime
1678 1053 1748 1082 pec-

969 1096 1027 1115 cas.
1044 1098 1057 1114 »
1074 1088 1129 1116 Alii
1144 1091 1211 1116 sunt
1226 1088 1276 1125 qui
1293 1091 1416 1125 peccant
1438 1099 1474 1118 ex
1489 1091 1725 1127 concupiscentia
1739 1102 1747 1128 3

970 1136 998 1162 et
1011 1134 1058 1162 isti
1072 1135 1140 1171 plus
1154 1137 1287 1171 peccant,
1304 1137 1332 1163 et
1345 1137 1430 1172 quasi
1444 1137 1559 1166 nullam
1573 1138 1685 1166 habent
1700 1147 1750 1166 ex-

970 1181 1163 1215 cusationem,
1179 1182 1309 1210 maxime
1325 1183 1349 1210 si
1362 1183 1397 1211 sit
1412 1183 1585 1212 deliberata.
1602 1185 1657 1213 Alii
1671 1188 1750 1221 sunt,

971 1228 1022 1264 qui
1037 1230 1161 1264 peccant
1175 1237 1212 1257 ex
1225 1230 1339 1257 malitia
1353 1232 1381 1258 et
1396 1233 1475 1258 certa
1489 1231 1628 1267 scientia3
1655 1234 1683 1260 et
1705 1232 1752 1260 isti

970 1275 1100 1302 maxime
1121 1280 1246 1311 peccant
1268 1278 1295 1304 et
1313 1277 1428 1305 nullam
1449 1278 1561 1306 habent
1586 1279 1751 1307 excusatio-

971 1330 1041 1350 nem
1058 1331 1064 1349 :
1081 1322 1142 1350 imo
1161 1324 1235 1351 tales
1254 1323 1393 1352 dicuntur
1413 1333 1537 1360 peccare
1560 1326 1592 1354 in
1613 1326 1753 1362 Spiritum

972 1371 1117 1403 sanctum,
1134 1371 1204 1405 quia
1224 1370 1343 1406 Spiritui
1359 1374 1460 1400 sancto
1474 1372 1612 1408 bonitas,
1630 1381 1696 1409 quae
1711 1376 1754 1402 est

972 1415 1092 1443 malitiae
1107 1417 1254 1445 contraria
1266 1439 1274 1452 ,
1289 1418 1509 1454 appropriatur.

1009 1463 1166 1491 Sciendum
1188 1467 1229 1491 est
1244 1467 1342 1492 autem
1353 1486 1362 1499 ,
1378 1466 1425 1493 vel
1439 1467 1606 1494 notandum
1626 1467 1753 1503 diligen—

972 1511 1026 1543 ter,
1043 1510 1126 1546 quod
1137 1518 1188 1538 sex
1202 1513 1269 1538 sunt
1278 1513 1400 1547 peccata
1410 1512 1442 1539 in
1453 1513 1592 1548 Spiritum
1607 1516 1752 1549 sanctum,

972 1557 1082 1584 scilicet
1103 1558 1288 1594 impugnatio
1309 1559 1438 1587 veritatis
1453 1561 1576 1595 agnitae,
1590 1562 1755 1590 invidentia

971 1603 1106 1632 fraternae
1134 1605 1248 1640 gratiae,
1277 1607 1467 1642 praesumptio
1496 1608 1532 1635 de
1562 1608 1753 1645 impunitate,

974 1651 1133 1679 obstinatio
1145 1672 1154 1685 ,
1171 1651 1352 1687 desperatio,
1370 1655 1397 1681 et
1412 1654 1509 1681 finalis
1529 1655 1753 1691 impoenitentia.

975 1700 1005 1725 Et
1019 1698 1080 1725 istae
1103 1700 1170 1726 sunt
1191 1707 1243 1726 sex
1264 1699 1457 1736 blasphemiae
1471 1701 1502 1729 in
1518 1702 1657 1738 Spiritum
1672 1712 1757 1732 sanc-

974 1747 1052 1779 tum,
1068 1754 1133 1781 quae
1153 1754 1205 1773 non
1227 1748 1403 1774 remittuntur
1426 1749 1456 1775 z'n
1476 1749 1522 1776 hoc
1541 1751 1650 1785 saeculo,
1665 1753 1756 1779 necin

974 1794 1079 1826 scituro,
1095 1794 1127 1820 ut
1139 1793 1245 1820 dicitur
1259 1793 1290 1820 in
1302 1795 1431 1822 Matthoeo
1448 1795 1467 1822 ⁹.

1010 1839 1103 1866 Tertio
1120 1839 1207 1867 timor
1223 1840 1338 1867 Domini
1354 1843 1396 1868 est
1410 1841 1484 1869 sicut
1499 1842 1618 1871 officina
1637 1844 1756 1879 religio-

975 1893 1094 1919 sorum3
1116 1886 1245 1914 maxime
1262 1888 1305 1914 est
1321 1887 1394 1915 sicut
1409 1889 1564 1924 quoddam
1581 1891 1754 1926 capitulum,

976 1933 1059 1968 quod
1070 1935 1112 1960 est
1127 1933 1236 1960 factum
1249 1934 1396 1970 praecipue
1417 1936 1455 1963 ad
1471 1936 1627 1973 culparum
1642 1947 1756 1967 correc-

976 1980 1097 2007 tionem.
1124 1982 1196 2008 Nam
1216 1981 1289 2009 sicut
1311 1982 1340 2009 in
1365 1983 1495 2018 capitulo
1519 1984 1707 2021 increpatur,
1730 1978 1758 2015 ct

976 2027 1208 2062 recognoscitur,
1221 2030 1247 2055 et
1260 2029 1380 2064 ponitur
1396 2030 1483 2065 culpa
1495 2041 1501 2064 ;
1514 2031 1553 2059 ita
1564 2031 1594 2059 in
1608 2032 1666 2060 hoc
1681 2034 1758 2069 capi-

977 2073 1038 2100 tulo
1055 2073 1168 2100 timoris
1189 2074 1237 2101 Dei
1255 2075 1443 2109 corriguntur
1465 2080 1603 2112 peccata,
1623 2079 1711 2115 quia,
1726 2082 1758 2108 ut

978 2119 1084 2147 dicitur
1103 2120 1133 2146 in
1153 2121 1319 2148 Proverbiis
1334 2122 1354 2138 ¹⁰
1371 2131 1377 2149 z
1396 2124 1486 2150 Timor
1500 2125 1611 2152 Domini
1624 2126 1683 2153 odit
1697 2135 1756 2154 ma-

979 2167 1043 2193 lum.
1071 2168 1103 2193 Et
1123 2166 1196 2193 sicut
1218 2167 1323 2202 religio
1348 2169 1430 2197 nulla
1454 2172 1544 2205 esset,
1567 2172 1591 2199 si
1616 2173 1757 2202 correctio

979 2213 1097 2248 capituli
1113 2213 1269 2249 deficerem
1282 2215 1323 2242 sic
1338 2216 1361 2243 si
1377 2216 1465 2244 timor
1475 2218 1505 2244 in
1517 2219 1646 2254 capitulo
1661 2220 1758 2254 cordis

978 2267 1039 2287 non
1060 2263 1152 2295 esset,
1168 2262 1264 2289 totum
1279 2263 1406 2291 veritatis
1427 2264 1586 2293 aedificium
1601 2266 1756 2302 deperiret,

980 2307 1051 2342 quia
1066 2307 1173 2335 dicitur
1192 2308 1222 2335 in
1238 2309 1437 2338 Ecclesiastico
1454 2313 1474 2329 ¹¹
1492 2321 1498 2339 ι
1513 2312 1605 2340 Sinon
1620 2315 1649 2341 in
1665 2316 1758 2342 timore

980 2355 1090 2382 Domini
1113 2358 1229 2383 tenueris
1250 2359 1275 2383 te
1299 2358 1332 2392 (b)
1356 2359 1502 2393 instanter,
1520 2362 1572 2387 cito
1593 2362 1759 2389 subvertetur

1783 1484 1875 1504 Peccata

1769 1515 1792 1535 in
1810 1515 1877 1541 Spiri-

1803 1547 1850 1566 tum

1769 1579 1876 1599 sanctum-

981 2402 1073 2428 domus
1089 2405 1145 2429 tua.
1162 2404 1194 2430 Et
1207 2404 1289 2436 nota,
1301 2404 1383 2439 quod
1394 2405 1424 2432 in
1440 2406 1489 2433 Dei
1504 2407 1644 2442 capitulo,
1660 2409 1754 2444 culpa·
1795 2422 1799 2425 ¹

980 2448 1048 2475 bilis
1063 2451 1190 2484 quatuor
1205 2449 1291 2477 facit:
1307 2451 1405 2486 primo
1421 2460 1498 2486 genu
1512 2453 1614 2489 flectit;
1626 2455 1758 2482 secundo

981 2494 1100 2530 culpam
1114 2496 1319 2531 recognoscit;
1336 2498 1420 2525 tertio
1435 2499 1542 2535 spoliat
1561 2509 1591 2528 se
1607 2503 1634 2528 et
1649 2503 1760 2530 vestem

982 2568 1046 2592 xx11,
1064 2564 1100 2586 15.
1113 2576 1141 2580 -—
1157 2564 1165 2575 “’
1181 2563 1280 2594 Manli„
1293 2569 1340 2594 xii,
1353 2566 1392 2588 32.
1411 2579 1441 2584 -
1462 2566 1480 2580 ἱ·
1503 2567 1584 2597 Pron„
1604 2574 1659 2598 vni,
1679 2570 1715 2593 13.
1729 2582 1761 2589 -

986 2598 999 2611 ¹¹
1016 2598 1107 2629 Eccli„
1126 2605 1208 2629 xxvii,
1223 2600 1247 2622 4.

1016 2640 1047 2671 (a)
1063 2641 1123 2665 Caet.
1139 2641 1200 2665 edit.
1216 2642 1327 2668 sseumae.
1341 2655 1368 2661 —-
1385 2643 1419 2674 (b)
1435 2645 1497 2669 Caet.
1516 2645 1575 2671 edit.
1591 2646 1664 2672 deest
1679 2649 1709 2672 te.

1605 2693 1643 2724 20
