2004 3037
150 224 188 253 12
736 221 909 255 MYSthA
928 220 1169 254 THEOLOGIA.

149 289 265 318 tionum
284 289 388 319 divino
411 291 542 319 meretur
560 290 724 328 beneficio,
747 293 777 320 et
798 290 925 327 gratiam

148 336 377 365 asfluentissimae
399 336 543 372 largitatis
569 337 714 375 accipere,
736 340 771 366 ut
791 337 924 375 quoties-

148 390 278 419 cumque
291 383 366 418 vult,
379 383 466 420 quasi
479 383 543 412 sine
556 383 717 413 afflictione
731 384 926 422 inquietativa

148 437 272 458 suorum
291 430 510 458 desideriorum
527 430 646 460 dilectio
671 431 794 466 mentis,
807 433 841 459 ut
862 439 927 459 sur-

148 485 214 504 sum
228 477 366 510 ardenter
378 478 494 513 agatur,
509 477 646 513 afficitur,
655 480 726 506 tunc
739 478 837 514 ipsam
850 479 926 506 Deus

147 523 288 552 virtutum
297 524 487 561 spiritualiter
495 525 651 560 inhabitat,
665 533 728 553 non
744 528 845 553 tamen
859 526 927 552 actu

148 571 289 600 continuo
304 572 396 609 (quod
409 574 453 601 est
473 581 562 609 super
575 573 654 602 vires
672 573 852 601 conditionis
868 573 926 600 hu-

147 626 261 653 manm,
275 621 398 656 propter
411 619 575 648 laxationes
597 619 766 656 virtutum),
784 619 839 648 sed
857 627 926 647 con-

147 665 231 694 tinua
243 665 396 694 habilitate
414 668 514 694 motus
532 667 659 702 amoris,
679 667 846 695 secundum
859 666 927 695 libi-

147 713 211 740 tum
239 721 346 748 suurn,
376 713 510 742 eliciente
542 713 700 742 facilitatur
711 735 720 749 ‚
748 716 777 742 et
804 713 927 742 aflectus

147 759 243 787 motui
256 759 436 788 firmamenti
449 760 605 788 similatur.
618 761 700 788 Unde
715 761 768 797 qui
781 761 812 788 in
822 761 927 797 primis

147 806 228 834 lento
242 806 339 842 gradu
349 808 378 835 et
387 807 490 841 debili,
504 815 583 842 vago
594 809 621 835 et
633 807 734 844 tepido
749 807 789 835 ad
800 807 927 835 modum

148 853 301 881 testudinis
315 853 507 887 ambulabat,
520 862 600 882 nunc
613 853 762 882 currendo
776 854 926 888 :celeriten

148 900 189 928 ita
202 902 235 928 ut
256 903 371 928 montes
393 903 421 928 et
443 899 546 934 colles,
567 900 599 928 id
620 903 673 936 est,
688 900 846 936 dignitates
865 903 927 928 tam

149 946 359 975 ecclesiasticas
384 955 477 983 quam
500 947 668 976 mundanas
698 947 776 984 ipsas
799 947 927 984 vilipen-

149 993 250 1021 dendo
264 993 423 1029 transiliat,
440 996 469 1022 et
481 994 539 1022 hoc
551 997 594 1022 est
607 994 678 1030 quIa
692 994 723 1021 in
735 996 819 1030 parte
834 1002 927 1022 exau-

148 1039 210 1067 dita
223 1042 267 1068 est
280 1041 344 1076 ejus
357 1041 470 1077 petitio,
483 1049 551 1069 cum
566 1041 688 1069 interius
701 1048 774 1069 voce
785 1041 928 1078 suspirio-

147 1094 214 1114 rum
225 1086 388 1115 diutissime
399 1087 564 1123 proclamet
579 1088 620 1115 ita
633 1097 640 1115 :
659 1088 745 1115 Trahe
758 1095 800 1115 me
811 1091 874 1123 pose
889 1091 925 1115 te.

148 1133 223 1166 Quia
243 1141 314 1169 ergo
335 1135 426 1162 tracta
447 1135 490 1162 est
509 1133 548 1162 ab
573 1133 643 1168 illo,
665 1134 717 1170 qui
736 1133 818 1162 solus
831 1135 929 1170 potest

148 1180 244 1217 ipsam
259 1189 349 1217 supra
360 1189 390 1209 se
406 1181 582 1208 eminentius
596 1180 723 1215 elevare,
739 1180 822 1217 prius
836 1181 926 1216 lenta,

145 1227 209 1262 ,iam
232 1227 322 1255 currit
338 1228 369 1255 in
391 1227 517 1255 odorem
537 1230 760 1262 unguentorum
783 1235 927 1262 suorum,

149 1274 220 1310 quia
246 1274 388 1302 nimirum
417 1273 636 1302 ardentioribus
664 1273 834 1308 desideriis,
860 1274 928 1310 plus

148 1320 251 1355 solito,
275 1321 315 1349 ad
339 1321 441 1357 sponsi
463 1321 619 1357 amplexus
644 1320 782 1356 erigitur,
797 1321 868 1357 quia
889 1321 927 1349 de

148 1367 242 1396 xeniis
257 1368 436 1396 Hierusalem
457 1367 581 1395 civitatis
602 1375 737 1403 supernae
756 1367 843 1395 veluti
862 1368 928 1404 qui-

148 1413 277 1443 busdam
287 1415 371 1443 micis
383 1414 558 1442 cadentibus
570 1415 607 1442 de
620 1423 722 1442 mensa
735 1415 928 1444 dominorum

148 1469 286 1496 suorum,
314 1469 381 1497 quoe
408 1461 677 1497 experimentaliter
701 1465 928 1498 praecesserunt,

149 1507 326 1544 degustavit.
350 1508 424 1542 Quia
438 1516 509 1542 ergo
529 1516 589 1536 non
605 1510 718 1536 tantum
733 1517 842 1544 sponso
857 1517 928 1546 ape-

150 1555 217 1589 ruit,
233 1554 273 1582 ob
289 1555 374 1590 cujus
389 1562 522 1582 amorem
538 1555 692 1582 mundana
707 1555 817 1590 gaudia
832 1556 928 1592 ipsam

149 1601 334 1629 obfuscantia
355 1601 561 1629 conculcando
581 1602 708 1638 respuit;
731 1602 782 1629 sed
799 1603 927 1638 pulsanti

149 1647 188 1675 ad
207 1648 325 1682 ostium,
343 1648 471 1684 cupienti
490 1648 622 1682 introire,
642 1648 673 1675 in
690 1656 845 1676 occursum
861 1658 927 1685 per-

150 1695 223 1722 rexit
248 1695 301 1730 (11),
330 1694 360 1721 in
384 1694 554 1722 affectiones
581 1695 781 1729 flammigeras
806 1704 928 1723 consur-

150 1740 266 1776 gendo,
283 1741 334 1776 qui
350 1748 410 1768 non
434 1743 555 1777 propter
575 1741 720 1776 seipsum,
737 1742 789 1769 sed
808 1745 929 1778 propter

150 1788 246 1823 ipsam
265 1787 402 1815 intrando
424 1786 582 1821 inhabitat,
601 1787 701 1815 cibum
718 1788 821 1816 solidze
840 1789 928 1816 allec-

150 1834 237 1862 tionis
251 1836 413 1870 apportans
437 1836 468 1861 ut
489 1836 584 1862 coenet
599 1842 667 1861 cum
682 1842 717 1862 ea
729 1856 737 1869 ,
753 1838 780 1862 ct
802 1836 866 1871 ipsa
879 1844 928 1863 se-

149 1889 227 1909 cum.
243 1882 288 1909 Sic
303 1882 382 1909 enim
401 1882 431 1909 in
446 1882 512 1909 loco
526 1882 668 1910 continuo
684 1883 789 1910 mobili
803 1882 928 1910 dilectus

149 1929 316 1964 requiescit.

185 1976 322 2011 Sequitur
342 1975 379 2003 de
402 1975 484 2003 tertia
505 1976 702 2012 proprietate,
721 1977 836 2004 diversis
855 1977 928 2004 side-

150 2023 225 2050 ribus
240 2022 413 2050 adornatum.
431 2023 504 2050 Cum
523 2023 602 2050 enim
622 2023 742 2050 virtutes
763 2024 928 2051 efficaciore

151 2069 274 2103 virtute,
298 2069 359 2096 sive
383 2069 572 2105 purgatiore,
598 2069 770 2105 indigeant,
793 2070 929 2098 nondum

152 2116 235 2152 plene
259 2116 383 2144 floridus
411 2118 439 2144 et
466 2116 626 2152 praeclarus
650 2107 774 2144 dilect‘us
800 2121 930 2146 mentem

151 2163 305 2195 inhabitat,
328 2171 396 2190 cum
422 2163 602 2191 inordinatio
629 2164 748 2197 virium,
773 2166 800 2191 et
822 2165 929 2192 inimo-

151 2208 233 2236 desta
261 2209 415 2236 delectatio
445 2218 602 2243 sensuum,
632 2214 762 2237 mentem
790 2211 930 2238 nubilosa

152 2255 277 2290 caligine
305 2256 519 2289 obtenebrent3
551 2259 577 2283 et
606 2256 676 2292 quia
705 2256 802 2292 lippos
831 2257 930 2285 adhuc

151 2302 240 2329 habet
255 2302 373 2336 oculos,
387 2310 449 2330 non
467 2305 508 2329 est
527 2306 646 2338 accepta
667 2303 838 2338 acceptione
863 2312 926 2339 gra-

153 2348 263 2376 tissima
281 2351 390 2376 aeterno
404 2349 494 2377 Jacob
507 2370 515 2383 ,
534 2349 583 2384 qui
607 2351 680 2376 Dens
704 2349 861 2378 altissimus
876 2353 928 2385 cst,

152 2395 236 2430 cujus
250 2395 378 2431 pedibus
393 2396 493 2423 omnia
512 2399 579 2423 sunt
597 2396 729 2430 subjecta
741 2418 749 2430 ‚
766 2399 796 2423 ut
811 2396 850 2424 ab
865 2397 930 2432 ipso

153 2441 181 2468 in
207 2441 348 2477 copulam
376 2442 612 2478 desponsationis
636 2443 823 2470 individuam
849 2451 930 2471 assu-

153 2491 258 2515 matur.
273 2489 389 2522 Quare?
404 2489 475 2525 quia
487 2488 568 2516 nulla
584 2489 790 2516 convenientia
805 2489 877 2517 lucis
891 2490 930 2517 ad

153 2535 298 2563 tenebras.
334 2535 391 2563 Sed
428 2544 496 2563 cum
529 2536 648 2563 virtutes
680 2540 747 2564 sunt
779 2540 910 2573 purgatae
921 2559 930 2572 ‚

153 2580 264 2608 lumine
283 2582 424 2610 virtutum
443 2582 579 2617 clariori,
595 2582 633 2610 ab
649 2583 781 2611 interiori
800 2584 930 2611 immun-

190 2654 221 2674 fl]
238 2647 397 2670 1¹0rrexit.—
419 2648 439 2677 ἰ)
457 2649 516 2672 strl.
528 2648 587 2670 rdet,
604 2649 669 2672 ilum-e
681 2656 824 2679 quan—gs)
835 2650 873 2673 Al.
887 2651 930 2674 Se-

155 2680 220 2705 deat.
239 2696 255 2699 -
272 2682 306 2712 (d)
316 2683 434 2707 iud-ntur.
448 2698 470 2700 -κ
486 2684 515 2714 μ’]
529 2687 701 2714 acceptantes.
713 2698 744 2702 —
755 2686 787 2714 (f)
799 2686 874 2709 mal-:-

979 289 1062 324 ditia,
1074 291 1108 318 ut
1119 296 1206 318 mens
1218 289 1361 319 virutum
1372 290 1535 328 splendore
1547 290 1671 328 fulgeat,
1682 291 1761 322 aaut

978 336 1201 364 firmamentum
1221 335 1370 366 sideribus
1388 337 1573 374 resplendet,
1588 337 1631 366 ita
1649 340 1684 367 ut
1699 347 1760 369 snm

978 382 1180 411 irradiationis
1203 382 1334 412 claritate
1361 383 1537 421 multiplici,
1563 386 1592 413 et
1616 384 1760 421 dignitate

980 429 1025 457 sui
1050 429 1173 458 luminis
1201 432 1324 467 aspectu
1346 431 1449 468 sponsi
1471 431 1512 460 ad
1537 431 1583 459 sui
1607 431 1761 468 placidam

981 476 1222 513 conspectionem
1235 479 1428 514 promoveat,
1447 479 1480 506 ut
1501 478 1592 506 etiam
1609 478 1762 508 luminosa

981 523 1081 559 gratiae
1094 525 1123 551 et
1141 523 1284 552 virtutum
1303 523 1335 552 in
1347 527 1447 552 mente
1460 525 1658 562 multiplicata
1672 525 1760 554 clari-

979 572 1055 605 tate,
1069 569 1205 607 placidas
1222 570 1351 599 exterius
1370 570 1403 599 in
1423 574 1585 608 conspectu
1602 572 1760 600 bominum

979 617 1067 646 faciat
1083 625 1245 654 apparere,
1260 619 1289 646 et
1309 618 1352 646 sic
1374 613 1473 655 ipsum
1492 618 1635 647 dilectum
1652 618 1760 648 altissi-

981 672 1065 692 mum
1086 664 1118 692 in
1140 672 1196 692 suo
1218 664 1326 693 decore
1347 665 1412 701 Jam
1430 667 1592 702 provocat,
1617 667 1649 694 ut
1663 666 1760 702 ipsam

979 710 1155 740 familiarius
1165 711 1331 740 inhabitare
1345 711 1493 747 dignetur.
1507 712 1594 747 Quod
1609 712 1667 741 cito
1681 720 1762 741 asse·

982 758 1091 794 quitur,
1111 766 1180 786 cum
1198 758 1261 795 ipse
1277 758 1402 786 dilectus
1419 758 1500 787 istud
1518 759 1647 795 amplius
1668 767 1760 800 quam

981 805 1045 841 ipsa
1060 805 1217 840 desideret,
1232 808 1265 834 ut
1278 804 1360 842 prius
1372 805 1521 840 mendica,
1532 805 1624 834 modo
1637 805 1742 841 regina
1749 815 1758 841 ;

981 860 1048 888 quae
1060 852 1094 888 (b)
1105 853 1188 888 prius
1201 852 1363 880 mundanis
1377 852 1493 882 deliciis
1510 852 1622 881 intenta
1637 852 1760 881 misera-

981 899 1080 927 biliter
1093 899 1217 927 sedebat
1229 899 1262 936 (c)
1278 899 1319 928 ad
1331 899 1490 935 sinistram,
1504 899 1600 928 modo
1619 898 1761 928 transfor-

982 945 1113 974 matione
1121 946 1232 974 amoris
1240 948 1369 974 transeat
1375 945 1415 974 ad
1423 946 1588 981 dexteram3
1598 954 1666 983 qum
1672 946 1762 974 etiam

982 993 1064 1028 prius
1071 993 1215 1020 offuscata
1229 993 1400 1021 etinvoluta
1414 995 1537 1029 peccato
1551 992 1688 1027 levitatis,
1699 1000 1763 1021 mo-

982 1039 1022 1068 do
1031 1039 1235 1077 pretiosissimi
1245 1039 1356 1068 amoris
1365 1047 1439 1068 auro
1450 1042 1562 1068 textum
1571 1039 1712 1068 induatur
1720 1039 1759 1075 (d)

982 1087 1200 1122 vestimentum;
1216 1087 1298 1123 prius
1306 1086 1430 1115 sordida
1438 1086 1563 1115 diversis
1571 1086 1660 1122 vitiis,
1668 1085 1761 1115 modo

981 1133 1114 1162 formosa
1127 1133 1268 1161 virtutum
1285 1133 1461 1169 fulgentium
1484 1133 1643 1170 multiplici
1660 1132 1761 1162 colore

981 1180 1126 1215 refulgeat
1147 1180 1178 1208 iu
1201 1182 1333 1215 tantum,
1354 1182 1387 1208 ut
1408 1180 1626 1217 paranymphi,
1648 1179 1680 1208 id
1699 1181 1762 1214 est,

983 1227 1068 1255 amici
1083 1227 1200 1263 sponsi,
1213 1227 1322 1255 scilicet
1339 1227 1453 1262 angeli,
1474 1227 1683 1264 purgationem
1700 1227 1762 1255 vic-

983 1274 1124 1302 toriosam
1135 1276 1318 1310 aspectantes
1328 1274 1370 1310 (e),
1385 1273 1486 1302 dicant
1499 1282 1610 1310 sponso
1621 1274 1644 1302 ¹:
1659 1275 1763 1302 Ascitit

983 1321 1086 1355 neqe‘na
1099 1329 1116 1347 a
1131 1321 1235 1348 dextris
1249 1322 1305 1348 tuis
1320 1322 1350 1347 in
1362 1322 1461 1348 vestitu
1475 1321 1618 1349 deaurato.

1272 1401 1357 1424 Prima
1373 1401 1472 1432 petitio.

1019 1463 1140 1497 Captata
1159 1461 1387 1496 benevolentia,
1403 1461 1542 1490 subditur
1556 1461 1594 1489 de
1613 1461 1762 1498 petitioni-

983 1509 1049 1536 bus.
1079 1508 1268 1543 Sanccificetur
1294 1516 1389 1536 nomen
1417 1512 1503 1535 tuum.
1529 1508 1647 1544 Septem
1670 1507 1762 1545 petit,

983 1563 1113 1591 quorum
1131 1554 1230 1590 prima
1246 1557 1374 1590 quatuor
1387 1554 1460 1583 boni
1479 1554 1688 1591 adeptionem,
1703 1554 1763 1582 alia

984 1602 1053 1629 mali
1068 1601 1264 1629 remotionem
1278 1601 1448 1637 respiciunt.
1468 1601 1564 1629 Primo
1588 1601 1669 1629 enim
1691 1601 1763 1637 petit

983 1649 1035 1676 illa
1049 1651 1188 1684 quatuor,
1202 1650 1235 1675 ut
1253 1647 1395 1675 dilectum
1417 1655 1504 1675 suum
1527 1647 1589 1675 siue
1613 1648 1762 1676 contrario

984 1695 1150 1723 retardante
1168 1694 1317 1731 possideat
1329 1705 1337 1729 ;
1353 1694 1501 1728 secundo,
1516 1697 1547 1722 ut
1566 1702 1628 1722 non
1637 1715 1646 1729 ‚
1662 1695 1693 1722 in
1708 1694 1762 1722 ali-

985 1750 1046 1778 quo
1060 1750 1090 1770 se
1115 1742 1292 1778 obliquans,
1308 1741 1416 1769 limites
1437 1741 1610 1777 regularum
1632 1741 1763 1770 veritatis

987 1789 1140 1823 transiliam
1159 1789 1260 1823 tertio,
1274 1792 1305 1816 ut
1330 1789 1392 1825 ipse
1412 1788 1598 1816 beatissimus
1616 1796 1679 1816 non
1699 1791 1763 1816 tan-

985 1839 1048 1863 tum
1062 1836 1118 1863 sibi
1133 1835 1164 1863 id
1180 1835 1262 1872 quod
1277 1836 1342 1872 ipsa
1355 1835 1456 1869 sentit,
1472 1835 1525 1863 sed
1541 1835 1682 1863 omnibus
1696 1835 1762 1863 aliis

985 1882 1190 1919 peccatoribus
1213 1890 1266 1918 per
1289 1882 1380 1918 ipsius
1409 1882 1646 1910 misericordiam
1673 1882 1760 1910 inno-

985 1932 1089 1964 tescat:
1105 1931 1228 1965 quarto,
1243 1931 1275 1956 ut
1289 1929 1319 1956 in
1335 1929 1499 1956 consecutis
1513 1928 1551 1956 ab
1567 1928 1631 1964 ipso
1647 1928 1744 1956 benefi
1757 1944 1762 1949 ·

986 1976 1055 2010 ciis,
1070 1984 1124 2012 per
1143 1975 1236 2011 ipsius
1254 1975 1499 2003 manuductivam
1519 1975 1764 2003 sustentationem

985 2022 1208 2050 inavertibiliter
1234 2022 1264 2049 in
1292 2021 1434 2049 omnibus
1459 2023 1637 2058 perseveret.
1665 2021 1763 2049 Primo

986 2070 1037 2105 (ut
1052 2069 1164 2096 dictum
1179 2069 1240 2103 est)
1254 2068 1396 2096 vocabuli
1411 2068 1577 2104 proprietas
1591 2068 1764 2102 assumitur,

986 2115 1025 2144 ad
1039 2123 1159 2144 sensum
1178 2115 1377 2150 anagogicum
1396 2114 1600 2143 transferendo
1620 2119 1742 2142 sanctum
1754 2135 1763 2148 ‚

987 2165 1014 2190 et
1033 2162 1114 2190 idem
1138 2165 1181 2190 est
1206 2161 1289 2198 quod
1314 2162 1376 2189 sine
1399 2164 1486 2189 terra.
1507 2162 1572 2189 Sine
1592 2163 1671 2189 terra
1692 2168 1763 2195 ergo

987 2209 1130 2237 efficiatur
1144 2216 1255 2236 nomen
1270 2211 1354 2235 tuum
1368 2207 1399 2235 in
1413 2215 1479 2241 me,
1495 2207 1578 2243 quod
1596 2215 1707 2235 nomen
1721 2209 1764 2234 est

987 2256 1131 2284 mirabiie.
1147 2255 1228 2282 tjnde
1247 2255 1280 2282 in
1297 2254 1374 2282 libro
1388 2254 1515 2281 Indicum
1530 2254 1654 2282 dicitur²
1669 2264 1675 2282 :
1691 2256 1765 2288 Quid

987 2306 1085 2340 quaeris
1111 2311 1202 2330 nomen
1230 2311 1336 2333 meum,
1359 2302 1430 2337 qnod
1458 2305 1496 2329 est
1521 2303 1665 2330 mirabile?
1685 2304 1764 2331 Tunc

987 2352 1066 2379 enim
1089 2349 1248 2378 mundanis
1271 2348 1384 2376 deliciis
1406 2348 1651 2384 deturpantibuS,
1667 2352 1694 2378 et
1710 2350 1764 2378 im-

988 2399 1059 2425 buta
1067 2396 1187 2425 terrenis
1197 2395 1352 2423 desideriis
1367 2396 1467 2422 anima
1482 2395 1564 2423 malo
1573 2397 1605 2430 (s)
1616 2396 1719 2424 vivens
1733 2397 1763 2424 in

988 2452 1107 2478 amore,
1123 2442 1366 2479 tranquillitatem
1390 2449 1525 2469 serenam
1546 2442 1695 2477 ingentem
1719 2442 1764 2470 in-

987 2491 1133 2525 telligere,
1147 2489 1245 2517 cordis
1268 2489 1398 2516 laetitiam
1413 2496 1467 2515 nec
1488 2489 1594 2516 sentire
1617 2488 1763 2517 ullatenus

987 2539 1096 2573 potuit,
1113 2537 1183 2572 quia
1197 2538 1257 2563 crat
1272 2535 1380 2569 homo,
1397 2537 1424 2562 et
1439 2543 1501 2562 non
1516 2536 1590 2562 Deus
1601 2556 1608 2569 ,
1625 2536 1761 2571 carnalis,

988 2586 1015 2611 et
1039 2591 1100 2611 non
1124 2583 1264 2610 divinus:
1281 2589 1382 2609 amore
1407 2581 1578 2616 deificante,
1595 2584 1637 2609 est
1651 2582 1690 2610 ab
1711 2582 1763 2610 ho-

1041 2682 1108 2707 l'ctil.
1125 2687 1195 2711 κων,
1212 2683 1247 2705 10.
1259 2693 1290 2698 -
1303 2681 1416 2711 'huba-7
1433 2687 1489 2711 xm,
1508 2682 1543 2705 ts.
