2004 3037
110 2031 181 2051 Forti-

77 2061 129 2082 tudo
142 2063 181 2082 tri-

77 2093 118 2113 bus
129 2100 182 2119 prez-

77 2124 140 2150 cipue
151 2126 181 2145 si-

76 2155 180 2177 milisest.

205 108 264 141 302

200 177 336 206 muratur
351 176 500 213 praecipue
515 175 554 205 ab
569 182 606 205 ea
625 175 720 212 parte,
737 172 808 211 ''quoe
825 172 923 209 magis
942 175 986 202 est

200 223 336 260 infirma3
355 223 397 252 sic
415 223 610 260 temperantia
624 221 721 250 munit
738 222 869 250 castrum
885 220 984 249 homi-

199 270 246 299 nis
267 279 304 299 ex
325 273 408 307 parte
429 271 525 306 magis
548 269 684 304 infirma,
708 267 819 297 scilicet
841 276 879 296 ex
901 269 983 304 parte

202 317 346 354 corporis.
362 316 435 345 Dicit
449 317 567 346 enim¹:
583 318 706 353 Spiritus
721 315 829 352 quidem
841 317 984 351 promptus

200 366 256 397 est,
282 371 342 392 caro
365 366 456 392 autem
479 366 600 400 infirma.
624 365 697 393 ltem
718 361 914 399 temperantia
941 363 984 389 est

200 410 326 448 quidam
345 411 444 440 honor
463 412 522 440 Deo
545 410 727 445 assimilans,
749 409 874 446 quidam
896 407 984 436 valor

200 460 332 486 mentem
353 457 568 494 magnificans,
592 460 621 486 et
644 457 770 494 quidam
798 456 887 484 dolor
913 455 983 483 hos-

199 506 258 533 tem
281 504 474 534 mortificans.
498 507 546 534 Est
567 505 648 533 enim
668 503 862 540 temperantia
885 502 983 530 honor

199 552 324 589 quidam
339 554 398 581 Deo
413 553 581 582 assimilans
596 562 604 580 ε
622 554 690 580 Deus
704 551 785 580 cnim
801 553 839 579 est
855 551 982 586 spiritus,

199 602 232 628 ut
258 599 364 628 dicitur
390 600 422 628 in
449 601 550 628 Ioanne
560 599 580 627 ².
608 597 816 636 Temperantia
843 605 915 625 vero
941 599 983 625 est

200 646 286 683 quasi
300 647 400 675 nutrix
413 647 584 684 spiritualis,
599 654 666 683 quae
682 645 811 674 ablactat
824 644 903 673 filios
922 643 982 679 Dei,

201 695 229 722 ct
242 693 311 722 facit
326 694 363 722 de
378 693 550 722 carnalibus
564 692 743 730 spirituales,
764 693 793 720 et
811 691 853 719 sic
869 691 983 719 assimi-

200 739 241 768 lat
261 741 336 776 Deo,
356 741 441 777 juxta
461 740 561 769 illud⁸
578 749 585 768 :
605 741 776 775 Incorruptio
795 740 865 773 facit
883 740 982 774 proxi-

201 795 271 816 mum
289 788 352 816 Deo.
371 789 419 816 Est
433 788 514 816 enim
530 786 725 824 temperantia
741 786 827 814 valor
845 785 980 822 quidam,

200 837 331 863 mentem
350 834 544 871 magnificans
560 844 567 862 :
587 842 659 863 nam
678 833 752 862 sicut
766 832 850 861 valor
866 832 983 867 magni-

200 881 268 910 ficat
281 890 399 917 aurum,
419 881 460 910 sic
479 881 674 918 temperantia
690 879 863 915 magnificat
881 880 909 906 et
927 878 983 906 im-

199 928 387 965 pretiabilem
422 928 492 957 facit
528 928 682 956 hominem
719 927 916 962 temperatum
956 927 983 953 et

200 977 324 1011 castum,
340 975 412 1012 quia
427 975 553 1004 dicitur*
569 983 576 1003 :
591 976 652 1003 Non
667 977 706 1002 cst
722 974 807 1008 (liqna
819 972 982 1008 ponderatio

200 1025 298 1051 antmoe
317 1024 489 1051 continentis.
511 1024 557 1050 Est
575 1021 662 1057 igitur
680 1019 875 1057 temperantia
895 1019 982 1047 dolor

200 1069 324 1106 quidam
338 1069 454 1098 hostem
471 1068 652 1097 mortificans
667 1077 673 1095 :
693 1066 833 1095 diabolus
852 1067 931 1094 enim
948 1066 982 1094 li-

199 1116 304 1144 benter
318 1117 441 1153 quiescit
459 1118 486 1144 et
501 1115 612 1144 dormit
626 1117 655 1142 in
673 1115 738 1142 Iocis
753 1114 932 1145 humentibus,
951 1113 981 1141 id

200 1166 251 1199 est,
269 1163 455 1201 voluptuosis
473 1162 657 1196 hominihus,
679 1164 711 1190 ut
730 1161 836 1189 dicitur
852 1161 882 1189 in
899 1162 946 1189 Job
960 1162 980 1189 ⁶.

198 1211 403 1248 Temperantia
421 1219 492 1239 vero
512 1211 596 1247 ponit
614 1210 712 1246 ipsum
734 1209 764 1236 in
783 1208 868 1236 arido
889 1208 982 1244 perni-

199 1259 306 1294 tentiae,
324 1258 376 1287 ubi
393 1266 446 1286 non
462 1260 565 1286 invenit
585 1258 704 1292 requiem
719 1266 724 1284 :
742 1258 770 1284 et
786 1256 827 1283 sic
846 1256 982 1283 interficit

198 1306 246 1334 vel
259 1305 342 1342 fugat
356 1305 481 1338 hostem,
498 1304 570 1341 quia
583 1304 689 1331 dicitur
700 1304 709 1319 ⁰
723 1312 729 1330 z
747 1304 811 1331 Cum
826 1303 981 1330 immundus

197 1355 314 1390 spiritus
328 1354 427 1381 exierit
441 1353 474 1380 ab
489 1353 606 1386 homine,
621 1352 741 1378 ambulat
753 1358 802 1386 per
817 1351 873 1377 loca
887 1350 980 1384 arida,

199 1408 318 1435 quoerens
334 1401 463 1435 requiem,
484 1403 508 1426 et
525 1407 577 1426 non
592 1399 705 1425 iriuenz‘t.
724 1398 800 1425 Loca
814 1396 899 1424 arida
913 1399 980 1424 sunt

198 1447 335 1476 homines
349 1446 452 1481 sobrii,
466 1446 495 1473 in
508 1445 619 1482 quibus
630 1444 765 1480 requiem
779 1452 841 1471 non
856 1443 978 1478 invenit,

199 1495 270 1531 quia
284 1495 314 1522 in
329 1493 436 1522 talibus
450 1500 512 1521 non
527 1491 627 1520 sternit
644 1491 752 1519 lectum
767 1489 980 1527 voluptuosum

197 1541 319 1579 peccati.

433 1622 457 1655 C
469 1622 497 1654 A
508 1621 534 1654 Ρ
544 1620 574 1654 U
584 1620 611 1653 T
648 1619 677 1653 V
689 1619 739 1652 11.

471 1700 505 1727 De
526 1698 705 1726 roi-titudine.

234 1777 384 1806 Fortitudo
408 1779 451 1804 est
469 1775 592 1803 firmitas
611 1773 701 1801 animi
725 1775 828 1800 contra
849 1771 975 1799 molesta

198 1824 314 1858 soeculi,
339 1826 371 1852 ut
397 1823 467 1851 dicit
491 1822 592 1850 Glossa
621 1827 710 1856 super
738 1819 906 1846 Matthoeum.
938 1819 975 1845 De

197 1872 367 1901 fortitudine
383 1873 454 1899 nota
474 1868 640 1906 specialiter
660 1867 729 1900 tria,
745 1867 855 1894 scilicet
870 1869 976 1902 typum

198 1919 284 1948 valde
312 1918 470 1955 pulchrum
486 1939 494 1952 ‚
520 1918 639 1952 partum
666 1913 754 1942 valde
779 1913 924 1949 dignum,
951 1915 978 1941 ct

196 1966 324 1994 fructum
337 1965 425 1993 valde
436 1965 562 1992 bonurn.

234 2014 330 2042 Primo
346 2013 435 2048 igitur
450 2011 542 2039 virtus
562 2009 741 2038 fortitudinis
763 2008 854 2036 hahet
873 2010 976 2044 typum

197 2060 406 2096 multiplicem,
421 2060 448 2086 et
462 2057 688 2085 szmilitudinem
702 2055 878 2091 elegantem.
891 2057 977 2082 Com-

196 2110 317 2144 paratur
338 2109 436 2135 autem
461 2104 625 2142 specialiter
650 2103 757 2137 tribuS,
780 2102 889 2129 scilicet
913 2102 974 2129 sor-

197 2155 278 2189 naci,
301 2163 366 2190 quae
388 2153 493 2188 probat
514 2159 639 2184 aurum3
656 2149 764 2183 radici,
789 2157 855 2185 quze
878 2151 976 2184 portat

196 2201 326 2236 liguum;
343 2203 371 2227 ct
384 2200 498 2233 loricae,
511 2206 582 2234 quie
599 2199 677 2225 vetat
698 2196 797 2223 ictum.
815 2197 861 2223 Est
876 2195 975 2231 itaque

196 2247 337 2276 fortitudo
359 2247 433 2274 sicut
456 2246 560 2273 fornax
575 2266 582 2279 ,
605 2251 711 2271 aurum
733 2242 865 2278 probans
882 2251 888 2268 :
905 2250 975 2269 nam

197 2294 271 2323 sicut
284 2294 390 2322 fornax
404 2293 501 2320 reddit
516 2299 621 2319 aurum
639 2290 786 2324 lucidum,
804 2289 844 2316 sic
860 2289 974 2316 fortitu-

198 2341 275 2369 dinis
290 2341 381 2368 virtus
401 2339 468 2367 iacit
491 2339 644 2366 hominem
665 2337 823 2364 honestum
840 2338 867 2363 et
883 2335 973 2362 dcco-

197 2397 273 2417 rum.
298 2389 371 2416 Nam
395 2386 432 2414 de
456 2385 563 2413 talibus
590 2384 695 2411 dicitur
717 2384 726 2400 ⁷
749 2392 755 2410 ε
779 2382 921 2410 Fortitudo
949 2385 974 2409 ec

198 2436 275 2463 decor
290 2435 475 2462 indumentum
490 2432 555 2466 ejus.
572 2433 605 2459 Et
625 2432 699 2458 sicut
713 2430 819 2458 fornax
835 2428 972 2464 quaedum

232 2511 239 2526 ¹
256 2508 355 2538 Mauo„
371 2507 535 2532 xxv1.lit.—·
551 2505 561 2521 ‘¹
574 2505 656 2534 loom,
673 2510 708 2531 lv.
723 2505 762 2527 24.
778 2515 808 2521 —
822 2502 833 2518 ³
851 2502 921 2532 Sap„
938 2507 972 2529 vi,

198 2548 236 2570 20.
249 2559 274 2562 -
292 2546 300 2559 ⁴
311 2544 401 2573 Eccli„
415 2548 485 2571 XXVI,
498 2543 536 2566 20.
548 2554 578 2558 —
590 2541 599 2557 ⁵
612 2539 665 2568 Jub,
683 2545 731 2569 XL,
751 2540 786 2563 16,
800 2550 830 2556 -
846 2538 854 2551 ⁵
871 2537 969 2565 Mutat„

198 2588 246 2613 xii,
260 2583 297 2607 43.
308 2595 338 2600 —
348 2581 357 2598 Ἴ
368 2581 452 2610 Ρι·ου.,
467 2583 542 2607 xxxi,
557 2577 596 2601 25.
610 2589 640 2594 —
653 2578 661 2591 ⁸
672 2575 758 2605 Cant„
772 2581 796 2606 v,
809 2576 832 2598 ὓ.
847 2585 875 2591 -
886 2575 894 2587 ·-”
906 2573 972 2603 Ace„

742 141 744 146 ,
767 104 909 138 mAETAE
930 103 1098 139 SALUTIS
1119 105 1197 138 TIT.
1222 104 1258 138 V.

1040 173 1164 202 metalla
1176 173 1276 202 reddit
1293 173 1409 210 solida,
1425 175 1454 203 et
1467 174 1607 212 quadam
1623 175 1761 214 liqtrida;
1776 177 1819 206 sic

1040 220 1130 250 virtus
1144 220 1326 250 fortitudinis
1339 221 1433 250 corda
1453 220 1523 250 facit
1535 229 1616 250 nunc
1633 222 1732 253 solida
1745 231 1819 253 con-

1039 269 1085 296 tra
1097 268 1305 304 tentationem,
1323 276 1403 296 nunc
1422 267 1541 305 liquida
1559 277 1613 306 per
1636 271 1819 307 compassio-

1039 322 1124 350 nem,
1139 322 1220 344 nune
1233 315 1335 344 rorida
1359 323 1414 352 per
1433 315 1636 345 devotionem.
1650 317 1724 345 Nam
1745 317 1819 347 dici-

1039 363 1088 389 tur
1098 361 1110 379 ⁸
1122 370 1130 390 z
1141 363 1245 390 Anima
1258 370 1318 390 mea
1333 363 1481 398 liquefacta
1495 365 1548 395 est,
1563 363 1726 392 *ut-dilectus
1745 372 1818 394 meus

1040 409 1143 437 locutus
1165 411 1215 437 est.
1240 410 1272 437 Et
1293 408 1369 437 sicut
1391 409 1422 437 in
1445 409 1567 438 fornace
1589 417 1718 446 magnus
1731 409 1820 440 ssatus

1039 454 1157 484 follium
1176 457 1219 484 est
1237 455 1275 492 (a)
1301 463 1446 491 magnum
1469 455 1546 491 ignis
1569 456 1762 492 incendium;
1777 458 1819 486 sic

1039 501 1117 538 ignis
1135 501 1316 531 fortitudinis
1339 502 1439 531 solum
1464 505 1507 532 est
1526 503 1556 531 in
1576 503 1649 539 illis,
1664 504 1696 532 in
1710 503 1820 541 quibus

1040 551 1083 577 est
1096 548 1184 578 ssatus
1199 549 1306 578 divinae
1321 549 1522 586 inspirationis
1532 570 1542 585 ,
1556 553 1585 578 et
1597 550 1760 580 vehemens
1773 552 1819 580 in·

1039 595 1180 624 cendium
1195 597 1353 625 charitatis.
1370 599 1402 626 Et
1414 597 1444 625 in
1458 596 1556 632 figura
1571 597 1660 633 hujus
1674 598 1820 627 adventus

1039 642 1162 679 Spiritus
1176 643 1270 672 sancti
1285 651 1375 680 super
1388 643 1547 681 Apostolos
1556 666 1564 679 ,
1580 644 1633 673 ubi
1647 645 1702 674 fuit
1716 645 1758 674 eis
1769 645 1820 674 da·

1040 691 1086 718 tus
1101 689 1140 718 ad
1160 690 1255 718 robur
1273 690 1434 727 spiritualis
1447 691 1578 726 virtutis,
1592 691 1647 720 fuit
1662 692 1673 709 ⁹
1688 695 1820 728 tanquam

1039 736 1209 765 advenientis
1232 737 1268 773 (b)
1289 739 1405 773 spiritus
1425 738 1606 772 vehementis,
1621 741 1654 767 ut
1667 739 1774 768 dieitur
1789 740 1820 768 in

1041 784 1155 811 Actibus
1177 783 1380 819 Apostolorum.
1403 785 1451 812 Est
1473 785 1562 813 etiam
1581 784 1724 822 tortitudo
1745 786 1821 815 sicut

1038 829 1142 865 radix,
1157 829 1274 866 lignum
1289 830 1338 858 vel
1350 830 1491 859 arborem
1504 833 1627 868 portans
1640 841 1649 859 ε
1662 839 1734 861 nam
1745 833 1820 862 sicut

1038 876 1125 904 radix
1139 878 1239 913 portat
1252 877 1373 913 pondus
1387 877 1519 912 arboris,
1530 879 1559 906 et
1572 877 1709 914 frondes,
1719 878 1818 916 ssoreS,

1038 922 1149 952 fructus
1164 925 1192 952 et
1212 923 1300 959 solia;
1324 924 1364 952 sic
1384 924 1477 952 virtus
1499 923 1679 954 fortitudinis
1699 926 1821 956 sustinet

1039 971 1139 1000 omnia
1153 971 1236 1000 bona
1250 980 1342 1008 opera
1357 974 1385 1000 et
1398 972 1504 1001 merita
1519 975 1629 1002 nostra.
1647 973 1728 1002 Unde
1743 974 1818 1002 dici-

1039 1020 1086 1046 tur
1098 1019 1116 1035 ¹⁰
1132 1027 1138 1046 ε
1157 1019 1318 1053 Confortare
1331 1041 1340 1052 ,
1364 1022 1389 1047 et
1412 1022 1466 1047 esto
1486 1021 1619 1048 robustus.
1640 1023 1687 1049 Est
1709 1021 1818 1050 nihilo-

1039 1065 1137 1093 minus
1156 1066 1298 1094 sortitudo
1322 1065 1395 1094 sicut
1418 1066 1539 1101 thorax,
1554 1067 1603 1095 vel
1621 1067 1714 1096 lorica
1727 1068 1817 1096 ictum

1038 1115 1142 1140 vetans
1158 1122 1164 1140 :
1182 1121 1252 1141 nam
1273 1113 1347 1141 sicut
1368 1113 1474 1141 thorax
1490 1134 1499 1148 ,
1516 1113 1563 1141 vel
1584 1113 1697 1149 lorica,
1721 1117 1818 1143 servat

1038 1167 1147 1196 corpus
1173 1160 1212 1188 ab
1240 1160 1298 1188 ictu
1324 1159 1435 1195 gladii3
1455 1160 1496 1188 sic
1518 1161 1610 1188 virtus
1638 1161 1818 1190 fortitudinis

1038 1206 1165 1234 custodit
1179 1207 1311 1234 animam
1324 1215 1342 1234 a
1356 1207 1517 1235 tentatione
1533 1207 1664 1242 diaboli,
1679 1210 1708 1236 et
1723 1208 1818 1244 cujus-

1039 1260 1167 1289 cumque
1190 1253 1364 1281 adversarii.
1388 1255 1477 1281 Totus
1501 1254 1580 1282 enim
1602 1254 1733 1282 mundus
1755 1263 1817 1283 non

1039 1302 1208 1328 consternat
1220 1301 1255 1336 (r)
1271 1308 1365 1328 unum
1379 1300 1543 1335 hominem,
1558 1301 1589 1328 in
1603 1309 1664 1337 quo
1680 1305 1723 1330 est
1735 1302 1816 1330 forti-

1037 1346 1111 1374 tudo
1120 1347 1178 1382 Dei,
1190 1347 1264 1376 sicut
1274 1349 1362 1383 patet,
1372 1347 1456 1383 quod
1465 1347 1572 1384 puellae
1582 1348 1722 1384 virgines,
1733 1351 1814 1385 puta,

1037 1394 1194 1422 Catharina
1208 1415 1218 1428 ,
1242 1394 1356 1422 Caecilia
1372 1416 1380 1428 ,
1406 1397 1502 1430 Agnes
1517 1416 1526 1430 ‚
1551 1395 1658 1430 Lucia,
1683 1396 1813 1432 Agatha,

1037 1441 1180 1475 Barbara,
1199 1441 1287 1469 beata
1307 1441 1410 1476 Clara,
1427 1443 1455 1469 et
1477 1444 1586 1470 caeteroe
1605 1443 1752 1478 virgine5‚
1767 1451 1814 1471 re-

1037 1496 1088 1523 ges
1103 1491 1129 1516 et
1144 1491 1302 1525 tyrannos,
1319 1491 1345 1516 et
1361 1489 1463 1516 omnia
1477 1491 1692 1517 tormentorum
1705 1498 1815 1525 genera

1035 1536 1225 1572 superabant.
1242 1538 1297 1564 Nec
1314 1536 1435 1570 mirum,
1446 1536 1517 1573 quia
1531 1536 1672 1565 fortitudo
1687 1537 1740 1565 illa
1752 1545 1814 1566 non

1036 1582 1179 1618 hominis,
1196 1583 1249 1611 sed
1266 1583 1313 1611 Dei
1330 1586 1400 1611 erat.
1418 1584 1499 1612 Unde
1515 1583 1622 1612 dicitur
1637 1585 1655 1602 ¹¹
1675 1593 1682 1612 :
1699 1586 1736 1612 De
1751 1585 1814 1612 coeIo

1034 1631 1171 1663 fortitudo
1186 1633 1234 1658 est.

1071 1679 1140 1705 Item
1156 1677 1297 1705 fortitudo
1310 1678 1404 1705 trihus
1415 1677 1480 1705 aliis
1493 1680 1693 1714 comparatur,
1705 1678 1813 1706 scilicet

1034 1724 1138 1758 virgae,
1155 1732 1220 1759 quae
1242 1732 1303 1751 non
1327 1724 1514 1756 incurvatum
1532 1724 1629 1758 ferro,
1645 1725 1729 1760 quod
1751 1733 1813 1753 non

1034 1772 1208 1805 superatum
1225 1773 1252 1798 ct
1276 1773 1383 1806 petrae,
1405 1778 1471 1806 quie
1492 1778 1551 1798 non
1575 1771 1750 1806 perforatur.
1768 1773 1814 1800 Est

1035 1816 1133 1852 itaque
1160 1817 1302 1845 fortitudo
1332 1817 1435 1844 similis
1463 1817 1553 1851 virgae
1580 1817 1737 1846 inflexibili
1754 1828 1761 1846 ε
1785 1821 1813 1847 et

1034 1864 1100 1892 talis
1114 1865 1200 1901 virga
1211 1886 1220 1900 ‚
1238 1865 1286 1894 vel
1301 1865 1441 1900 baculus,
1455 1868 1497 1893 est
1519 1865 1608 1893 valde
1631 1866 1813 1894 necessarius

1033 1911 1271 1947 ambulantibus,
1287 1916 1315 1940 et
1334 1912 1528 1947 certantibus,
1543 1914 1570 1940 et
1586 1912 1811 1941 laborantibus:

1033 1958 1073 1985 sic
1089 1959 1230 1986 fortitudo
1253 1962 1294 1987 est
1311 1959 1395 1995 quasi
1418 1958 1544 1986 baculus
1558 1961 1585 1986 et
1599 1959 1683 1995 virga
1698 1959 1811 1988 inflexi-

1032 2005 1101 2033 bilis
1111 2027 1119 2040 ,
1133 2014 1199 2041 quoe
1222 2005 1309 2033 valde
1334 2009 1375 2033 est
1398 2005 1562 2033 necessaria
1577 2015 1583 2033 :
1598 2006 1669 2042 quia
1684 2006 1767 2034 locus
1781 2007 1811 2034 in

1032 2060 1093 2088 quo
1110 2061 1212 2080 sumus
1227 2055 1269 2080 est
1284 2053 1367 2080 locus
1382 2052 1565 2086 certaminis,
1583 2053 1666 2080 locus
1680 2053 1790 2081 itineris
1800 2075 1809 2088 ,

1033 2102 1060 2128 ct
1078 2100 1161 2128 locus
1182 2101 1312 2135 laboris3
1336 2104 1363 2129 et
1378 2102 1439 2129 thc
1458 2102 1511 2129 tria
1530 2101 1687 2129 hominum
1702 2109 1811 2136 genera

1032 2147 1165 2182 indigent
1185 2148 1351 2184 specialiter
1375 2148 1483 2176 baculo
1498 2147 1545 2175 vel
1561 2148 1654 2182 virga.
1679 2148 1747 2176 ldeo
1763 2148 1809 2176 di—

1032 2194 1106 2222 citur
1119 2193 1139 2211 ¹²
1155 2204 1161 2222 :
1183 2196 1267 2229 Vir-qa
1283 2198 1330 2222 tuci
1351 2198 1374 2222 et
1388 2196 1497 2222 baralus
1517 2198 1577 2222 tuus
1594 2196 1655 2229 ipsa
1670 2203 1709 2223 me
1723 2203 1810 2223 conso-

1032 2241 1089 2268 lata
1102 2245 1174 2268 sunt.
1192 2242 1239 2268 Est
1258 2242 1346 2269 etiaim
1359 2241 1501 2269 fortitudo
1515 2241 1617 2268 similis
1631 2240 1708 2269 ferro
1721 2241 1809 2269 indo-

1031 2287 1158 2315 mabili:
1180 2295 1250 2315 nam
1274 2288 1347 2315 sicut
1371 2287 1479 2315 ferrum
1501 2296 1561 2315 non
1584 2287 1740 2322 domatur,
1756 2288 1808 2316 sed

1031 2336 1189 2361 comminuit
1203 2337 1228 2362 et
1246 2335 1337 2361 domat
1355 2336 1444 2362 omnia
1461 2334 1594 2368 metalla,
1610 2337 1641 2362 ut
1656 2335 1762 2363 dicitur
1777 2335 1807 2362 in

1031 2382 1144 2408 Daniele
1161 2382 1201 2414 ¹³;
1222 2381 1262 2408 sic
1286 2381 1340 2408 viri
1361 2380 1448 2409 sortes
1472 2381 1546 2409 niori
1566 2384 1705 2417 possunt,
1729 2381 1806 2409 vinci

1032 2436 1103 2455 vero
1120 2436 1180 2456 non
1197 2430 1335 2464 possunt,
1352 2428 1412 2455 imo
1434 2428 1489 2464 ipsi
1512 2429 1613 2456 omnia
1634 2428 1760 2456 adversa
1779 2431 1807 2456 et

1032 2509 1059 2533 11,
1075 2505 1097 2527 2,
1110 2515 1139 2520 —-
1152 2503 1168 2516 '⁰
1181 2503 1241 2531 Jos.‚
1256 2508 1274 2532 1,
1288 2503 1310 2526 6.
1322 2515 1352 2520 ·-—
1368 2503 1383 2517 ¹¹
1399 2503 1406 2526 l
1422 2501 1546 2532 Machala„
1563 2508 1601 2532 ιιι,
1619 2503 1655 2526 19.
1667 2515 1698 2520 —
1710 2503 1726 2517 ¹²
1737 2503 1805 2527 Psoi.

1030 2543 1095 2568 xm,
1118 2539 1140 2562 -i.
1156 2551 1187 2556 —
1204 2538 1223 2553 ⁸³
1245 2538 1319 2566 Dum,
1346 2544 1374 2566 ιι,
1403 2540 1438 2562 50.
1455 2552 1485 2555 —
1504 2538 1537 2568 (α)
1561 2538 1620 2561 Coet.
1640 2538 1699 2562 edit.
1726 2541 1759 2563 et.
1778 2552 1802 2556 -

1031 2572 1064 2604 (b)
1081 2574 1143 2598 Coet.
1158 2573 1220 2598 edit.
1236 2573 1464 2605 adveniens—(c)
1479 2575 1538 2598 Item
1553 2574 1693 2599 concernit.
