2004 3037
253 186 311 218 142

247 252 288 281 ad
307 253 501 289 cogitandum
526 252 819 290 desiderandumque
836 261 917 283 nune
935 254 1025 289 istud,

247 307 326 328 nunc
335 300 421 328 illud.
435 301 553 336 Quarta,
565 308 652 328 amor
658 300 715 336 sui,
724 300 835 329 seilicet
844 309 906 338 quo
918 301 1026 338 aliquis

247 346 396 375 desiderat
418 346 541 383 longam
568 347 660 376 vitam
688 347 728 376 ad
749 348 826 383 hoo,
854 350 888 376 ut
910 349 1026 386 expleat

245 393 430 430 voluptatem
450 402 546 422 suam.
573 394 699 430 Quinta,
724 395 937 432 praecipitatio,
964 404 1026 432 qua

246 441 313 476 quis
334 440 551 477 praecipitanter
572 442 662 470 eurrIt
684 441 724 470 ad
748 442 933 478 peccandum
941 463 950 478 ‚
973 451 1024 471 ex-

243 494 360 523 ponens
381 495 413 516 se
437 488 573 524 periculo
597 489 702 517 mortis
725 491 848 526 propter
873 489 1025 518 luxuriam

243 533 422 563 faciendam.
437 535 532 571 Sexta,
548 535 652 563 odium
665 535 725 571 Dei,
742 536 813 572 quia
824 537 900 565 Deus
913 537 1025 565 abstra-

243 579 287 608 hit
300 588 330 609 se
344 581 382 609 ab
398 582 454 616 eis,
468 584 496 610 et
517 582 603 619 punit
617 590 668 610 eos
683 583 734 619 qui
749 585 914 620 sequuntur
927 583 1024 611 carnis

243 626 367 656 delicias
397 628 436 656 ad
469 636 544 665 quas
571 628 694 657 inclinat
721 629 848 657 luxuria.
879 630 1023 666 Septima,

243 673 364 702 aflectus
377 675 527 711 praesentis
547 675 664 711 saeculi,
679 675 789 704 scilicet
807 677 954 713 appetitus
967 677 1022 704 ho-

243 728 370 756 norum,
392 721 580 757 divitiarum,
602 722 754 758 sanitatis,
778 723 972 759 fortitudinis,
994 725 1024 752 et

242 766 435 804 hujusmodi,
460 776 514 805 per
536 777 601 805 quoe
623 769 793 798 luxuriosus
816 769 908 798 finem
934 778 1022 798 suum

243 816 442 852 consequitur.
466 817 574 845 Octava
595 819 638 845 est
661 817 828 853 desperatio
853 817 942 846 futuri
967 825 1021 846 soe-

244 862 317 897 culi,
348 871 414 899 quoe
443 864 485 891 est
510 863 676 892 diffidentia
704 864 824 899 gloriae,
853 864 900 892 vel
928 858 1022 893 venioe

242 909 483 946 consequendae,
509 912 536 938 et
564 910 627 939 haec
653 913 696 939 est
718 911 780 939 tilia
802 911 926 940 luxuriae
949 919 1022 939 con-

243 958 413 985 summane.

277 1003 404 1031 Luxuria
419 1005 506 1032 nocet
522 1003 734 1040 multipliciter.
759 1007 784 1032 l.
808 1006 866 1033 Deo
888 1008 930 1033 est
951 1013 1021 1033 eon-

240 1049 397 1078 tumeliosa
407 1071 416 1085 ,
430 1050 501 1087 quia
514 1051 659 1088 templum
674 1051 737 1086 ejus
751 1051 896 1088 inquinat.
916 1055 944 1081 ⁶2.
961 1054 1020 1080 0ae-

240 1098 380 1126 monibus
391 1098 500 1135 placita
515 1099 541 1126 ¹:
557 1099 699 1126 Behemoth
713 1099 814 1127 dormit
827 1101 857 1127 z'n
873 1101 946 1135 locis,
965 1103 1018 1128 etc.

239 1145 265 1172 3.
282 1145 420 1181 SubJecto
438 1145 561 1181 proprio
581 1146 688 1174 nociva
709 1148 719 1163 '³
742 1156 748 1174 ε
773 1147 827 1179 Qui
849 1148 1018 1182 fornicatur,

240 1193 270 1219 in
284 1200 389 1228 corpus,
402 1195 455 1220 etc.
473 1194 498 1220 4.
518 1193 687 1220 Proximum
703 1193 884 1220 scandalizat
895 1194 905 1211 ³
921 1202 928 1221 :
942 1194 1021 1221 Furti

241 1240 305 1266 estis
325 1241 524 1275 speculationi,
547 1243 572 1266 et
594 1243 650 1267 rete
673 1247 821 1274 expansum
843 1248 935 1275 super,
963 1243 1016 1267 etc.

241 1287 267 1312 5.
291 1285 427 1314 Animam
452 1285 605 1322 propriam
629 1286 750 1314 damnat
776 1287 785 1303 ³
808 1288 891 1315 :Non
913 1287 1017 1314 recedet

240 1332 348 1366 qladz‘us
369 1333 402 1360 cle
421 1332 498 1360 domo
514 1335 561 1359 tna
576 1341 585 1359 :
604 1333 661 1360 hoc
676 1333 788 1360 dictum
803 1333 857 1361 suit
871 1333 909 1361 ad
925 1333 1018 1361 David

239 1381 362 1415 propter
375 1381 529 1415 peccatum
546 1379 579 1414 (a)
596 1379 764 1407 Bethsabee.
778 1380 954 1408 G.Vilissimo
965 1380 1018 1407 ‹lo-

240 1425 322 1453 mino
338 1434 368 1453 se
380 1426 512 1461 subjicit,
527 1425 636 1454 scilieet
650 1427 731 1454 carni
747 1428 774 1454 et
788 1427 968 1454 sensualitati
983 1428 992 1443 ¹⁵
1010 1436 1016 1455 x

241 1473 312 1506 Quia
334 1473 448 1500 obedisti
473 1475 532 1500 voci
560 1475 653 1500 umoris
680 1476 748 1505 tuce,
774 1474 933 1508 maledicta,
962 1476 1016 1502 etc.

241 1521 267 1546 7.
286 1520 408 1547 Mentem
430 1518 574 1547 infatuat⁰
596 1529 602 1547 :
623 1521 725 1548 Vinum
744 1522 769 1548 et
790 1522 915 1548 mulieres
939 1522 1017 1554 ause-

238 1569 304 1594 runt
318 1575 372 1594 cor.

273 1612 414 1640 Remedia
436 1612 561 1641 luxuriae
585 1616 652 1641 sunt
673 1614 734 1641 hcec
761 1623 768 1641 :
792 1615 818 1641 vl.
843 1614 1016 1642 occasiones

235 1659 337 1694 fugere
352 1661 361 1677 ⁷
386 1669 392 1687 z
420 1660 519 1694 Pepr'qt
537 1660 625 1693 foedus
646 1669 705 1688 cum
724 1662 809 1688 oculis
828 1663 910 1691 meis,
933 1665 963 1688 ut
984 1670 1016 1689 ize

235 1709 392 1741 coqitarem,
409 1708 462 1733 elo.
478 1706 488 1723 ⁸
506 1707 558 1739 Qui
578 1709 698 1741 tetisserz’t
714 1709 808 1742 picem,
825 1709 1015 1742 inquinabitur

236 1753 268 1779 ab
292 1761 332 1780 ea.
349 1753 358 1769 ὓ
383 1753 436 1786 Qui
456 1755 525 1780 tenet
547 1754 634 1785 illam,
660 1755 739 1788 quasi·
761 1755 810 1788 qui
836 1755 1016 1788 apprehendit

234 1801 408 1834 scorpionem.
431 1801 456 1827 2.
478 1799 575 1827 Mortis
595 1802 725 1827 extrema
746 1800 875 1835 cogitare
894 1801 912 1818 ·⁰
932 1810 939 1827 :
956 1802 1014 1828 Me-

234 1853 337 1873 morare
351 1847 498 1874 novissima
515 1850 572 1880 tua,
590 1849 613 1873 et
629 1848 658 1873 in
673 1850 800 1873 (eternum
815 1855 867 1874 71071
881 1848 1012 1882 peccabis.

234 1893 259 1919 3.
286 1893 323 1920 De
346 1901 375 1920 se
395 1901 456 1921 non
478 1901 673 1929 praesumere;
696 1893 767 1929 quia
791 1894 895 1921 cecidit
921 1894 1012 1922 David

233 1939 448 1974 sanctissimus,
466 1940 605 1968 Salomon
621 1940 868 1976 sapientissimuS,
888 1942 1012 1968 Samson

233 1984 418 2014 fortissimus.
439 1988 466 2014 4.
487 1989 665 2023 Frequenter
684 1995 714 2014 se
734 1995 898 2023 occupare:
916 1987 1013 2015 lliero-

233 2039 342 2068 nymus
359 2033 374 2051 ¹¹
393 2042 399 2060 τ
418 2044 431 2059 (ι
451 2034 574 2070 Semper
589 2033 703 2070 aliquid
719 2034 791 2061 boni
806 2034 903 2068 facito,
928 2036 960 2061 ut
985 2036 1011 2062 te

233 2078 371 2107 diabolus
397 2079 528 2108 inveniat
550 2083 736 2116 occupatum.
761 2091 773 2106 n
802 2083 828 2108 5.
849 2081 1010 2109 Tentationi

232 2124 263 2152 in
282 2126 428 2162 principio
457 2127 589 2155 resistere
617 2128 635 2143 ²²
661 2137 667 2154 :
696 2128 761 2162 Ipsa
789 2130 903 2154 conteret
932 2130 1012 2163 ceput

233 2173 317 2199 tuum.
341 2175 365 2200 ὓ.
394 2174 518 2201 Carnem
537 2174 660 2202 domare
678 2175 696 2192 ¹³
716 2183 721 2201 :
743 2175 796 2201 Hoc
815 2182 897 2208 uenus
912 2174 1010 2201 doemo-

231 2219 339 2246 ntorum
357 2228 410 2246 non
429 2221 555 2254 ejicitur,
571 2223 628 2248 nist
643 2223 672 2248 in
686 2223 807 2248 oratione
822 2224 847 2248 et
860 2221 970 2256 jejunio.

457 2314 481 2347 C
488 2315 515 2347 A
523 2314 549 2347 P
558 2314 585 2347 U
593 2315 620 2347 T
658 2314 688 2347 X
696 2314 745 2347 XI
754 2315 778 2347 Ι.

287 2385 418 2418 Quomodo
436 2386 563 2421 superbie
581 2387 616 2413 sz't
635 2386 759 2418 mortale,
779 2386 820 2413 vel
838 2386 952 2413 veniale.

268 2455 372 2482 Omnia
392 2455 549 2491 proedicta,
572 2455 706 2490 quamvis
724 2463 839 2492 semper
861 2456 917 2484 sint
937 2463 1007 2491 pee-

232 2503 306 2536 cata,
330 2509 389 2530 non
412 2503 512 2530 tamen
530 2509 647 2537 semper
669 2503 736 2530 sunt
758 2502 902 2530 mortalia.
927 2503 1008 2531 Unde

266 2576 274 2592 ¹
287 2576 343 2606 Job,
358 2582 401 2606 xL,
419 2578 458 2602 ¹6.
473 2590 504 2596 —
518 2577 527 2592 ²
541 2577 549 2601 1
565 2577 635 2608 Corn,
650 2583 686 2608 vi,
703 2579 740 2602 18.
755 2590 786 2597 —
799 2577 811 2594 ³
823 2578 887 2606 ose„
903 2582 928 2607 v,
942 2578 964 2601 1.
978 2589 1007 2594 —

232 2611 361 2643 ⁴11Req.,
376 2617 424 2643 κιι,
440 2614 477 2638 10.
495 2626 522 2631 -
543 2613 554 2630 ὃ
568 2612 639 2643 Gen.,
654 2619 699 2644 111,
716 2614 752 2638 Π.
766 2625 798 2631 -
811 2613 821 2630 ⁰
835 2613 899 2641 Ose.¹
916 2618 950 2643 ιν,
968 2614 1005 2637 Η.

232 2659 262 2665 -—-
274 2647 285 2664 ⁷
297 2646 361 2677 lob„
374 2650 523 2679 xxx1,t.—
539 2650 547 2663 ³
560 2648 648 2680 Eccli.‚
661 2655 718 2679 xiii,
732 2652 752 2673 t.
765 2649 816 2668 -0
828 2648 919 2679 Eccli„
934 2654 1005 2678 xxw,

575 184 834 220 COMPENDIUM
851 185 1113 219 THEOLOGICAE
1133 186 1357 221 VERlTATls.
1380 188 1455 222 Lm.
1480 189 1533 221 Ill.

1082 254 1249 284 videndum
1267 257 1328 292 est,
1343 256 1466 293 quando
1481 258 1721 294 unumquodque
1734 259 1874 292 mortale,

1081 301 1128 336 sit,
1143 303 1171 330 et
1185 302 1308 339 quando
1317 303 1444 332 veniale.
1456 305 1538 332 Vana
1546 303 1636 339 igitur
1643 304 1740 340 gloria
1753 313 1792 334 ex
1804 314 1860 334 suo

1082 356 1190 383 genere
1205 351 1247 377 est
1259 349 1394 385 veniale,
1409 350 1481 387 quia
1501 358 1596 386 genus
1616 351 1715 387 operis
1735 351 1862 382 sumitur

1081 403 1118 422 ex
1138 395 1256 432 objecto
1272 405 1279 424 :
1305 404 1417 425 vanum
1436 399 1535 427 autem
1555 398 1722 428 secundum
1743 406 1775 429 se
1797 406 1860 429 non

1080 443 1124 470 est,
1149 442 1299 478 objectum
1325 443 1438 480 peceati
1465 444 1613 479 mortalis,
1643 444 1697 473 sed
1722 445 1858 475 venialis.

1079 488 1161 517 Unde
1172 497 1241 517 eum
1255 497 1334 518 vana
1344 490 1409 518 laus
1417 490 1454 518 sit
1467 490 1555 526 hujus
1568 491 1681 527 peceati
1695 491 1861 527 objectum„

1078 537 1160 571 patet
1174 536 1258 572 quod
1271 544 1333 565 non
1353 545 1470 573 semper
1489 539 1532 566 est
1548 539 1703 574 peecatum
1718 538 1857 569 mortale.

1079 583 1138 611 Erit
1150 585 1250 612 tamen
1270 592 1348 613 vana
1361 585 1458 620 gloria
1470 585 1605 614 mortalis
1619 585 1788 621 dupliciter,
1803 586 1859 614 sei-

1078 629 1147 658 licet
1171 631 1284 659 ratione
1311 631 1392 666 finis,
1416 633 1538 668 propter
1560 639 1652 668 quem
1678 631 1744 660 laus
1768 639 1861 668 appe-

1077 677 1166 705 titur:
1181 685 1258 714 opus
1271 686 1402 714 namque
1416 678 1472 706 tale
1488 680 1546 714 est,
1564 679 1654 715 quale
1667 680 1711 706 est
1722 678 1754 706 id
1768 687 1859 715 prop-

1077 725 1121 752 ter
1136 724 1220 760 quod
1234 724 1399 761 appetitum
1416 725 1486 754 item
1500 725 1614 754 ratione
1631 725 1730 761 operis
1748 725 1780 754 in
1795 733 1857 763 quo

1077 769 1142 798 laus
1156 770 1305 807 quaeritur.

1112 817 1195 846 Circa
1212 818 1344 853 primum
1365 818 1526 846 dicendum
1545 820 1604 854 est,
1619 819 1704 855 quod
1724 819 1856 855 quadru-

1077 863 1147 899 plici
1162 864 1220 892 fine
1241 864 1307 892 laus
1325 865 1472 902 appetitur
1488 874 1495 893 ε
1515 866 1632 902 primo,
1647 866 1687 894 ad
1700 866 1857 898 vitandum

1077 910 1191 938 malum
1210 910 1358 946 infamiae,
1377 912 1451 940 sicut
1473 912 1593 940 Samuel
1616 920 1646 940 se
1666 912 1801 941 laudavit
1815 912 1854 948 ¹⁴;

1077 957 1227 992 secundo,
1243 960 1366 994 propter
1387 958 1521 995 aliquam
1542 958 1698 987 utilitatem
1719 959 1858 995 spiritua-

1077 1005 1150 1039 lem,
1165 1007 1198 1032 ut
1218 1006 1261 1032 est
1275 1005 1370 1040 gloria
1385 1005 1449 1040 Dei,
1465 1005 1513 1033 vel
1533 1005 1690 1034 aediticatio
1706 1005 1856 1042 proximi,

1076 1051 1151 1079 sicut
1164 1051 1270 1079 Paulus
1286 1052 1303 1068 ¹¹⁸⁴·
1316 1059 1347 1079 se
1360 1051 1600 1087 commendavit3
1618 1052 1714 1087 tertio,
1735 1055 1857 1089 propter

1076 1098 1193 1126 lucrum
1217 1098 1361 1133 avaritiae,
1385 1099 1460 1126 sicut
1483 1099 1629 1133 Pharisaei,
1652 1099 1705 1135 qui
1729 1099 1854 1128 devora-

1075 1145 1148 1172 bant
1169 1146 1201 1180 (ὁ)
1231 1145 1339 1173 domos
1366 1145 1544 1181 viduarum,
1572 1145 1677 1181 longas
1705 1146 1855 1174 orationes

1075 1191 1257 1220 simulantes.
1288 1193 1416 1227 Quarto,
1446 1195 1569 1228 propter
1595 1192 1728 1229 aliquem
1755 1195 1854 1221 aetum

1076 1238 1200 1267 venialis
1214 1239 1337 1275 peceati,
1350 1239 1425 1267 sieut
1439 1239 1561 1275 quando
1573 1239 1639 1276 quis
1652 1240 1768 1268 laudari
1780 1239 1853 1275 vult,

1075 1294 1110 1314 eo
1126 1286 1209 1323 quod
1223 1286 1379 1314 venialiter
1392 1286 1420 1314 in
1432 1286 1521 1314 laude
1536 1286 1707 1315 delectatur.
1724 1287 1854 1315 Primum

1074 1335 1117 1360 est
1135 1333 1343 1369 p1·0videntiae;
1367 1332 1533 1361 secundum
1553 1335 1595 1361 est
1613 1333 1776 1368 charitatis3
1794 1336 1853 1362 ter-

1073 1380 1147 1407 tium
1174 1382 1215 1408 est
1235 1382 1389 1416 peccatum
1411 1380 1558 1408 mortale:
1589 1383 1617 1408 et
1640 1380 1721 1408 idem
1743 1380 1851 1408 intelli-

1073 1427 1205 1462 gendum
1221 1429 1273 1461 cst,
1289 1427 1541 1463 quandccumque
1556 1427 1683 1455 mortale
1698 1429 1852 1463 peceatum

1073 1474 1139 1501 finis
1159 1474 1284 1509 alicujus
1301 1474 1400 1510 operis
1419 1473 1557 1510 ponitur3
1584 1475 1723 1510 quartum
1745 1475 1788 1502 est
1802 1481 1851 1502 ve-

1072 1520 1161 1548 niale.

1107 1567 1243 1603 Sequitur
1262 1567 1393 1595 secunda
1418 1575 1520 1602 causa,
1544 1575 1636 1603 quare
1655 1575 1732 1595 vana
1755 1566 1852 1602 gloria

1072 1614 1108 1642 sit
1128 1617 1283 1650 peceatum
1305 1614 1450 1649 mortale,
1466 1614 1576 1642 scilicet
1599 1614 1713 1642 ratione
1737 1614 1850 1650 operis,

1070 1669 1124 1697 per
1144 1661 1226 1697 quod
1242 1661 1306 1688 laus
1325 1661 1473 1696 quaeritur.
1491 1662 1549 1688 lloc
1564 1663 1662 1688 autem
1677 1662 1773 1696 potest
1785 1660 1851 1688 fieri

1071 1708 1231 1743 tripliciter,
1248 1708 1318 1743 quia
1341 1708 1406 1735 laus
1427 1707 1611 1743 quandoque
1635 1707 1774 1743 quaeritur
1796 1715 1850 1743 per

1070 1763 1162 1790 opera
1180 1754 1295 1786 illicita,
1313 1754 1495 1790 quandoque
1515 1762 1568 1789 per
1591 1762 1682 1790 opera
1699 1762 1735 1782 ex
1753 1761 1784 1781 se
1805 1754 1848 1782 in-

1069 1801 1250 1835 differentia,
1267 1800 1450 1836 quandoque
1470 1809 1524 1836 per
1543 1808 1634 1836 opera
1653 1800 1804 1828 virtutum.
1821 1801 1848 1828 Si

1067 1848 1165 1884 primo
1185 1847 1294 1882 modo,
1313 1847 1354 1874 sic
1373 1847 1430 1874 tale
1454 1849 1496 1875 cst
1519 1848 1691 1882 peccatum,
1711 1846 1799 1882 quale
1820 1849 1849 1874 et

1066 1895 1142 1922 illud
1156 1894 1306 1928 illicitum,
1325 1894 1435 1921 scilieet
1455 1893 1579 1921 mortale
1590 1915 1598 1927 ,
1615 1895 1665 1921 aut
1679 1893 1803 1921 veniale.
1819 1893 1847 1921 Si

1066 1941 1198 1969 secundo
1223 1940 1331 1972 modo,
1356 1940 1397 1967 sic
1419 1943 1461 1967 est
1478 1943 1631 1976 peceatum
1656 1940 1786 1975 veniale,
1814 1943 1848 1968 ut

1065 1987 1175 2015 habere
1188 1987 1314 2021 divitum,
1329 1986 1377 2014 vel
1393 1989 1485 2014 vestes
1498 1986 1650 2022 pretiosas,
1664 1994 1732 2014 cum
1747 1987 1843 2014 abusu

1066 2035 1169 2063 talium
1184 2035 1214 2061 in
1228 2034 1359 2062 laudem.
1376 2035 1583 2061 Verumtamen
1597 2033 1621 2060 si
1640 2032 1710 2061 talia
1725 2035 1793 2060 sunt
1807 2033 1845 2061 de

1065 2090 1094 2110 se
1115 2081 1265 2115 ordinata,
1286 2083 1317 2108 ut
1341 2080 1398 2107 sint
1420 2080 1537 2108 occasio
1559 2080 1670 2116 peccati
1692 2079 1843 2115 mortalis,

1065 2127 1229 2156 secundum
1245 2127 1328 2163 quod
1350 2127 1456 2154 mulier
1472 2135 1540 2154 cum
1556 2129 1661 2154 ornatu
1677 2125 1842 2154 meretricio

1064 2177 1210 2211 praeparat
1225 2182 1254 2202 sc
1270 2174 1309 2202 ad
1323 2174 1437 2201 animas
1451 2173 1620 2208 capiendam,
1632 2172 1680 2200 vel
1695 2172 1719 2199 si
1733 2172 1842 2200 tactum

1063 2222 1139 2250 illud
1154 2224 1195 2249 est
1208 2220 1342 2248 illicitum
1357 2229 1392 2248 ex
1408 2219 1608 2256 prohibitione
1624 2218 1794 2255 superioris,
1810 2220 1844 2247 ut

1064 2269 1282 2302 torneamenta,
1306 2268 1334 2294 et
1354 2266 1542 2301 hujusmodi,
1559 2273 1627 2294 eum
1647 2265 1793 2294 excedunt
1808 2266 1838 2301 (c)

1063 2317 1242 2351 praeceptum
1256 2313 1399 2347 Ecclesiae,
1415 2313 1456 2340 sic
1475 2315 1542 2340 sunt
1557 2315 1678 2349 peecata
1691 2312 1839 2341 mortalia.

1063 2362 1090 2389 Si
1115 2361 1198 2389 tertio
1224 2360 1327 2394 modo,
1352 2359 1383 2387 id
1407 2361 1460 2394 cst,
1483 2359 1507 2387 si
1529 2359 1593 2387 laus
1616 2360 1764 2395 quaeratur
1786 2366 1840 2395 per

1063 2416 1155 2444 opera
1175 2407 1333 2441 virtutum,
1357 2406 1415 2434 hoc
1435 2408 1477 2434 est
1501 2406 1677 2442 dupliciter:
1695 2405 1744 2433 vel
1767 2405 1839 2441 quia

1063 2452 1207 2489 appetitus
1222 2451 1319 2479 laudis
1340 2450 1511 2486 adJungitur
1529 2451 1613 2486 operi
1632 2450 1746 2479 virtutis
1770 2452 1838 2478 tan·

1063 2540 1101 2563 10.
1118 2550 1148 2556 —
1170 2538 1188 2552 ¹⁰
1207 2536 1295 2566 Eccli„
1319 2542 1368 2565 vu,
1394 2537 1432 2560 40.
1452 2548 1482 2553 -
1504 2536 1525 2553 ¹¹
1545 2535 1662 2567 Hieron„
1681 2535 1716 2559 ad
1733 2536 1838 2566 Rustic..

1062 2574 1136 2606 epist.
1146 2579 1214 2598 1v.—
1222 2573 1240 2589 ¹²
1250 2571 1321 2602 Gen„
1331 2577 1373 2602 ιιι,
1386 2572 1456 2596 15.-
1467 2571 1486 2588 ¹³
1495 2571 1708 2602 Alai-c.,1x‚28.-
1718 2571 1737 2588 Ἀ
1748 2572 1755 2596 Ι
1767 2572 1835 2603 neq„

1062 2616 1109 2640 xii,
1119 2608 1223 2641 passim.
1236 2621 1263 2626 -
1275 2608 1293 2625 ¹⁵
1306 2608 1326 2632 ll
1339 2608 1408 2636 Cor„
1417 2612 1454 2637 111,
1465 2606 1607 2638 passim.—
1617 2608 1649 2638 (α)
1662 2606 1750 2638 suppl.
1766 2613 1835 2631 eum.

1061 2660 1090 2665 —
1103 2645 1136 2677 (ὁ)
1150 2645 1211 2669 Caet.
1225 2644 1289 2668 edit.
1305 2643 1471 2667 devorant-
1487 2641 1519 2673 (c)
1535 2642 1686 2667 Excederet.
