2004 3037
186 184 226 213 '1¹2
522 181 782 216 COMPENDIUM
802 183 1066 218 THEOLOGICAE
1087 185 1313 219 VERITATIS.
1335 177 1412 218 12113.
1437 186 1462 218 1.

187 249 230 278 ita
250 250 348 286 potest
369 249 402 277 in
420 250 480 285 tot,
494 248 568 286 quin
587 249 680 286 possit
700 250 732 278 in
751 250 860 288 plura,
875 251 918 280 sic
940 253 969 280 et

189 296 315 325 essentia
337 295 388 325 Dei
409 304 472 324 non
497 297 541 324 est
562 296 604 324 ita
625 296 658 324 in
681 297 834 334 aliquibus
855 299 968 334 rebus,

190 343 263 379 quin
274 342 368 379 possit
381 350 443 371 esse
455 334 489 370 'in
503 341 642 379 pluribus
651 353 660 379 3
677 343 739 372 imo
758 344 783 372 si
797 346 904 374 mundi
921 354 968 374 es-

189 391 253 418 sent
276 388 401 424 infiniti,
423 396 527 417 omnes
552 389 690 426 repleret.
715 392 880 427 Praeterea,
901 401 969 420 cum

189 436 265 465 Deus
276 435 313 463 sit
321 443 424 464 rerum
438 444 529 465 causa
543 436 689 471 efficiens,
703 437 839 466 formalis
853 440 882 466 et
895 438 970 467 fina-

189 482 226 510 lis
233 492 242 518 ς
257 482 332 511 sicut
350 484 478 522 maest
496 482 596 512 dicere
617 483 655 512 de
678 485 754 519 Deo,
769 484 800 512 in
823 488 970 521 quantum

190 530 233 558 est
258 537 348 558 causa
370 528 516 565 efficiens,
542 530 627 567 quod
652 530 688 559 sit
715 530 835 566 effecta,
859 539 915 560 nec
939 532 971 560 in

136 582 142 586 ·
191 578 338 613 quantum
350 578 394 604 est
407 584 498 605 causa
511 576 663 611 formalis,
678 577 762 614 quod
777 579 814 606 sit
827 578 971 614 formata,

191 623 299 652 eadem
320 622 436 652 ratione
455 631 518 652 non
542 626 585 652 est
607 624 723 659 dicere,
739 633 808 653 cum
827 625 864 653 sit
882 633 972 654 causa

190 669 303 706 finalis,
319 670 404 707 quod
418 670 454 698 sit
467 670 561 699 finita.
577 670 663 699 Nullo
678 679 748 707 ergo
764 671 857 700 modo
873 672 972 700 dieen-

193 716 268 745 dum
286 719 348 752 est,
371 718 465 745 Deum
487 724 551 746 esse
571 717 688 746 finitum
709 718 875 747 secundum
900 719 972 748 sub-

193 763 352 798 stantiam,
377 763 434 792 nisi
459 763 577 792 finitum
601 764 716 793 dicatur
741 765 924 802 completum
946 769 974 795 et

192 810 366 848 perfectum.

229 859 302 887 Sane
313 857 418 894 triplex
427 857 533 886 dicitur
541 857 699 893 infinitum,
706 859 817 887 scilicet
825 859 972 895 negative,

193 905 348 942 privative,
364 905 510 933 contrarie
525 913 578 933 seu
593 905 752 942 disparate.
763 906 914 934 infinitum
923 914 974 934 ne-

194 953 292 989 gative
312 952 419 981 dieitur
433 960 487 989 per
501 953 712 989 abegationem
730 953 817 989 finis3
834 955 861 982 et
875 953 916 982 sic
932 953 976 982 di-

195 999 270 1028 citur
284 999 433 1028 infinitum
451 999 538 1034 illud,
554 999 637 1036 quod
655 1007 717 1028 non
731 1000 832 1028 finitur
849 1010 855 1028 :
874 1003 901 1028 et
917 1001 975 1029 hoc

195 1047 288 1076 modo
302 1047 451 1075 infinitum
465 1048 526 1082 est,
542 1047 626 1083 quod
637 1055 700 1076 non
714 1050 756 1076 est
770 1050 872 1076 natum
885 1048 974 1077 finiri.

195 1094 345 1122 infinitum
363 1093 507 1130 privative
522 1096 579 1129 est,
595 1093 684 1130 *quod
704 1096 807 1122 natum
822 1097 865 1122 est
881 1094 957 1123 finiri
968 1117 977 1130 ‚

195 1149 257 1169 non
268 1142 367 1169 tamen
380 1139 491 1168 finitur.
508 1140 657 1169 lnfinitum
670 1141 815 1169 contrarie
827 1143 879 1174 est,
893 1141 976 1177 quod

195 1187 284 1216 habet
303 1187 481 1215 contrariam
501 1187 727 1223 dispositionem
742 1187 781 1216 ad
799 1188 974 1216 finiendum.

196 1235 294 1263 Primo
308 1234 402 1262 modo
427 1233 552 1261 essentia
567 1233 670 1262 divina
695 1237 737 1262 est
758 1234 890 1270 infinita,
906 1235 977 1271 quia

196 1289 258 1310 non
272 1281 363 1309 habet
376 1276 483 1314 finem,
501 1288 556 1308 nec
573 1282 616 1308 est
630 1284 699 1309 nata
718 1281 806 1309 finiri.
827 1282 974 1316 Similiter,

197 1327 222 1355 si
237 1326 352 1355 dicatur
373 1327 522 1355 infinitum
541 1327 624 1355 terti0
641 1327 744 1363 modo..
760 1328 787 1356 Si
803 1336 875 1356 vero
896 1328 978 1356 dica-

198 1380 244 1405 tur
273 1376 421 1404 inlinitum
450 1376 614 1412 privative,
635 1376 676 1404 sic
705 1385 766 1404 non
794 1379 889 1414 potest
919 1377 977 1405 dici

198 1423 296 1457 finita,
311 1423 383 1459 quia
396 1430 458 1451 non
480 1425 523 1451 cst
542 1425 610 1451 nata
631 1423 724 1458 finiri,
740 1423 801 1452 imo
817 1426 859 1452 est
873 1424 979 1452 finiens

199 1470 309 1499 omnia.

233 1518 304 1545 Item
333 1516 399 1544 tinis
428 1516 536 1545 dicitur
559 1516 710 1553 tripliciter
736 1526 742 1544 :
769 1517 875 1545 dicitur
899 1518 978 1546 enim

199 1564 340 1592 terminus
351 1584 360 1598 ,
387 1565 415 1591 et
443 1563 607 1591 secundum
636 1563 693 1591 hoc
719 1564 802 1600 quod
831 1564 980 1600 quantitas

199 1610 340 1638 continua
355 1612 397 1638 est
418 1610 548 1646 potentia
571 1610 701 1645 infinita,
717 1611 788 1647 quia
811 1613 854 1639 est
875 1611 978 1638 divisi-

199 1657 268 1685 bilis
284 1657 314 1684 in
329 1657 477 1684 inlinitum
494 1667 499 1684 :
518 1660 545 1684 «ft
568 1657 624 1684 hoe
644 1657 730 1691 ideo,
746 1658 817 1693 quia
837 1658 865 1685 in
887 1659 980 1685 eonti-

199 1712 260 1732 nuo
276 1711 336 1731 non
353 1705 395 1730 cst
410 1703 552 1731 terminus
568 1704 597 1730 in
615 1703 776 1737 divisione,
792 1704 865 1731 sicut
881 1713 933 1732 nee
950 1705 980 1732 in

199 1758 326 1778 numero
343 1753 383 1777 est
408 1750 550 1777 terminus
569 1750 597 1777 in
620 1750 781 1778 additione.
800 1750 862 1777 Alio
888 1751 980 1779 modo

200 1797 307 1825 dicitur
323 1796 389 1824 finis
405 1796 485 1824 idem
505 1796 588 1832 quod
609 1796 761 1832 perfectio.
777 1797 871 1831 Tertio
887 1797 979 1825 modo

200 1844 306 1872 dicitur
331 1843 413 1876 finis,
438 1843 468 1870 id
490 1846 612 1879 propter
635 1843 718 1879 quod
741 1844 980 1880 unumquodque

199 1891 310 1919 finitur.
334 1891 430 1918 Primo
453 1890 546 1918 modo
571 1891 645 1918 Deus
671 1892 713 1918 cst
736 1891 868 1918 intiuitus
884 1913 893 1926 ‚
919 1899 980 1919 non

200 1937 365 1966 secundum
394 1937 587 1973 quantitatem
616 1937 834 1972 dimensimm,
860 1946 925 1974 quae
950 1938 982 1966 in

202 1986 260 2012 Deo
282 1992 343 2011 non
368 1983 494 2015 cst;sed
518 1983 682 2011 secundum
705 1985 899 2019 quantitatem
923 1985 981 2012 vir-

201 2031 330 2066 tualem,
345 2038 411 2067 quoe
425 2030 455 2058 in
470 2030 535 2066 ipso
549 2033 600 2058 est.
619 2030 674 2058 Sed
700 2031 771 2066 quia
792 2031 823 2058 in
843 2033 900 2059 Deo
916 2040 980 2059 om-

201 2075 326 2105 nimoda
341 2080 383 2105 est
400 2077 538 2104 indivisio
562 2077 676 2104 virtutis
700 2079 728 2104 et
749 2078 898 2113 essentioe,
919 2087 980 2106 non

201 2126 298 2160 potest
312 2132 373 2152 esse
389 2123 517 2151 infinitas
533 2123 646 2151 virtutis
659 2145 667 2158 ‚
684 2123 757 2159 quin
777 2124 866 2152 etiam
888 2125 924 2153 sit
938 2134 980 2153 es-

202 2171 310 2199 sentiae.
328 2170 463 2198 Secundo
480 2170 571 2198 modo
593 2170 715 2198 materia
731 2170 838 2198 dicitur
854 2171 980 2207 infinita,

204 2218 274 2254 quia
302 2219 381 2244 caret
407 2216 595 2253 perfectione.
622 2217 716 2244 Tertio
741 2217 833 2245 modo
867 2219 981 2246 malum

204 2264 298 2300 culpoe
314 2263 420 2291 dieitur
437 2263 602 2297 inlinitum,
619 2263 690 2299 quia
711 2271 771 2292 non
794 2267 835 2293 cst
859 2265 980 2293 ordina-

203 2313 265 2338 tum
280 2310 319 2338 ad
333 2310 433 2338 tinem.

461 2395 603 2428 CAPUT
633 2395 723 2428 xvi.

366 2472 402 2499 De
421 2470 739 2506 Incomprehensib[litate
761 2472 818 2499 Dei.

241 2545 359 2573 Creator
378 2552 396 2573 a
416 2546 550 2572 creatura
577 2543 716 2579 cognosci
740 2552 802 2572 non
823 2547 917 2580 potest
941 2547 981 2574 ad

205 2591 327 2627 plenum
341 2591 371 2619 in
387 2591 450 2626 via,
470 2590 518 2618 vel
533 2590 621 2618 etiam
645 2590 675 2617 in
691 2591 798 2626 patria,
817 2591 887 2627 quia
907 2592 980 2620 finiti

206 2637 289 2665 nulla
305 2640 346 2665 est
366 2637 520 2674 proportio
544 2636 583 2665 ad
604 2637 762 2665 inlinitum.
780 2638 902 2666 Trinitas
925 2640 981 2667 sik-i

1024 253 1082 281 soli
1101 255 1173 282 nota
1185 255 1244 290 est,
1259 256 1288 283 et
1303 253 1420 283 homini
1438 254 1563 283 Christo.
1577 254 1660 283 Unde
1678 256 1804 283 Bernar-

1025 300 1082 329 dus
1096 301 1106 318 ¹
1121 309 1128 329 :
1144 311 1159 328 ι(
1172 301 1250 330 Nihil
1263 302 1323 330 Deo
1343 301 1532 338 praesentius,
1547 302 1576 329 et
1595 300 1670 329 nihil
1689 301 1804 330 incom-

1024 347 1254 383 prehensibilius
1270 357 1278 377 ε
1293 348 1370 384 quid
1390 356 1499 385 nempe
1522 346 1644 375 cuilibet
1663 346 1707 375 rei
1727 355 1804 384 proe—

1025 394 1136 422 sentius
1156 403 1248 431 quam
1269 402 1332 423 esse
1353 395 1465 424 suum?
1486 395 1561 423 Sane
1583 402 1647 422 esse
1669 394 1805 423 omnium

1026 440 1152 469 dixerim
1174 443 1291 470 Deum:
1311 449 1373 470 non
1396 441 1480 478 quod
1503 441 1555 469 illa
1576 440 1635 469 sint
1658 440 1742 477 quod
1763 441 1807 469 est

1026 487 1109 524 ipse,
1123 487 1177 516 sed
1191 488 1282 524 quia²
1293 496 1327 516 ea:
1339 489 1418 524 ipso,
1433 491 1459 517 et
1469 496 1520 524 per
1537 490 1641 524 ipsum,
1658 490 1683 515 et
1699 488 1729 515 in
1744 489 1805 523 ipso

1027 538 1090 562 sunt
1103 537 1203 563 omnia.
1225 536 1274 563 Est
1288 535 1368 564 enim
1385 535 1581 571 intelligentia
1600 535 1702 562 nostra
1716 533 1756 562 ad
1770 533 1805 562 il·

1026 580 1089 609 lam
1110 583 1192 610 lucem
1208 583 1219 600 ³
1238 583 1446 611 inaccessibilem
1467 581 1563 610 multo
1577 581 1696 615 minus,
1712 588 1806 617 quam

1027 628 1108 656 visus
1121 631 1235 658 noctuae
1246 629 1296 657 vel
1309 628 1525 666 vespertilionis
1539 628 1580 657 ad
1594 628 1691 656 lucem
1704 637 1711 656 z
1726 627 1806 655 unde

1030 674 1137 703 dicitur
1158 675 1188 704 in
1213 675 1329 704 Psalmo
1350 676 1362 693 ⁴
1387 685 1394 704 ε
1420 676 1580 704 Ambulavit
1606 683 1687 711 super
1703 681 1807 710 pennas

1028 724 1168 749 ventorum
1184 743 1192 757 ,
1215 722 1274 750 hoc
1297 724 1356 757 est,
1375 729 1464 759 super
1485 721 1695 758 intelligentias
1718 721 1807 749 etiam

1029 768 1189 804 angelicas.
1215 770 1422 798 Verumtamen
1448 768 1710 805 comprehenditur
1733 769 1808 796 Deus

1030 815 1132 852 aliquo
1148 815 1242 844 modo
1254 823 1308 852 per
1322 815 1415 844 fidem
1428 815 1464 852 (a)
1481 815 1512 842 in
1527 814 1586 850 via,
1609 814 1806 848 Augustinus:

1033 871 1047 888 α
1061 862 1163 891 Mentis
1176 861 1314 890 humanae
1337 861 1414 890 acies
1433 861 1568 889 invalida
1587 861 1619 888 in
1638 862 1701 889 tam
1715 860 1809 889 excel·

1031 908 1101 937 lenti
1120 908 1186 936 luce
1209 916 1272 937 non
1293 908 1407 944 figitur,
1422 908 1479 936 nisi
1501 916 1556 945 per
1574 907 1717 943 justitiam
1738 906 1809 935 fidei

1032 955 1219 983 emundetur.
1236 966 1250 981 ι»
1267 954 1311 983 Ad
1327 954 1407 983 idem
1424 954 1590 983 Bernardus
1601 955 1611 971 ³
1628 963 1635 982 2
1655 964 1669 980 α
1683 955 1722 982 lta
1737 954 1810 982 Deus

1032 1004 1075 1030 est
1094 1001 1124 1029 in
1139 1001 1359 1030 irrationalibus
1375 1001 1529 1035 creaturis,
1545 1003 1578 1029 ut
1595 1008 1657 1029 non
1677 1000 1811 1037 capiatur

1033 1048 1072 1076 ab
1085 1048 1166 1085 ipsis.
1182 1051 1204 1077 A
1222 1048 1418 1076 rationalibus
1433 1051 1531 1076 tamen
1553 1047 1619 1084 capi
1634 1048 1731 1083 potest
1745 1054 1810 1074 om·

1034 1095 1122 1123 nibus
1135 1103 1188 1132 per
1208 1095 1279 1124 fidei
1300 1095 1520 1131 cognitionem;
1537 1094 1590 1123 sed
1603 1102 1621 1122 a
1635 1093 1723 1122 bonis
1745 1096 1809 1121 tan-

1034 1145 1096 1171 tum
1111 1143 1225 1179 capitur
1238 1151 1292 1179 per
1306 1150 1449 1171 amorem.
1465 1151 1478 1167 n
1492 1141 1628 1169 Dicamus
1642 1148 1713 1176 ergo
1727 1140 1812 1177 quod

1034 1189 1071 1217 de
1088 1191 1144 1218 Deo
1159 1190 1232 1218 scire
1247 1197 1406 1226 possumus
1419 1188 1493 1225 quid
1508 1196 1569 1216 non
1589 1187 1643 1222 sit,
1661 1195 1723 1215 non
1738 1187 1812 1223 qnid

1033 1237 1079 1265 sit.
1108 1237 1287 1273 Augustinus
1307 1238 1317 1254 ⁸
1339 1246 1345 1264 ι
1371 1249 1384 1262 «ι
1408 1236 1602 1271 Intelligimus
1629 1237 1721 1263 Deum
1749 1235 1812 1263 sine

1035 1284 1175 1321 qualitate
1203 1285 1318 1312 bonum
1333 1305 1341 1318 ‚
1365 1284 1428 1312 sine
1457 1283 1618 1320 quantitate
1647 1290 1790 1317 magnum
1802 1302 1811 1316 ,

1033 1332 1096 1360 sine
1110 1331 1274 1367 indigentia
1284 1332 1454 1359 Creatorem
1465 1351 1474 1365 ,
1491 1330 1553 1357 sine
1574 1329 1630 1357 situ
1651 1328 1812 1365 praesiden-

1034 1380 1110 1413 tem,
1127 1378 1188 1406 sine
1203 1377 1307 1406 habitu
1330 1377 1376 1405 vel
1399 1377 1513 1405 ambitu
1536 1375 1637 1404 omnia
1658 1375 1812 1403 continen-

1034 1427 1108 1459 tem,
1133 1425 1195 1452 sine
1218 1424 1286 1452 loco
1311 1424 1425 1460 ubique
1451 1425 1567 1458 totunr,
1594 1423 1655 1450 sine
1679 1424 1812 1458 tempore

1035 1472 1248 1508 sempiternum
1258 1492 1266 1506 ,
1283 1471 1345 1499 sine
1360 1471 1405 1498 sui
1421 1470 1583 1498 mutatione
1598 1468 1754 1497 mutabilia
1768 1467 1812 1496 sa-

1035 1519 1175 1552 cientem,
1192 1518 1327 1554 nihilque
1343 1517 1514 1553 patientem.
1536 1526 1549 1542 n

1070 1565 1338 1601 Comprelicnditur
1361 1572 1483 1600 quoque
1508 1565 1581 1591 Deus
1608 1570 1660 1598 per
1685 1562 1813 1598 speciem

1035 1620 1091 1649 pro
1107 1612 1248 1647 dignitate
1261 1612 1433 1639 meritorum
1449 1611 1477 1637 in
1494 1609 1598 1645 patrie.
1614 1608 1791 1643 Augustinus
1805 1616 1811 1635 ς

1039 1669 1052 1685 «
1068 1659 1239 1686 Videbimus
1254 1661 1309 1686 tuoe
1324 1657 1482 1692 majestatis
1497 1656 1653 1683 essentiam
1665 1665 1672 1689 ;
1684 1657 1711 1683 et
1723 1662 1813 1682 unus-

1036 1706 1162 1742 quisque
1179 1714 1214 1733 co
1237 1704 1455 1741 perspicacius,
1480 1711 1542 1739 quo
1565 1703 1611 1730 hic
1635 1702 1740 1729 vixerit
1760 1709 1813 1737 pu-

1035 1753 1106 1781 rius.
1118 1763 1132 1778 n
1146 1754 1177 1780 Et
1191 1754 1234 1779 est
1248 1750 1418 1786 exemplum
1433 1750 1463 1777 in
1479 1749 1569 1784 mari,
1585 1748 1668 1785 quod
1684 1756 1714 1776 se
1729 1748 1815 1776 offert

1035 1800 1128 1834 visui,
1144 1801 1172 1828 ct
1189 1802 1287 1827 tamen
1309 1797 1474 1826 seeundum
1499 1797 1643 1825 ambitum
1665 1798 1758 1823 totum
1773 1796 1815 1823 vi-

1036 1847 1099 1875 deri
1114 1855 1175 1875 non
1190 1848 1285 1882 potest
1299 1855 1304 1873 :
1322 1849 1349 1873 et
1363 1845 1420 1873 hoc
1441 1847 1483 1872 est
1508 1848 1565 1872 tam
1590 1846 1711 1879 propter
1726 1842 1816 1871 maris

1035 1893 1238 1927 latitudinem,
1254 1900 1346 1928 quam
1366 1895 1487 1928 propter
1506 1891 1598 1927 ipsius
1620 1890 1711 1918 nostri
1735 1890 1815 1917 visus

1036 1941 1075 1969 ad
1090 1943 1200 1969 tantam
1215 1939 1404 1976 superficiem
1420 1937 1813 1974 improportionabilitatem.

1035 1989 1095 2016 lloe
1118 1987 1207 2023 igitur
1234 1985 1395 2014 tenendum
1419 1987 1477 2017 cst,
1498 1984 1582 2020 quod
1606 1984 1636 2011 in
1654 1985 1703 2011 via
1724 1985 1814 2011 Deum

1036 2042 1215 2069 cognoscere
1231 2040 1390 2069 possumus
1405 2031 1475 2067 quia
1491 2034 1546 2065 est,
1563 2033 1591 2059 et
1613 2030 1643 2058 in
1667 2030 1762 2066 patria
1776 2030 1813 2057 si—

1037 2083 1084 2109 eut
1108 2083 1165 2115 est,
1190 2081 1485 2116 nunquamlamcn,
1511 2085 1565 2105 nce
1589 2077 1654 2111 hic,
1677 2085 1730 2105 nec
1754 2076 1813 2111 ibi,

1037 2127 1110 2164 quid
1125 2130 1177 2155 est.

1073 2175 1156 2202 Visus
1172 2173 1335 2209 corporalis
1351 2171 1511 2207 impeditur
1526 2170 1688 2206 tripliciter,
1703 2169 1814 2197 scilicet

1036 2229 1089 2258 per
1110 2220 1264 2253 tenebras,
1281 2227 1333 2255 per
1355 2219 1459 2246 salsam
1483 2218 1598 2250 lucem,
1614 2224 1667 2252 per
1686 2216 1813 2244 aversio-

1036 2277 1105 2296 nem
1117 2276 1134 2295 a
1144 2276 1174 2295 re
1189 2266 1309 2294 visibili.
1326 2265 1436 2293 Eodem
1449 2263 1541 2292 modo
1555 2262 1716 2299 impeditur
1731 2263 1811 2290 visus

1036 2313 1195 2351 spiritualis
1218 2313 1295 2340 circa
1318 2311 1518 2347 cognitionem
1539 2310 1597 2337 Dei.
1624 2309 1739 2343 Primo,
1757 2316 1811 2345 per

1036 2361 1171 2389 tenebras
1194 2359 1324 2395 peccati,
1348 2358 1395 2385 vel
1419 2357 1546 2391 erroris3
1568 2356 1716 2384 loannes⁷
1734 2364 1741 2383 :
1758 2355 1813 2388 Qui

1036 2409 1104 2440 facit
1118 2409 1255 2443 peccatum
1277 2407 1308 2432 2⁴11
1331 2405 1447 2432 tenebris
1467 2407 1514 2431 cst.
1538 2402 1582 2431 Ad
1601 2402 1767 2430 Corinthios
1780 2402 1811 2427 ⁸:

1072 2494 1077 2508 ¹
1099 2493 1184 2522 llein7
1205 2492 1229 2513 ιἰι
1248 2490 1331 2517 smil„
1350 2496 1427 2513 seim.
1449 2494 1500 2517 xiv,
1521 2488 1586 2512 circa
1604 2487 1645 2511 lin.
1662 2500 1691 2504 —
1712 2487 1721 2501 ²
1735 2486 1811 2513 Rom..

1038 2535 1073 2558 xi,
1087 2530 1125 2552 36.
1136 2541 1167 2545 —-
1178 2527 1206 2550 ³1
1224 2526 1342 2554 Y1711..x1,
1362 2527 1436 2549 1·ῖ,-
1453 2524 1686 2552 ¹l'sul.c=11,:l.-
1700 2522 1710 2538 ⁵
1729 2524 1812 2547 liei-n..

1038 2571 1113 2594 super
1127 2563 1219 2586 Mis-Nus
1229 2564 1273 2591 psl,
1289 2561 1357 2584 honi,
1372 2567 1440 2584 ιιι.-
1454 2561 1462 2573 ’ἶ
1475 2562 1548 2587 iilic..
1560 2559 1590 2581 de
1606 2558 1703 2582 Triuia.
1719 2557 1763 2580 lib.
1782 2557 1814 2586 Υ,

1038 2608 1059 2623 e.
1078 2606 1095 2629 1,
1111 2606 1136 2622 u.
1153 2600 1175 2622 2.
1188 2610 1215 2615 —-
1231 2598 1240 2613 '¹
1258 2597 1495 2626 lJ0011.,i=,'.l.-
1511 2595 1521 2611 ⁸
1535 2595 1552 2618 ΙΙ
1572 2596 1639 2624 (“οι·.,.
1655 2599 1695 2623 ιιι,
1714 2595 1750 2616 15.

1070 2645 1103 2676 (o)
1121 2644 1188 2668 Edu.
1209 2643 1265 2667 I'eu.
1282 2643 1369 2667 finem.
