2004 3037
1955 0 2004 194 ,1

245 210 306 242 630
859 209 996 242 BIBLIA
1015 204 1248 244 PAUPERUM.

279 277 380 306 Plures
393 275 466 306 mali
479 275 632 306 interdum
645 276 678 306 in
691 284 785 306 unam
803 276 916 306 malam
929 277 1026 307 socie-

242 325 333 352 tatem
345 323 542 359 conveniunt‚
555 325 589 352 ut
605 323 695 353 bonis
715 322 846 352 inferant
863 331 1027 354 nocumen-

240 371 306 399 tum
321 379 329 399 :
345 370 387 399 ita
401 363 662 400 concordaverunt
680 370 790 400 Balach
804 372 834 400 et
850 370 973 400 Balaam
986 371 1027 401 ad

241 416 487 446 maledicendum
501 416 572 446 filiis
585 417 687 447 Israel.
702 418 798 453 Num„
813 425 886 447 xxu.

276 465 348 493 Item
374 463 584 493 Adonisedech
606 471 660 493 rex
687 464 871 494 Hierusalem
882 486 891 500 ,
918 466 948 494 et
975 465 1027 494 alii

241 513 370 548 quatuor
384 519 487 547 reges»,
502 511 647 540 adversus
666 511 863 547 Gabaonitas,
883 519 920 541 eo
940 513 1026 549 quod

239 557 283 586 illi
296 557 428 586 fecerant
441 565 549 595 pacem
563 566 634 587 cum
648 559 747 588 Josue.

275 605 347 634 item
356 604 443 634 sabin
450 613 504 634 rex
514 607 599 642 Azor,
610 605 700 635 etalii
714 613 800 643 reges
815 605 945 643 triginta,
957 613 1026 636 con-

238 652 285 681 tra
296 653 384 682 Josue
399 654 428 682 et
440 652 520 682 filios
535 652 635 682 lsrael.
649 654 718 688 Ios„
731 661 760 682 x.

274 701 347 730 item
360 700 495 738 quinque
509 702 634 738 satrapae
647 700 901 737 Philisthinorum,
912 701 1026 730 Chana-

238 746 314 782 naei,
327 747 460 782 Sidonii,
471 749 499 776 et
512 747 618 776 lievoei.
634 747 736 780 Judic..
754 756 796 776 iu.

275 795 346 823 item
358 794 487 830 Madian,
503 797 532 824 et
551 794 709 830 Amalech,
725 796 753 823 et
773 795 871 824 caeteri
891 795 1024 824 Orienta-

239 841 313 869 lium
327 840 495 870 nationum.
511 841 617 876 hdie„
632 838 672 870 νή.

273 887 318 917 Sic
333 889 423 918 etiam
437 889 622 926 intelligitur,
638 890 720 925 lsai„
735 890 812 925 vn‚2
827 899 834 918 ε
847 890 1024 927 «Requievit

237 935 321 972 Syria
345 944 435 973 super
459 936 615 973 Ephraim,
632 947 646 964 ι)
667 936 700 965 id
723 939 781 972 est,
802 936 906 966 decem
927 937 1023 966 tribus

238 985 266 1011 et
288 990 340 1011 rex
367 984 626 1012 concordaverunt
653 984 684 1012 in
710 992 804 1012 unum
830 984 870 1013 ad
894 992 1022 1021 regnum

235 1029 312 1058 luda
327 1030 461 1059 funditus
483 1030 704 1067 extirpandum.
727 1032 838 1059 Rursus
862 1032 970 1067 etiam,
991 1032 1022 1061 in

236 1077 375 1114 passione
399 1077 530 1113 Domini,
551 1078 683 1107 Herodes
697 1080 725 1107 et
740 1078 849 1108 Pilatus
871 1079 940 1108 t'acti
955 1082 1023 1109 sunt

237 1125 334 1154 amici.
354 1127 431 1161 Luc.‚
446 1134 537 1162 xxiii,
556 1127 599 1155 ¹2.

273 1173 476 1210 Philippenses
491 1173 685 1202 commendat
704 1174 878 1211 Apostolus,
894 1174 996 1204 dicens
1011 1184 1019 1204 ε

240 1229 254 1247 ι(
271 1222 302 1248 ln
325 1220 426 1249 medio
451 1221 581 1249 nationis
603 1228 703 1257 pravus
722 1223 750 1250 et
771 1229 932 1258 perversae,
947 1222 1022 1252 inter

238 1275 315 1303 quos
330 1267 436 1297 lucetis
451 1267 526 1296 sicut
546 1267 706 1297 luminaria
728 1268 758 1296 in
783 1269 911 1306 mundo,
932 1279 946 1296 υ
965 1273 1019 1299 etc.

238 1314 356 1350 Philip„
372 1323 408 1350 ιι,
422 1316 466 1343 15.

274 1362 374 1389 Petrus
389 1362 548 1398 Apostolus
563 1362 636 1391 dixit
651 1362 835 1399 quibusdam
847 1363 955 1391 Judaeis
969 1371 1022 1393 au-

239 1408 391 1436 dientibus
404 1409 531 1437 verbum
548 1409 614 1445 Dei,
627 1411 703 1444 Act„
719 1417 754 1444 ιι,
770 1411 805 1439 40
822 1419 828 1438 :
849 1421 862 1436 ιι
877 1410 1021 1440 salvami—

238 1455 268 1483 ni
283 1463 301 1483 a
315 1456 507 1491 generatione
525 1456 579 1484 ista
594 1464 698 1492 prava.
713 1468 726 1481 n

273 1502 434 1531 Proconsul
448 1503 556 1532 Paulus
575 1503 765 1532 desiderabat
778 1504 881 1533 audire
895 1506 1021 1534 verbum

237 1550 306 1585 Dci3
323 1550 375 1578 sed
398 1552 460 1579 erat
483 1559 551 1579 cum
573 1559 608 1579 eo
629 1550 746 1587 Elymas
761 1560 866 1588 magus
888 1554 1021 1589 pseudo·

237 1597 384 1633 propheta
398 1598 533 1633 sumnus,
551 1598 602 1634 qui
624 1598 777 1627 resistebat
796 1600 887 1628 Paulo
912 1602 940 1628 et
955 1602 1021 1628 Bar-

239 1644 325 1672 naboe
334 1665 342 1679 ,
356 1654 368 1670 «
380 1653 514 1681 quoercns
523 1647 656 1674 avertere
668 1646 880 1682 proconsulem
895 1648 992 1676 afide.
1005 1660 1018 1674 »

238 1691 314 1725 Act„
330 1700 393 1727 xiii,
411 1694 436 1719 8.

274 1739 304 1767 ln
320 1739 435 1767 civitate
451 1739 557 1775 Lystris
573 1739 709 1767 homines
728 1742 814 1768 tantae
828 1741 1022 1777 simplicitatis

238 1788 338 1821 erant,
355 1787 438 1822 quod
454 1787 508 1822 ipsi
526 1787 651 1815 Paulum
668 1790 695 1814 et
717 1788 882 1816 barnabum
898 1789 968 1817 deos
983 1789 1022 1818 ad

239 1835 347 1860 terram
370 1833 558 1861 descendisse
584 1834 738 1869 putabant.
765 1836 836 1862 Cum
858 1838 956 1863 autem
973 1837 1021 1864 vix

237 1880 369 1908 sedasset
385 1888 435 1908 eos
453 1880 576 1914 Paulus,
592 1882 618 1907 ct
634 1881 768 1916 cwpisset
781 1882 821 1908 cis
837 1882 915 1910 riam
929 1885 1022 1910 osten-

238 1926 308 1954 dere
332 1926 481 1962 veritatis,
506 1930 741 1963 supervenerunt
765 1929 889 1964 quidum
907 1929 998 1957 Judaei
1012 1951 1020 1965 ‚

239 1973 290 2008 qui
305 1974 345 2001 ita
360 1976 515 2002 suaserunt
531 1973 624 2001 turbis
634 1994 642 2009 ,
657 1975 741 2010 quod
758 1975 864 2003 Paulus
880 1975 934 2004 suit
948 1976 1024 2012 lapi-

239 2020 325 2047 datus
340 2020 399 2054 ibi,
416 2023 443 2047 ct
459 2021 544 2056 quasi
560 2029 614 2057 pro
631 2024 748 2050 mortuo
762 2022 930 2051 derelictus.
944 2024 1019 2059 Act„

240 2075 301 2094 xiv.

276 2115 349 2141 Cum
365 2114 492 2142 verbum
508 2115 622 2142 Domini
640 2115 752 2144 sortiter
767 2117 797 2144 in
819 2117 932 2153 Epheso
949 2126 1023 2146 cres-

240 2162 332 2195 ceret,
346 2163 373 2189 et
385 2162 525 2189 Dominus
538 2170 591 2197 per
607 2163 731 2191 Paulum
748 2164 861 2192 ibidum
876 2165 1021 2194 miracula

240 2208 332 2235 multa
356 2208 480 2241 faceret,
502 2210 664 2237 Demetrius
689 2211 812 2246 qnidam
835 2213 1020 2247 argentarius

239 2255 349 2282 faciens
364 2255 444 2283 (edes
464 2259 618 2291 argenteas
640 2257 750 2292 Dianio,
772 2260 940 2287 convocatis
956 2261 1022 2296 opi-

240 2301 346 2329 ficibus
361 2302 440 2330 illius
461 2303 546 2338 artis,
572 2303 749 2332 seditionem
770 2309 873 2334 contra
896 2307 1020 2336 Paulum

240 2348 406 2378 concitavit.
423 2351 496 2384 Act„
509 2358 568 2378 xix.

487 2463 631 2498 CAPUT
656 2465 772 2499 CXXI.

427 2551 465 2577 Dc
482 2551 665 2585 prosperitate
683 2553 834 2581 tumultum.

278 2633 464 2661 Abundantia
476 2641 574 2662 rerum
588 2635 798 2670 temporalium
810 2645 886 2673 saepe
901 2639 930 2666 tit
943 2640 1020 2668 mul-

244 2682 340 2708 torum
355 2681 471 2709 occasio
485 2683 685 2718 peecatorum,
697 2682 769 2710 sicut
784 2684 812 2711 in
825 2685 875 2713 illa
885 2687 1018 2723 regione,

1082 285 1151 316 quae
1175 277 1357 315 irrigabatur
1385 278 1464 308 sicut
1487 277 1648 317 paradisus
1672 280 1808 318 Damni,
1830 281 1863 310 in

1082 333 1144 363 qua
1165 324 1344 356 habitabant
1364 325 1528 356 sodomitis
1549 327 1685 364 pessimi.
1704 327 1784 364 Gn,
1796 333 1862 359 m.

1117 373 1254 410 Gedeon,
1269 381 1338 402 cum
1358 381 1470 411 parvus
1481 373 1576 404 homo
1592 376 1683 411 esset,
1697 377 1727 404 et
1742 374 1776 404 in
1793 383 1865 418 ma

1080 419 1265 450 trumentum
1278 421 1438 458 excuteret,
1452 420 1552 450 bonus
1563 421 1631 457 fuit,
1642 424 1674 451 et
1687 429 1758 451 eum
1771 429 1864 459 ango-

1080 467 1129 496 lus
1143 467 1260 497 Domini
1274 468 1405 497 visitavit
1410 477 1419 504 ς
1433 471 1504 506 post
1517 469 1671 499 obtentam
1685 477 1758 500 vero
1770 469 1864 501 vieto-

1080 514 1168 550 riam,
1181 515 1260 545 male
1275 523 1307 544 se
1319 515 1436 545 habuit.
1450 514 1555 553 Judio„
1571 524 1636 546 vm.

1116 562 1187 592 Saul
1200 565 1363 601 antequam
1376 571 1429 592 rex
1441 565 1528 600 esset,
1540 563 1639 593 bonus
1651 563 1725 601 fuit;
1740 566 1770 594 et
1781 567 1864 602 post-

1080 617 1175 647 quam
1189 610 1274 646 regni
1287 610 1493 647 gubernacula
1507 611 1653 648 suscepit,
1666 611 1819 647 intumuit,
1835 613 1865 642 et

1080 656 1258 686 mandatum
1272 657 1390 686 Domini
1403 657 1572 695 praeterivit.
1587 659 1597 687 l
1611 659 1691 694 Rea„
1702 666 1754 687 xv.

1115 705 1183 734 Post
1196 704 1291 734 multa
1303 704 1399 741 bella,
1414 706 1443 734 et
1457 705 1595 734 victorias
1608 705 1647 734 de
1663 705 1790 734 inimicis
1803 705 1861 735 ob-

1080 753 1192 785 tentas,
1206 758 1366 780 remanens
1386 751 1481 781 David
1499 752 1618 789 quietus
1631 753 1663 782 in
1678 753 1861 782 Hierusalem

1079 798 1229 828 commisit
1251 798 1450 835 adulterium,
1475 802 1505 830 et
1526 800 1636 830 exinde
1659 803 1794 830 secutum
1818 803 1862 830 est

1078 845 1286 875 homicidium.
1302 848 1323 876 ll
1338 849 1417 884 Req„
1433 855 1472 876 xi.
1545 876 1548 881 ,

1114 893 1274 923 Occasione
1289 893 1487 923 multitudinis
1501 894 1706 931 subditorum,
1721 894 1815 924 David
1828 894 1860 924 in

1077 940 1252 978 superbiam
1270 940 1366 970 elatus
1380 943 1440 976 est,
1455 944 1484 970 et
1498 942 1567 971 feeit
1585 941 1734 979 populum
1754 949 1860 970 nume-

1077 988 1146 1016 rari.
1175 987 1232 1016 Sed
1259 990 1331 1017 nota
1354 996 1447 1025 quam
1469 989 1599 1025 graviter
1621 988 1680 1018 tale
1702 990 1859 1025 peccatum

1076 1034 1132 1064 fuit
1146 1035 1294 1072 punitum.
1310 1035 1332 1064 11
1346 1036 1424 1071 neq„
1442 1043 1522 1064 xxiv.

1113 1083 1177 1110 Non
1197 1084 1259 1111 erat
1278 1084 1436 1118 argentum
1455 1082 1581 1118 alicujus
1595 1083 1682 1120 pretii
1701 1083 1732 1111 in
1752 1083 1860 1113 diebus

1077 1129 1257 1165 Salomonis,
1279 1130 1348 1166 quia
1372 1132 1453 1159 tanta
1473 1132 1536 1159 erat
1561 1130 1591 1158 in
1612 1130 1794 1159 Hierusalem
1813 1138 1858 1160 ar-

1077 1175 1156 1211 genti
1169 1175 1366 1212 abundantffl,
1376 1179 1490 1214 quanta
1501 1178 1529 1205 et
1538 1176 1685 1213 lapidum.
1696 1177 1730 1206 lit
1739 1178 1817 1213 Rea„
1827 1185 1857 1206 x.

1077 1222 1134 1252 Sed
1149 1225 1220 1252 nota
1235 1231 1328 1260 quam
1343 1223 1492 1258 mirabile,
1505 1225 1534 1252 et
1548 1223 1681 1252 terribile
1695 1223 1759 1259 iuit3
1773 1223 1858 1260 quod

1076 1269 1144 1306 plus
1171 1271 1274 1299 nocuit
1301 1271 1326 1299 ei
1350 1278 1450 1299 rerum
1473 1270 1578 1307 copia,
1602 1278 1695 1307 quam
1716 1271 1860 1308 profuerit

1077 1318 1158 1346 tanta
1171 1317 1326 1354 sapientia.
1343 1318 1376 1347 111
1391 1319 1468 1353 neq„
1485 1326 1525 1346 xi.

1112 1366 1279 1402 Antequam
1295 1364 1455 1394 Jeroboam
1475 1364 1600 1393 haberet
1617 1365 1789 1394 ‘dominium
1808 1373 1858 1393 su·

1077 1419 1131 1448 per
1144 1411 1249 1440 decem
1265 1412 1368 1447 tribuS,
1384 1419 1444 1441 non
1457 1412 1564 1448 legitur
1578 1412 1666 1440 fuisse
1682 1412 1790 1448 malus,
1805 1413 1859 1441 sed

1077 1459 1173 1494 magis
1189 1458 1365 1487 adolescens
1379 1459 1469 1487 bonoe
1485 1458 1611 1494 indolis,
1632 1462 1660 1488 et
1678 1459 1858 1495 industrius3

1077 1505 1176 1534 statim
1189 1513 1261 1534 vero
1277 1508 1309 1534 ut
1322 1513 1448 1541 regnum
1464 1505 1590 1542 adeptus
1605 1508 1657 1542 est,
1669 1506 1737 1535 fecit
1749 1506 1860 1536 vitulos

1079 1560 1201 1588 aurem,
1219 1554 1246 1581 et
1260 1552 1364 1581 avertit
1378 1552 1526 1589 populum
1541 1562 1559 1582 a
1575 1554 1649 1588 Deo,
1664 1561 1702 1582 ne
1716 1556 1860 1583 averteret

1078 1607 1108 1628 se
1123 1599 1162 1628 ab
1177 1607 1224 1629 eo.
1240 1600 1363 1635 1111329„
1378 1607 1429 1628 xu.

1115 1647 1247 1675 Amasias
1267 1655 1318 1675 rex
1337 1646 1413 1675 luda
1433 1646 1595 1676 debellavit
1617 1647 1725 1683 Edom,
1743 1649 1770 1676 et
1789 1648 1858 1678 inde

1078 1694 1225 1722 elevatum
1249 1696 1290 1723 est
1315 1702 1366 1723 cor
1390 1695 1470 1730 eJus,
1493 1697 1521 1723 et
1543 1695 1639 1723 voluit
1665 1697 1769 1724 contra
1790 1697 1859 1725 Joas

1078 1749 1182 1777 regem
1205 1741 1293 1769 lsrael
1312 1741 1456 1778 praeliuri3
1484 1741 1536 1770 sed
1558 1742 1636 1771 male
1658 1743 1797 1771 successit
1820 1743 1856 1771 ei.

1081 1790 1113 1817 lV
1129 1790 1206 1824 Πομ,
1223 1796 1284 1816 xnv.

1116 1836 1187 1862 Cum
1204 1835 1380 1863 roboratum
1399 1834 1502 1862 suisset
1520 1843 1647 1871 regnum
1664 1836 1816 1871 Roboaria,
1831 1839 1859 1865 et

1079 1882 1288 1917 confortatum,
1300 1882 1459 1918 dereliquit
1471 1882 1568 1917 legem
1582 1882 1708 1923 Domini,
1719 1886 1748 1912 et
1762 1884 1859 1912 omnis

1079 1930 1166 1958 lsrael
1182 1938 1250 1957 cum
1266 1936 1312 1958 eo.
1331 1931 1351 1957 ll
1369 1930 1473 1964 ParuL,
1489 1937 1540 1963 xii,
1557 1931 1582 1957 ¹.

1115 1978 1188 2005 Cum
1208 1976 1366 2005 roboratus
1387 1978 1461 2005 esset
1483 1976 1565 2005 Ozias
1585 1984 1637 2004 rex
1658 1976 1744 2012 luda,
1763 1977 1859 2006 eleva-

1079 2027 1142 2053 tum
1166 2027 1207 2053 est
1231 2032 1282 2052 cor
1309 2023 1373 2059 ejus
1398 2024 1427 2051 in
1450 2024 1600 2052 interitum
1618 2032 1720 2059 suum,
1745 2024 1859 2060 ingres—

1079 2079 1189 2108 susque
1211 2072 1241 2099 in
1264 2071 1409 2107 templum
1432 2070 1554 2100 adolere
1577 2071 1673 2100 voluit
1693 2071 1857 2101 incensum.

1080 2120 1100 2148 ll
1117 2119 1220 2151 Parui,y
1237 2126 1316 2147 xxvi.

1115 2167 1260 2194 Manasses
1281 2172 1334 2193 rex
1355 2165 1385 2192 in
1409 2165 1591 2194 Hierusalem
1615 2165 1669 2194 suit
1690 2166 1857 2202 pessimus;

1079 2215 1181 2250 postca
1201 2212 1232 2240 in
1253 2211 1405 2248 Babylone
1421 2213 1449 2239 et
1463 2213 1674 2246 coangustatus
1693 2214 1789 2242 oravit
1806 2215 1859 2243 Do-

1080 2261 1212 2294 minum,
1229 2261 1256 2288 et
1278 2259 1337 2295 vgit
1358 2258 1562 2295 poenitentiam
1580 2259 1668 2288 valde
1686 2268 1787 2289 coram
1803 2263 1858 2290 Do-

1080 2308 1170 2336 mino.
1187 2308 1206 2335 ll
1223 2307 1330 2341 Par-al„
1348 2314 1449 2334 xxxin.

1115 2354 1263 2383 Munduna
1304 2353 1484 2389 prosperitas
1516 2353 1692 2390 multiplicat
1725 2355 1859 2384 carnales

1080 2403 1203 2436 amicos,
1219 2402 1248 2429 et
1262 2403 1435 2436 congregat,
1451 2407 1527 2436 quos
1542 2401 1705 2430 adversitas
1721 2410 1796 2438 saepe
1812 2401 1859 2430 t'u-

1080 2453 1137 2485 gat.
1160 2448 1241 2476 Unde
1264 2447 1355 2475 Tobia
1376 2455 1394 2475 a
1416 2447 1543 2476 caecitate
1564 2451 1683 2483 sanato,
1703 2451 1731 2477 et
1755 2449 1858 2484 ditato,

1079 2497 1223 2524 venerunt
1243 2493 1413 2523 consobrini
1434 2494 1496 2529 ejus
1512 2494 1551 2522 ad
1568 2503 1636 2523 eum
1652 2495 1815 2531 gaudentes
1830 2498 1859 2524 et

1079 2542 1318 2579 congratulantes
1333 2541 1370 2574 ci,
1389 2541 1465 2576 Tob.‚
1481 2549 1520 2569 xi.
1536 2542 1622 2575 Quod
1641 2550 1702 2570 non
1719 2542 1859 2577 leguntur

1078 2591 1190 2625 secisse,
1211 2588 1333 2625 quando
1354 2587 1437 2624 prius
1455 2591 1516 2617 crat
1535 2596 1642 2624 caecus,
1658 2592 1686 2617 et
1703 2597 1779 2618 uxor
1793 2590 1857 2626 eJus

1078 2639 1140 2668 ibat
1154 2638 1193 2667 ad
1208 2637 1366 2666 textrinum
1379 2644 1464 2673 opus.
1484 2637 1560 2671 Tob„
1575 2644 1605 2664 ιι.

1114 2687 1181 2714 rost
1196 2684 1347 2712 victoriam
1363 2683 1513 2711 obtentum
1530 2683 1566 2710 dc
1581 2683 1756 2720 Arphuxad,
1772 2684 1853 2713 exal-
