2004 3037
293 229 353 261 58⁰

290 297 368 324 stum
382 295 475 322 Deum
494 299 564 321 cum
576 290 655 321 mira
667 290 802 320 libertate
823 290 1026 327 praedicabat,
1041 291 1070 320 et

288 341 407 371 sudaeos
433 339 509 369 dure
535 339 694 376 increpans
720 336 942 374 confundebat,
967 337 1070 366 dicens

288 389 365 418 inter
380 390 484 417 caetera
502 396 510 416 ε
528 396 543 414 α
557 387 634 415 Dura
659 385 774 414 cervice
785 405 797 420 ‚
821 387 850 414 et
871 384 1070 414 incircumcisi

289 436 381 466 corde
396 437 425 464 et
438 434 579 470 auribus,
599 441 654 462 vos
678 439 796 470 semper
819 431 940 469 Spiritui
961 433 1069 462 Sancto

288 483 431 513 resistitis.
446 493 460 510 n
481 483 553 517 Act„
570 489 628 516 vn,
645 481 690 509 5¹.

323 531 507 567 Magistratus
533 531 562 558 et
584 527 718 556 minister
747 526 902 562 arguendo
931 526 1070 556 dixerunt

287 578 435 616 Apostolis
458 586 465 605 :
484 586 498 604 α
522 574 723 612 praecipiendo
738 574 937 611 praecepimus
958 573 1047 602 vobis
1057 595 1067 610 ‚

287 634 325 655 ne
340 624 486 654 doceretis
501 623 538 661 (a)
555 623 586 652 in
600 622 722 651 nomine
735 622 806 657 ist0;
823 623 852 650 et
867 630 934 650 ecce
948 621 1069 658 repletis

287 672 470 701 Hierusalem
485 670 620 699 doctrina
633 672 748 704 vestra,
764 671 793 698 et
813 668 904 697 vultis
925 668 1067 697 inducere

287 729 376 758 super
390 728 446 748 nos
469 718 647 754 sanguinem
667 716 798 746 hominis
821 717 914 745 istius.
938 718 1068 753 Respon-

287 767 390 796 dentes
414 768 513 795 autem
542 767 643 794 Petrus
661 786 670 800 ,
694 767 723 793 et
739 763 877 800 ,Apostoli
902 763 1065 792 dixerunt:

285 815 376 851 Magis
390 813 513 842 obedire
529 814 646 849 oportet
655 813 715 840 Deo
724 832 734 846 ‚
745 819 838 848 quam
848 809 1033 839 hominibus.
1049 820 1064 838 a

286 863 359 897 Act„
374 870 404 897 v,
420 863 465 897 28,
480 862 526 889 29.

320 908 428 937 Paulus
451 907 611 945 Apostolus
627 928 636 942 ,
656 907 800 943 proesente
826 905 918 933 Paulo
937 912 1067 942 procon-

285 956 358 992 sule,
374 956 509 992 Elymum
528 962 651 990 magum
666 953 823 982 durissime
838 951 1021 988 increpavit,
1037 954 1067 980 et

285 1012 355 1033 eum
382 1003 421 1032 ad
449 1005 565 1039 tempus
593 1001 705 1029 lumine
733 999 891 1029 oculorum
924 999 1064 1036 privavit.

284 1053 360 1087 Act„
380 1058 443 1079 xui.

319 1099 391 1127 Cum
412 1097 605 1126 mandassent
623 1095 829 1131 magistratus,
855 1096 886 1122 ut
910 1093 1017 1122 Paulus
1038 1095 1067 1122 et

284 1145 357 1175 Silas
370 1145 567 1174 liberarentur
582 1143 619 1171 de
636 1150 753 1170 carcere
766 1164 773 1177 ‚
790 1141 898 1170 Paulus
913 1141 987 1168 dixit
1003 1140 1044 1168 eis
1057 1149 1063 1168 :

288 1206 301 1222 «
315 1197 410 1224 Coesos
427 1202 480 1222 nos
497 1193 616 1230 publice
632 1192 770 1220 homines
786 1192 936 1219 Romanos
951 1190 1066 1217 indem-

284 1245 369 1271 natos
393 1242 536 1270 miserunt
560 1241 591 1268 in
616 1246 784 1273 carcerem,
802 1240 829 1266 et
848 1245 926 1265 nunc
951 1236 1065 1265 occulte

285 1298 340 1318 nos
355 1290 486 1325 ejiciunt.
504 1299 516 1315 n
535 1289 567 1315 Et
582 1287 622 1314 sic
645 1286 762 1314 locutus
784 1286 841 1319 est,
857 1284 940 1321 quod
965 1284 1007 1311 illi
1033 1284 1066 1311 ti-

285 1339 398 1366 mentes
418 1337 579 1369 vrnerunt,
595 1337 622 1362 ct
636 1334 820 1369 rogaverunt
843 1340 894 1359 eos
905 1352 915 1366 ‚
928 1333 960 1359 ut
984 1338 1067 1366 egre-

285 1386 425 1414 derentur
441 1385 477 1412 de
494 1384 544 1412 illa
559 1383 684 1411 civitate.
703 1383 776 1415 Act„
792 1389 851 1409 xvi.

320 1434 475 1462 Commota
490 1434 518 1459 et
537 1430 661 1459 confusa
676 1429 791 1456 civitate
807 1427 970 1463 Ephesina‚
987 1426 1067 1454 cives

285 1481 429 1517 impetum
462 1479 593 1507 fecerunt
624 1476 804 1505 unanimiter
832 1475 862 1502 in
892 1474 1038 1502 theatrum
1058 1495 1066 1508 ‚

285 1529 375 1564 raptis
391 1527 548 1555 comitibus
563 1525 655 1554 Pauli.
673 1524 782 1552 Paulus
796 1526 894 1551 auu—m
918 1521 1014 1549 voluit
1036 1529 1067 1549 se

286 1575 400 1603 mittere
416 1575 444 1602 in
461 1573 624 1610 populum,
639 1571 692 1600 sed
708 1579 770 1598 nou
783 1569 984 1606 permiserunt
998 1575 1068 1596 eum

287 1623 435 1659 discipuli.
454 1624 524 1655 Act„
541 1629 602 1648 xix.

322 1670 494 1698 x'alecliceus
508 1668 649 1696 fratribus
661 1667 697 1694 de
709 1666 790 1700 Asia,
807 1665 925 1693 dicebat
939 1664 1047 1692 Paulus
1060 1673 1066 1691 ς

291 1730 303 1744 «
319 1718 440 1745 Sanctus
455 1716 577 1752 Spiritus
591 1723 643 1751 per
658 1722 762 1742 omncs
776 1714 953 1749 protestatur
969 1711 1070 1739 civita-

289 1768 331 1793 tes
352 1764 441 1797 mihi,
457 1763 528 1798 quia
542 1761 661 1789 vincula
678 1764 704 1787 et
719 1760 924 1787 tribulationes
940 1767 987 1785 me
1003 1766 1069 1785 ina-

290 1814 360 1840 nent
388 1811 419 1838 in
440 1809 620 1838 Hierusalem
638 1818 643 1835 :
675 1807 727 1835 sed
760 1807 850 1840 nihil,
877 1805 988 1841 inquit,
1013 1804 1069 1832 ho-

290 1867 356 1887 rum
374 1866 494 1892 vereor,
515 1865 569 1884 nec
592 1855 668 1883 facio
685 1855 817 1881 :mimam
842 1860 939 1880 meam
959 1851 1070 1887 pretio-

289 1907 398 1935 siorem
409 1927 417 1939 ,
433 1912 524 1941 quam
539 1912 587 1931 me
600 1924 609 1937 ,
625 1913 638 1928 »
656 1905 709 1929 etc.
727 1902 802 1934 Act„
818 1908 867 1933 xx,
883 1901 928 1933 ⁸23,
945 1900 990 1926 24.

326 1956 432 1982 Coram
457 1952 515 1979 illis
533 1950 702 1986 judicibus,
725 1956 801 1983 quos
824 1946 928 1974 habuit
944 1945 1071 1980 Paulus,

292 2001 398 2029 miram
414 1997 688 2034 magnanimitatem
709 1994 854 2027 ostendit,
870 1992 1009 2020 videlicet
1023 2000 1072 2019 co-

291 2057 356 2077 ram
384 2047 504 2076 tribuno
522 2066 530 2079 ,
559 2044 671 2072 Anania
700 2041 832 2078 principe
863 2039 1051 2067 saevi-(lotum
1063 2060 1072 2074 ,

293 2095 402 2129 Felice,
418 2095 517 2127 Festo,
534 2100 550 2119 a
563 2099 623 2127 quo
639 2089 791 2117 manifeste
808 2089 964 2122 gravatus,
982 2088 1073 2113 thrsa-

293 2151 357 2171 rem
372 2139 542 2177 appellavit.
561 2141 631 2172 Aah,
653 2146 718 2170 xxi,
735 2144 813 2168 xxu,
834 2142 921 2168 xxiii,
942 2142 1006 2167 xiv,
1023 2141 1072 2160 xv.

330 2194 360 2220 ln
386 2192 427 2217 tot
449 2192 474 2216 et
504 2187 588 2215 tantis
609 2184 747 2220 pvriculis
772 2183 946 2210 constitutus
967 2180 1074 2208 Paulus

295 2245 411 2273 sempor
425 2236 479 2263 suit
495 2233 660 2269 intrepidus·
681 2234 707 2258 vt
725 2238 864 2261 <courum
883 2230 910 2255 ct
931 2228 986 2255 hoc
1003 2235 1074 2263 prm-

296 2285 380 2320 cipuc
404 2282 541 2318 apparuit
565 2280 595 2307 in
618 2280 802 2313 tempestato,
821 2283 912 2312 quam
930 2282 1017 2310 passa
1033 2275 1076 2301 est

295 2331 380 2360 navis
395 2338 458 2357 sua.
477 2331 548 2362 .·t‹:r.,
564 2335 654 2354 xxvii.

334 2380 371 2406 De
387 2377 452 2413 ipso
474 2376 562 2403 heato
586 2373 677 2400 Paulo
702 2372 806 2399 beatus
830 2369 1025 2402 Auguztinus,
1043 2367 1076 2394 de

297 2427 413 2454 civitate
424 2425 472 2450 Dei
483 2422 535 2449 lib.
551 2422 616 2453 ΧΙΥ,
630 2430 654 2446 v.
672 2427 716 2453 ix,
729 2426 757 2445 n.
772 2419 789 2444 Ξ).
806 2425 812 2444 :
829 2427 841 2441 «
855 2416 955 2449 illum,
968 2414 1075 2450 inquit,

298 2472 444 2509 optimum
460 2472 487 2497 et
502 2467 693 2495 fortissimum
708 2465 817 2497 virum,
835 2463 885 2498 qui
903 2462 931 2489 in
952 2462 1011 2488 suis
1030 2461 1074 2488 in-

299 2517 485 2547 firmitatibus
506 2514 666 2550 gloriatin-3
683 2511 731 2546 qni
754 2511 820 2546 plus
844 2508 985 2537 omnibus
1007 2515 1076 2535 coa-

297 2565 420 2601 postolis
435 2564 495 2591 suis
515 2560 682 2593 laboravit3
700 2558 801 2592 illum,
820 2557 954 2592 inquam,
970 2562 1076 2582 verum

298 2614 332 2648 (b)
350 2612 491 2641 athletam
514 2607 631 2641 Christi,
649 2606 770 2634 doctum
793 2604 832 2632 ab
852 2602 904 2630 itlo
920 2624 929 2636 ‚
953 2604 1075 2629 unctum

332 2713 362 2742 (a)
380 2712 441 2736 Coet.
458 2711 516 2734 edit.
533 2707 678 2733 docueritis,
693 2719 722 2724 -
737 2704 768 2734 (b)
781 2703 821 2729 AI.
836 2703 928 2726 virum.
942 2714 971 2720 —-
987 2702 1015 2731 (e)
1033 2701 1075 2724 Al.

907 222 1042 256 BIBLIA
1062 220 1295 256 PAUPERUM.

1127 289 1166 318 de
1176 289 1248 325 illo,
1259 289 1436 319 crucifixum
1449 298 1520 320 cum
1531 290 1600 327 illo,
1614 289 1781 328 gloriosum
1790 287 1902 326 inill03

1123 337 1157 367 in
1171 337 1286 367 theatro
1298 338 1389 375 huius
1401 338 1520 374 mundi,
1533 338 1581 367 cui
1593 336 1798 376 spectaculum
1808 336 1906 367 tactus

1126 387 1185 422 est,
1203 386 1233 414 et
1246 384 1377 421 angelis,
1392 387 1422 414 et
1436 385 1623 421 hominihus,
1645 385 1778 421 legitime
1791 391 1904 420 magno

1125 439 1222 468 agone
1243 431 1275 469 (c)
1299 433 1460 460 certantem
1473 453 1482 468 ‚
1502 431 1597 461 oculis
1622 431 1695 460 fidei
1713 430 1905 460 libentissime

1124 480 1307 516 spectantem
1337 479 1374 516 (d)
1391 501 1401 514 ,
1427 479 1560 515 gaudere
1591 487 1661 507 eum
1684 477 1884 514 gaudentibus
1893 499 1904 514 ,

1124 524 1196 554 flere
1218 534 1288 555 cum
1311 525 1466 562 flentibus,
1489 525 1562 555 foris
1582 525 1744 554 habentem
1767 532 1905 562 pugnae,

1124 572 1203 602 intus
1217 573 1352 610 timores,
1371 583 1386 600 ν
1402 575 1447 602 etc

1353 670 1497 704 CAPUT
1521 670 1672 704 LXXIX.

1160 743 1199 770 De
1213 743 1353 778 patientia
1378 745 1404 771 et
1422 743 1640 777 mansuetudine,
1660 745 1687 771 et
1705 743 1739 771 de
1756 742 1870 778 injuriis

1416 789 1442 816 et
1462 789 1610 819 tormentis.

1158 857 1306 886 Mansuete
1319 856 1434 886 serebat
1455 859 1551 893 Isaac,
1569 865 1637 886 cum
1651 859 1736 895 pater
1757 864 1830 886 suus
1848 856 1904 886 im-

1123 904 1237 932 molare
1253 912 1322 932 eum
1336 903 1435 932 veltet.
1457 904 1535 940 Gen„
1551 912 1621 934 xxn.

1157 950 1267 987 ioseph
1278 951 1394 979 facinus
1402 951 1486 988 quod
1497 951 1528 980 in
1543 960 1611 980 eum
1627 951 1905 981 commiseruntfra-

1122 1000 1180 1027 tres
1203 998 1264 1034 sui,
1287 999 1381 1028 Genes.
1406 1007 1526 1035 xxxvii,
1542 1001 1571 1028 et
1594 1000 1740 1037 patienter
1761 999 1849 1033 tulit,
1873 1000 1902 1028 et

1122 1045 1282 1075 clementer
1297 1046 1430 1075 indulsit.
1444 1047 1522 1082 Gen„
1537 1055 1592 1076 xiv
1607 1047 1653 1084 (e).

1157 1093 1290 1130 Speciale
1317 1093 1493 1122 mandatum
1521 1094 1604 1122 dedit
1627 1094 1737 1131 Ioseph
1760 1094 1900 1123 fratribus

1121 1140 1198 1175 suis,
1218 1140 1321 1169 dicens
1334 1150 1340 1168 :
1374 1152 1387 1166 ιι
1405 1143 1444 1170 Ne
1469 1141 1637 1170 irascamini
1657 1142 1687 1170 in
1712 1141 1769 1170 via.
1779 1151 1794 1168 ι)
1822 1141 1903 1177 Gen„

1121 1195 1186 1222 xrv,
1202 1189 1246 1215 24.

1158 1235 1220 1263 Cito
1244 1234 1340 1263 oravit
1359 1235 1474 1271 Moyses
1497 1242 1553 1271 pro
1578 1234 1684 1270 Maria,
1710 1243 1777 1272 quae
1800 1237 1904 1264 contra

1122 1290 1191 1310 cum
1207 1284 1266 1310 tam
1277 1282 1379 1318 inique
1395 1282 1496 1310 locuta
1509 1282 1614 1317 tuerat,
1629 1283 1658 1310 et
1671 1289 1724 1318 per
1737 1282 1903 1312 orationem

1123 1329 1187 1364 ejus
1202 1332 1305 1357 sanata
1319 1329 1382 1357 suit.
1398 1330 1494 1361 Num..
1508 1337 1559 1357 xu.

1158 1377 1391 1405 Murmuraverat
1407 1376 1538 1413 populus
1556 1378 1660 1405 contra
1680 1377 1799 1413 Moysen
1815 1378 1905 1404 etAa-

1122 1431 1189 1458 ron,
1201 1423 1317 1452 dicens:
1331 1435 1345 1449 u
1357 1425 1413 1452 Vos
1423 1423 1606 1452 interfecistis
1617 1423 1764 1460 populum
1772 1423 1902 1451 Domini:

1123 1472 1152 1498 et
1175 1479 1243 1498 cum
1266 1471 1358 1499 iratus
1383 1470 1524 1498 Dominus
1545 1470 1694 1506 populum
1718 1471 1903 1507 percuteret,

1124 1517 1199 1544 dixit
1214 1519 1329 1554 Moyses
1345 1517 1384 1545 ad
1400 1519 1498 1545 Aaron
1515 1525 1522 1544 :
1541 1527 1555 1542 ι(
1570 1518 1661 1553 Perge
1681 1517 1739 1545 cito
1754 1517 1794 1545 ad
1807 1524 1904 1553 popu-

1123 1563 1198 1600 lum,
1215 1567 1247 1593 ut
1261 1573 1328 1593 ores
1342 1573 1397 1601 pro
1413 1565 1464 1592 eis.
1480 1574 1493 1591 n
1512 1566 1543 1592 Et
1557 1564 1701 1601 sequitur,
1717 1563 1800 1601 quod
1813 1564 1906 1601 plaga

1124 1612 1257 1640 cessavit.
1273 1613 1368 1645 Num„
1385 1619 1443 1640 xvi.

1162 1659 1224 1687 Filii
1241 1659 1378 1695 Ephraim
1385 1659 1540 1694 jurgantes
1550 1658 1664 1687 fortiter
1677 1660 1780 1686 contra
1794 1657 1905 1686 Gedeo·

1123 1714 1210 1739 nem,
1227 1706 1343 1734 suerunt
1365 1705 1458 1733 sedati
1484 1713 1537 1741 per
1559 1706 1623 1740 eJus
1645 1707 1832 1733 mansuetam
1858 1712 1904 1732 re-

1125 1753 1314 1789 sponsionem
1323 1774 1332 1787 ,
1343 1753 1446 1785 Judic„
1459 1759 1508 1780 vin
1519 1773 1528 1786 ,
1538 1753 1566 1779 Ξ.
1581 1751 1681 1785 «Quid
1692 1751 1782 1786 enim,
1797 1751 1902 1788 inquit,

1126 1799 1181 1827 tale
1197 1799 1240 1835 (s)
1256 1799 1350 1827 tacere
1366 1800 1460 1835 potui,
1476 1798 1566 1835 quale
1581 1806 1636 1826 vos
1651 1798 1780 1826 fecistis?
1794 1808 1808 1824 »
1830 1800 1884 1826 etc.

1162 1847 1261 1875 Noluit
1271 1847 1413 1875 sustinere
1427 1846 1511 1881 Saul,
1523 1846 1607 1883 quod
1622 1846 1828 1876 occiderentur
1837 1847 1904 1881 viri,

1126 1894 1179 1930 qui
1195 1894 1384 1922 detraxerant
1399 1893 1434 1921 ei.
1453 1895 1462 1921 1
1478 1895 1556 1929 Rea„
1571 1901 1610 1921 iri.

1163 1941 1257 1969 Potuit
1273 1941 1365 1969 David
1380 1940 1492 1977 pluries
1503 1962 1512 1975 ,
1533 1942 1561 1968 et
1575 1940 1671 1969 noluit
1685 1940 1821 1969 occidere
1835 1941 1907 1970 Sau-

1127 1988 1186 2016 lem
1215 1989 1313 2024 ipsum
1336 1987 1488 2015 actualiter
1511 1990 1739 2024 persequentem
1765 1997 1772 2016 :
1796 1989 1805 2016 1
1829 1989 1906 2024 Κεφ,

1128 2043 1207 2070 xxrv,
1223 2035 1346 2071 quando
1361 2034 1487 2062 abscidit
1502 2043 1587 2062 oram
1603 2035 1768 2072 chlamydis
1787 2043 1858 2070 suae,
1880 2037 1908 2063 et

1128 2091 1207 2117 xxm,
1224 2082 1346 2119 quando
1362 2081 1473 2109 invenit
1487 2081 1696 2110 dormientem.

1164 2129 1288 2165 Fugiens
1315 2129 1407 2157 David
1430 2138 1448 2157 a
1476 2129 1549 2157 facie
1574 2129 1733 2164 absalom,
1763 2130 1909 2166 patienter

1130 2177 1204 2204 dixit
1219 2177 1257 2204 ad
1273 2176 1408 2204 Sadoch:
1427 2186 1440 2202 «
1455 2176 1482 2204 Si
1498 2176 1640 2204 invenero
1653 2176 1780 2212 gratiam
1794 2177 1824 2205 in
1840 2185 1909 2205 oeu-

1129 2225 1165 2253 lis
1181 2225 1316 2259 Domini,
1331 2225 1453 2252 reducet
1468 2232 1516 2252 me
1527 2246 1535 2259 ,
1549 2234 1563 2250 n
1589 2226 1643 2252 etc.
1660 2225 1680 2252 11
1697 2225 1774 2260 Περ..
1795 2232 1844 2259 xv,
1859 2225 1905 2253 25.

1129 2274 1161 2300 Et
1177 2272 1214 2300 ad
1231 2271 1323 2299 Semei
1338 2271 1567 2299 maledicentem
1579 2270 1651 2305 sibi,
1666 2273 1733 2305 etc„
1749 2279 1807 2299 ΧΠ.

1167 2318 1363 2354 Μὶρῐιίὺοερὼ
1378 2318 1513 2346 sustinuit
1532 2317 1678 2354 patienter
1691 2318 1826 2353 iniquam
1840 2324 1908 2345 sen-

1130 2366 1250 2393 tentiam
1266 2368 1368 2394 contra
1382 2373 1412 2393 se
1427 2365 1528 2393 latam.
1545 2366 1578 2393 tlt
1594 2366 1657 2400 Rey.
1686 2373 1734 2392 xv.

1167 2413 1305 2440 Dixerunt
1320 2412 1450 2440 seniores
1465 2412 1569 2440 dantes
1583 2411 1739 2440 consilium
1755 2410 1905 2439 Roboam:

1133 2470 1146 2485 α
1162 2460 1189 2488 Si
1206 2459 1351 2495 placueris
1367 2459 1482 2496 populo
1498 2459 1583 2493 huic,
1598 2460 1625 2486 et
1639 2457 1750 2485 linieris
1772 2465 1824 2486 eos
1843 2465 1909 2486 ver-

1131 2507 1176 2534 bis
1192 2506 1386 2535 clementibus
1396 2528 1406 2543 ‚
1421 2507 1548 2536 servient
1568 2505 1620 2534 tibi
1636 2506 1717 2534 omni
1734 2507 1876 2542 tempore.
1891 2515 1905 2533 ι»

1131 2555 1153 2582 ΙΙ
1168 2555 1273 2589 Ρανα1.,
1289 2562 1307 2582 x
1319 2575 1328 2589 ,
1343 2556 1370 2581 7.

1167 2600 1304 2629 Homines
1314 2600 1365 2637 qui
1375 2601 1516 2628 venerant
1525 2599 1564 2628 ad
1577 2599 1757 2635 capiendum
1768 2599 1907 2637 Elisenm,

1132 2671 1253 2695 maguum
1272 2671 1391 2695 agonem.
1412 2677 1441 2682 ·-
1466 2663 1508 2695 (d)
1532 2663 1573 2687 Δί.
1593 2665 1719 2693 spectant.
1740 2677 1767 2680 —
1790 2664 1822 2695 (c)
1844 2664 1906 2689 Coet.

1130 2700 1192 2725 edit.
1208 2700 1266 2725 add.
1282 2702 1307 2725 et
1320 2703 1340 2726 ¹.
1353 2713 1383 2718 —
1400 2699 1434 2730 (Γ)
1451 2699 1512 2724 Cat.
1528 2697 1590 2723 edit.
1607 2698 1666 2724 add.
1681 2699 1751 2731 quid.
