2004 3037
621 198 671 231 DE
693 198 888 231 OPERIBUS
910 198 1152 232 CONDITORIS.
1178 200 1264 232 CAP.
1287 201 1351 233 Lll.

155 272 280 294 movens
294 266 322 294 et
339 264 492 294 stimulans
506 265 547 294 ad
559 265 674 294 bonum
685 286 694 300 ‚
716 266 746 294 et
763 265 929 295 abhorrens

155 311 288 340 malum:
311 311 383 340 etin
397 311 459 341 istis
472 319 628 348 nunquam
648 313 745 347 errat,
766 320 865 348 neque
883 320 929 341 se-

156 357 288 386 cundum
314 357 498 395 synderesim
530 359 573 386 est
603 365 737 394 peccare.
771 358 929 387 Sciendum

156 404 244 433 etiam
268 405 351 441 quod
380 404 548 442 synderesis
570 412 726 441 nunquam
750 405 930 440 extinguitur

156 451 293 486 totaliter,
312 450 399 479 etiam
419 450 449 478 in
470 450 592 479 diabolo
607 451 679 480 etin
694 451 840 480 damnatis
857 461 863 478 :
884 459 929 479 re-

155 499 255 526 manet
268 497 347 526 enim
360 496 460 525 inillis
474 497 581 533 aliquis
596 498 659 533 ejus
674 499 764 526 actus.
781 498 926 534 Syndere-

156 543 194 572 sis
207 543 296 578 enim,
312 545 456 580 quantum
469 543 507 572 ad
522 543 690 572 instinctum
699 544 783 579 boni,
796 546 824 572 et
835 552 929 581 quan-

156 591 218 618 tum
231 589 271 618 ad
285 589 497 626 displicentiam
517 590 588 618 mali
603 591 697 627 culpae
711 591 846 619 absolute
862 599 929 619 con-

155 636 308 671 sideratae,
330 636 457 665 extincta
471 638 513 665 est
533 637 563 664 in
583 637 706 666 diabolo
722 640 749 665 ct
763 637 909 666 damnatis
920 648 927 674 ;

155 682 319 710 secundum
329 690 401 711 vero
418 683 500 719 quod
515 683 603 720 culpa
617 686 806 720 comparatur
820 684 859 712 ad
870 692 930 720 poe-

155 737 225 758 nam
235 751 244 765 ,
260 730 300 758 sic
312 738 374 758 non
388 732 430 759 est
445 731 571 759 extincta
586 731 617 758 in
631 731 689 758 illis
704 731 887 767 synderesiS‚
903 733 930 759 et

155 776 185 804 in
206 777 286 805 hunc
309 777 436 806 modum
457 779 589 806 remanet
612 777 642 805 in
665 777 706 806 eis
733 777 772 806 ad
796 785 926 813 poenam.

155 823 241 851 lsaias
252 823 260 839 ¹
275 832 282 852 :
302 825 407 852 Vermis
423 833 512 852 eorum
526 833 579 852 non
592 825 733 852 morietur.
751 824 863 852 Habent
876 824 929 859 igi-

155 871 202 897 tur
217 870 433 906 displicentiam
447 871 518 900 mali
538 871 568 899 in
590 871 812 908 comparatione
827 872 854 899 et
869 870 929 898 col-

155 915 264 944 latione
281 917 320 945 acl
334 925 464 953 poenam.

391 1010 568 1043 CAPUT
605 1011 692 1043 LII.

424 1082 462 1108 De
481 1081 660 1108 Conscientia.

189 1151 248 1177 Hoc
270 1157 381 1178 nomen
407 1150 576 1177 Conscientia
599 1149 788 1185 componitur
812 1150 850 1177 ab
873 1149 930 1177 hac

153 1196 380 1231 praepositione,
398 1198 478 1230 com,
500 1198 528 1224 et
548 1196 606 1224 hoc
625 1196 746 1224 nominc
758 1217 766 1229 ,
787 1196 929 1227 Scientia:

154 1241 234 1270 unde
249 1242 429 1271 conscientia
443 1242 514 1270 dicit
533 1243 593 1270 duo
606 1264 613 1277 ,
632 1243 742 1270 scilicet
756 1242 908 1270 scientiam
920 1262 928 1276 ,

154 1290 182 1316 ct
195 1289 359 1317 secundum
377 1290 434 1317 hoc
457 1289 636 1317 conscientia
651 1291 692 1317 est
706 1289 825 1317 habitus
844 1291 929 1316 natu-

152 1334 241 1370 ralis,
264 1343 325 1363 non
344 1336 441 1364 solum
461 1335 625 1371 cognitivus
637 1357 644 1370 ,
665 1336 717 1363 sed
739 1336 827 1364 etiam
841 1335 929 1363 moti-

153 1389 227 1409 vus:
249 1381 370 1410 inclinat
385 1382 465 1409 enim
479 1383 608 1410 animam
629 1382 668 1410 ad
689 1382 928 1418 prosecutionem

153 1427 244 1462 boni,
270 1430 297 1455 et
317 1427 420 1462 fugam
443 1428 524 1456 mali.
550 1428 613 1456 Alio
635 1428 728 1456 modo
751 1428 929 1456 conscientia

154 1472 224 1500 dicit
232 1474 432 1509 acceptionem
446 1474 483 1509 (a)
497 1477 623 1510 exparte
638 1475 770 1509 rationis,
785 1475 868 1510 quod
878 1483 928 1502 no-

153 1521 228 1547 tatur
242 1519 298 1547 hac
312 1521 519 1556 proepositione
534 1529 590 1547 con.
609 1520 704 1548 Primo
720 1520 810 1555 igitur
824 1521 928 1555 modo,

152 1567 240 1600 prout
254 1567 432 1594 conscientia
444 1567 569 1594 includit
579 1567 729 1594 scientiam
740 1567 771 1594 in
785 1575 826 1602 se,
840 1567 928 1594 habet

152 1619 182 1638 se
198 1611 271 1639 sicut
284 1613 438 1648 superius,
459 1615 486 1640 et
507 1613 695 1648 conjungitur
710 1613 881 1648 synderesi,
902 1615 929 1640 et

152 1666 268 1694 semper
292 1661 333 1686 est
354 1661 442 1687 recta.
467 1659 602 1687 Secundo
624 1659 716 1686 modo
739 1659 928 1694 conjungitur

152 1705 245 1739 magis
259 1705 376 1740 rationi,
393 1707 420 1733 et
434 1705 475 1733 sic
486 1714 516 1733 se
528 1705 617 1733 habet
630 1706 704 1733 sicut
716 1705 836 1733 inferius
850 1715 856 1732 ε
870 1705 927 1733 hoc

151 1751 243 1779 modo
267 1752 370 1787 recipit
394 1760 525 1780 errorem
549 1754 577 1779 et
599 1752 865 1780 conturbationem.
896 1752 927 1779 ln

153 1797 331 1825 conscientia
346 1798 425 1825 enim
444 1807 481 1825 ex
499 1801 581 1834 parte
597 1798 727 1825 inferiori
741 1798 817 1825 benc
832 1800 927 1834 potest

153 1844 286 1871 accidere
299 1852 389 1872 error.
406 1846 477 1872 Nam
489 1844 563 1872 ratio
577 1853 644 1872 cum
657 1844 844 1879 conscientia,
859 1852 926 1872 cum

153 1890 228 1924 parti
243 1890 373 1918 inferiori
387 1891 531 1926 jungitur,
546 1891 636 1918 habet
647 1891 759 1918 versari
773 1891 850 1918 circa
861 1898 927 1926 par-

154 1936 287 1964 ticularia
298 1957 307 1971 ,
324 1937 354 1964 in
370 1937 478 1972 quihus
494 1945 570 1973 saepe
586 1937 729 1972 contingit
750 1945 847 1965 errare
859 1957 868 1971 ‚
889 1937 927 1964 si—

155 1983 203 2009 cut
214 1985 293 2018 patet
305 1983 334 2009 in
347 1983 521 2018 syllogismo
535 1983 728 2018 conscientiae,
744 1983 774 2010 in
787 1991 847 2018 quo
861 1991 928 2019 syn-

154 2027 264 2055 deresis
285 2029 425 2064 proponit
443 2029 606 2063 majorem,
633 2029 760 2056 scilicet:
781 2039 793 2055 «
808 2029 927 2057 Nullum

153 2075 266 2102 malum
286 2078 327 2103 est
343 2075 531 2111 faciendum3
549 2086 561 2101 n
579 2076 653 2103 ratio
674 2076 820 2103 subsumit
834 2076 926 2103 mino-

153 2130 226 2156 rem,
241 2123 281 2150 sic
296 2123 405 2150 scilicet
419 2132 424 2150 :
445 2132 458 2148 «
472 2125 530 2150 Hoc
546 2125 588 2150 est
602 2123 714 2150 malum
726 2131 733 2155 3
747 2133 758 2148 ι)
778 2123 927 2150 conscien-

155 2168 193 2195 tia
201 2168 350 2196 concludit
366 2178 372 2196 z
390 2171 488 2204 «Ergo
504 2177 565 2196 non
580 2171 621 2196 est
631 2168 809 2196 faciendum.
819 2178 832 2194 ›>
847 2168 927 2196 Circa

153 2215 280 2250 primam
293 2223 355 2243 non
374 2217 416 2243 est
435 2224 534 2250 error3
556 2215 633 2243 circa
652 2215 814 2243 secundam
835 2222 928 2250 quan-

155 2260 254 2296 doque
274 2263 316 2289 est
335 2269 435 2297 error3
457 2264 485 2289 et
505 2270 541 2289 ex
563 2262 619 2289 hoc
640 2261 750 2288 falsitas
765 2261 794 2288 in
809 2261 928 2288 conclu-

154 2307 235 2334 sione
251 2307 432 2344 quandoque
449 2308 550 2336 oritur.
570 2307 708 2335 Cavenda
723 2309 765 2334 est
779 2307 928 2334 conscien-

155 2353 192 2380 tia
214 2353 301 2381 nimis
322 2353 425 2389 larga,
448 2356 476 2381 et
496 2354 584 2381 nimis
605 2354 712 2381 stricta.
736 2355 808 2381 Nam
832 2354 927 2388 prima

155 2402 273 2432 generat
287 2400 546 2436 praesumptionem
560 2409 567 2434 3
584 2399 714 2427 secunda
725 2421 733 2433 ,
750 2400 928 2435 desperatio-

154 2451 231 2472 nem.
257 2448 327 2474 ltem
348 2447 445 2482 prima
469 2446 539 2473 dicit
561 2454 636 2481 saepe
658 2446 771 2473 malum
793 2446 925 2479 bonun13

155 2491 284 2519 secunda
298 2500 313 2519 e
329 2494 430 2520 contra
441 2514 450 2528 ,
466 2493 580 2520 bonum
595 2493 718 2520 malum.
737 2494 807 2520 Item
831 2492 927 2527 prima

156 2543 230 2571 saepe
251 2538 343 2566 salvat
376 2539 580 2567 damnandum
594 2549 601 2574 ς
627 2539 758 2566 secunda
785 2547 800 2565 e
826 2540 927 2565 contra

191 2599 195 2612 ¹
214 2599 273 2628 [δί’-ι
289 2606 358 2630 vai,
372 2602 410 2625 24.
422 2615 453 2619 -
468 2602 475 2616 ²
491 2601 528 2626 ΙιΙ.
544 2603 588 2632 est,
605 2609 672 2626 cum.
685 2615 713 2619 ——
730 2602 738 2615 ³
754 2603 880 2630 Damaso,
898 2601 927 2623 vlt«

157 2633 214 2659 Fid.
231 2635 311 2664 Orth„
327 2636 368 2659 lib.
386 2637 426 2665 iV,
443 2644 464 2661 θ,
479 2643 555 2661 ΧΧΠΙ,
571 2651 597 2654 -
615 2640 621 2651 ⁸
633 2638 707 2661 Basil.
719 2638 790 2661 hom.
806 2638 830 2659 iu
845 2644 926 2667 prmo.

275 2688 348 2709 TOM.
372 2690 438 2711 vul.

1701 209 1758 238 113

985 265 1108 295 damnat
1126 267 1313 296 salvandum.
1330 269 1418 302 Nota,
1433 269 1516 305 quod
1530 270 1611 298 aliud
1627 273 1670 299 est
1691 279 1761 300 con-

985 312 1125 347 scientia,
1151 313 1234 341 aliud
1269 316 1311 342 est
1338 314 1426 343 timor
1451 316 1644 345 conscientiae.
1680 319 1760 346 Tunc

986 358 1065 386 enim
1091 361 1133 387 cst
1155 360 1353 395 conscientia,
1376 362 1498 397 quando
1521 363 1588 399 quis
1607 365 1762 392 sententia-

985 404 1051 433 liter
1071 405 1184 441 judicat
1210 406 1325 442 aliquid
1347 415 1410 435 esse
1435 407 1623 444 faciendum,
1645 410 1692 438 vel
1717 411 1761 438 vi-

985 451 1110 479 tandum
1121 461 1128 487 ;
1144 454 1171 480 et
1194 455 1297 480 contra
1317 452 1406 481 talem
1425 455 1632 484 conscientiam
1644 457 1758 491 facere,

986 498 1098 526 etiamsi
1113 499 1149 526 sit
1162 506 1305 534 erronea,
1326 502 1479 536 peccatum
1504 503 1554 529 est.
1580 503 1638 530 Sed
1659 506 1762 532 contra

985 545 1123 573 timorem
1145 545 1329 573 conscientiae
1351 546 1467 581 facere,
1496 555 1557 575 non
1581 556 1699 585 semper
1721 553 1763 578 est

985 593 1150 627 peccatum,
1167 591 1237 627 quia
1251 592 1316 619 talis
1338 592 1426 620 timor
1444 600 1506 621 non
1529 596 1572 622 est
1585 603 1701 631 semper
1725 604 1762 625 ex

987 637 1143 666 diffinitiva
1163 639 1306 667 sententia
1319 639 1457 673 rationis,
1479 648 1532 676 per
1546 649 1638 676 quam
1650 642 1764 677 iudicet

985 691 1015 712 se
1042 684 1135 712 teneri
1168 684 1206 712 ad
1233 684 1367 721 aliquid;
1397 686 1449 714 sed
1475 694 1511 714 ex
1537 695 1571 715 eo
1599 689 1682 724 quod
1715 697 1763 717 va-

986 730 1065 758 cillat
1078 731 1153 758 inter
1168 731 1260 759 dubia
1272 753 1280 766 ,
1298 732 1432 760 nesciens
1447 733 1520 769 quid
1534 734 1570 762 sit
1583 734 1699 770 melius,
1717 737 1763 764 vel

986 777 1026 804 ad
1040 777 1115 813 quid
1129 779 1261 806 teneatur
1274 778 1384 814 potius,
1405 787 1473 807 cum
1488 781 1587 808 tamen
1601 789 1663 809 non
1679 782 1764 810 omit-

986 824 1094 851 teretur
1119 824 1268 860 quidquid
1290 825 1376 853 sciret
1401 833 1463 854 esse
1490 826 1632 862 placitum
1655 827 1763 856 divinae

987 869 1141 898 voluntati.

1022 917 1060 944 De
1075 917 1253 945 conscientia
1263 926 1383 955 quoque
1393 919 1557 955 sciendum,
1573 921 1657 958 quod
1671 929 1764 957 quan-

987 962 1087 999 doque
1101 964 1219 1000 respicit
1232 965 1420 1001 praeteritum,
1431 967 1614 1003 quandoque
1623 975 1763 1004 praesens,

986 1009 1168 1046 quandoque
1192 1010 1333 1039 futurum.
1350 1013 1421 1040 Nam
1445 1013 1624 1042 conscientia
1648 1018 1764 1043 accusat

987 1055 1023 1083 de
1038 1056 1185 1092 proeterito
1195 1078 1203 1091 ,
1218 1060 1417 1086 remurmurat
1431 1059 1467 1087 de
1482 1061 1632 1095 praesenti,
1648 1063 1675 1088 et
1689 1069 1763 1097 proe—

986 1104 1070 1130 cavet
1083 1103 1119 1130 de
1134 1103 1242 1131 futuro.
1268 1105 1411 1133 Praeterita
1429 1114 1559 1142 namque
1580 1107 1716 1143 respicit,
1732 1111 1764 1136 ut

986 1149 1108 1184 quando
1127 1150 1305 1179 conscientia
1320 1153 1449 1179 mentem
1465 1152 1502 1180 de
1516 1153 1587 1187 hoc,
1603 1154 1686 1189 quod
1706 1154 1762 1182 sibi

986 1197 1104 1224 conscia
1125 1199 1182 1232 est,
1202 1199 1405 1234 reprehendit,
1428 1200 1502 1227 sicut
1521 1201 1558 1228 de
1581 1201 1661 1229 malo
1684 1210 1763 1230 com-

984 1243 1095 1277 misso,
1117 1245 1164 1273 vel
1185 1245 1221 1273 de
1245 1245 1327 1274 bono
1350 1246 1469 1274 omisso.
1500 1248 1653 1276 praesentia
1676 1249 1764 1277 etiam

984 1290 1114 1326 respicit,
1140 1292 1371 1320 contradicendo
1399 1293 1440 1320 eis
1464 1301 1592 1329 quorum
1619 1302 1673 1330 per
1693 1303 1763 1323 con<

984 1337 1135 1365 scientiam
1149 1338 1309 1366 habuimus
1323 1339 1502 1374 oppositum.
1520 1341 1627 1369 Futura
1642 1350 1763 1378 quoque

984 1383 1117 1419 respicit,
1133 1386 1165 1412 ut
1179 1385 1301 1420 quando
1317 1385 1432 1413 instruit
1446 1388 1473 1414 et
1492 1387 1622 1415 stimulat
1635 1390 1764 1416 mentem

984 1429 1023 1457 ad
1038 1438 1073 1458 ea
1090 1430 1226 1458 facienda
1247 1431 1294 1458 vel
1315 1432 1436 1460 vitanda
1448 1453 1456 1466 ,
1477 1433 1516 1460 ad
1531 1442 1597 1469 quae
1615 1435 1679 1470 ipsa
1695 1443 1763 1463 con-

984 1476 1104 1504 scientia
1123 1477 1236 1512 judicat
1257 1486 1311 1505 nos
1332 1479 1435 1506 teneri.
1461 1480 1546 1512 Quod
1569 1483 1668 1508 autem
1692 1490 1762 1510 con-

984 1523 1104 1551 scientia
1132 1532 1163 1550 se
1191 1524 1339 1558 extendat,
1368 1528 1399 1552 ut
1428 1525 1538 1554 dictum
1560 1529 1612 1561 est,
1637 1530 1697 1556 tam
1722 1529 1761 1556 ad

983 1569 1070 1603 sacta,
1086 1578 1177 1605 quam
1191 1570 1230 1597 ad
1244 1570 1394 1605 facienda,
1412 1574 1507 1607 potest
1521 1573 1621 1608 colligi
1637 1582 1673 1602 ex
1686 1575 1762 1602 diffi-

983 1615 1146 1643 nitionibus
1171 1616 1374 1652 conscientiae,
1398 1626 1463 1653 quae
1487 1619 1559 1646 tales
1584 1622 1660 1648 sunt.
1689 1621 1761 1649 Dicit

983 1662 1061 1689 enim
1076 1664 1202 1690 ioannes
1222 1665 1417 1691 Damascenus
1432 1666 1458 1699 ³,
1476 1665 1559 1700 quod
1581 1667 1759 1696 conscientia

983 1711 1024 1735 est
1039 1708 1086 1735 lex
1101 1709 1265 1737 intellectus
1280 1710 1381 1737 nostri.
1407 1710 1527 1738 Basilius
1549 1714 1648 1740 autem
1663 1713 1732 1741 dicit
1748 1715 1757 1730 Β

983 1763 1043 1782 θεεθ
1066 1755 1209 1783 rationale
1232 1756 1448 1790 judicatoriuin.
1480 1758 1671 1787 Diffinitiones
1699 1761 1759 1789 istae

982 1801 1165 1836 magistrales
1180 1804 1263 1829 sunt:
1284 1812 1297 1828 «
1315 1804 1498 1831 Conscientia
1513 1807 1555 1832 est
1569 1807 1698 1840 cognitio
1713 1809 1757 1835 sui

981 1847 1082 1883 ipsius.
1101 1858 1114 1874 ›>
1136 1849 1206 1876 ltem
1222 1858 1254 1875 2«
1270 1850 1453 1878 Conscientia
1474 1853 1515 1878 est
1534 1851 1625 1879 animi
1639 1853 1757 1881 habitus

982 1894 1179 1929 agendorum,
1194 1897 1222 1922 et
1233 1903 1294 1923 non
1309 1897 1505 1931 agendorum.
1523 1908 1536 1923 η
1550 1900 1635 1926 item:
1656 1910 1669 1925 «
1684 1901 1757 1927 Con-

982 1941 1103 1970 scientia
1117 1944 1159 1970 est
1177 1943 1295 1970 habitus
1309 1944 1415 1971 mentis
1429 1945 1501 1972 boni
1522 1947 1549 1972 et
1563 1946 1635 1973 mali
1647 1946 1755 1974 discre-

981 1988 1066 2015 tivus.
1085 1999 1096 2013 »
1117 1990 1208 2017 Item:
1234 2000 1247 2015 «
1270 1991 1453 2019 Conscientia
1473 1994 1514 2020 est
1534 1993 1691 2022 credulitas
1712 1995 1756 2021 in-

981 2036 1117 2063 tentionis
1132 2037 1171 2064 ad
1186 2037 1301 2072 aliquid
1316 2038 1495 2071 faciendum,
1511 2040 1557 2066 vel
1572 2048 1633 2067 non
1647 2041 1756 2068 facien-

982 2081 1064 2115 dum,
1081 2082 1171 2109 animi
1188 2083 1400 2111 deliberatione
1416 2085 1540 2112 firmata.
1562 2096 1574 2110 n

1018 2129 1103 2154 Error
1113 2129 1296 2156 conscientiae
1309 2132 1374 2157 octo
1390 2131 1487 2158 modis
1502 2135 1646 2160 causatur.
1659 2135 1755 2162 Primo

982 2181 1017 2200 ex
1032 2173 1212 2208 ignorantia,
1233 2176 1354 2210 quando
1370 2177 1479 2205 scilicet
1494 2179 1585 2206 nescit
1601 2180 1668 2215 quis
1683 2181 1756 2216 quid

981 2219 1151 2254 eligendum
1166 2221 1214 2255 sit,
1231 2221 1278 2249 vel
1294 2222 1512 2251 declinandum.
1537 2226 1573 2252 De
1590 2226 1639 2253 tali
1658 2235 1755 2254 errore

982 2265 1087 2293 dicitur
1097 2267 1106 2282 ³⁵
1120 2275 1126 2292 ι
1139 2267 1202 2294 Cum
1213 2269 1368 2301 ignoramus
1380 2269 1415 2304 (h)
1430 2271 1496 2304 quid
1509 2279 1587 2305 affere
1602 2272 1753 2307 debeamus,

982 2311 1028 2339 hoc
1043 2314 1124 2339 solum
1140 2314 1245 2340 residui
1261 2315 1400 2349 hahemus,
1417 2320 1445 2342 ut
1462 2318 1548 2344 oculos
1564 2322 1666 2346 nostros
1681 2320 1754 2346 deri-

981 2366 1074 2391 gamus
1098 2359 1134 2385 ad
1156 2361 1188 2386 te.
1206 2360 1341 2388 Secundo
1366 2370 1400 2388 cx
1421 2363 1617 2398 negligentia,
1634 2368 1666 2392 ut
1688 2374 1754 2393 cum

982 2404 1050 2439 quis
1077 2405 1198 2440 negligit
1226 2407 1435 2435 conscientiam
1466 2408 1626 2443 discutere,
1656 2412 1703 2439 vel
1731 2413 1754 2439 si

982 2450 1073 2478 nescit
1088 2459 1117 2478 se
1133 2451 1282 2486 expedire,
1297 2453 1418 2488 negligit
1434 2456 1531 2482 tamen
1545 2456 1583 2483 ab
1597 2458 1660 2484 aliis
1675 2447 1754 2493 quaess

981 2504 1056 2524 rere.
1077 2497 1171 2525 Tertio
1187 2506 1222 2524 ex
1244 2499 1394 2533 superbia,
1417 2503 1448 2527 ut
1463 2502 1583 2536 quando
1608 2503 1673 2538 quis
1694 2512 1756 2532 non

980 2542 1115 2570 humiliat
1142 2543 1319 2571 intellectum
1343 2553 1446 2577 sunm,
1473 2550 1503 2574 ut
1526 2548 1699 2578 melioribus
1728 2555 1755 2579 et

981 2601 1095 2624 proi-erla.
1114 2616 1139 2618 —
1154 2603 1193 2625 511
1211 2603 1308 2632 Paral„
1325 2611 1367 2633 xx,
1386 2606 1455 2627 12.-
1472 2606 1505 2635 (tt)
1522 2606 1613 2631 Forsan
1629 2608 1754 2639 leyendmn

981 2637 1191 2666 acceptationem.
1202 2651 1231 2655 -
1247 2638 1279 2668 (b)
1296 2638 1371 2668 Vulg.
1388 2646 1535 2669 ignoremus.

1618 2692 1636 2719 8
