2004 3037
247 222 307 252 246

491 335 635 370 CAPUT
657 335 781 371 XXXI.

373 409 549 437 Enumeratio
567 409 707 437 coelestium
726 410 896 445 qaudiorum.

282 477 389 507 Ultimo
411 477 555 506 coelorum
568 478 680 514 gaudia
699 480 755 508 sub
771 479 891 517 epilogo
903 488 1027 510 enume-

246 533 366 560 remus,
393 533 456 553 non
483 525 607 562 quidem
636 526 753 562 singula
780 535 945 564 generum,
973 528 1027 556 sed

247 581 358 610 genera
372 573 571 609 singulorum.
591 575 644 602 Tot
658 574 738 602 enim
751 576 819 603 sunt
833 574 945 611 gaudia
957 582 1027 611 par-

247 619 381 648 ticularia
390 641 400 656 ,
416 627 482 656 quae
496 619 623 656 quilibet
636 620 726 649 habet
743 621 775 650 in
789 630 819 650 se
834 622 883 650 vel
902 622 933 650 in
949 621 1025 657 aliis,

247 668 322 704 quot
341 675 376 696 ea
389 666 481 695 solius
501 667 551 695 Dei
565 667 669 696 notitia
684 668 925 705 comprehendit,
940 671 967 697 et
982 669 1028 697 illi

248 722 324 750 quos
335 722 453 742 summa
466 714 610 751 sapientia
619 715 747 743 voluerit
758 724 793 744 ea
807 716 892 745 scire.
903 717 1027 744 Tantum

246 768 378 798 namque
400 761 544 797 gaudebit
567 761 695 798 quisque
719 762 756 791 de
781 763 863 792 bono
887 763 1026 798 alterius,

247 810 394 845 quantum
409 808 446 836 de
465 808 547 837 bono
571 809 694 845 proprio
710 819 717 838 ε
739 810 824 846 quod
846 812 946 838 tamen
965 817 1028 838 non

248 857 291 884 est
303 855 531 891 intelligendum
544 856 581 884 de
595 857 757 885 intentione
779 856 900 894 gaudii,
916 855 971 884 sed
989 856 1027 884 de

247 910 374 931 numero
390 902 580 939 gaudiorum.
602 905 654 931 Tot
668 903 756 939 igitur
771 905 799 932 et
810 905 890 932 tanta
903 904 972 931 sunt
985 902 1027 931 ibi

248 949 377 986 gaudia,
396 952 470 986 quot
488 957 591 978 omnes
613 950 787 978 arithmetici
809 950 898 986 hujus
921 949 1027 978 mundi

246 1004 308 1025 non
322 998 443 1033 possent
457 1005 492 1025 ea
501 1004 670 1031 numerare,
685 1005 740 1025 nec
755 997 927 1033 geometrici
943 1005 1028 1025 men-

246 1052 358 1079 surare,
373 1052 428 1072 nec
444 1044 639 1080 grammatici,
652 1044 808 1080 dialectici,
824 1044 963 1073 rhetorici
977 1046 1028 1072 aut

247 1090 378 1127 theologi
393 1090 542 1127 explicare
559 1100 565 1119 :
584 1091 655 1127 quia
672 1093 679 1108 ¹
694 1099 741 1119 nec
761 1092 851 1119 oculus
872 1091 963 1126 vidit,
982 1099 1028 1119 nec

247 1140 323 1166 auris
338 1138 462 1172 audivit,
478 1146 523 1166 nec
539 1140 568 1165 τη
585 1146 645 1170 cor,
663 1140 717 1166 etc.
743 1138 920 1167 Gaudebunt
934 1138 1026 1166 sancti

247 1193 336 1221 supra
352 1193 382 1213 se
407 1184 444 1213 de
469 1185 517 1213 Dei
542 1185 675 1220 visione,
692 1185 769 1213 infra
792 1193 823 1213 se
847 1185 884 1213 de
909 1185 974 1213 coeli
1000 1187 1028 1213 et

247 1232 373 1261 aliarum
403 1234 604 1260 creaturarum
632 1232 834 1269 corporalium
862 1232 1026 1268 pulchritu-

247 1279 316 1307 dine
326 1301 335 1315 ,
351 1279 428 1307 intra
451 1287 481 1307 se
501 1279 538 1307 de
553 1279 687 1316 corporis
701 1278 931 1314 glorificatione,
946 1281 1028 1307 extra

246 1335 276 1355 se
305 1326 342 1354 de
370 1326 548 1362 angelorum
575 1328 603 1354 et
631 1326 788 1354 hominum
824 1326 1024 1354 associatione.

246 1375 321 1403 Deus
344 1373 422 1402 enim
444 1381 547 1402 omnes
570 1381 672 1401 sensus
695 1373 860 1409 spirituales
884 1372 1027 1400 ineffabili

246 1421 441 1450 delectatione
469 1421 597 1455 reficiet,
626 1428 694 1449 cum
721 1420 784 1457 ipse
813 1421 849 1448 sit
877 1420 1027 1455 objectum

246 1468 383 1497 omnium
416 1475 558 1496 sensuum
587 1467 786 1504 spiritualium
815 1467 939 1495 tuturus.
970 1467 1028 1496 Erit

245 1523 375 1552 namque
391 1516 464 1543 Deus
483 1515 637 1551 speculum
662 1514 758 1549 visui,
775 1514 886 1542 cithara
902 1514 1027 1550 auditui,

245 1563 306 1591 mel
323 1562 438 1598 gustui,
451 1562 620 1590 balsamum
636 1562 773 1597 olfactui,
794 1562 848 1589 ssos
870 1561 967 1589 tactui.
985 1561 1027 1590 lbi

246 1609 300 1637 erit
322 1609 436 1637 candor
454 1609 529 1637 lucis
542 1609 686 1643 aestualis,
702 1609 857 1637 amoenitas
881 1608 1026 1643 vernalis,

247 1656 430 1684 abundantia
446 1656 643 1688 autumnalis,
662 1656 780 1692 requies
794 1655 950 1692 hyemalis.
968 1655 1024 1688 tbi,

247 1705 317 1731 teste
339 1703 500 1738 Augustino
516 1704 543 1737 2,
559 1702 652 1738 fulget
668 1702 751 1738 quod
766 1710 826 1730 non
842 1702 920 1738 capit
934 1702 1027 1736 locuS,

247 1751 334 1778 sonat
348 1750 431 1785 quod
455 1757 516 1777 non
537 1749 615 1785 capit
635 1752 764 1785 tempus,
782 1749 841 1776 olet
861 1749 943 1785 quod
967 1756 1029 1776 non

247 1797 360 1833 spargit
373 1797 459 1824 ssatus
469 1817 478 1831 ,
495 1797 570 1832 sapit
586 1796 670 1832 quod
685 1804 746 1823 non
761 1796 865 1823 minuit
881 1795 1027 1831 edacitas,

247 1852 309 1872 non
322 1843 375 1871 erit
390 1843 473 1879 quod
490 1843 611 1871 divellat
626 1843 751 1870 satietas.
765 1843 817 1878 lbi,
828 1843 902 1870 sicut
917 1842 956 1870 ait
972 1844 1028 1870 Au-

249 1891 394 1927 gustinus‚
412 1892 486 1918 Deus
500 1890 561 1917 sine
576 1890 636 1918 fine
651 1890 817 1924 videbitur,
834 1889 895 1917 sine
911 1889 1029 1917 fastidio

250 1937 413 1972 amabitur,
430 1937 492 1964 sine
507 1937 677 1972 fatigatione
693 1936 871 1964 laudabitur.
889 1936 931 1963 lbi
946 1935 1030 1963 vide-

250 1985 329 2013 bitur
344 1984 464 2012 stultitia
483 1984 627 2020 sapientia
642 1983 827 2018 Salomonis;
848 1983 890 2010 ibi
913 1983 967 2010 crit
981 1982 1031 2010 dc-

250 2032 383 2060 formitas
398 2031 589 2068 pulchritudo
600 2031 774 2066 Absalonis;
792 2031 833 2059 ibi
849 2031 902 2059 erit
912 2031 1032 2059 tarditas

251 2080 391 2108 velocitas
401 2079 528 2114 Asaeli53
546 2079 587 2107 ibi
601 2080 784 2115 judicabitur
800 2079 954 2107 infirmitas
969 2079 1031 2107 sor-

252 2127 346 2155 titudo
361 2127 528 2162 samsonis3
551 2127 593 2154 ibi
608 2127 662 2154 crit
685 2127 848 2154 mortalitas
869 2126 959 2161 longa
973 2126 1033 2154 vita

254 2173 458 2208 ltlathusalem;
482 2173 524 2200 ibi
540 2173 593 2201 crit
606 2176 764 2209 paupertas
785 2181 910 2209 reguum
924 2176 1034 2208 Augus-

255 2220 284 2247 ti.
315 2220 367 2254 lbi,
385 2219 549 2247 secuudum
582 2220 778 2255 Augustinum
790 2241 798 2253 ‚
829 2220 901 2247 nihil
935 2220 1033 2255 obest,

253 2267 327 2295 nihil
351 2267 443 2301 deest,
467 2267 660 2302 nihilassluit3
678 2267 751 2294 nihil
774 2269 816 2294 est
837 2270 927 2301 extra,
951 2268 1033 2303 quod

255 2316 429 2351 appetatur;
456 2313 529 2341 nihil
555 2314 640 2348 intra,
658 2314 741 2349 quod
770 2314 942 2341 fastidiatur.
971 2315 1011 2342 lbi
1025 2336 1033 2348 ‚

255 2361 419 2390 secundum
444 2361 626 2388 Bernardum
642 2362 651 2377 ³
674 2370 679 2387 2
709 2371 721 2386 «
749 2362 823 2388 Deus
850 2361 903 2388 crit
927 2361 1033 2389 rationi

255 2408 411 2445 plenitudo
427 2408 512 2443 lucis,
527 2408 671 2435 voluntati
684 2408 842 2436 multitudo
859 2409 956 2444 pacis,
972 2417 1033 2436 me-

291 2496 371 2525 ¹Isn.‚
391 2501 461 2524 LXIV,
482 2497 511 2525 4;
537 2496 543 2518 l
564 2496 631 2524 Com,
656 2501 686 2525 li,
707 2497 728 2519 ss.
745 2509 774 2513 —
797 2495 804 2509 ²
819 2496 892 2525 Aug„
908 2495 936 2518 «lc
956 2496 1033 2519 Csm‘l.

258 2532 318 2562 Dei,
333 2532 376 2556 lib.
398 2532 488 2562 XXVI,
505 2539 525 2555 c.
548 2537 610 2561 xxx,
626 2538 652 2554 n.
676 2533 697 2554 ὃ.
718 2544 747 2549 -
766 2531 775 2546 ³
798 2532 924 2561 130r11.‚1·11
950 2532 1034 2561 Cant„

258 2575 335 2591 serm.
351 2574 391 2597 Χι,
404 2569 461 2598 post
476 2567 543 2590 nied.
558 2580 588 2584 —
611 2568 616 2580 t
633 2567 687 2590 lini»
702 2569 800 2597 auctor,
819 2567 973 2597 quicumque
989 2568 1033 2597 sit,

261 2603 386 2632 Maneat,
402 2611 424 2627 c.
448 2608 472 2633 v,
492 2603 558 2627 iuter
572 2602 617 2633 Op.
637 2604 662 2627 S.
680 2605 761 2633 Aug,
779 2602 889 2633 append.
909 2604 970 2627 tom.
990 2603 1032 2628 Vt.

563 219 825 255 COMPENDIUM
849 221 1108 257 THEOLOGIGAE
1129 223 1353 258 VERITATIS.
1377 225 1452 258 LlB.
1475 225 1543 259 vll.

1081 293 1184 322 moriae
1193 293 1376 323 continuatio
1385 290 1562 323 aeternitatis.
1571 304 1586 322 »
1597 295 1670 324 Item
1679 296 1858 332 Augustinus

1081 339 1120 368 de
1134 341 1268 377 corporis
1291 343 1319 370 et
1340 341 1448 370 animae
1468 341 1577 370 misera
1594 341 1655 371 vita
1670 350 1678 370 t
1701 351 1717 370 α
1735 343 1759 372 Ο
1777 351 1859 380 caro,

1080 385 1164 415 illam
1188 387 1280 416 vitam
1305 388 1443 425 amplecti
1468 387 1608 423 debuisti,
1636 388 1690 418 ubi
1713 388 1776 418 vita
1795 389 1860 419 sine

1081 434 1196 468 morte,
1219 434 1272 463 ubi
1293 435 1433 471 juventus
1456 435 1519 464 sine
1542 437 1709 470 senectute,
1732 436 1786 464 ubi
1807 436 1861 466 lux

1081 479 1144 508 sine
1155 481 1295 516 tenebris,
1305 482 1359 510 ubi
1373 482 1518 518 gaudium
1528 483 1590 512 sine
1602 483 1725 519 tristitia,
1739 483 1793 512 uhi
1801 491 1862 520 pax

1082 527 1145 555 sine
1166 527 1332 564 discordia,
1353 529 1407 558 ubi
1425 530 1564 558 voluntas
1584 530 1647 558 sine
1668 530 1794 566 injuria,
1807 530 1862 559 ubi

1082 582 1209 609 regnum
1223 575 1286 604 sine
1300 576 1472 605 mutatione.
1489 587 1503 604 »
1524 577 1707 606 Bernardus:
1727 587 1742 604 ιι
1755 579 1862 606 Merces

1083 624 1254 651 sanctorum
1278 624 1340 652 tam
1364 632 1475 660 magna
1495 626 1554 660 est,
1579 625 1662 661 quod
1684 632 1746 653 non
1766 626 1864 661 potest

1082 669 1248 698 mensurari
1258 680 1267 706 3
1281 672 1342 698 tam
1355 670 1459 706 multa,
1472 671 1556 708 quod
1570 679 1632 699 non
1644 673 1741 708 potest
1754 679 1864 700 nume-

1082 717 1141 745 rari
1149 726 1157 752 ;
1171 718 1232 745 tam
1246 717 1367 753 copiosa
1378 738 1388 752 ,
1403 717 1487 754 quod
1501 726 1564 747 non
1580 720 1678 755 potest
1690 719 1769 747 finiri
1777 728 1786 755 ς
1802 721 1864 747 tam

1083 762 1222 799 pretiosa,
1249 763 1333 800 quod
1360 772 1423 792 non
1446 766 1542 801 potest
1568 765 1716 794 aestimari.
1747 775 1762 792 ιι
1792 767 1864 794 Item

1083 809 1260 845 Augustinus
1277 819 1283 838 :
1303 821 1317 837 α
1338 810 1416 839 illud
1430 811 1514 848 quod
1527 810 1670 848 pro'mittit
1690 813 1782 847 Deus,
1803 812 1864 840 fide

1083 863 1146 884 non
1160 857 1291 893 capitur,
1310 865 1362 894 spe
1383 866 1445 886 non
1468 858 1632 895 attingitur,
1648 858 1788 887 charitate
1803 866 1863 887 non

1084 904 1364 940 comprehenditur,
1381 905 1529 934 desideria
1543 907 1571 933 et
1589 907 1659 934 vota
1672 905 1862 942 transcendit,

1083 951 1196 987 acquiri
1213 954 1324 988 potest,
1344 951 1483 980 aestimari
1499 961 1559 981 non
1580 954 1685 989 potest.
1706 962 1720 979 ι)
1742 953 1802 988 lbi,
1817 961 1862 981 se·

1083 998 1216 1026 cundum
1243 999 1458 1034 Augustinum,
1489 1000 1622 1028 carmina
1649 1007 1711 1028 non
1739 999 1862 1036 desunt,

1082 1045 1204 1081 praemia
1214 1053 1276 1073 non
1290 1045 1445 1074 deficiunt:
1458 1046 1499 1074 ihi
1512 1046 1596 1081 nihil,
1608 1046 1692 1083 quod
1702 1046 1860 1083 amabitur,

1084 1092 1195 1120 deerit.-
1212 1091 1253 1120 ibi
1268 1092 1342 1120 nihil
1358 1092 1586 1127 desiderabitur,
1601 1093 1683 1129 quod
1698 1101 1760 1121 non
1775 1093 1860 1122 adsit.

1083 1139 1134 1167 llla
1148 1139 1313 1173 beatitudo,
1328 1139 1402 1168 sicut
1413 1140 1453 1168 ait
1468 1139 1647 1175 Augustinus
1657 1140 1685 1174 ⁴,
1698 1140 1730 1168 in
1742 1140 1862 1169 duobus

1083 1186 1232 1221 consistit,
1246 1186 1357 1214 scilicet
1371 1186 1402 1214 in
1415 1186 1583 1215 necessaria
1596 1187 1752 1222 praesentia
1766 1186 1864 1216 omnis

1083 1232 1171 1267 boni,
1195 1235 1223 1261 et
1250 1233 1280 1260 in
1304 1233 1469 1261 necessaria
1495 1233 1628 1261 absentia
1657 1233 1754 1261 omnis
1779 1233 1862 1262 mali.

1083 1281 1154 1307 ltem
1182 1280 1378 1315 Augustinus:
1400 1290 1413 1306 «
1441 1282 1462 1308 Ο
1484 1280 1544 1308 vita
1569 1280 1683 1315 vitalis,
1711 1280 1807 1308 dulcis
1835 1282 1864 1309 et

1083 1326 1221 1355 amabilis
1233 1348 1240 1362 ,
1257 1329 1284 1355 et
1300 1335 1418 1364 semper
1437 1327 1658 1362 memorabilis,
1679 1327 1731 1355 ubi
1745 1335 1864 1356 summa

1083 1374 1233 1410 securitas,
1249 1382 1353 1403 secura
1363 1375 1747 1411 tranquillitasrtranquilla
1759 1375 1864 1410 jucun-

1084 1420 1170 1456 ditas,
1195 1421 1329 1456 jucunda
1353 1421 1492 1456 felicitas,
1519 1421 1588 1449 felix
1615 1421 1780 1457 aeternitas,
1809 1422 1864 1451 ubi

1083 1469 1190 1496 aeterna
1205 1468 1368 1504 beatitudo,
1381 1468 1434 1496 ubi
1448 1468 1536 1497 beata
1548 1468 1702 1504 certitudo,
1719 1469 1771 1497 ubi
1786 1471 1865 1498 certa

1083 1514 1173 1549 visio,
1190 1517 1218 1542 et
1232 1515 1294 1542 sine
1309 1515 1368 1543 fine
1389 1515 1532 1543 laudatio.
1557 1515 1599 1544 ibi
1622 1515 1773 1544 affluentia
1787 1516 1863 1544 divi-

1085 1561 1205 1596 tiarum,
1229 1561 1383 1590 influentia
1404 1562 1600 1597 deliciarum,
1626 1564 1655 1590 et
1685 1563 1864 1592 confluentia

1084 1608 1245 1637 bonorum.
1262 1619 1276 1634 n

1120 1655 1251 1691 Denique
1269 1655 1306 1683 de
1322 1655 1439 1691 gaudiis
1454 1656 1621 1685 coelestibus
1639 1659 1710 1686 nota
1728 1656 1783 1686 hos
1798 1665 1864 1686 ver·

1085 1711 1134 1730 SUS
1150 1711 1156 1729 :

1086 1767 1158 1790 Mens
1175 1767 1357 1796 cognoscendo
1372 1767 1415 1792 laet
1425 1769 1473 1792 mur
1488 1767 1532 1799 ((ι),
1547 1768 1669 1799 amando,
1686 1769 1804 1793 fruendo.

1087 1803 1128 1826 Est
1144 1803 1245 1832 subtilv,
1259 1803 1347 1833 citum,
1363 1804 1459 1828 clarum
1475 1811 1578 1835 corpus,
1591 1805 1692 1835 patiens
1704 1805 1749 1829 nit.

1087 1840 1201 1869 Corpora
1213 1840 1367 1863 Sanctorum
1379 1840 1436 1869 cita;
1452 1840 1540 1870 libera,
1555 1840 1639 1871 sortia,
1653 1847 1724 1872 sana,

1087 1874 1210 1905 Pulchra,
1238 1875 1375 1906 voluptatis
1399 1876 1490 1907 plena,
1515 1877 1560 1901 sed
1587 1877 1682 1908 absque
1709 1877 1780 1909 pati,
1805 1878 1865 1908 pute

1714 1921 1804 1945 poenas
1819 1913 1863 1946 (b).

1088 1949 1182 1973 Sensus
1196 1948 1314 1973 amicitioe
1326 1949 1369 1981 (c),
1382 1949 1530 1980 concordia,
1547 1950 1623 1981 plena
1637 1951 1760 1981 potestas,

1089 1985 1139 2008 Pax
1155 1991 1253 2014 sceui-a,
1268 1985 1356 2015 decus,
1372 1987 1397 2009 et
1412 1985 1504 2015 gaudia
1523 1988 1583 2010 sunt
1597 1986 1740 2010 animabus.

1088 2021 1194 2051 Gaudia,
1207 2029 1265 2052 pax,
1280 2021 1380 2052 requies
1395 2021 1473 2045 libera
1489 2030 1517 2045 ac
1532 2029 1622 2046 secura
1637 2022 1758 2053 juventus

1088 2058 1145 2081 Non
1168 2060 1258 2088 peccat
1272 2077 1279 2088 ,
1300 2058 1453 2089 sapiensque
1473 2065 1567 2088 senex,
1587 2059 1685 2083 cunctis
1711 2061 1812 2084 resonat
1832 2059 1865 2091 (d)

1801 2095 1863 2120 laus.

1089 2129 1224 2153 Aureolum
1241 2130 1345 2161 Martyr,
1361 2132 1464 2161 Doctor,
1481 2130 1612 2161 Virgoque
1628 2132 1750 2154 merctur.

1089 2166 1195 2189 Fructus
1209 2167 1341 2195 centenus,
1355 2173 1549 2197 sexngenusquc
1564 2166 1675 2190 tricenus

1090 2202 1246 2232 Virginibus,
1260 2202 1343 2226 viduis
1358 2204 1381 2225 et
1397 2202 1549 2233 conjugibus
1564 2202 1698 2227 tribuetur.

1125 2272 1165 2298 Ex
1180 2271 1319 2298 omnibus
1334 2271 1480 2306 praedictis
1495 2271 1611 2307 collige,
1629 2274 1760 2308 spectare
1772 2273 1866 2309 quod-

1090 2317 1160 2345 dam
1174 2317 1318 2353 gaudium
1333 2318 1430 2345 solum
1445 2318 1485 2346 ad
1498 2319 1644 2353 animam,
1660 2319 1814 2355 quoddam
1826 2320 1865 2348 ad

1090 2372 1211 2400 corpuS,
1233 2364 1386 2400 quoddam
1407 2364 1446 2392 ad
1461 2367 1555 2393 totum
1576 2366 1782 2400 conjunctum,
1799 2374 1866 2402 quae

1090 2419 1158 2438 cum
1171 2410 1248 2438 felici
1260 2410 1318 2438 fine
1333 2412 1459 2447 quisque
1469 2412 1573 2440 beatus
1585 2412 1749 2440 secundum
1761 2413 1866 2443 merita

1089 2458 1209 2494 recipiet
1220 2457 1281 2486 sine
1296 2458 1364 2486 fine.
1380 2461 1482 2486 Amen.

1122 2531 1155 2563 (a)
1176 2532 1237 2555 Cret.
1262 2532 1321 2555 odit.
1343 2532 1427 2555 datm:
1446 2545 1475 2550 —-
1496 2532 1527 2561 (b)
1546 2533 1608 2556 Cret.
1629 2532 1690 2556 edit.
1706 2535 1762 2564 pali
1783 2542 1864 2565 poena,

1090 2568 1161 2592 deest,
1183 2570 1253 2599 pina,
1276 2582 1306 2586 -
1332 2569 1360 2598 (c)
1386 2570 1446 2593 Caci.
1472 2568 1531 2592 edit.
1556 2569 1646 2592 Sensus
1672 2570 1809 2594 amicatus.
1834 2583 1859 2588 —

1091 2604 1127 2635 (sl)
1140 2605 1202 2629 caet.
1217 2604 1277 2628 edit.
1293 2605 1405 2636 sapiens,
1423 2612 1512 2635 sanus,
1526 2604 1612 2634 diu-ts,
1628 2604 1748 2631 redolens.
