2020 3037
273 296 306 318 ιν

270 355 436 394 venturae,
461 363 567 397 neque
587 353 641 387 Fr.
663 353 796 386 Joannis
823 352 952 394 Rigaldi
970 353 1096 386 Ordinis
1119 353 1301 394 Minorum,
1317 353 1365 386 uti
1388 353 1498 386 scribit
1519 353 1676 387 oudinus.
1691 353 1775 388 Illud
1794 355 1881 388 euim

271 410 399 453 Rigaldi
413 411 580 445 exorditur
596 412 756 452 :vetet-ts,
779 414 810 446 et
828 419 920 445 novoe
942 412 1054 453 Legis,
1075 412 1161 445 istud
1183 415 1292 446 autem
1307 424 1316 446 :
1331 413 1494 447 Veritatis
1511 412 1716 456 Theoloqtcoe.
1731 412 1788 447 Est
1801 422 1882 455 ergo

270 471 324 504 Fr.
346 471 432 505 Petri
454 472 588 506 Thomae
602 472 728 505 Ordinis
751 470 924 503 Minoi-um.
941 470 1198 512 Suffragatorem
1221 472 1326 505 haheo
1345 481 1428 504 meae
1448 471 1614 504 sententiae
1639 470 1677 505 P.
1698 471 1882 505 Sbaraleam

270 530 315 562 ita
328 531 485 564 dicentem
501 543 509 564 ι
527 543 543 563 α
560 529 788 572 compendium
805 529 998 571 Theoloqicoe
1017 529 1173 564 Veritatis
1188 533 1235 562 est
1248 529 1302 563 Fr.
1319 529 1403 563 Petri
1416 529 1550 563 Thomae
1564 529 1693 564 Ordinis
1707 529 1880 571 Minox-um,

270 589 327 630 qui
350 590 445 632 plura
464 599 485 623 a
507 592 615 622 sancto
638 588 867 621 Bonaventura
886 588 1017 629 accepit.
1036 599 1053 618 a>
1071 587 1171 622 Plura
1192 591 1303 622 autem
1316 599 1336 622 a
1349 591 1459 622 sancto
1482 589 1708 623 Bonaventura
1726 591 1883 633 accepisse

271 649 430 690 probatur
451 658 494 681 ex
511 649 551 681 iis
563 673 574 689 ,
597 657 671 690 quae
693 648 729 680 in
750 656 886 680 censura
908 647 948 680 de
971 648 1100 680 auctore
1124 647 1224 689 hujus
1247 647 1433 689 Compendii
1456 648 1532 681 edit.
1547 649 1628 682 Ven.
1649 651 1729 683 1578
1749 659 1807 692 per
1826 649 1880 683 Fr.

272 708 429 740 Joannem
442 708 482 740 de
500 707 627 740 Combis
647 706 775 740 Ordinis
794 706 957 739 Minoi-um
976 705 1148 740 habentur.
1171 706 1291 740 Dicitur
1309 707 1413 748 enim,
1431 708 1519 750 quod
1537 719 1553 739 ει
1565 709 1647 742 sicut
1658 709 1768 743 videre
1786 709 1883 742 estin

269 768 339 808 eJus
354 768 364 808 (
377 766 495 798 scilicet
513 765 683 807 Seraphini
701 764 958 806 Bonaventurae)
975 764 1154 807 Opusculis,
1167 766 1277 808 paucis
1298 766 1446 806 mutatis,
1462 767 1732 810 paucioribusque
1747 768 1880 809 additis,

269 825 339 856 haec
351 825 463 857 eadem
483 825 523 857 ad
537 825 675 857 verbum
697 825 732 856 in
752 824 816 856 illis
839 824 1008 865 leguntur.
1024 837 1038 856 ι)
1057 826 1216 860 Probatur
1239 828 1369 869 insuper
1390 837 1433 861 ex.
1453 828 1508 868 iis,
1530 837 1605 870 quae
1628 830 1662 860 in
1675 828 1882 870 Argumento

270 882 402 914 Romani
417 882 560 915 Editores
573 883 760 922 observant,
776 882 916 915 dicentes
934 893 942 916 z
963 894 979 913 α
990 883 1117 917 Divisus
1131 888 1180 918 est
1193 886 1254 919 iste
1267 886 1434 919 Tractatus
1445 888 1541 927 juxta
1560 887 1756 920 divisionem
1770 887 1882 920 Brevi-

268 941 368 983 loquii
397 942 430 973 in
456 943 578 982 septem
602 941 719 981 libros,
741 943 773 973 et
796 941 941 973 doctrina
960 942 1031 983 ejus
1054 943 1227 975 conformis
1248 945 1298 975 est
1319 943 1410 976 valde
1427 943 1580 976 doctrinae
1594 944 1627 977 S.
1645 943 1882 977 Bonaventurae

272 1002 342 1031 tum
356 1000 391 1031 in
406 1001 610 1041 Breviloquz’o
624 1002 655 1032 et
671 1000 890 1042 centtloquto,
906 1002 977 1032 tum
1000 1001 1097 1033 etiam
1117 1001 1151 1033 in
1170 1001 1260 1034 libris
1281 1002 1540 1042 Sententiarum,
1557 1002 1624 1034 imo
1643 1001 1762 1044 saepius
1782 1001 1882 1035 verba

268 1060 344 1090 sunt
368 1059 493 1091 eadem.
515 1069 530 1088 1)
549 1058 638 1091 Certe
660 1058 773 1091 eodem
798 1059 894 1091 modo
916 1060 1034 1091 Auctor
1054 1058 1212 1100 loquitur,
1240 1059 1296 1092 lib.
1319 1059 1349 1099 I,
1377 1069 1446 1102 cap.
1474 1069 1552 1099 xm,
1578 1059 1617 1092 de
1640 1061 1735 1100 asiai,
1755 1061 1879 1100 usiost,

267 1117 458 1158 hypostasi,
478 1125 637 1158 prosopon
662 1117 748 1158 apud
769 1116 914 1156 GraecOS,
932 1119 971 1149 ut
987 1117 1194 1159 aequipollent
1217 1118 1363 1152 essentioe
1377 1142 1388 1158 ,
1413 1118 1623 1159 substantae,
1643 1119 1879 1159 subsistentiae,

266 1183 407 1216 personoe
438 1176 524 1217 apud
558 1175 687 1208 Latinos
715 1201 723 1216 ‚
752 1176 835 1208 sicut
863 1176 1097 1208 Bonaventura.
1133 1176 1251 1209 Eodem
1288 1176 1384 1209 modo
1417 1185 1454 1209 ac
1489 1177 1557 1218 ipse
1587 1176 1814 1210 Bonaventura
1842 1177 1882 1210 de

267 1235 518 1267 sanctificatione
539 1234 574 1266 B.
599 1234 642 1266 M.
659 1234 697 1266 V.
711 1259 720 1274 ,
735 1234 791 1266 lib.
817 1234 874 1273 lv,
895 1244 965 1277 cap.
989 1246 1043 1275 1v;
1064 1236 1103 1268 de
1125 1235 1286 1268 audienda
1309 1236 1406 1268 missa
1431 1236 1508 1269 boni
1534 1236 1704 1269 sacerdotis
1717 1261 1727 1277 ‚
1750 1236 1806 1269 lib.
1823 1236 1880 1275 Vl,

267 1303 337 1334 cap.
355 1303 452 1334 xv111,
470 1295 529 1325 etc.
553 1293 654 1325 Porro
674 1293 744 1325 haee
770 1295 801 1325 et
826 1293 943 1326 similia
968 1295 1082 1336 plura,
1107 1295 1245 1337 probant
1270 1304 1335 1327 non
1360 1295 1491 1336 quidem
1509 1298 1672 1328 auctorem
1691 1304 1760 1328 esse
1775 1295 1879 1328 Bona-

267 1353 457 1391 venturam‚
476 1351 530 1383 sed
551 1351 592 1383 ab
606 1351 668 1383 alio
689 1351 785 1392 paulo
811 1353 980 1385 recentiori
1003 1363 1045 1386 ex
1066 1354 1211 1386 doctrina
1232 1353 1379 1394 ejusdem
1393 1354 1426 1387 S.
1441 1354 1677 1388 Bonaventurae
1691 1355 1879 1396 hujusmodi

267 1410 499 1451 Compendium
525 1412 622 1443 fuisse
650 1412 875 1454 compilatum,
891 1415 928 1444 ut
945 1421 987 1444 ex
1008 1412 1166 1453 principio
1189 1411 1385 1444 Praefationis
1409 1412 1584 1454 colligitur.
1600 1412 1771 1454 Scripsisse
1791 1413 1879 1445 illius

267 1471 448 1509 auctorem,
464 1472 656 1511 anteaquam
670 1471 829 1503 obtineret
848 1471 882 1502 in
897 1470 1013 1502 scholis
1029 1470 1082 1512 pia
1101 1470 1258 1502 sententia
1277 1470 1400 1503 Scotica
1414 1471 1453 1503 de
1467 1471 1714 1512 praeservatione
1727 1470 1764 1504 B.
1780 1471 1822 1504 M.
1837 1470 1875 1505 V.

267 1526 307 1558 ab
321 1528 473 1568 originali
487 1531 626 1570 peccato,
643 1529 716 1561 licet
729 1538 868 1569 arguere
883 1537 924 1561 ex
937 1528 1016 1569 illis,
1032 1537 1107 1570 quae
1121 1529 1174 1560 cit.
1190 1528 1246 1560 lib.
1263 1528 1303 1561 lv
1313 1553 1322 1568 ,
1336 1538 1404 1570 cap.
1421 1539 1467 1569 xv,
1483 1529 1669 1562 traduntur.

309 1585 418 1627 Ipsum
442 1587 714 1628 deprehendimus
738 1587 790 1619 vel
815 1588 889 1619 inde
911 1597 930 1619 a
951 1586 1179 1620 Bonaventura
1202 1587 1366 1620 diversum
1383 1613 1391 1627 ‚
1415 1587 1492 1628 quia
1515 1587 1655 1620 insolens
1675 1596 1807 1629 prorsus
1830 1590 1876 1620 est

267 1645 351 1685 apud
374 1646 523 1677 eumdem
538 1645 798 1678 Bonaventuram
824 1646 878 1677 illa
899 1646 1091 1685 conglobata
1115 1645 1281 1685 allegatiO,
1297 1654 1377 1686 qua,
1394 1645 1449 1677 lib.
1467 1645 1514 1685 11,
1535 1655 1604 1686 cap.
1622 1655 1697 1678 Lvffl
1709 1669 1719 1685 ,
1735 1636 1781 1678 de<
1791 1646 1877 1688 phy·

266 1702 423 1734 sionomia
436 1702 577 1734 hominis
591 1704 726 1735 dicitur:
743 1715 758 1734 α
770 1704 943 1745 Sequimur
958 1704 1062 1743 igitur
1077 1703 1110 1734 in
1122 1703 1184 1735 hoc
1198 1705 1334 1735 tractatu
1348 1712 1487 1744 magnos
1503 1703 1558 1745 huj
1565 1713 1602 1736 us
1619 1704 1696 1735 artis
1715 1706 1873 1746 auctores,

266 1759 384 1791 scilicet
397 1760 612 1801 Aristotelem,
629 1762 840 1801 Avicennam,
855 1762 1111 1800 Constantinum,
1129 1761 1367 1801 Philemonem,
1384 1761 1528 1802 Loxum,
1543 1762 1770 1802 Palemotium,
1782 1773 1798 1792 ο
1813 1766 1873 1796 etc.

266 1816 359 1849 Forte
373 1818 425 1850 vel
439 1819 491 1850 hic
505 1821 617 1851 auctor
637 1829 754 1860 graecae
777 1822 901 1861 linguae
922 1821 1044 1862 aliquid
1058 1821 1167 1860 novit,
1183 1830 1271 1859 cum,
1284 1820 1339 1852 lib.
1357 1820 1386 1859 I,
1403 1830 1472 1862 cap.
1488 1829 1588 1860 xvm,
1603 1821 1699 1862 alpha
1712 1824 1744 1852 et
1758 1830 1876 1862 omega

266 1885 372 1916 graece
387 1878 504 1917 scripta
521 1878 716 1920 habeantur3
733 1889 770 1911 ac
783 1879 839 1911 lib.
857 1879 974 1920 chap.
989 1889 1069 1918 Lvn,
1085 1879 1213 1920 legatur
1230 1890 1238 1911 ι
1255 1890 1269 1909 α
1280 1879 1383 1911 Homo
1399 1888 1506 1920 graece
1521 1879 1696 1920 anthropos
1710 1879 1838 1912 dicitur.
1855 1891 1870 1909 ι)

267 1934 305 1966 Ut
319 1937 355 1966 ut
378 1936 417 1967 de
438 1936 499 1967 hoc
516 1937 627 1976 suerit,
644 1937 742 1978 huJus
757 1938 941 1979 Compendii
956 1941 1118 1970 auctorem
1141 1947 1209 1970 esse
1230 1938 1397 1969 laudatum
1413 1937 1465 1970 Fr.
1483 1938 1615 1970 Petrum
1628 1937 1786 1970 Thomam
1797 1963 1805 1978 ,
1821 1938 1874 1970 vel

266 1992 398 2025 Petrum
413 1993 546 2026 Thomae
564 1994 637 2026 Ord.
661 1995 753 2034 Min.‚
770 1996 871 2027 videri
892 1999 994 2037 potest
1015 2006 1055 2028 ex
1072 1996 1138 2028 MS.
1157 1996 1267 2028 Codice
1283 1996 1362 2028 Bibl.
1381 1996 1478 2037 Regis
1499 1996 1691 2036 Galliarum,
1706 1996 1776 2028 cod.
1792 1999 1872 2028 4517

265 2051 350 2092 in-4,
374 2060 447 2084 saec.
465 2062 535 2085 mv.
557 2053 649 2085 Hunc
664 2054 804 2085 melioris
820 2057 904 2086 notae
927 2055 1071 2086 Codicem
1085 2055 1156 2086 aliis
1177 2055 1369 2095 opponimus
1384 2054 1461 2085 salso
1476 2054 1539 2086 alia
1555 2057 1724 2086 auctorum
1741 2054 1874 2086 nomina

264 2110 521 2150 praeferentibus,
538 2120 574 2142 ac
598 2111 780 2143 testimonio
804 2114 1044 2144 communimus
1060 2113 1092 2145 S.
1119 2113 1272 2144 Antonini
1289 2114 1322 2143 in
1336 2112 1405 2143 haec
1426 2113 1525 2144 verba
1538 2112 1697 2152 loquentis
1715 2122 1722 2144 :
1746 2123 1762 2142 α
1777 2111 1873 2143 Com-

264 2169 417 2207 pendium
443 2169 604 2209 quoddam
626 2169 812 2210 Theologiae
828 2195 837 2210 ,
866 2171 952 2212 quod
976 2172 1086 2213 incipit
1112 2182 1119 2204 :
1146 2171 1338 2211 theoloqtcoe
1357 2171 1536 2203 Facultatt's
1558 2170 1761 2210 (Veritatis),
1785 2170 1871 2211 quod

264 2226 360 2257 etiam
375 2227 467 2259 beato
486 2227 618 2259 Thomae
640 2229 739 2269 aliqui
754 2230 931 2269 intitulant,
955 2239 1021 2261 non
1044 2232 1092 2261 est
1113 2231 1204 2270 ejus,
1226 2238 1302 2260 cum
1330 2238 1394 2260 non
1415 2229 1664 2260 connumeretur
1687 2227 1770 2259 inter
1796 2227 1873 2259 istos

264 2284 471 2323 supradictos
489 2285 720 2326 Compendium
741 2288 847 2326 enim,
863 2287 949 2328 quod
965 2287 1002 2319 B.
1019 2287 1158 2319 Thomas
1172 2287 1288 2328 edidit,
1304 2287 1343 2318 de
1358 2295 1422 2327 quo
1438 2294 1535 2326 supra
1557 2285 1639 2316 facta
1662 2286 1710 2316 est
1734 2285 1869 2324 mentio,

264 2341 355 2373 aliter
372 2342 501 2383 incipit,
517 2345 548 2374 et
564 2346 611 2374 est
627 2345 728 2375 multo
742 2345 887 2385 brevius,
902 2348 933 2377 et
946 2346 984 2378 de
1001 2347 1113 2387 paucis
1128 2348 1249 2378 tractat.
1269 2346 1329 2378 Sed
1347 2345 1425 2376 illud
1438 2344 1524 2386 quod
1538 2344 1650 2384 incipit
1667 2343 1869 2384 Tlteoloqt'coe,

266 2400 305 2431 de
319 2401 469 2433 omnibus
484 2412 563 2442 pene
578 2403 767 2436 brevissime
782 2407 896 2436 tractat
910 2406 1052 2437 materiis
1067 2405 1267 2445 Theologiae,
1282 2405 1321 2436 de
1336 2403 1474 2442 Divinis,
1491 2403 1529 2434 de
1544 2403 1702 2433 Creaturis
1710 2426 1719 2442 ,
1736 2402 1871 2442 Angelis

264 2461 295 2490 et
309 2459 514 2500 nominum,
531 2463 562 2493 et
576 2462 644 2492 aliis
659 2463 753 2494 rebus
768 2464 896 2503 creatis,
913 2464 951 2495 de
967 2464 1206 2502 incarnatione,
1223 2463 1262 2494 de
1276 2462 1428 2503 peccatis,
1451 2461 1490 2491 de
1512 2459 1700 2499 virtutibus,
1720 2461 1825 2500 gratia
1840 2462 1871 2490 et

264 2518 369 2557 donis,
385 2521 416 2550 et
430 2521 615 2561 praeceptis,
632 2524 663 2552 et
678 2521 830 2562 consiliis,
847 2522 1069 2562 sacramentis,
1087 2524 1119 2553 et
1139 2521 1230 2553 finali
1245 2522 1383 2562 judicio,
1406 2519 1621 2557 Antichristo,
1638 2518 1870 2550 resurrectione

263 2575 392 2617 ultima,
406 2579 438 2609 et
449 2579 572 2619 gloria,
588 2583 619 2611 et
631 2581 734 2620 poenis
748 2581 878 2613 alterius
893 2582 967 2614 vitae
978 2606 988 2621 ,
1005 2582 1058 2613 sed
1080 2581 1169 2613 brevi
1186 2580 1365 2612 volumine.
1382 2578 1444 2610 Sed
1464 2587 1523 2610 nec
1538 2577 1662 2609 Alberti
1674 2576 1783 2617 Magni
1805 2579 1867 2616 est,

265 2637 301 2665 ut
315 2635 367 2666 alii
380 2637 511 2676 quidam
526 2638 649 2677 volunt,
661 2640 715 2671 sed
728 2640 898 2680 cujusdam
912 2641 1044 2673 atterius
1059 2640 1242 2673 doctissimi
1257 2640 1334 2678 υιῖνῑ,
1345 2639 1403 2679 qut
1419 2638 1524 2671 dictus
1539 2641 1584 2669 est
1598 2636 1650 2668 Fr.
1671 2636 1805 2668 Thomas
1818 2636 1840 2667 ¹.
1851 2646 1866 2664 ιι

297 2763 305 2779 ¹
321 2762 475 2793 H1'st.‚part.
492 2763 534 2794 lli,
550 2764 587 2788 tit.
604 2771 677 2793 xviii,
695 2773 716 2789 c.
728 2767 812 2797 ¹³32,
825 2768 850 2792 in
866 2768 926 2792 flue.
