2004 3037
644 221 694 253 DE
715 220 954 253 GRATIARUM
977 217 1342 253 SANCTIFICATIONE.
1365 221 1451 253 CAP.
1475 222 1525 254 lX.

164 294 206 321 est
219 291 339 327 largitas
352 290 401 319 Dei
416 289 527 324 dantis,
542 289 612 326 quia
625 296 688 317 non
706 287 757 316 dat
770 295 861 316 unam
875 287 937 315 sine

163 339 231 367 alia.
247 337 383 366 Secunda
395 336 471 365 ratio
492 337 549 370 est,
565 335 636 371 quia
649 334 724 362 sicut
737 342 830 362 unum
844 341 938 362 mem-

162 385 251 413 brum
269 384 384 419 indiget
396 382 474 417 alio,
495 382 536 410 sic
554 383 596 410 est
613 381 645 409 in
664 380 829 409 virtutibus.
845 380 938 409 Tertia

163 431 237 460 ratio
253 433 309 465 est,
332 430 404 466 quia
423 429 498 457 sicut
511 428 542 456 in
560 427 686 460 cithara,
701 427 726 455 si
741 427 866 455 defuerit
878 435 938 455 una

164 477 274 511 corda,
288 485 350 505 non
371 475 424 504 erit
443 474 600 503 harmonia
618 474 761 510 perfecta,
783 473 823 501 ita
838 481 892 501 nec
907 473 938 501 in

164 523 264 552 anima
274 523 327 551 erit
339 521 496 558 spiritualis
506 521 647 556 melodia,
659 521 715 548 nisi
725 520 822 548 adsint
836 528 938 547 omnes

163 570 292 598 virtutes
308 569 415 602 Quarta
434 567 510 595 ratio
529 569 587 602 est,
607 567 679 603 quia
701 569 803 595 contra
822 566 939 602 singula

163 616 234 644 vitia
248 617 315 645 sunt
329 614 436 651 aliquae
449 614 579 642 virtutes.
597 615 678 641 Unde
699 615 815 649 oportet
836 614 939 641 om'nes

165 662 283 690 virtutes
301 661 429 696 habere,
450 662 483 688 ut
504 660 605 688 omnia
623 659 694 688 vitia
714 659 937 695 impugnentur.

164 709 236 736 Nam
251 707 325 735 sicut
341 707 427 735 miles
440 707 546 735 mundi
560 714 619 734 non
640 709 681 734 est
700 705 868 742 expeditus,
883 705 939 733 nisi

164 754 265 782 omnia
280 761 334 781 sua
348 761 431 781 arma
444 753 566 787 habeat,
588 753 628 780 ita
648 760 702 780 nec
717 752 802 780 miles
820 752 937 787 Christi,

165 800 188 828 si
209 800 310 836 aliqua
327 799 419 827 virtus
441 799 498 827 sibi
517 799 650 826 defuerit.
666 799 771 832 Quinta
790 799 864 826 ratio
880 800 939 833 est,

165 846 235 882 quia
247 847 320 874 sicut
330 846 418 874 stellae
429 848 457 873 et
467 846 593 882 planetae
603 853 719 881 semper
729 847 796 873 sunt
808 845 838 872 in
849 845 940 880 sphae-

164 892 204 920 ris
218 893 288 927 suis,
298 893 338 920 ita
349 892 470 920 virtutes
483 892 514 919 in
529 892 629 920 anima
644 900 705 919 esse
722 892 841 919 debent.
856 893 941 919 Sexta

165 939 240 967 ratio
255 941 307 974 est,
323 939 394 974 quia
408 938 506 966 anima
517 938 644 966 estsicut
653 946 705 965 vas
720 938 783 965 auri
799 938 940 972 solidum,

166 987 302 1013 ornatum
317 985 417 1020 lapide
429 985 569 1019 pretioso,
583 984 615 1012 id
627 985 679 1019 est,
695 984 861 1012 virtutibus.
874 987 942 1020 Sep-

165 1032 237 1059 tima
251 1031 325 1059 ratio
349 1033 406 1065 est,
423 1031 493 1067 quia
511 1031 610 1058 anima
625 1033 667 1058 est
684 1030 758 1058 sicut
771 1031 874 1058 hortus
888 1039 940 1058 no-

165 1077 248 1110 bilis,
270 1077 316 1105 cui
341 1085 400 1106 non
422 1076 504 1104 deest
525 1077 615 1104 decor
638 1077 761 1111 alicujus
781 1076 878 1111 floris,
894 1077 941 1104 vel

166 1123 290 1152 arboris.
308 1124 426 1158 Octava,
443 1124 513 1159 quia
527 1124 626 1151 anima
641 1125 684 1151 est
698 1123 772 1152 sicut
786 1124 940 1159 apotheca,

167 1170 214 1197 cui
229 1169 330 1198 deesse
350 1178 412 1198 non
432 1170 521 1198 debet
540 1171 665 1206 alicujus
679 1170 797 1204 radicis,
811 1171 859 1198 vel
873 1171 940 1206 pig—

167 1217 258 1244 menti
272 1216 430 1244 medicina.

202 1265 242 1291 Ea
256 1265 364 1298 autem,
380 1272 446 1299 quae
458 1263 494 1291 de
509 1263 694 1291 connexione
709 1264 851 1291 virtutum
865 1264 942 1291 dicta

168 1312 251 1345 sunt,
275 1311 399 1346 intelligi
422 1312 531 1339 debent
555 1311 592 1338 de
615 1311 772 1338 virtutibus
792 1311 939 1345 gratuitis,

169 1362 234 1390 quae
249 1363 352 1383 omnes
372 1356 474 1391 quoad
487 1355 605 1383 habitus
619 1358 686 1383 sunt
700 1364 854 1389 connexae,
870 1356 944 1383 sicut

169 1402 270 1436 quoad
290 1403 370 1429 actus
390 1402 557 1429 meritorios
580 1404 648 1430 sunt
668 1402 808 1437 aequales
826 1404 859 1429 Et
876 1401 943 1429 licet

169 1447 278 1474 similes
308 1448 364 1475 sint
388 1448 522 1482 virtutes,
549 1450 648 1475 tamen
673 1448 780 1483 aliqufe
808 1448 944 1475 dicuntur

170 1496 277 1521 matres
291 1493 447 1528 virtutum,
462 1503 523 1522 non
541 1495 622 1530 quod
636 1494 754 1521 habitus
768 1494 881 1521 virtutis
896 1502 944 1528 ge-

169 1542 251 1567 neret
270 1540 419 1574 habstum,
441 1541 494 1568 sed
513 1543 610 1568 motus
631 1543 760 1575 motum,
779 1540 853 1568 sicut
875 1540 945 1568 dicit

170 1587 349 1621 Bernardus,
366 1587 417 1614 ubi
432 1587 527 1622 inquit
541 1596 546 1614 :
565 1596 579 1612 ι(
592 1586 688 1614 Lectio
710 1586 788 1622 parit
803 1586 945 1621 cognitio-

170 1640 250 1667 nem,
263 1633 392 1668 cognitio
407 1641 552 1667 amorem,
568 1641 653 1660 amor
666 1633 875 1669 frequentiam,
890 1633 945 1660 fre-

171 1679 290 1714 quentia
315 1680 559 1714 familiaritatem,
581 1679 764 1707 familiaritas
787 1679 944 1713 fiduciam,

171 1725 279 1753 fiducia
293 1726 410 1754 facilem
424 1727 669 1763 impetrationem.
689 1738 702 1754 »

208 1772 376 1800 Secundum
398 1773 479 1801 hunc
504 1773 629 1801 modum
654 1775 782 1809 quatuor
808 1773 945 1801 dicuntur

172 1826 233 1845 esse
245 1820 354 1846 matres
367 1819 518 1854 virtutum,
532 1820 642 1847 scilicet
653 1820 726 1847 fides
738 1820 862 1855 origine,
876 1820 946 1855 quia

173 1872 207 1891 ex
222 1865 351 1893 motibus
367 1861 437 1893 fid‘ei
457 1868 580 1901 surgunt
599 1868 698 1893 motus
715 1866 839 1894 aliarum
857 1867 946 1893 virtu-

173 1912 250 1945 tum;
268 1911 392 1940 charitas
406 1912 597 1947 educatione3
616 1912 773 1948 prudentia
786 1913 944 1948 regimine;

173 1956 321 1984 humilitas
341 1959 574 1986 conservatione.
598 1958 670 1986 Vitia
697 1967 767 1986 vero
793 1967 854 1986 non
880 1961 947 1986 sunt

173 2011 306 2031 connexa
327 2004 399 2031 sicut
416 2005 558 2032 virtutes:
586 2005 668 2039 cujus
691 2005 765 2032 ratio
791 2007 849 2038 est,
875 2005 946 2040 quia

172 2049 243 2077 vitia
268 2052 334 2077 sunt
356 2050 386 2077 in
410 2051 496 2077 nobis
517 2059 553 2078 ex
576 2051 799 2085 operationibus
823 2051 946 2085 nostris,

174 2104 240 2132 quae
255 2097 342 2124 simul
356 2105 417 2124 non
431 2099 497 2125 sunt
509 2107 516 2131 3
530 2097 648 2124 virtutes
663 2099 760 2124 autem
774 2097 946 2132 theologicae

174 2151 235 2170 non
254 2143 366 2170 suntin
388 2143 474 2171 nobis
495 2151 547 2179 per
568 2143 807 2179 acquisitionem,
828 2144 880 2170 sed
894 2152 947 2178 per

174 2189 361 2217 infusionem.
377 2190 440 2217 Alia
458 2190 532 2217 ratio
553 2191 614 2216 est:
635 2189 706 2225 quia
726 2189 798 2216 vitia
814 2192 882 2216 sunt
896 2197 948 2225 op-

175 2236 271 2271 posita
290 2237 328 2264 ad
342 2237 485 2271 invicem,
502 2237 576 2263 sicut
590 2235 728 2271 avaritia,
744 2238 771 2264 et
785 2236 947 2272 prodigali-

176 2284 233 2317 tas;
249 2283 331 2318 quod
345 2291 406 2310 non
420 2285 462 2310 est
475 2283 506 2310 in
517 2282 683 2310 virtutibus

435 2381 594 2414 CAPUT
625 2382 687 2414 IX.

341 2454 378 2479 De
396 2454 623 2480 commendatione
642 2455 782 2480 virtutum.

215 2519 308 2547 Virtus
331 2521 577 2549 commendabilis
599 2524 662 2548 est:
685 2521 781 2556 primo
794 2542 802 2555 ,
823 2529 839 2548 a
861 2528 949 2547 causa

180 2563 332 2601 efficiente,
348 2575 413 2602 quae
427 2569 469 2595 est
484 2569 568 2595 Deus.
580 2568 677 2603 Ipsam
692 2567 781 2601 enim,
797 2568 830 2594 ut
843 2566 883 2594 ait
895 2569 949 2594 Au-

212 2627 331 2657 «Matar,
347 2634 372 2658 v,
387 2631 425 2654 45.
437 2644 465 2648 —
479 2630 490 2646 ²
503 2630 568 2654 Psal.
586 2636 656 2659 XLIV,
676 2631 713 2653 14.
726 2643 755 2647 -—
770 2630 778 2644 ³
790 2629 854 2652 Heln*
868 2646 874 2656 ,
890 2634 948 2656 Χῐῑι,

181 2663 216 2686 19.
239 2676 268 2679 —
284 2664 293 2676 ⁴
311 2664 395 2694 Greg,
415 2666 440 2687 iu
460 2666 567 2696 Evunq„
584 2666 655 2689 hom.
676 2671 757 2695 xxvii,
777 2672 828 2688 non
845 2665 919 2694 longe
934 2671 949 2687 a

1710 225 1768 256 173

994 287 1141 322 gustinus,
1159 287 1240 316 solus
1262 290 1336 317 Deus
1360 289 1390 317 in
1409 289 1529 318 homine
1550 293 1698 326 operatur.
1722 292 1769 319 Se-

994 333 1105 368 cundo,
1119 342 1138 362 a
1153 342 1241 363 causa
1255 336 1415 371 materiali,
1431 337 1462 364 in
1477 345 1538 373 qua
1551 340 1607 373 est,
1623 339 1694 375 quia
1707 347 1768 367 non

993 380 1047 408 nisi
1071 380 1101 407 in
1121 380 1208 408 bonis
1228 381 1380 410 inhabitat.
1401 384 1465 410 Non
1485 385 1528 411 est
1547 386 1646 412 autem
1667 385 1708 412 sic
1732 385 1769 413 de

993 426 1081 454 bonis
1094 427 1278 456 naturalibus
1297 430 1324 456 et
1341 428 1484 464 fortuitis,
1504 430 1575 466 quia
1590 431 1658 459 talia
1674 432 1680 448 ¹
1696 433 1770 467 pluit

993 474 1063 501 Deus
1078 481 1157 509 super
1167 475 1256 508 justos
1270 477 1296 502 et
1309 475 1433 509 injustos.
1449 476 1559 510 Tertio,
1575 484 1592 504 a
1607 485 1696 505 eausa
1710 478 1769 506 sor-

993 519 1075 554 mali,
1098 528 1164 556 quoe
1186 522 1228 548 est
1242 521 1331 548 decor
1349 521 1547 557 spiritualis²:
1571 522 1663 550 Omnis
1684 525 1771 558 gloria

993 566 1050 600 ejus
1068 567 1134 600 filz'oe
1147 568 1233 601 regis,
1252 568 1306 594 etc.
1327 568 1449 602 Quarto,
1465 576 1483 595 a
1498 575 1586 596 causa
1601 568 1682 597 finali
1689 580 1697 604 3
1713 573 1770 598 Au-

994 612 1145 647 gustinus:
1165 623 1178 637 «
1193 613 1348 641 Praemium
1362 614 1476 642 virtutis
1491 617 1534 642 est
1551 614 1628 651 ipse,
1647 616 1697 652 qui
1713 616 1771 644 vir-

994 660 1084 686 tutem
1099 658 1190 686 dedit.
1205 669 1219 685 »

1030 705 1124 733 Virtus
1148 708 1190 733 est
1212 706 1293 734 bona
1316 707 1528 743 multipliciter.
1552 708 1648 736 Primo
1671 709 1702 736 in
1722 717 1770 744 se,

994 751 1075 787 quia,
1093 752 1167 779 sicut
1181 752 1220 780 ait
1236 754 1425 787 Augustinus,
1442 754 1531 781 virtus
1546 757 1588 782 est
1603 755 1684 782 bona
1699 763 1771 791 qua-

994 797 1060 825 litas
1073 799 1188 826 mentis.
1202 801 1275 826 Nota
1290 799 1372 835 quod
1386 800 1468 828 bona
1479 801 1624 836 possessio
1638 803 1691 835 est,
1706 810 1772 837 quse

994 845 1165 881 propinqua
1179 847 1222 873 est
1236 846 1343 874 civitati
1351 855 1359 880 3
1375 846 1436 874 haec
1452 849 1550 875 autem
1563 850 1605 875 est
1618 847 1694 876 intra
1705 849 1772 876 civi-

995 892 1099 924 tatem',
1124 891 1195 927 quia
1218 892 1248 919 in
1273 893 1381 920 anima.
1408 893 1558 928 Secundo,
1579 894 1610 921 in
1628 903 1772 931 coopera-

996 937 1074 965 tione
1093 940 1122 965 3ε
1139 939 1278 973 Optimum
1294 942 1332 966 est
1344 941 1452 974 qratia,
1468 943 1521 968 eto.
1538 941 1643 975 Tertio,
1659 941 1688 969 in
1704 950 1775 978 ope-

997 985 1126 1019 ratione,
1143 986 1214 1021 quia
1228 986 1343 1014 bonum
1358 986 1427 1014 facit
1440 987 1569 1014 hominis
1584 996 1676 1024 opus,
1691 990 1774 1025 quod

997 1039 1059 1058 non
1074 1034 1149 1059 esset
1170 1033 1370 1066 meritorium,
1386 1033 1442 1060 nisi
1462 1041 1497 1060 ex
1510 1034 1616 1061 virtute
1631 1035 1774 1070 procede-

997 1080 1049 1105 ret.
1066 1078 1223 1113 Gregorius
1234 1080 1262 1106 b2
1285 1090 1297 1104 «
1311 1079 1386 1106 Nihil
1400 1079 1490 1107 habet
1504 1080 1659 1108 viriditatis
1674 1089 1774 1108 ramus

996 1123 1069 1151 boni
1086 1125 1194 1160 operis
1210 1125 1265 1152 nisi
1280 1126 1422 1153 manserit
1435 1126 1465 1153 in
1478 1126 1577 1154 radice
1587 1127 1744 1155 charitatis.
1758 1137 1772 1153 n

997 1171 1121 1206 Quarto,
1141 1171 1172 1198 in
1194 1171 1443 1206 commutatione,
1471 1173 1542 1208 quia
1560 1173 1597 1200 de
1615 1173 1686 1209 lupo
1707 1173 1776 1201 facit

997 1224 1127 1251 agnum,
1146 1219 1174 1244 et
1193 1218 1330 1245 tenebras
1345 1218 1488 1246 convertit
1501 1219 1531 1245 in
1546 1219 1654 1247 lucem.
1668 1219 1775 1247 Malum

997 1263 1076 1290 enim
1089 1263 1183 1299 culpae
1197 1266 1290 1292 mutat
1310 1264 1340 1292 in
1354 1265 1469 1292 bonum
1485 1265 1599 1299 gratiae,
1620 1268 1647 1293 et
1662 1266 1776 1294 malum

997 1317 1092 1345 poenae
1104 1312 1198 1337 mutat
1212 1310 1242 1338 in
1262 1311 1377 1338 honum
1395 1311 1516 1345 gloriae:
1533 1312 1616 1347 quod
1631 1312 1776 1347 significat

999 1363 1077 1391 aqua
1092 1358 1206 1384 mutata
1218 1357 1249 1384 in
1262 1356 1375 1384 vinum.
1389 1358 1513 1391 Quinto,
1527 1358 1558 1384 in
1574 1358 1776 1394 distinctione,

999 1402 1070 1437 quia
1088 1411 1142 1438 per
1155 1403 1276 1430 virtutes
1296 1403 1515 1438 distinguuntur
1534 1404 1587 1431 filii
1608 1405 1657 1432 Dei
1677 1413 1694 1432 a
1707 1405 1777 1432 filiis

999 1448 1112 1476 diaboli
1127 1450 1136 1465 ⁵
1153 1458 1159 1476 :
1178 1451 1211 1476 In
1225 1451 1271 1477 hoc
1282 1453 1436 1484 cognoscent
1447 1459 1544 1484 omnes,
1561 1451 1632 1485 quod
1646 1451 1778 1486 discipali

999 1497 1052 1522 mei
1065 1497 1145 1529 estis,
1168 1498 1193 1522 si
1216 1497 1339 1530 diligatis
1359 1505 1403 1523 vos
1425 1498 1462 1523 acl
1479 1498 1603 1524 invicem.
1625 1499 1726 1532 Sexto,
1747 1499 1778 1526 in

1001 1541 1278 1577 exemplificatione,
1293 1542 1364 1578 quia
1385 1551 1488 1570 omnes
1507 1545 1598 1571 sancti
1620 1545 1778 1572 studebant

1000 1587 1166 1616 virtutibus.
1183 1589 1264 1616 Unde
1286 1589 1531 1617 commendamus
1551 1590 1582 1617 in
1603 1591 1678 1618 Abel
1695 1591 1779 1618 inno-

1002 1634 1143 1669 centiam,
1163 1635 1193 1662 in
1211 1635 1360 1663 Abraham
1381 1635 1598 1672 obedientiam,
1621 1638 1652 1664 in
1672 1637 1779 1674 Joseph

1001 1681 1226 1715 continentiam,
1257 1682 1287 1709 in
1315 1683 1413 1718 Moyse
1446 1683 1721 1718 mansuetudinem,
1747 1684 1778 1711 in

1002 1727 1092 1755 David
1106 1727 1302 1755 humilitatem
1312 1749 1318 1761 ,
1336 1730 1364 1755 et
1377 1729 1418 1756 sic
1431 1729 1468 1756 de
1483 1729 1559 1757 aliis.

1037 1774 1206 1801 Laudabilis
1227 1777 1269 1801 est
1289 1775 1381 1802 virtus
1400 1777 1521 1811 propter
1541 1776 1644 1804 multa.
1666 1779 1692 1804 1.
1706 1777 1778 1809 Quia

1001 1828 1117 1855 magnae
1144 1821 1293 1855 dignitatis
1306 1830 1313 1848 :
1343 1821 1488 1848 Christum
1518 1822 1597 1849 enim
1624 1824 1778 1851 Doctorem

1001 1866 1119 1901 habuit3
1141 1867 1220 1894 unde
1240 1867 1272 1894 in
1289 1868 1420 1895 Matthaeo
1435 1869 1463 1895 ⁶:
1488 1870 1590 1896 Discite
1605 1878 1621 1896 a
1638 1878 1692 1902 me,
1713 1872 1778 1905 quia

1001 1915 1079 1941 mitis
1098 1922 1157 1941 sum
1178 1917 1203 1942 ct
1222 1915 1333 1942 humilis
1356 1915 1442 1942 corde.
1459 1917 1485 1943 2.
1506 1916 1580 1949 Quia
1599 1925 1714 1952 magnae
1729 1926 1776 1945 su-

1002 1959 1168 1995 blimitatis;
1191 1961 1320 1989 Tullius:
1347 1972 1359 1987 «
1374 1963 1467 1990 Virtus
1489 1971 1548 1990 una
1570 1966 1612 1990 est
1632 1964 1778 1992 altissimis

1004 2006 1103 2034 defixa
1112 2007 1272 2035 radicibus.
1286 2019 1299 2033 »
1309 2010 1334 2035 3.
1345 2009 1418 2041 Quia
1428 2017 1544 2044 magnae
1553 2010 1743 2044 jucunditatis
1753 2012 1775 2037 T:

1004 2054 1068 2080 Ecce
1083 2062 1162 2088 quam
1178 2055 1284 2089 bonum,
1297 2058 1321 2081 ct
1335 2063 1416 2089 quam
1425 2056 1586 2089 jucundum,
1602 2058 1655 2083 etc.
1667 2058 1693 2083 4.
1706 2057 1778 2089 Quia

1003 2107 1118 2133 magnae
1132 2100 1331 2127 retributionis
1343 2102 1352 2117 ⁸
1363 2110 1369 2128 ε
1388 2102 1417 2127 In
1432 2102 1614 2129 custodiendis
1627 2103 1685 2129 illis
1698 2105 1778 2130 retri-

1005 2145 1078 2172 butio
1098 2147 1192 2173 malta.
1213 2148 1239 2173 5.
1256 2146 1329 2179 Quia
1342 2154 1459 2182 magnae
1480 2147 1623 2183 utilitatis;
1644 2149 1776 2177 Boetius:

1008 2200 1021 2215 ιι
1035 2192 1192 2227 Nunquam
1207 2193 1269 2221 sine
1283 2201 1372 2228 poena
1388 2195 1455 2222 sunt
1474 2193 1559 2228 vitia,
1576 2196 1604 2221 et
1624 2202 1778 2231 nunquam

1004 2237 1066 2265 sine
1081 2239 1204 2273 praemio
1219 2242 1286 2266 sunt
1300 2240 1430 2267 virtutes.
1447 2250 1461 2265 »
1479 2242 1504 2268 6.
1518 2241 1591 2274 Quia
1605 2250 1720 2277 magnae
1734 2251 1778 2269 se-

1005 2284 1133 2312 curitatis
1141 2306 1149 2319 ,
1161 2285 1284 2313 Tullius:
1299 2296 1312 2311 α
1323 2287 1385 2314 Haee
1397 2287 1519 2314 demum
1531 2288 1674 2323 sapientia
1685 2292 1737 2323 est,
1747 2292 1779 2316 ut

1005 2331 1106 2358 omnia
1119 2333 1169 2364 tua
1184 2331 1214 2359 in
1229 2334 1256 2360 te
1270 2333 1367 2368 posita
1382 2341 1444 2360 esse
1461 2333 1550 2361 dicas.
1566 2345 1580 2360 »
1771 2332 1774 2334 '

1041 2378 1313 2406 Commendabilius
1334 2381 1376 2406 est
1400 2380 1530 2407 studium
1547 2381 1660 2409 virtutis
1680 2383 1777 2410 studio

1005 2423 1143 2451 scientiae.
1159 2427 1184 2451 1.
1201 2425 1322 2452 Ratione
1338 2426 1476 2462 exempli,
1490 2428 1560 2462 quia
1575 2429 1669 2456 Sancti
1683 2429 1723 2456 sic
1737 2430 1778 2456 se-

1006 2474 1115 2498 cerunt.
1141 2473 1167 2499 2.
1196 2472 1316 2500 Ratione
1344 2474 1538 2508 auctoritatis3
1572 2475 1727 2510 Apostolus
1749 2476 1776 2502 ⁹:

1005 2519 1066 2546 Non
1084 2520 1114 2545 ‘in
1137 2527 1254 2546 sermone
1278 2522 1316 2546 est
1336 2528 1445 2554 regnum
1467 2522 1531 2553 Dei,
1550 2522 1597 2548 secl
1618 2523 1646 2548 z'n
1665 2524 1775 2549 virtute.

1006 2592 1087 2622 princ.
1108 2606 1137 2610 —
1157 2593 1167 2609 Β
1183 2594 1264 2622 snam,
1285 2599 1347 2623 xm,
1369 2595 1406 2618 35,
1428 2607 1457 2611 -—
1476 2595 1485 2608 ⁶
1505 2593 1603 2621 Malta,
1629 2601 1666 2625 xi,
1688 2597 1725 2619 29.
1747 2610 1777 2615 —

1007 2628 1013 2641 ⁷
1038 2628 1105 2651 Psal.
1128 2633 1231 2658 cxxxii,
1257 2631 1278 2651 1.
1299 2642 1328 2646 —
1350 2630 1358 2643 ⁸
1375 2630 1441 2652 Psal.
1463 2632 1640 2659 xv111,1-.’.—
1657 2631 1687 2653 ⁹1
1708 2631 1776 2660 Cora,

1007 2668 1040 2691 lv,
1054 2665 1093 2687 20.
