2004 3037
853 183 984 217 CAPUT
1007 183 1125 217 LXXII.

174 257 207 284 ut
220 255 310 285 nobis
327 255 416 284 liceat
434 253 559 284 transire
577 261 632 292 per
651 255 763 283 terram
780 254 882 282 tuam:
897 260 960 282 non

174 302 285 331 ibimus
302 310 357 340 per
375 310 464 339 agros
482 309 581 339 neque
598 309 653 339 per
667 300 787 336 vineas,
802 307 857 328 nec
873 299 959 329 bibe-

174 358 241 379 mus
259 358 372 388 aquam
397 350 435 380 de
457 350 554 387 puteis
571 349 645 386 tuis,
665 349 730 385 sed,
744 358 759 376 »
777 350 844 384 etc„
863 349 958 382 Num„

174 406 222 434 xx,
239 401 285 428 17.

210 444 331 474 Gedeon
340 443 423 482 petiit
435 452 453 473 a
462 443 535 473 viris
545 443 675 473 sochoth
688 444 716 472 et
725 442 856 472 Phanuel
866 450 959 479 panes

173 501 229 530 pro
249 491 505 521 commilitonibus
523 491 651 527 fatigatis
657 501 666 528 3
688 491 740 528 qui
764 490 835 519 dare
853 498 960 519 renue-

172 541 259 568 runt:
275 539 330 568 sed
344 538 423 568 male
437 538 508 567 inde
523 538 630 567 accidit
644 538 696 566 eis.
711 538 816 571 Judz'c„
832 546 893 566 vm.

208 586 303 616 Nabal
316 585 502 615 illiberaliter
518 594 549 614 se
568 585 675 614 habuit
689 585 728 614 ad
746 585 840 613 David
858 586 958 621 peten—

172 635 233 662 tem
247 632 364 670 aliquid
377 632 435 661 sibi
451 631 526 661 dari.
542 634 552 661 1
568 633 643 667 Rea„
662 640 730 661 xxv.

208 682 333 711 Obtenta
349 681 474 710 victoria
489 681 527 709 de
545 680 750 717 Amalechitis,
765 680 860 709 David
878 681 959 709 misit

172 729 254 758 dona
270 729 307 757 de
325 728 428 766 proeda
443 728 612 756 senioribus
627 728 704 756 Juda
720 727 871 764 'proximis
885 728 957 763 suis,

172 776 274 805 dicens
291 784 298 804 ε
313 785 327 802 ι(
340 775 470 812 Accipite
481 775 734 810 benedictionem,
751 785 765 801 n
780 777 846 810 etc„
858 776 868 803 1
881 776 956 810 Κεφ,

171 831 242 857 xxx,
257 823 302 850 26.

206 868 347 906 Praecepit
362 868 456 897 David
467 870 500 897 ut
511 868 708 906 Miphiboseth
722 869 893 897 comederet
906 877 958 906 pa-

170 925 240 945 nem
261 917 293 945 in
314 924 419 945 mensa
438 924 493 944 sua
513 924 642 953 semper,
665 917 694 944 et
716 918 810 945 totam
831 916 958 945 domum

172 963 241 992 Saul
255 963 338 992 dedit
352 963 390 991 ei.
406 965 429 992 ll
445 964 525 998 Κεφ,
539 971 580 992 rx.

207 1010 341 1046 Fugienti
358 1010 452 1039 David
465 1018 483 1038 a
497 1010 571 1038 facie
587 1010 745 1045 Absalom,
766 1010 837 1039 Sobi
857 1013 885 1039 et
898 1013 956 1040 Ma-

172 1058 249 1093 chit,
264 1060 292 1086 et
307 1057 457 1092 Berzellai,
473 1057 647 1086 obtulerunt
661 1058 688 1086 ei
706 1058 800 1086 multa
816 1058 957 1086 exercitui

171 1113 226 1134 suo
245 1105 422 1137 necessaria,
439 1106 461 1134 ll
481 1105 558 1140 Rea„
577 1113 647 1134 xvn.
668 1105 743 1140 Quia
762 1105 798 1142 (a)
817 1105 958 1134 Berzellai

171 1152 260 1181 astitit
275 1152 384 1187 David,
405 1152 529 1189 quando
550 1152 684 1188 fugiebat
698 1152 842 1181 Absalom
860 1152 958 1181 silium

171 1208 274 1236 suum,
297 1200 419 1228 obtenta
439 1199 575 1234 victoria,
600 1200 695 1228 David
717 1200 838 1228 retinuit
859 1200 957 1228 filium

170 1247 265 1282 illius,
284 1248 312 1275 et
324 1247 361 1275 de
376 1246 491 1275 familia
503 1255 556 1276 sua
570 1246 640 1275 fecit
652 1247 749 1275 illum.
765 1249 787 1275 ll
802 1248 878 1282 1³29„
893 1256 954 1276 x1x.

204 1294 318 1330 Regina
339 1294 417 1323 Saba
437 1293 533 1322 multa
556 1294 663 1322 obtulit
678 1294 845 1330 Salomoni,
862 1296 891 1322 et
906 1297 957 1324 Sa-

169 1341 274 1370 lomon
299 1341 382 1369 dedit
401 1340 504 1369 omnia
527 1350 593 1378 quae
616 1342 736 1378 petivit,
758 1342 887 1378 exceptis
910 1342 956 1370 his

170 1397 237 1425 quoe
251 1388 330 1416 ultro
345 1388 493 1417 obtulerat
503 1388 530 1417 ei
542 1394 666 1417 munere
680 1389 775 1424 regio.
787 1390 819 1418 111
835 1390 912 1424 Κεφ,
925 1398 956 1424 x,

168 1437 214 1471 10,
230 1437 274 1464 13.

205 1485 244 1512 Ea
258 1484 431 1519 tempestate
450 1491 511 1520 qua
524 1483 662 1519 regnavit
680 1483 775 1512 Aehaz
792 1483 824 1511 in
842 1483 954 1516 Judaea,

169 1530 282 1558 Phacee
305 1530 385 1558 filius
406 1530 549 1559 Romeliae
570 1530 681 1558 multos
696 1530 810 1558 occidit
830 1533 858 1559 et
878 1531 956 1567 cepit

170 1577 207 1605 de
220 1577 293 1605 viris
303 1577 396 1613 Juda;
412 1577 538 1614 quidam
548 1580 648 1606 autem
663 1577 737 1606 boni
746 1578 804 1606 viri
815 1578 853 1606 de
867 1579 955 1607 lsrael

169 1625 301 1661 captivos
314 1625 414 1653 nudos
428 1625 598 1660 vestierunt,
612 1626 640 1653 et
652 1625 720 1653 illos
735 1626 786 1662 qui
799 1625 954 1654 ambulare

167 1680 229 1700 non
248 1673 402 1708 poterant,
418 1672 625 1708 imposuerunt
639 1672 793 1707 jumentis,
811 1675 839 1700 et
857 1672 953 1701 duxe—

167 1721 236 1747 runt
250 1719 290 1746 ad
303 1718 407 1747 fratres
422 1727 538 1747 eorum.
554 1719 576 1747 ll
590 1720 699 1753 Paral„
714 1727 814 1748 xxv111.

205 1767 264 1794 Rex
281 1767 374 1802 Cyrus
388 1766 511 1802 protulit
525 1774 596 1794 vasa
616 1767 719 1802 templi
738 1767 871 1801 Domini,
887 1775 953 1803 quae

168 1814 275 1842 tulerat
288 1813 575 1848 Nabuchodonosor,
592 1815 621 1841 et
634 1814 748 1842 remisit
762 1822 796 1842 ea
812 1814 842 1841 in
854 1814 954 1842 Hieru-

168 1861 260 1888 salem
279 1870 285 1888 :
304 1861 423 1888 fuerunt
441 1862 540 1889 autem
561 1869 634 1889 vasa
654 1869 746 1889 aurea
763 1864 791 1889 et
810 1863 953 1897 argentea

168 1908 302 1944 quinque
316 1907 410 1935 millia
425 1907 654 1944 quadringenta.
669 1909 678 1935 1
694 1908 786 1940 Esar„
804 1917 823 1936 1.

204 1956 371 1984 Redeuntes
389 1956 426 1984 de
446 1955 598 1992 Babylone
616 1955 670 1983 filii
691 1955 766 1983 Juda
781 1955 953 1984 obtulerunt

166 2006 282 2040 sponte,
299 2003 465 2031 secundum
488 2003 567 2031 vires
589 2011 672 2037 suas,
694 2002 734 2030 ad
756 2002 954 2031 extruendam

167 2051 293 2079 domum
305 2051 432 2078 Domini.
450 2052 458 2078 1
474 2050 566 2082 Esdr„
581 2058 611 2078 11.

201 2098 341 2134 Praecepit
355 2106 408 2125 rex
424 2097 537 2132 Darius,
548 2099 578 2125 ut
592 2097 791 2125 aedificaretur
806 2097 836 2124 in
851 2097 951 2125 Hieru-

165 2145 258 2173 salem
274 2145 383 2173 domus
399 2144 531 2179 Domini,
551 2146 578 2172 et
598 2143 740 2172 darentur
757 2146 892 2179 sumptus
913 2143 951 2172 de

165 2201 234 2221 arca
248 2192 336 2228 regis,
346 2192 415 2220 licet
429 2192 553 2228 quidam
568 2191 666 2219 aemuli
681 2199 736 2227 per
750 2191 861 2219 litteras
874 2199 950 2228 opus

165 2239 310 2276 impedire
325 2239 516 2267 laborabant.
534 2240 544 2267 1
558 2239 653 2273 Esdr.‚
669 2246 708 2267 VI.

201 2286 365 2315 Gratiosam
386 2287 414 2314 et
436 2285 593 2314 liberalem
619 2285 776 2321 epistolam
802 2284 885 2312 dedit
900 2287 950 2313 Ar-

166 2336 300 2362 taxerxes
315 2341 369 2361 rex
384 2333 482 2361 Esdrae
497 2333 644 2361 sacerdoti
659 2332 788 2361 venienti
804 2331 835 2360 in
850 2332 950 2360 Hieru-

166 2381 259 2408 salem
273 2380 313 2409 ad
328 2379 546 2408 consolandum
561 2379 689 2408 Judaeos.
707 2381 715 2407 l
731 2380 824 2411 Esclr„
842 2387 892 2407 v11.

200 2429 262 2456 Rex
275 2430 448 2456 Artaxerxes
462 2427 625 2455 liberaliter
638 2435 669 2455 se
683 2426 789 2454 habuit
804 2426 842 2454 ad
858 2426 949 2454 Nehe-

164 2474 257 2502 miam
271 2475 439 2503 venientem
454 2474 486 2502 in
499 2474 643 2508 Judceam,
659 2476 686 2503 et
701 2474 783 2502 dedit
798 2474 825 2502 ei
840 2473 948 2510 episto-

164 2521 208 2549 las
222 2522 325 2558 quales
338 2522 471 2559 petierat.
488 2523 610 2556 Nchem„
627 2530 659 2550 11.

199 2569 354 2598 Nehemias
368 2569 457 2598 valde
469 2569 603 2598 liberalis
616 2568 670 2597 fuit
684 2569 811 2605 legatus,
824 2569 876 2605 qui
890 2576 948 2604 po-

199 2669 231 2699 (α)
248 2669 309 2694 Coee.
324 2669 384 2693 edit.
398 2670 449 2701 qui.
464 2684 493 2688 —
508 2670 541 2701 (b)
560 2672 619 2694 Item
631 2670 824 2695 hereditatibus.

1744 190 1798 220 571

1016 252 1125 289 pulum
1139 260 1261 282 annona
1275 254 1304 282 et
1319 253 1526 283 exactionibus
1537 262 1600 284 non
1615 255 1761 291 gravavit,
1776 258 1804 285 et

1016 299 1076 328 illis
1086 299 1127 328 ad
1137 307 1214 337 quos
1222 300 1305 330 venit
1318 300 1450 338 plurima
1459 301 1542 330 bona
1551 301 1630 331 fecit.
1641 303 1764 337 Nehem„
1773 311 1800 333 v.

1055 347 1163 376 Tobias
1185 347 1302 383 omnia,
1326 356 1394 385 quae
1411 348 1525 377 habere
1544 351 1677 386 poterat,
1695 359 1710 377 (ι
1731 358 1804 380 con-

1016 395 1140 432 captivis
1154 395 1305 431 fratribus,
1322 396 1374 433 qui
1389 398 1471 424 erant
1486 395 1524 424 de
1539 404 1647 432 genere
1664 405 1735 433 suo,
1749 398 1804 427 im-

1015 442 1118 479 pertiri
1143 443 1300 477 studebat,
1324 443 1485 471 esurientes
1511 443 1628 480 alebat,
1652 445 1802 482 nudisque

1014 490 1188 519 vestimenta
1201 490 1363 527 praebebat,
1377 501 1391 517 n
1413 492 1486 524 Tob„
1501 499 1522 526 1,
1539 493 1567 520 3.

1051 537 1165 573 Raguel
1184 537 1306 566 tradidit
1329 538 1428 567 Tobiae
1448 538 1560 574 juniori
1585 540 1688 568 Saram
1707 539 1802 568 filiam

1015 593 1120 620 suam,
1144 587 1173 614 et
1196 585 1354 614 dimidiam
1376 587 1494 623 partem
1516 586 1696 616 substantiae.
1725 588 1801 623 Tob„

1014 640 1043 667 x,
1057 634 1102 660 10.

1049 679 1156 708 Tobias
1182 680 1286 708 Junior
1312 679 1441 708 multum
1469 680 1525 708 fuit
1553 682 1654 716 gratus
1678 682 1800 718 Azariae,

1015 735 1106 763 quem
1125 727 1280 755 hominem
1300 727 1443 763 putabat,
1465 729 1493 756 et
1511 728 1601 756 valde
1621 728 1697 756 bene
1718 737 1802 758 reco-

1015 775 1119 810 gnovit
1128 774 1287 809 beneficia,
1299 783 1365 811 quae
1376 774 1415 802 ab
1428 783 1463 803 eo
1474 778 1627 812 receperat
1633 785 1642 811 ;
1655 778 1684 804 et
1693 776 1801 805 exinde

1014 823 1098 858 pater
1113 823 1141 850 et
1159 822 1240 850 filius
1260 822 1393 850 mediam
1412 823 1527 858 partem
1547 823 1684 851 omnium
1703 823 1801 852 bono·

1014 877 1082 897 rum
1096 869 1139 897 illi
1152 869 1316 897 liberaliter
1331 869 1514 897 obtulerunt.
1534 870 1611 902 Tob.‚
1627 879 1679 898 xn.

1049 918 1112 945 Rex
1121 919 1261 945 Assuerus
1272 917 1377 952 «jussit
1386 917 1547 953 praeparari
1556 918 1729 946 convivium
1738 926 1803 955 per-

1015 964 1210 999 magnificum
1223 973 1280 1001 pro
1295 965 1507 1001 conjunctione
1523 968 1551 994 et
1565 967 1677 1002 nuptiis
1690 967 1800 1002 Esther,

1015 1013 1044 1040 et
1063 1011 1145 1040 dedit
1159 1012 1296 1048 requiem
1315 1013 1462 1041 universis
1476 1013 1654 1050 provinciis,
1671 1022 1705 1042 ac
1720 1014 1802 1043 dona

1014 1058 1137 1094 largitus
1153 1061 1196 1087 est
1207 1060 1292 1095 juxta
1302 1060 1558 1095 magnificentiam
1569 1061 1797 1098 principalem.»

1015 1107 1104 1140 Esth„
1118 1115 1150 1141 11,
1169 1108 1211 1135 18.

1050 1153 1160 1182 Videns
1182 1155 1284 1183 Esther
1304 1155 1441 1191 reginam
1473 1164 1526 1184 rex
1552 1158 1707 1191 Assuerus,
1728 1157 1802 1186 dixit

1014 1203 1059 1231 ei:
1079 1203 1184 1237 «Quid
1198 1204 1260 1238 vis,
1282 1204 1384 1231 Esther
1404 1204 1527 1240 regina?
1543 1213 1609 1241 quae
1634 1207 1677 1234 est
1698 1206 1800 1243 petitio

1013 1250 1083 1277 tua?
1106 1250 1225 1278 Etiamsi
1247 1250 1404 1279 dimidiam
1423 1253 1540 1288 partem
1558 1252 1644 1289 regni
1664 1253 1799 1289 petieris,

1014 1296 1136 1325 dabitur
1150 1297 1214 1325 tibi.
1230 1298 1319 1333 Esth„
1332 1306 1359 1333 v,
1376 1299 1403 1326 3.

1049 1345 1188 1378 Quaesivit
1201 1353 1253 1372 rex
1263 1347 1405 1373 Assuerus
1417 1345 1492 1382 quid
1504 1345 1628 1374 honoris
1639 1354 1673 1375 ac
1685 1348 1800 1383 praemii

1013 1393 1189 1419 consecutus
1212 1394 1287 1420 esset
1316 1393 1517 1421 Mardochaeus
1540 1402 1596 1430 pro
1622 1394 1683 1422 fide
1708 1402 1800 1430 quam

1013 1446 1084 1474 erga
1107 1438 1207 1475 ipsum
1235 1442 1413 1468 servaverat.
1444 1441 1578 1477 Cumque
1607 1440 1800 1469 intellexisset

1012 1492 1082 1512 eum
1096 1485 1170 1513 nihil
1186 1486 1335 1522 accepisse
1348 1487 1505 1523 mercedis,
1519 1487 1586 1516 fecit
1600 1496 1669 1516 eum
1683 1488 1798 1524 magni-

1011 1532 1066 1560 fice
1080 1533 1234 1562 honorari.
1251 1534 1339 1568 Esth„
1356 1543 1395 1562 v1.

1047 1579 1111 1608 Filii
1127 1580 1193 1615 lob,
1208 1581 1348 1609 facientes
1363 1582 1504 1610 convivia
1521 1592 1535 1609 «
1545 1583 1752 1620 unusquisque
1767 1584 1798 1612 in

1011 1626 1060 1654 die
1076 1635 1147 1662 suo,
1162 1628 1313 1656 vocabant
1327 1636 1445 1656 sorores
1459 1637 1543 1664 suas,
1558 1631 1591 1658 ut
1606 1631 1799 1660 comederent

1011 1675 1039 1701 et
1052 1674 1191 1702 biberent
1206 1683 1275 1703 cum
1297 1676 1348 1703 eis.
1363 1687 1375 1701 n
1394 1677 1454 1711 Job,
1471 1685 1492 1712 1,
1506 1679 1533 1704 4.

1046 1721 1131 1749 Pium
1145 1723 1173 1749 et
1186 1722 1413 1751 misericordem
1428 1731 1458 1752 se
1473 1723 1562 1752 fuisse
1578 1724 1618 1753 ad
1636 1732 1795 1761 pauperes,

1010 1769 1139 1797 ostendit
1157 1769 1261 1797 beatus
1279 1770 1350 1805 Job,
1366 1779 1453 1806 xxix,
1469 1773 1502 1800 13
1524 1774 1552 1800 et
1572 1780 1648 1808 seq„
1669 1772 1771 1801 dicens
1788 1783 1794 1801 :

1012 1825 1025 1841 «
1040 1816 1097 1844 Cor
1116 1816 1216 1845 viduae
1233 1818 1407 1845 consolatus
1423 1826 1500 1846 sum.
1517 1820 1602 1847 Pater
1621 1827 1703 1847 eram
1722 1828 1796 1856 pau-

1010 1871 1129 1898 perum,
1143 1873 1157 1889 >³
1175 1865 1228 1892 etc.
1252 1866 1338 1899 Item,
1357 1873 1444 1900 xxxr,
1465 1867 1499 1893 17
1521 1868 1548 1894 et
1569 1874 1651 1903 seq.:
1671 1868 1727 1894 «Si
1749 1875 1796 1895 co-

1008 1910 1089 1937 medi
1109 1910 1277 1938 buccellam
1292 1920 1391 1939 meam
1411 1912 1508 1940 solus:
1524 1913 1595 1948 quia
1614 1913 1653 1941 ab
1673 1913 1796 1942 infantia

1007 1964 1075 1984 mea
1091 1957 1182 1984 crevit
1197 1966 1316 1985 mecum
1332 1959 1501 1993 miseratio,
1517 1970 1529 1984 »
1547 1962 1602 1987 etc.

1044 2004 1179 2039 Magister
1194 2004 1304 2032 militiae
1318 2005 1395 2041 regis
1411 2005 1571 2042 Babylonis
1587 2006 1670 2035 dedit
1681 2007 1794 2036 cibaria

1007 2052 1036 2079 et
1055 2051 1234 2079 munuscula
1256 2051 1423 2088 Hieremiae,
1444 2055 1472 2081 et
1492 2053 1604 2081 dimisit
1624 2062 1693 2082 eum
1717 2063 1792 2090 quo-

1007 2106 1136 2134 cumque
1159 2098 1248 2126 vellet
1266 2099 1309 2127 ire
1322 2120 1330 2134 ‚
1351 2100 1527 2135 promittens
1547 2101 1572 2128 ei
1592 2101 1719 2129 multam
1739 2102 1794 2129 hu-

1006 2144 1195 2180 manitatem,
1212 2145 1236 2173 si
1250 2145 1340 2174 vellet
1362 2155 1431 2174 cum
1449 2155 1485 2175 eo
1505 2155 1630 2183 pergere
1651 2148 1682 2176 in
1699 2148 1794 2184 Baby-

1005 2191 1122 2227 lonem,
1139 2194 1228 2225 Hier„
1244 2201 1299 2228 xL,
1320 2195 1347 2221 et
1362 2193 1559 2221 nihilominus
1580 2194 1663 2223 dedit
1678 2195 1704 2223 ei
1719 2195 1793 2224 libe-

1006 2239 1101 2267 ralem
1116 2239 1286 2268 facultatem
1301 2241 1478 2268 remanendi
1492 2241 1616 2269 ibidem.

1042 2287 1181 2315 Seleucus
1205 2296 1257 2315 rex
1280 2287 1317 2316 de
1345 2288 1489 2316 reditibus
1515 2289 1547 2325 (b)
1577 2289 1637 2317 suis
1657 2291 1791 2327 tempore

1006 2334 1084 2363 Oniae
1094 2335 1202 2362 summi
1213 2335 1360 2371 pontificis
1375 2336 1533 2371 praestabat
1545 2347 1558 2362 «
1570 2345 1674 2364 omnes
1691 2346 1791 2373 sump-

1005 2384 1051 2409 tus
1066 2381 1105 2409 ad
1117 2382 1315 2411 ministerium
1335 2383 1549 2411 sacrificiorum
1571 2384 1786 2419 pertinentes.»

1005 2430 1025 2456 ll
1042 2429 1146 2463 Maeli.>
1161 2437 1201 2464 111,
1218 2431 1245 2457 3.

1043 2486 1056 2503 κ
1073 2477 1187 2512 Apertis
1201 2477 1346 2505 thesauris
1361 2478 1432 2513 suiS,
1446 2487 1461 2504 »
1479 2485 1541 2505 non
1556 2478 1657 2514 parvis
1672 2478 1788 2513 loculis,

1003 2523 1034 2550 in
1050 2523 1161 2560 quibus
1173 2524 1257 2552 oboli
1271 2527 1468 2561 reponuntur,
1479 2535 1492 2551 (ι
1503 2525 1675 2553 obtulerunt
1688 2526 1786 2561 Magi»

1003 2571 1129 2599 Domino
1144 2571 1270 2608 pauperi
1288 2583 1301 2598 «
1314 2580 1438 2608 aurum,
1454 2573 1532 2607 thus,
1548 2574 1576 2600 et
1589 2573 1754 2609 myrrham.
1771 2583 1784 2600 ι)

1005 2619 1117 2651 Mami..
1133 2627 1163 2653 ιι,
1181 2621 1225 2647 11.

1039 2666 1211 2701 Magnificus
1235 2667 1263 2693 et
1283 2666 1384 2702 largus
1405 2668 1610 2694 remunerator
1634 2668 1676 2695 est
1691 2668 1786 2695 Domi-
