<?xml version="1.0" encoding="UTF-8"?>
<!DOCTYPE html PUBLIC "-//W3C//DTD XHTML 1.0 Transitional//EN"
    "http://www.w3.org/TR/xhtml1/DTD/xhtml1-transitional.dtd">
<html xmlns="http://www.w3.org/1999/xhtml" xml:lang="en" lang="en">
 <head>
  <title>
</title>
<meta http-equiv="Content-Type" content="text/html;charset=utf-8" />
  <meta name='ocr-system' content='tesseract 3.04.00' />
  <meta name='ocr-capabilities' content='ocr_page ocr_carea ocr_par ocr_line ocrx_word'/>
</head>
<body>
  <div class='ocr_page' id='page_1' title='image "./operaomniasixtiv08bonauoft/operaomniasixtiv08bonauoft_0018.png"; bbox 0 0 1940 3037; ppageno 0'>
   <div class='ocr_carea' id='block_1_1' title="bbox 200 206 1814 1071">
    <p class='ocr_par' dir='ltr' id='par_1_1' title="bbox 200 206 1814 1071">
     <span class='ocr_line' id='line_1_1' title="bbox 207 206 265 229; baseline -0.017 0"><span class='ocrx_word' id='word_1_1' title='bbox 207 206 265 229; x_wconf 85' lang='lat' dir='ltr'>vm</span> 
     </span>
     <span class='ocr_line' id='line_1_2' title="bbox 207 264 1814 312; baseline 0.006 -17"><span class='ocrx_word' id='word_1_2' title='bbox 207 265 292 296; x_wconf 83' lang='lat' dir='ltr'>edita</span> <span class='ocrx_word' id='word_1_3' title='bbox 316 265 356 296; x_wconf 88' lang='lat' dir='ltr'>ab</span> <span class='ocrx_word' id='word_1_4' title='bbox 380 272 464 297; x_wconf 83' lang='lat' dir='ltr'>anno</span> <span class='ocrx_word' id='word_1_5' title='bbox 488 265 567 297; x_wconf 74' lang='lat'>1495</span> <span class='ocrx_word' id='word_1_6' title='bbox 585 264 648 296; x_wconf 87' lang='lat' dir='ltr'>hoc</span> <span class='ocrx_word' id='word_1_7' title='bbox 670 264 868 306; x_wconf 86' lang='lat' dir='ltr'>Opusculum</span> <span class='ocrx_word' id='word_1_8' title='bbox 889 265 1077 299; x_wconf 81' lang='lat' dir='ltr'>intrusum:</span> <span class='ocrx_word' id='word_1_9' title='bbox 1095 276 1162 300; x_wconf 90' lang='lat' dir='ltr'>non</span> <span class='ocrx_word' id='word_1_10' title='bbox 1184 269 1252 300; x_wconf 84' lang='lat' dir='ltr'>tam</span> <span class='ocrx_word' id='word_1_11' title='bbox 1274 270 1404 310; x_wconf 79' lang='lat' dir='ltr'>propter</span> <span class='ocrx_word' id='word_1_12' title='bbox 1426 277 1538 301; x_wconf 88' lang='lat' dir='ltr'>vocem</span> <span class='ocrx_word' id='word_1_13' title='bbox 1561 271 1716 310; x_wconf 73' lang='lat' dir='ltr'>manerii,</span> <span class='ocrx_word' id='word_1_14' title='bbox 1738 279 1814 312; x_wconf 78' lang='lat' dir='ltr'>quae</span> 
     </span>
     <span class='ocr_line' id='line_1_3' title="bbox 209 323 1814 367; baseline 0.004 -11"><span class='ocrx_word' id='word_1_15' title='bbox 209 323 366 357; x_wconf 74' lang='lat' dir='ltr'>inaudita</span> <span class='ocrx_word' id='word_1_16' title='bbox 379 333 447 356; x_wconf 92' lang='lat' dir='ltr'>non</span> <span class='ocrx_word' id='word_1_17' title='bbox 461 326 526 365; x_wconf 83' lang='lat' dir='ltr'>est,</span> <span class='ocrx_word' id='word_1_18' title='bbox 541 325 652 366; x_wconf 83' lang='lat' dir='ltr'><strong>utpote</strong></span> <span class='ocrx_word' id='word_1_19' title='bbox 665 323 700 356; x_wconf 90' lang='lat' dir='ltr'>in</span> <span class='ocrx_word' id='word_1_20' title='bbox 714 332 811 356; x_wconf 88' lang='lat' dir='ltr'>sensu</span> <span class='ocrx_word' id='word_1_21' title='bbox 825 324 1007 358; x_wconf 69' lang='lat' dir='ltr'>mansionis</span> <span class='ocrx_word' id='word_1_22' title='bbox 1019 326 1147 366; x_wconf 77' lang='lat' dir='ltr'>accepta</span> <span class='ocrx_word' id='word_1_23' title='bbox 1160 325 1246 367; x_wconf 87' lang='lat' dir='ltr'>apud</span> <span class='ocrx_word' id='word_1_24' title='bbox 1256 325 1444 359; x_wconf 71' lang='lat' dir='ltr'>Matthaeum</span> <span class='ocrx_word' id='word_1_25' title='bbox 1458 325 1619 360; x_wconf 89' lang='lat' dir='ltr'>Parisium</span> <span class='ocrx_word' id='word_1_26' title='bbox 1634 329 1675 362; x_wconf 83' lang='lat' dir='ltr'>ad</span> <span class='ocrx_word' id='word_1_27' title='bbox 1690 339 1814 364; x_wconf 83' lang='lat' dir='ltr'>annum</span> 
     </span>
     <span class='ocr_line' id='line_1_4' title="bbox 208 382 1814 428; baseline 0.004 -14"><span class='ocrx_word' id='word_1_28' title='bbox 208 384 289 415; x_wconf 73' lang='lat'>¹215</span> <span class='ocrx_word' id='word_1_29' title='bbox 302 385 334 415; x_wconf 91' lang='lat' dir='ltr'>et</span> <span class='ocrx_word' id='word_1_30' title='bbox 347 385 442 423; x_wconf 71' lang='grc'><strong>1249,</strong></span> <span class='ocrx_word' id='word_1_31' title='bbox 459 385 538 416; x_wconf 79' lang='lat' dir='ltr'>teste</span> <span class='ocrx_word' id='word_1_32' title='bbox 553 383 675 424; x_wconf 86' lang='lat' dir='ltr'>Gangio</span> <span class='ocrx_word' id='word_1_33' title='bbox 690 391 700 415; x_wconf 73' lang='lat' dir='ltr'><strong><em>z</em></strong></span> <span class='ocrx_word' id='word_1_34' title='bbox 714 391 781 415; x_wconf 91' lang='lat' dir='ltr'>non</span> <span class='ocrx_word' id='word_1_35' title='bbox 798 385 867 415; x_wconf 86' lang='lat' dir='ltr'>tam</span> <span class='ocrx_word' id='word_1_36' title='bbox 888 385 1020 424; x_wconf 85' lang='lat' dir='ltr'>propter</span> <span class='ocrx_word' id='word_1_37' title='bbox 1042 382 1130 415; x_wconf 83' lang='lat' dir='ltr'>aliud</span> <span class='ocrx_word' id='word_1_38' title='bbox 1141 384 1280 417; x_wconf 86' lang='lat' dir='ltr'>verbum</span> <span class='ocrx_word' id='word_1_39' title='bbox 1302 387 1474 427; x_wconf 79' lang='lat' dir='ltr'>apportare</span> <span class='ocrx_word' id='word_1_40' title='bbox 1485 394 1545 428; x_wconf 87' lang='lat' dir='ltr'>pro</span> <span class='ocrx_word' id='word_1_41' title='bbox 1558 385 1694 428; x_wconf 72' lang='lat' dir='ltr'>afferw,</span> <span class='ocrx_word' id='word_1_42' title='bbox 1709 387 1756 420; x_wconf 83' lang='lat' dir='ltr'>ita</span> <span class='ocrx_word' id='word_1_43' title='bbox 1771 388 1814 421; x_wconf 84' lang='lat' dir='ltr'>ab</span> 
     </span>
     <span class='ocr_line' id='line_1_5' title="bbox 206 441 1812 486; baseline 0.003 -13"><span class='ocrx_word' id='word_1_44' title='bbox 206 441 346 482; x_wconf 86' lang='lat' dir='ltr'>Hugone</span> <span class='ocrx_word' id='word_1_45' title='bbox 368 451 498 484; x_wconf 86' lang='lat' dir='ltr'>quoque</span> <span class='ocrx_word' id='word_1_46' title='bbox 515 441 679 475; x_wconf 85' lang='lat' dir='ltr'>Victorino</span> <span class='ocrx_word' id='word_1_47' title='bbox 703 444 897 483; x_wconf 90' lang='lat' dir='ltr'>usurpatum</span> <span class='ocrx_word' id='word_1_48' title='bbox 919 452 928 474; x_wconf 75' lang='lat' dir='ltr'><strong><em>z</em></strong></span> <span class='ocrx_word' id='word_1_49' title='bbox 948 450 1016 475; x_wconf 89' lang='lat' dir='ltr'>non</span> <span class='ocrx_word' id='word_1_50' title='bbox 1038 443 1107 474; x_wconf 86' lang='lat' dir='ltr'>tam</span> <span class='ocrx_word' id='word_1_51' title='bbox 1129 447 1260 484; x_wconf 85' lang='lat' dir='ltr'>propter</span> <span class='ocrx_word' id='word_1_52' title='bbox 1283 443 1363 483; x_wconf 85' lang='lat' dir='ltr'>ista,</span> <span class='ocrx_word' id='word_1_53' title='bbox 1386 453 1487 486; x_wconf 87' lang='lat' dir='ltr'>quam</span> <span class='ocrx_word' id='word_1_54' title='bbox 1510 444 1553 476; x_wconf 89' lang='lat' dir='ltr'>ob</span> <span class='ocrx_word' id='word_1_55' title='bbox 1579 445 1812 485; x_wconf 84' lang='lat' dir='ltr'>gravissimum</span> 
     </span>
     <span class='ocr_line' id='line_1_6' title="bbox 205 500 1812 544; baseline 0.003 -12"><span class='ocrx_word' id='word_1_56' title='bbox 205 501 426 534; x_wconf 86' lang='lat' dir='ltr'>testimonium</span> <span class='ocrx_word' id='word_1_57' title='bbox 440 501 605 541; x_wconf 88' lang='lat' dir='ltr'>Gersonis,</span> <span class='ocrx_word' id='word_1_58' title='bbox 620 501 700 534; x_wconf 90' lang='lat' dir='ltr'>illud</span> <span class='ocrx_word' id='word_1_59' title='bbox 721 502 874 543; x_wconf 79' lang='lat' dir='ltr'><strong><em>scriptori</em></strong></span> <span class='ocrx_word' id='word_1_60' title='bbox 885 500 1008 535; x_wconf 76' lang='lat' dir='ltr'>novello</span> <span class='ocrx_word' id='word_1_61' title='bbox 1025 501 1227 534; x_wconf 87' lang='lat' dir='ltr'>attribuentis</span> <span class='ocrx_word' id='word_1_62' title='bbox 1236 503 1247 520; x_wconf 80' lang='lat'>¹</span> <span class='ocrx_word' id='word_1_63' title='bbox 1256 525 1265 541; x_wconf 90' lang='lat'><strong>‚</strong></span> <span class='ocrx_word' id='word_1_64' title='bbox 1281 502 1389 544; x_wconf 80' lang='lat' dir='ltr'>obque</span> <span class='ocrx_word' id='word_1_65' title='bbox 1400 502 1626 536; x_wconf 80' lang='lat' dir='ltr'>solidissimam</span> <span class='ocrx_word' id='word_1_66' title='bbox 1639 513 1812 538; x_wconf 80' lang='lat' dir='ltr'>censuram</span> 
     </span>
     <span class='ocr_line' id='line_1_7' title="bbox 205 559 1811 604; baseline 0.004 -13"><span class='ocrx_word' id='word_1_67' title='bbox 205 559 240 592; x_wconf 91' lang='lat' dir='ltr'>P.</span> <span class='ocrx_word' id='word_1_68' title='bbox 263 559 352 601; x_wconf 86' lang='lat' dir='ltr'>Mag.</span> <span class='ocrx_word' id='word_1_69' title='bbox 377 560 538 593; x_wconf 87' lang='lat' dir='ltr'>Sbaraleae</span> <span class='ocrx_word' id='word_1_70' title='bbox 561 561 712 593; x_wconf 90' lang='lat' dir='ltr'>eumdem</span> <span class='ocrx_word' id='word_1_71' title='bbox 737 559 946 601; x_wconf 84' lang='lat' dir='ltr'>Rodulphum</span> <span class='ocrx_word' id='word_1_72' title='bbox 968 559 1086 601; x_wconf 73' lang='lat' dir='ltr'>huJus,</span> <span class='ocrx_word' id='word_1_73' title='bbox 1110 568 1148 591; x_wconf 88' lang='lat' dir='ltr'>ac</span> <span class='ocrx_word' id='word_1_74' title='bbox 1173 568 1270 601; x_wconf 87' lang='lat' dir='ltr'>supra</span> <span class='ocrx_word' id='word_1_75' title='bbox 1288 559 1300 577; x_wconf 84' lang='lat'><strong>¹</strong></span> <span class='ocrx_word' id='word_1_76' title='bbox 1320 559 1430 601; x_wconf 87' lang='lat' dir='ltr'>rejecti</span> <span class='ocrx_word' id='word_1_77' title='bbox 1462 560 1614 602; x_wconf 89' lang='lat' dir='ltr'>Opusculi</span> <span class='ocrx_word' id='word_1_78' title='bbox 1633 562 1674 595; x_wconf 83' lang='lat' dir='ltr'>de</span> <span class='ocrx_word' id='word_1_79' title='bbox 1694 566 1811 604; x_wconf 81' lang='lat' dir='ltr'><strong><em>septem</em></strong></span> 
     </span>
     <span class='ocr_line' id='line_1_8' title="bbox 205 618 1810 661; baseline 0.001 -9"><span class='ocrx_word' id='word_1_80' title='bbox 205 619 308 652; x_wconf 76' lang='lat' dir='ltr'>Bonis</span> <span class='ocrx_word' id='word_1_81' title='bbox 332 621 497 652; x_wconf 82' lang='lat' dir='ltr'><strong>auctorem</strong></span> <span class='ocrx_word' id='word_1_82' title='bbox 519 628 589 652; x_wconf 91' lang='lat' dir='ltr'>esse</span> <span class='ocrx_word' id='word_1_83' title='bbox 613 619 854 661; x_wconf 89' lang='lat' dir='ltr'>pronuntiantis</span> <span class='ocrx_word' id='word_1_84' title='bbox 870 629 878 650; x_wconf 90' lang='lat'><strong>:</strong></span> <span class='ocrx_word' id='word_1_85' title='bbox 897 630 913 649; x_wconf 72' lang='grc' dir='ltr'>«ι</span> <span class='ocrx_word' id='word_1_86' title='bbox 928 618 1016 651; x_wconf 85' lang='lat' dir='ltr'>Idem</span> <span class='ocrx_word' id='word_1_87' title='bbox 1036 618 1138 659; x_wconf 89' lang='lat' dir='ltr'>enim,</span> <span class='ocrx_word' id='word_1_88' title='bbox 1155 618 1216 659; x_wconf 89' lang='lat' dir='ltr'>ait,</span> <span class='ocrx_word' id='word_1_89' title='bbox 1231 618 1333 660; x_wconf 80' lang='lat' dir='ltr'><strong>stylus</strong></span> <span class='ocrx_word' id='word_1_90' title='bbox 1348 621 1410 657; x_wconf 87' lang='lat' dir='ltr'>est,</span> <span class='ocrx_word' id='word_1_91' title='bbox 1425 619 1604 661; x_wconf 85' lang='lat' dir='ltr'>iisdemque</span> <span class='ocrx_word' id='word_1_92' title='bbox 1626 621 1810 654; x_wconf 89' lang='lat' dir='ltr'>auctoribus</span> 
     </span>
     <span class='ocr_line' id='line_1_9' title="bbox 203 677 1808 720; baseline 0.002 -11"><span class='ocrx_word' id='word_1_93' title='bbox 203 677 316 716; x_wconf 88' lang='lat' dir='ltr'>utitur,</span> <span class='ocrx_word' id='word_1_94' title='bbox 333 677 512 718; x_wconf 80' lang='lat' dir='ltr'>praesertim</span> <span class='ocrx_word' id='word_1_95' title='bbox 525 677 752 718; x_wconf 85' lang='lat' dir='ltr'>Lincolniensi,</span> <span class='ocrx_word' id='word_1_96' title='bbox 768 677 825 719; x_wconf 89' lang='lat' dir='ltr'>qui</span> <span class='ocrx_word' id='word_1_97' title='bbox 838 679 982 719; x_wconf 87' lang='lat' dir='ltr'>tempore</span> <span class='ocrx_word' id='word_1_98' title='bbox 997 677 1031 710; x_wconf 93' lang='lat' dir='ltr'>S.</span> <span class='ocrx_word' id='word_1_99' title='bbox 1047 677 1283 711; x_wconf 84' lang='lat' dir='ltr'>Bonaventurae</span> <span class='ocrx_word' id='word_1_100' title='bbox 1296 678 1448 711; x_wconf 85' lang='lat' dir='ltr'>vivebat:</span> <span class='ocrx_word' id='word_1_101' title='bbox 1461 680 1494 711; x_wconf 88' lang='lat' dir='ltr'>et</span> <span class='ocrx_word' id='word_1_102' title='bbox 1507 687 1578 720; x_wconf 85' lang='lat' dir='ltr'>cap.</span> <span class='ocrx_word' id='word_1_103' title='bbox 1592 687 1638 719; x_wconf 89' lang='lat'>111,</span> <span class='ocrx_word' id='word_1_104' title='bbox 1652 679 1693 712; x_wconf 85' lang='lat' dir='ltr'>de</span> <span class='ocrx_word' id='word_1_105' title='bbox 1706 680 1808 714; x_wconf 77' lang='lat' dir='ltr'>nonis</span> 
     </span>
     <span class='ocr_line' id='line_1_10' title="bbox 202 736 1807 779; baseline 0.002 -11"><span class='ocrx_word' id='word_1_106' title='bbox 202 736 239 768; x_wconf 83' lang='lat' dir='ltr'>in</span> <span class='ocrx_word' id='word_1_107' title='bbox 258 743 384 777; x_wconf 72' lang='lat' dir='ltr'>qenere,</span> <span class='ocrx_word' id='word_1_108' title='bbox 400 736 505 778; x_wconf 89' lang='lat' dir='ltr'>inquit</span> <span class='ocrx_word' id='word_1_109' title='bbox 526 737 560 768; x_wconf 91' lang='lat' dir='ltr'>in</span> <span class='ocrx_word' id='word_1_110' title='bbox 576 737 665 769; x_wconf 85' lang='lat' dir='ltr'>fine:</span> <span class='ocrx_word' id='word_1_111' title='bbox 686 748 702 768; x_wconf 75' lang='grc' dir='ltr'>α</span> <span class='ocrx_word' id='word_1_112' title='bbox 718 736 762 769; x_wconf 90' lang='lat' dir='ltr'>De</span> <span class='ocrx_word' id='word_1_113' title='bbox 780 737 832 769; x_wconf 90' lang='lat' dir='ltr'>bis</span> <span class='ocrx_word' id='word_1_114' title='bbox 854 737 1001 769; x_wconf 81' lang='lat' dir='ltr'>sensibus</span> <span class='ocrx_word' id='word_1_115' title='bbox 1021 737 1244 778; x_wconf 82' lang='lat' dir='ltr'>spiritualibus</span> <span class='ocrx_word' id='word_1_116' title='bbox 1264 738 1390 779; x_wconf 86' lang='lat' dir='ltr'>plenius</span> <span class='ocrx_word' id='word_1_117' title='bbox 1410 737 1528 770; x_wconf 86' lang='lat' dir='ltr'>dicitur</span> <span class='ocrx_word' id='word_1_118' title='bbox 1551 738 1587 769; x_wconf 93' lang='lat' dir='ltr'>in</span> <span class='ocrx_word' id='word_1_119' title='bbox 1607 739 1744 771; x_wconf 82' lang='lat' dir='ltr'>tractatu</span> <span class='ocrx_word' id='word_1_120' title='bbox 1766 739 1807 772; x_wconf 83' lang='lat' dir='ltr'>de</span> 
     </span>
     <span class='ocr_line' id='line_1_11' title="bbox 202 794 1806 838; baseline 0.001 -10"><span class='ocrx_word' id='word_1_121' title='bbox 202 795 378 828; x_wconf 80' lang='lat' dir='ltr'>Itineribus</span> <span class='ocrx_word' id='word_1_122' title='bbox 393 797 601 836; x_wconf 65' lang='lat' dir='ltr'>aeternitatis,</span> <span class='ocrx_word' id='word_1_123' title='bbox 618 795 721 837; x_wconf 89' lang='lat' dir='ltr'>capite</span> <span class='ocrx_word' id='word_1_124' title='bbox 733 797 836 828; x_wconf 88' lang='lat' dir='ltr'>sexto.</span> <span class='ocrx_word' id='word_1_125' title='bbox 856 806 872 826; x_wconf 69' lang='grc' dir='ltr'><strong>υ</strong></span> <span class='ocrx_word' id='word_1_126' title='bbox 891 794 974 827; x_wconf 84' lang='lat' dir='ltr'>Sunt</span> <span class='ocrx_word' id='word_1_127' title='bbox 994 804 1075 836; x_wconf 87' lang='lat' dir='ltr'>ergo</span> <span class='ocrx_word' id='word_1_128' title='bbox 1091 797 1236 828; x_wconf 85' lang='lat' dir='ltr'>auctores</span> <span class='ocrx_word' id='word_1_129' title='bbox 1255 795 1374 837; x_wconf 85' lang='lat' dir='ltr'>quibus</span> <span class='ocrx_word' id='word_1_130' title='bbox 1388 796 1490 828; x_wconf 84' lang='lat' dir='ltr'>utitur</span> <span class='ocrx_word' id='word_1_131' title='bbox 1502 820 1511 836; x_wconf 90' lang='lat'>,</span> <span class='ocrx_word' id='word_1_132' title='bbox 1530 795 1716 838; x_wconf 88' lang='lat' dir='ltr'>Dionysius,</span> <span class='ocrx_word' id='word_1_133' title='bbox 1732 797 1806 830; x_wconf 91' lang='lat' dir='ltr'>Ori-</span> 
     </span>
     <span class='ocr_line' id='line_1_12' title="bbox 203 853 1806 896; baseline 0.002 -11"><span class='ocrx_word' id='word_1_134' title='bbox 203 862 320 893; x_wconf 85' lang='lat' dir='ltr'>genes,</span> <span class='ocrx_word' id='word_1_135' title='bbox 335 853 540 893; x_wconf 79' lang='lat' dir='ltr'>Ambrosius,</span> <span class='ocrx_word' id='word_1_136' title='bbox 555 854 817 895; x_wconf 84' lang='lat' dir='ltr'>Chrysostomus,</span> <span class='ocrx_word' id='word_1_137' title='bbox 835 854 1055 894; x_wconf 88' lang='lat' dir='ltr'>Augustinus,</span> <span class='ocrx_word' id='word_1_138' title='bbox 1075 853 1222 896; x_wconf 84' lang='lat' dir='ltr'>Prosper,</span> <span class='ocrx_word' id='word_1_139' title='bbox 1237 854 1447 896; x_wconf 84' lang='lat' dir='ltr'>Fulgentius,</span> <span class='ocrx_word' id='word_1_140' title='bbox 1467 853 1659 896; x_wconf 79' lang='lat' dir='ltr'>Gregorius,</span> <span class='ocrx_word' id='word_1_141' title='bbox 1674 855 1806 889; x_wconf 84' lang='lat' dir='ltr'>Damas-</span> 
     </span>
     <span class='ocr_line' id='line_1_13' title="bbox 201 899 1804 953; baseline 0.003 -11"><span class='ocrx_word' id='word_1_142' title='bbox 201 920 317 950; x_wconf 79' lang='lat' dir='ltr'>cenuS,</span> <span class='ocrx_word' id='word_1_143' title='bbox 333 910 474 952; x_wconf 86' lang='lat' dir='ltr'>Haymo,</span> <span class='ocrx_word' id='word_1_144' title='bbox 491 911 679 951; x_wconf 84' lang='lat' dir='ltr'>Anselmus,</span> <span class='ocrx_word' id='word_1_145' title='bbox 703 911 899 950; x_wconf 80' lang='lat' dir='ltr'>BernarduS,</span> <span class='ocrx_word' id='word_1_146' title='bbox 919 911 1077 944; x_wconf 87' lang='lat' dir='ltr'>Gilbertus</span> <span class='ocrx_word' id='word_1_147' title='bbox 1100 899 1309 952; x_wconf 69' lang='lat' dir='ltr'>Porretanus,</span> <span class='ocrx_word' id='word_1_148' title='bbox 1334 912 1449 953; x_wconf 89' lang='lat' dir='ltr'>Hugo,</span> <span class='ocrx_word' id='word_1_149' title='bbox 1469 912 1664 953; x_wconf 71' lang='lat' dir='ltr'>aichardus,</span> <span class='ocrx_word' id='word_1_150' title='bbox 1678 913 1804 948; x_wconf 83' lang='lat' dir='ltr'>Vercel-</span> 
     </span>
     <span class='ocr_line' id='line_1_14' title="bbox 200 969 1804 1011; baseline 0.003 -11"><span class='ocrx_word' id='word_1_151' title='bbox 200 969 309 1009; x_wconf 86' lang='lat' dir='ltr'>lensis,</span> <span class='ocrx_word' id='word_1_152' title='bbox 326 969 568 1002; x_wconf 86' lang='lat' dir='ltr'>Lincolniensis.</span> <span class='ocrx_word' id='word_1_153' title='bbox 588 969 668 1002; x_wconf 86' lang='lat' dir='ltr'>Item</span> <span class='ocrx_word' id='word_1_154' title='bbox 683 970 856 1010; x_wconf 90' lang='lat' dir='ltr'>Eusebius,</span> <span class='ocrx_word' id='word_1_155' title='bbox 873 969 1004 1011; x_wconf 84' lang='lat' dir='ltr'>Papias,</span> <span class='ocrx_word' id='word_1_156' title='bbox 1022 973 1133 1002; x_wconf 87' lang='lat' dir='ltr'>auctor</span> <span class='ocrx_word' id='word_1_157' title='bbox 1149 970 1188 1003; x_wconf 81' lang='lat' dir='ltr'>de</span> <span class='ocrx_word' id='word_1_158' title='bbox 1200 970 1331 1011; x_wconf 79' lang='lat' dir='ltr'>Spiritu</span> <span class='ocrx_word' id='word_1_159' title='bbox 1349 973 1380 1003; x_wconf 80' lang='lat' dir='ltr'>et</span> <span class='ocrx_word' id='word_1_160' title='bbox 1393 971 1526 1010; x_wconf 81' lang='lat' dir='ltr'>Anima,</span> <span class='ocrx_word' id='word_1_161' title='bbox 1544 980 1670 1004; x_wconf 88' lang='lat' dir='ltr'>necnon</span> <span class='ocrx_word' id='word_1_162' title='bbox 1683 972 1804 1005; x_wconf 82' lang='lat' dir='ltr'>Aristo-</span> 
     </span>
     <span class='ocr_line' id='line_1_15' title="bbox 200 1027 1806 1071; baseline 0.002 -12"><span class='ocrx_word' id='word_1_163' title='bbox 200 1027 288 1066; x_wconf 87' lang='lat' dir='ltr'>teles,</span> <span class='ocrx_word' id='word_1_164' title='bbox 298 1027 430 1068; x_wconf 83' lang='lat' dir='ltr'>Seneca,</span> <span class='ocrx_word' id='word_1_165' title='bbox 441 1027 633 1068; x_wconf 80' lang='lat' dir='ltr'>Macrobius,</span> <span class='ocrx_word' id='word_1_166' title='bbox 645 1031 704 1060; x_wconf 86' lang='lat' dir='ltr'>etc.</span> <span class='ocrx_word' id='word_1_167' title='bbox 716 1028 879 1061; x_wconf 88' lang='lat' dir='ltr'>Laudatus</span> <span class='ocrx_word' id='word_1_168' title='bbox 893 1027 1081 1069; x_wconf 80' lang='lat' dir='ltr'>Rodulphus</span> <span class='ocrx_word' id='word_1_169' title='bbox 1094 1028 1208 1060; x_wconf 86' lang='lat' dir='ltr'>claruit</span> <span class='ocrx_word' id='word_1_170' title='bbox 1221 1028 1304 1060; x_wconf 87' lang='lat' dir='ltr'>circa</span> <span class='ocrx_word' id='word_1_171' title='bbox 1320 1037 1443 1061; x_wconf 86' lang='lat' dir='ltr'>annum</span> <span class='ocrx_word' id='word_1_172' title='bbox 1457 1027 1734 1071; x_wconf 78' lang='lat' dir='ltr'>1460,Wadding0</span> <span class='ocrx_word' id='word_1_173' title='bbox 1748 1031 1806 1063; x_wconf 88' lang='lat' dir='ltr'>ad-</span> 
     </span>
    </p>
   </div>
   <div class='ocr_carea' id='block_1_2' title="bbox 197 1087 1440 1206">
    <p class='ocr_par' dir='ltr' id='par_1_2' title="bbox 197 1087 1440 1206">
     <span class='ocr_line' id='line_1_16' title="bbox 197 1087 358 1119; baseline 0 -1"><span class='ocrx_word' id='word_1_174' title='bbox 197 1087 325 1119; x_wconf 84' lang='lat' dir='ltr'>notante</span> <span class='ocrx_word' id='word_1_175' title='bbox 335 1088 358 1118; x_wconf 79' lang='lat'>⁸.</span> 
     </span>
     <span class='ocr_line' id='line_1_17' title="bbox 562 1167 1440 1206; baseline 0 -9"><span class='ocrx_word' id='word_1_176' title='bbox 562 1167 579 1203; x_wconf 82' lang='lat'>§</span> <span class='ocrx_word' id='word_1_177' title='bbox 598 1167 653 1197; x_wconf 85' lang='lat' dir='ltr'>Vll.</span> <span class='ocrx_word' id='word_1_178' title='bbox 668 1182 704 1189; x_wconf 93' lang='lat'>—</span> <span class='ocrx_word' id='word_1_179' title='bbox 722 1167 810 1196; x_wconf 72' lang='lat' dir='ltr'>Bmm</span> <span class='ocrx_word' id='word_1_180' title='bbox 830 1175 962 1197; x_wconf 66' lang='lat' dir='ltr'>mursam:</span> <span class='ocrx_word' id='word_1_181' title='bbox 983 1168 1149 1205; x_wconf 61' lang='lat' dir='ltr'>(Pronum,</span> <span class='ocrx_word' id='word_1_182' title='bbox 1167 1175 1229 1205; x_wconf 83' lang='lat' dir='ltr'>pag.</span> <span class='ocrx_word' id='word_1_183' title='bbox 1251 1170 1302 1197; x_wconf 76' lang='lat'>7¹0</span> <span class='ocrx_word' id='word_1_184' title='bbox 1321 1171 1348 1197; x_wconf 85' lang='lat' dir='ltr'>et</span> <span class='ocrx_word' id='word_1_185' title='bbox 1365 1169 1440 1206; x_wconf 84' lang='lat' dir='ltr'>seq.)</span> 
     </span>
    </p>
   </div>
   <div class='ocr_carea' id='block_1_3' title="bbox 185 1247 1803 2587">
    <p class='ocr_par' dir='ltr' id='par_1_3' title="bbox 189 1247 1803 2065">
     <span class='ocr_line' id='line_1_18' title="bbox 240 1247 1802 1305; baseline 0.001 -11"><span class='ocrx_word' id='word_1_186' title='bbox 240 1247 429 1303; x_wconf 81' lang='lat' dir='ltr'>Quanquam</span> <span class='ocrx_word' id='word_1_187' title='bbox 451 1261 534 1294; x_wconf 85' lang='lat' dir='ltr'>hanc</span> <span class='ocrx_word' id='word_1_188' title='bbox 555 1261 696 1295; x_wconf 82' lang='lat' dir='ltr'>Bibliam</span> <span class='ocrx_word' id='word_1_189' title='bbox 716 1262 837 1294; x_wconf 90' lang='lat' dir='ltr'>doctori</span> <span class='ocrx_word' id='word_1_190' title='bbox 855 1265 965 1295; x_wconf 91' lang='lat' dir='ltr'>nostro</span> <span class='ocrx_word' id='word_1_191' title='bbox 984 1263 1157 1304; x_wconf 88' lang='lat' dir='ltr'>Seraphico</span> <span class='ocrx_word' id='word_1_192' title='bbox 1177 1263 1316 1295; x_wconf 88' lang='lat' dir='ltr'>vindicet</span> <span class='ocrx_word' id='word_1_193' title='bbox 1325 1265 1435 1295; x_wconf 85' lang='lat' dir='ltr'>contra</span> <span class='ocrx_word' id='word_1_194' title='bbox 1457 1263 1671 1305; x_wconf 83' lang='lat' dir='ltr'>Raynaudum</span> <span class='ocrx_word' id='word_1_195' title='bbox 1692 1265 1725 1295; x_wconf 90' lang='lat' dir='ltr'>et</span> <span class='ocrx_word' id='word_1_196' title='bbox 1743 1263 1802 1296; x_wconf 80' lang='lat' dir='ltr'>Mi-</span> 
     </span>
     <span class='ocr_line' id='line_1_19' title="bbox 199 1320 1803 1364; baseline -0.001 -10"><span class='ocrx_word' id='word_1_197' title='bbox 199 1331 302 1354; x_wconf 87' lang='lat' dir='ltr'>raeum</span> <span class='ocrx_word' id='word_1_198' title='bbox 318 1320 353 1353; x_wconf 89' lang='lat' dir='ltr'>P.</span> <span class='ocrx_word' id='word_1_199' title='bbox 369 1321 503 1353; x_wconf 89' lang='lat' dir='ltr'>Michael</span> <span class='ocrx_word' id='word_1_200' title='bbox 517 1329 537 1353; x_wconf 88' lang='lat' dir='ltr'>a</span> <span class='ocrx_word' id='word_1_201' title='bbox 551 1321 667 1353; x_wconf 84' lang='lat' dir='ltr'>Sancto</span> <span class='ocrx_word' id='word_1_202' title='bbox 681 1320 808 1362; x_wconf 87' lang='lat' dir='ltr'>Joseph,</span> <span class='ocrx_word' id='word_1_203' title='bbox 826 1321 952 1354; x_wconf 89' lang='lat' dir='ltr'>Ordinis</span> <span class='ocrx_word' id='word_1_204' title='bbox 966 1322 1229 1355; x_wconf 85' lang='lat' dir='ltr'>Excalceatorum</span> <span class='ocrx_word' id='word_1_205' title='bbox 1243 1322 1301 1354; x_wconf 90' lang='lat' dir='ltr'>SS.</span> <span class='ocrx_word' id='word_1_206' title='bbox 1315 1321 1492 1362; x_wconf 83' lang='lat' dir='ltr'>Trinitatis,</span> <span class='ocrx_word' id='word_1_207' title='bbox 1509 1324 1616 1364; x_wconf 86' lang='lat' dir='ltr'>postea</span> <span class='ocrx_word' id='word_1_208' title='bbox 1635 1322 1803 1363; x_wconf 88' lang='lat' dir='ltr'>episcopus</span> 
     </span>
     <span class='ocr_line' id='line_1_20' title="bbox 197 1380 1798 1422; baseline -0.001 -9"><span class='ocrx_word' id='word_1_209' title='bbox 197 1380 358 1413; x_wconf 84' lang='lat' dir='ltr'>Acciensis</span> <span class='ocrx_word' id='word_1_210' title='bbox 375 1381 406 1419; x_wconf 71' lang='grc' dir='ltr'>’ς</span> <span class='ocrx_word' id='word_1_211' title='bbox 422 1389 488 1412; x_wconf 91' lang='lat' dir='ltr'>non</span> <span class='ocrx_word' id='word_1_212' title='bbox 508 1382 617 1412; x_wconf 86' lang='lat' dir='ltr'>tamen</span> <span class='ocrx_word' id='word_1_213' title='bbox 635 1380 834 1420; x_wconf 84' lang='lat' dir='ltr'>ambigimus</span> <span class='ocrx_word' id='word_1_214' title='bbox 848 1390 916 1412; x_wconf 89' lang='lat' dir='ltr'>esse</span> <span class='ocrx_word' id='word_1_215' title='bbox 934 1380 987 1413; x_wconf 87' lang='lat' dir='ltr'>Fr.</span> <span class='ocrx_word' id='word_1_216' title='bbox 1010 1380 1129 1413; x_wconf 89' lang='lat' dir='ltr'>Nicolai</span> <span class='ocrx_word' id='word_1_217' title='bbox 1150 1381 1189 1412; x_wconf 87' lang='lat' dir='ltr'>de</span> <span class='ocrx_word' id='word_1_218' title='bbox 1209 1380 1348 1422; x_wconf 85' lang='lat' dir='ltr'>Hanapis</span> <span class='ocrx_word' id='word_1_219' title='bbox 1367 1380 1494 1413; x_wconf 89' lang='lat' dir='ltr'>Ordinis</span> <span class='ocrx_word' id='word_1_220' title='bbox 1513 1380 1764 1413; x_wconf 87' lang='lat' dir='ltr'>Praedicatorum</span> <span class='ocrx_word' id='word_1_221' title='bbox 1777 1382 1798 1412; x_wconf 79' lang='lat'>⁸.</span> 
     </span>
     <span class='ocr_line' id='line_1_21' title="bbox 195 1438 1801 1480; baseline 0.001 -10"><span class='ocrx_word' id='word_1_222' title='bbox 195 1439 257 1479; x_wconf 89' lang='lat' dir='ltr'>Ipsi</span> <span class='ocrx_word' id='word_1_223' title='bbox 281 1438 414 1471; x_wconf 85' lang='lat' dir='ltr'>Romani</span> <span class='ocrx_word' id='word_1_224' title='bbox 434 1439 578 1471; x_wconf 87' lang='lat' dir='ltr'>Editores</span> <span class='ocrx_word' id='word_1_225' title='bbox 598 1439 638 1470; x_wconf 89' lang='lat' dir='ltr'>ad</span> <span class='ocrx_word' id='word_1_226' title='bbox 657 1439 774 1471; x_wconf 85' lang='lat' dir='ltr'>calcem</span> <span class='ocrx_word' id='word_1_227' title='bbox 795 1440 939 1480; x_wconf 86' lang='lat' dir='ltr'>ejusdem</span> <span class='ocrx_word' id='word_1_228' title='bbox 960 1439 1256 1472; x_wconf 85' lang='lat' dir='ltr'>animadverterunt</span> <span class='ocrx_word' id='word_1_229' title='bbox 1274 1450 1281 1470; x_wconf 77' lang='lat' dir='ltr'><em>z</em></span> <span class='ocrx_word' id='word_1_230' title='bbox 1310 1451 1325 1469; x_wconf 77' lang='grc' dir='ltr'>ιι</span> <span class='ocrx_word' id='word_1_231' title='bbox 1346 1438 1538 1471; x_wconf 86' lang='lat' dir='ltr'>Praedictum</span> <span class='ocrx_word' id='word_1_232' title='bbox 1564 1439 1762 1480; x_wconf 78' lang='lat' dir='ltr'>Opusculum</span> <span class='ocrx_word' id='word_1_233' title='bbox 1782 1449 1801 1471; x_wconf 89' lang='lat' dir='ltr'>a</span> 
     </span>
     <span class='ocr_line' id='line_1_22' title="bbox 196 1496 1800 1540; baseline 0 -11"><span class='ocrx_word' id='word_1_234' title='bbox 196 1497 286 1530; x_wconf 84' lang='lat' dir='ltr'>Sixto</span> <span class='ocrx_word' id='word_1_235' title='bbox 298 1497 442 1537; x_wconf 89' lang='lat' dir='ltr'>Senensi,</span> <span class='ocrx_word' id='word_1_236' title='bbox 454 1497 509 1529; x_wconf 89' lang='lat' dir='ltr'>lib.</span> <span class='ocrx_word' id='word_1_237' title='bbox 526 1497 567 1530; x_wconf 87' lang='lat' dir='ltr'>IV</span> <span class='ocrx_word' id='word_1_238' title='bbox 580 1506 648 1530; x_wconf 79' lang='lat' dir='ltr'>suae</span> <span class='ocrx_word' id='word_1_239' title='bbox 665 1498 855 1538; x_wconf 83' lang='lat' dir='ltr'>Bibliotecae‚</span> <span class='ocrx_word' id='word_1_240' title='bbox 869 1498 996 1530; x_wconf 87' lang='lat' dir='ltr'>Nicolao</span> <span class='ocrx_word' id='word_1_241' title='bbox 1011 1498 1122 1540; x_wconf 85' lang='lat' dir='ltr'>Anapo</span> <span class='ocrx_word' id='word_1_242' title='bbox 1137 1498 1277 1536; x_wconf 89' lang='lat' dir='ltr'>inscribi,</span> <span class='ocrx_word' id='word_1_243' title='bbox 1291 1498 1348 1538; x_wconf 87' lang='lat' dir='ltr'>qui</span> <span class='ocrx_word' id='word_1_244' title='bbox 1363 1506 1404 1529; x_wconf 85' lang='lat' dir='ltr'>ex</span> <span class='ocrx_word' id='word_1_245' title='bbox 1419 1497 1535 1529; x_wconf 89' lang='lat' dir='ltr'>Ordine</span> <span class='ocrx_word' id='word_1_246' title='bbox 1550 1496 1800 1530; x_wconf 86' lang='lat' dir='ltr'>Praedicatorum</span> 
     </span>
     <span class='ocr_line' id='line_1_23' title="bbox 194 1555 1800 1598; baseline -0.001 -9"><span class='ocrx_word' id='word_1_247' title='bbox 194 1557 376 1598; x_wconf 88' lang='lat' dir='ltr'>patriarcha</span> <span class='ocrx_word' id='word_1_248' title='bbox 394 1556 455 1588; x_wconf 82' lang='lat' dir='ltr'>fuit</span> <span class='ocrx_word' id='word_1_249' title='bbox 473 1555 794 1597; x_wconf 86' lang='lat' dir='ltr'>Hierosolymitanus.</span> <span class='ocrx_word' id='word_1_250' title='bbox 809 1568 824 1586; x_wconf 71' lang='lat' dir='ltr'><strong>n</strong></span> <span class='ocrx_word' id='word_1_251' title='bbox 839 1557 875 1589; x_wconf 89' lang='lat' dir='ltr'>In</span> <span class='ocrx_word' id='word_1_252' title='bbox 890 1557 951 1588; x_wconf 88' lang='lat' dir='ltr'>hoc</span> <span class='ocrx_word' id='word_1_253' title='bbox 971 1556 1180 1588; x_wconf 87' lang='lat' dir='ltr'>nihilominus</span> <span class='ocrx_word' id='word_1_254' title='bbox 1195 1558 1355 1594; x_wconf 84' lang='lat' dir='ltr'>errarunt,</span> <span class='ocrx_word' id='word_1_255' title='bbox 1372 1555 1458 1596; x_wconf 89' lang='lat' dir='ltr'>quod</span> <span class='ocrx_word' id='word_1_256' title='bbox 1479 1565 1553 1587; x_wconf 92' lang='lat' dir='ltr'>cum</span> <span class='ocrx_word' id='word_1_257' title='bbox 1565 1556 1696 1597; x_wconf 82' lang='lat' dir='ltr'>praerato</span> <span class='ocrx_word' id='word_1_258' title='bbox 1710 1556 1800 1588; x_wconf 80' lang='lat' dir='ltr'>Sixto</span> 
     </span>
     <span class='ocr_line' id='line_1_24' title="bbox 195 1614 1799 1656; baseline -0.001 -9"><span class='ocrx_word' id='word_1_259' title='bbox 195 1615 396 1654; x_wconf 85' lang='lat' dir='ltr'>censuerint,</span> <span class='ocrx_word' id='word_1_260' title='bbox 415 1614 582 1647; x_wconf 85' lang='lat' dir='ltr'>Nicolaum</span> <span class='ocrx_word' id='word_1_261' title='bbox 601 1614 750 1656; x_wconf 83' lang='lat' dir='ltr'>Anapum</span> <span class='ocrx_word' id='word_1_262' title='bbox 769 1616 828 1647; x_wconf 86' lang='lat' dir='ltr'>sub</span> <span class='ocrx_word' id='word_1_263' title='bbox 854 1615 1063 1656; x_wconf 80' lang='lat' dir='ltr'>sigismundo</span> <span class='ocrx_word' id='word_1_264' title='bbox 1086 1615 1236 1646; x_wconf 84' lang='lat' dir='ltr'>claruisse</span> <span class='ocrx_word' id='word_1_265' title='bbox 1260 1615 1299 1646; x_wconf 88' lang='lat' dir='ltr'>ad</span> <span class='ocrx_word' id='word_1_266' title='bbox 1321 1623 1444 1646; x_wconf 86' lang='lat' dir='ltr'>annum</span> <span class='ocrx_word' id='word_1_267' title='bbox 1464 1614 1589 1646; x_wconf 91' lang='lat' dir='ltr'>Domini</span> <span class='ocrx_word' id='word_1_268' title='bbox 1611 1616 1705 1654; x_wconf 76' lang='grc'><strong>1430,</strong></span> <span class='ocrx_word' id='word_1_269' title='bbox 1725 1623 1799 1646; x_wconf 91' lang='lat' dir='ltr'>cum</span> 
     </span>
     <span class='ocr_line' id='line_1_25' title="bbox 194 1672 1799 1713; baseline 0 -9"><span class='ocrx_word' id='word_1_270' title='bbox 194 1675 278 1704; x_wconf 87' lang='lat' dir='ltr'>certe</span> <span class='ocrx_word' id='word_1_271' title='bbox 294 1672 444 1704; x_wconf 87' lang='lat' dir='ltr'>claruerit</span> <span class='ocrx_word' id='word_1_272' title='bbox 457 1680 542 1704; x_wconf 87' lang='lat' dir='ltr'>anno</span> <span class='ocrx_word' id='word_1_273' title='bbox 560 1674 649 1704; x_wconf 76' lang='lat'>1290.</span> <span class='ocrx_word' id='word_1_274' title='bbox 666 1672 823 1704; x_wconf 86' lang='lat' dir='ltr'>Errarunt</span> <span class='ocrx_word' id='word_1_275' title='bbox 841 1673 936 1704; x_wconf 86' lang='lat' dir='ltr'>etiam</span> <span class='ocrx_word' id='word_1_276' title='bbox 951 1673 1162 1713; x_wconf 86' lang='lat' dir='ltr'>permittendo</span> <span class='ocrx_word' id='word_1_277' title='bbox 1176 1685 1191 1702; x_wconf 88' lang='lat'>«</span> <span class='ocrx_word' id='word_1_278' title='bbox 1209 1672 1320 1704; x_wconf 77' lang='lat' dir='ltr'>reterri</span> <span class='ocrx_word' id='word_1_279' title='bbox 1334 1681 1424 1713; x_wconf 86' lang='lat' dir='ltr'>posse</span> <span class='ocrx_word' id='word_1_280' title='bbox 1446 1673 1478 1703; x_wconf 89' lang='lat' dir='ltr'>in</span> <span class='ocrx_word' id='word_1_281' title='bbox 1495 1672 1710 1713; x_wconf 83' lang='lat' dir='ltr'>Appendicem</span> <span class='ocrx_word' id='word_1_282' title='bbox 1725 1681 1799 1705; x_wconf 87' lang='lat' dir='ltr'>cum</span> 
     </span>
     <span class='ocr_line' id='line_1_26' title="bbox 194 1730 1799 1772; baseline 0.001 -10"><span class='ocrx_word' id='word_1_283' title='bbox 194 1731 342 1772; x_wconf 86' lang='lat' dir='ltr'>reliquis,</span> <span class='ocrx_word' id='word_1_284' title='bbox 359 1731 398 1762; x_wconf 86' lang='lat' dir='ltr'>de</span> <span class='ocrx_word' id='word_1_285' title='bbox 414 1730 532 1771; x_wconf 74' lang='lat' dir='ltr'>quibus</span> <span class='ocrx_word' id='word_1_286' title='bbox 553 1739 594 1762; x_wconf 86' lang='lat' dir='ltr'>an</span> <span class='ocrx_word' id='word_1_287' title='bbox 609 1732 720 1763; x_wconf 83' lang='lat' dir='ltr'>auctor</span> <span class='ocrx_word' id='word_1_288' title='bbox 741 1730 965 1763; x_wconf 89' lang='lat' dir='ltr'>Bonaventura</span> <span class='ocrx_word' id='word_1_289' title='bbox 980 1731 1092 1770; x_wconf 83' lang='lat' dir='ltr'>suerit,</span> <span class='ocrx_word' id='word_1_290' title='bbox 1109 1731 1283 1770; x_wconf 89' lang='lat' dir='ltr'>dubitatur,</span> <span class='ocrx_word' id='word_1_291' title='bbox 1300 1742 1315 1761; x_wconf 76' lang='lat' dir='ltr'>n</span> <span class='ocrx_word' id='word_1_292' title='bbox 1334 1739 1409 1763; x_wconf 90' lang='lat' dir='ltr'>cum</span> <span class='ocrx_word' id='word_1_293' title='bbox 1433 1732 1524 1762; x_wconf 80' lang='lat' dir='ltr'>extra</span> <span class='ocrx_word' id='word_1_294' title='bbox 1546 1731 1652 1762; x_wconf 89' lang='lat' dir='ltr'>omnis</span> <span class='ocrx_word' id='word_1_295' title='bbox 1673 1731 1799 1763; x_wconf 78' lang='lat' dir='ltr'>dubita-</span> 
     </span>
     <span class='ocr_line' id='line_1_27' title="bbox 192 1789 1799 1831; baseline 0 -10"><span class='ocrx_word' id='word_1_296' title='bbox 192 1789 289 1821; x_wconf 87' lang='lat' dir='ltr'>tionis</span> <span class='ocrx_word' id='word_1_297' title='bbox 305 1789 406 1821; x_wconf 84' lang='lat' dir='ltr'>aleam</span> <span class='ocrx_word' id='word_1_298' title='bbox 421 1789 514 1821; x_wconf 87' lang='lat' dir='ltr'>nobis</span> <span class='ocrx_word' id='word_1_299' title='bbox 527 1789 584 1829; x_wconf 90' lang='lat' dir='ltr'>sit,</span> <span class='ocrx_word' id='word_1_300' title='bbox 600 1790 640 1821; x_wconf 90' lang='lat' dir='ltr'>ad</span> <span class='ocrx_word' id='word_1_301' title='bbox 655 1790 913 1823; x_wconf 82' lang='lat' dir='ltr'>Bonaventuram</span> <span class='ocrx_word' id='word_1_302' title='bbox 932 1790 1115 1822; x_wconf 86' lang='lat' dir='ltr'>nullatenus</span> <span class='ocrx_word' id='word_1_303' title='bbox 1130 1790 1300 1831; x_wconf 86' lang='lat' dir='ltr'>pertinere.</span> <span class='ocrx_word' id='word_1_304' title='bbox 1317 1789 1429 1821; x_wconf 81' lang='lat' dir='ltr'>Exstat</span> <span class='ocrx_word' id='word_1_305' title='bbox 1439 1789 1570 1830; x_wconf 85' lang='lat' dir='ltr'>quidem</span> <span class='ocrx_word' id='word_1_306' title='bbox 1579 1789 1640 1821; x_wconf 89' lang='lat' dir='ltr'>sub</span> <span class='ocrx_word' id='word_1_307' title='bbox 1654 1789 1799 1830; x_wconf 86' lang='lat' dir='ltr'>ejusdem</span> 
     </span>
     <span class='ocr_line' id='line_1_28' title="bbox 193 1848 1799 1888; baseline 0 -8"><span class='ocrx_word' id='word_1_308' title='bbox 193 1848 428 1880; x_wconf 85' lang='lat' dir='ltr'>Bonaventurae</span> <span class='ocrx_word' id='word_1_309' title='bbox 454 1848 583 1880; x_wconf 89' lang='lat' dir='ltr'>nomine</span> <span class='ocrx_word' id='word_1_310' title='bbox 604 1850 787 1888; x_wconf 87' lang='lat' dir='ltr'>pervetusta</span> <span class='ocrx_word' id='word_1_311' title='bbox 810 1848 905 1881; x_wconf 88' lang='lat' dir='ltr'>editio</span> <span class='ocrx_word' id='word_1_312' title='bbox 922 1848 1041 1881; x_wconf 87' lang='lat' dir='ltr'>Veneta</span> <span class='ocrx_word' id='word_1_313' title='bbox 1059 1849 1134 1880; x_wconf 86' lang='lat' dir='ltr'>anni</span> <span class='ocrx_word' id='word_1_314' title='bbox 1151 1851 1242 1888; x_wconf 78' lang='grc'><strong>1477,</strong></span> <span class='ocrx_word' id='word_1_315' title='bbox 1261 1848 1323 1880; x_wconf 85' lang='lat' dir='ltr'>alia</span> <span class='ocrx_word' id='word_1_316' title='bbox 1338 1849 1407 1880; x_wconf 86' lang='lat' dir='ltr'>sine</span> <span class='ocrx_word' id='word_1_317' title='bbox 1422 1857 1523 1887; x_wconf 89' lang='lat' dir='ltr'>anno,</span> <span class='ocrx_word' id='word_1_318' title='bbox 1540 1848 1608 1880; x_wconf 89' lang='lat' dir='ltr'>loco</span> <span class='ocrx_word' id='word_1_319' title='bbox 1622 1850 1653 1880; x_wconf 89' lang='lat' dir='ltr'>et</span> <span class='ocrx_word' id='word_1_320' title='bbox 1668 1849 1799 1880; x_wconf 90' lang='lat' dir='ltr'>nomine</span> 
     </span>
     <span class='ocr_line' id='line_1_29' title="bbox 190 1906 1798 1948; baseline 0 -10"><span class='ocrx_word' id='word_1_321' title='bbox 190 1907 398 1948; x_wconf 81' lang='lat' dir='ltr'>typographi,</span> <span class='ocrx_word' id='word_1_322' title='bbox 413 1907 475 1938; x_wconf 92' lang='lat' dir='ltr'>alia</span> <span class='ocrx_word' id='word_1_323' title='bbox 489 1908 563 1938; x_wconf 88' lang='lat' dir='ltr'>anni</span> <span class='ocrx_word' id='word_1_324' title='bbox 579 1909 668 1946; x_wconf 76' lang='grc'><strong>1490,</strong></span> <span class='ocrx_word' id='word_1_325' title='bbox 685 1910 756 1945; x_wconf 88' lang='lat' dir='ltr'>etc.;</span> <span class='ocrx_word' id='word_1_326' title='bbox 778 1907 831 1939; x_wconf 90' lang='lat' dir='ltr'>sed</span> <span class='ocrx_word' id='word_1_327' title='bbox 852 1907 953 1939; x_wconf 87' lang='lat' dir='ltr'>multo</span> <span class='ocrx_word' id='word_1_328' title='bbox 968 1908 1164 1948; x_wconf 88' lang='lat' dir='ltr'>antiquiores</span> <span class='ocrx_word' id='word_1_329' title='bbox 1186 1906 1272 1939; x_wconf 86' lang='lat' dir='ltr'>MSS.</span> <span class='ocrx_word' id='word_1_330' title='bbox 1297 1907 1423 1939; x_wconf 84' lang='lat' dir='ltr'>Codices</span> <span class='ocrx_word' id='word_1_331' title='bbox 1437 1906 1530 1939; x_wconf 82' lang='lat' dir='ltr'>dietae</span> <span class='ocrx_word' id='word_1_332' title='bbox 1545 1906 1666 1946; x_wconf 87' lang='lat' dir='ltr'>Bibliae‚</span> <span class='ocrx_word' id='word_1_333' title='bbox 1681 1906 1798 1940; x_wconf 89' lang='lat' dir='ltr'>Nicolai</span> 
     </span>
     <span class='ocr_line' id='line_1_30' title="bbox 189 1964 1796 2006; baseline 0 -9"><span class='ocrx_word' id='word_1_334' title='bbox 189 1965 228 1997; x_wconf 89' lang='lat' dir='ltr'>de</span> <span class='ocrx_word' id='word_1_335' title='bbox 244 1964 384 2006; x_wconf 86' lang='lat' dir='ltr'>Hanapis</span> <span class='ocrx_word' id='word_1_336' title='bbox 403 1965 534 1997; x_wconf 89' lang='lat' dir='ltr'>nomine</span> <span class='ocrx_word' id='word_1_337' title='bbox 549 1967 780 2006; x_wconf 77' lang='lat' dir='ltr'>praenotantur.</span> <span class='ocrx_word' id='word_1_338' title='bbox 798 1964 880 1997; x_wconf 85' lang='lat' dir='ltr'>Hinc</span> <span class='ocrx_word' id='word_1_339' title='bbox 901 1966 1107 2006; x_wconf 78' lang='lat' dir='ltr'>antiquorum</span> <span class='ocrx_word' id='word_1_340' title='bbox 1131 1974 1240 2001; x_wconf 80' lang='lat' dir='ltr'>nemo.</span> <span class='ocrx_word' id='word_1_341' title='bbox 1267 1974 1306 1997; x_wconf 90' lang='lat' dir='ltr'>ne</span> <span class='ocrx_word' id='word_1_342' title='bbox 1329 1965 1490 1998; x_wconf 87' lang='lat' dir='ltr'>Marianus</span> <span class='ocrx_word' id='word_1_343' title='bbox 1513 1964 1643 2005; x_wconf 88' lang='lat' dir='ltr'>quidam</span> <span class='ocrx_word' id='word_1_344' title='bbox 1667 1964 1796 1998; x_wconf 87' lang='lat' dir='ltr'>Floren-</span> 
     </span>
     <span class='ocr_line' id='line_1_31' title="bbox 190 2023 1097 2065; baseline 0 -11"><span class='ocrx_word' id='word_1_345' title='bbox 190 2024 292 2063; x_wconf 90' lang='lat' dir='ltr'>tinus‚</span> <span class='ocrx_word' id='word_1_346' title='bbox 308 2032 385 2056; x_wconf 90' lang='lat' dir='ltr'>eum</span> <span class='ocrx_word' id='word_1_347' title='bbox 409 2024 490 2056; x_wconf 89' lang='lat' dir='ltr'>inter</span> <span class='ocrx_word' id='word_1_348' title='bbox 504 2023 538 2056; x_wconf 91' lang='lat' dir='ltr'>S.</span> <span class='ocrx_word' id='word_1_349' title='bbox 559 2024 793 2056; x_wconf 83' lang='lat' dir='ltr'>Bonaventurae</span> <span class='ocrx_word' id='word_1_350' title='bbox 817 2033 914 2065; x_wconf 88' lang='lat' dir='ltr'>opera</span> <span class='ocrx_word' id='word_1_351' title='bbox 928 2024 1097 2056; x_wconf 87' lang='lat' dir='ltr'>recensuit.</span> 
     </span>
    </p>

    <p class='ocr_par' dir='ltr' id='par_1_4' title="bbox 185 2081 1797 2587">
     <span class='ocr_line' id='line_1_32' title="bbox 232 2081 1797 2124; baseline -0.001 -10"><span class='ocrx_word' id='word_1_352' title='bbox 232 2083 366 2115; x_wconf 74' lang='lat' dir='ltr'>Unicum</span> <span class='ocrx_word' id='word_1_353' title='bbox 387 2092 467 2124; x_wconf 91' lang='lat' dir='ltr'>ergo</span> <span class='ocrx_word' id='word_1_354' title='bbox 487 2083 640 2122; x_wconf 83' lang='lat' dir='ltr'>dubium,</span> <span class='ocrx_word' id='word_1_355' title='bbox 664 2083 748 2124; x_wconf 87' lang='lat' dir='ltr'>quod</span> <span class='ocrx_word' id='word_1_356' title='bbox 775 2083 908 2115; x_wconf 82' lang='lat' dir='ltr'>excitari</span> <span class='ocrx_word' id='word_1_357' title='bbox 930 2084 1031 2124; x_wconf 82' lang='lat' dir='ltr'>potest</span> <span class='ocrx_word' id='word_1_358' title='bbox 1056 2083 1139 2114; x_wconf 87' lang='lat' dir='ltr'>circa</span> <span class='ocrx_word' id='word_1_359' title='bbox 1163 2082 1240 2121; x_wconf 92' lang='lat' dir='ltr'>hoc,</span> <span class='ocrx_word' id='word_1_360' title='bbox 1266 2082 1343 2114; x_wconf 90' lang='lat' dir='ltr'>illud</span> <span class='ocrx_word' id='word_1_361' title='bbox 1367 2084 1429 2121; x_wconf 90' lang='lat' dir='ltr'>est,</span> <span class='ocrx_word' id='word_1_362' title='bbox 1452 2081 1586 2122; x_wconf 87' lang='lat' dir='ltr'>quinam</span> <span class='ocrx_word' id='word_1_363' title='bbox 1608 2082 1720 2122; x_wconf 84' lang='lat' dir='ltr'>suerit,</span> <span class='ocrx_word' id='word_1_364' title='bbox 1741 2083 1797 2123; x_wconf 86' lang='lat' dir='ltr'>qui</span> 
     </span>
     <span class='ocr_line' id='line_1_33' title="bbox 189 2139 1795 2182; baseline -0.001 -9"><span class='ocrx_word' id='word_1_365' title='bbox 189 2142 300 2173; x_wconf 89' lang='lat' dir='ltr'>eadem</span> <span class='ocrx_word' id='word_1_366' title='bbox 325 2141 470 2181; x_wconf 72' lang='lat' dir='ltr'>eoeempla</span> <span class='ocrx_word' id='word_1_367' title='bbox 494 2141 575 2172; x_wconf 79' lang='lat' dir='ltr'>serie</span> <span class='ocrx_word' id='word_1_368' title='bbox 599 2141 797 2182; x_wconf 86' lang='lat' dir='ltr'>alphabetica</span> <span class='ocrx_word' id='word_1_369' title='bbox 821 2141 853 2172; x_wconf 89' lang='lat' dir='ltr'>in</span> <span class='ocrx_word' id='word_1_370' title='bbox 879 2141 1143 2172; x_wconf 82' lang='lat' dir='ltr'>Concionatorum</span> <span class='ocrx_word' id='word_1_371' title='bbox 1171 2141 1310 2181; x_wconf 82' lang='lat' dir='ltr'>gratiam</span> <span class='ocrx_word' id='word_1_372' title='bbox 1334 2140 1524 2181; x_wconf 86' lang='lat' dir='ltr'>digesserit?</span> <span class='ocrx_word' id='word_1_373' title='bbox 1546 2140 1658 2172; x_wconf 81' lang='lat' dir='ltr'>Petrus</span> <span class='ocrx_word' id='word_1_374' title='bbox 1677 2139 1795 2172; x_wconf 88' lang='lat' dir='ltr'>Rodul-</span> 
     </span>
     <span class='ocr_line' id='line_1_34' title="bbox 187 2197 1795 2239; baseline 0.001 -9"><span class='ocrx_word' id='word_1_375' title='bbox 187 2198 296 2239; x_wconf 84' lang='lat' dir='ltr'>phius,</span> <span class='ocrx_word' id='word_1_376' title='bbox 312 2197 528 2239; x_wconf 81' lang='lat' dir='ltr'>Waddingus,</span> <span class='ocrx_word' id='word_1_377' title='bbox 544 2202 576 2230; x_wconf 86' lang='lat' dir='ltr'>et</span> <span class='ocrx_word' id='word_1_378' title='bbox 592 2199 645 2230; x_wconf 88' lang='lat' dir='ltr'>alii</span> <span class='ocrx_word' id='word_1_379' title='bbox 661 2200 792 2231; x_wconf 85' lang='lat' dir='ltr'>tradunt</span> <span class='ocrx_word' id='word_1_380' title='bbox 806 2199 858 2231; x_wconf 92' lang='lat' dir='ltr'>Fr.</span> <span class='ocrx_word' id='word_1_381' title='bbox 876 2199 1007 2230; x_wconf 86' lang='lat' dir='ltr'>Petrum</span> <span class='ocrx_word' id='word_1_382' title='bbox 1022 2199 1206 2231; x_wconf 88' lang='lat' dir='ltr'>Utinensem</span> <span class='ocrx_word' id='word_1_383' title='bbox 1219 2198 1345 2230; x_wconf 89' lang='lat' dir='ltr'>Ordinis</span> <span class='ocrx_word' id='word_1_384' title='bbox 1358 2198 1519 2230; x_wconf 87' lang='lat' dir='ltr'>Minorum</span> <span class='ocrx_word' id='word_1_385' title='bbox 1532 2198 1666 2231; x_wconf 88' lang='lat' dir='ltr'>edidisse</span> <span class='ocrx_word' id='word_1_386' title='bbox 1675 2198 1795 2231; x_wconf 83' lang='lat' dir='ltr'>librum</span> 
     </span>
     <span class='ocr_line' id='line_1_35' title="bbox 189 2256 1791 2299; baseline 0.001 -11"><span class='ocrx_word' id='word_1_387' title='bbox 189 2256 378 2296; x_wconf 88' lang='lat' dir='ltr'>inscriptum</span> <span class='ocrx_word' id='word_1_388' title='bbox 400 2266 409 2288; x_wconf 72' lang='grc' dir='ltr'>ε</span> <span class='ocrx_word' id='word_1_389' title='bbox 442 2256 552 2289; x_wconf 79' lang='lat' dir='ltr'>Biblia</span> <span class='ocrx_word' id='word_1_390' title='bbox 584 2257 764 2296; x_wconf 82' lang='lat' dir='ltr'>Pauperum</span> <span class='ocrx_word' id='word_1_391' title='bbox 785 2282 793 2295; x_wconf 93' lang='lat'><em>‚</em></span> <span class='ocrx_word' id='word_1_392' title='bbox 825 2258 892 2289; x_wconf 74' lang='lat' dir='ltr'>sive</span> <span class='ocrx_word' id='word_1_393' title='bbox 918 2258 1165 2299; x_wconf 59' lang='lat' dir='ltr'>Exemplar-ium</span> <span class='ocrx_word' id='word_1_394' title='bbox 1190 2257 1460 2298; x_wconf 84' lang='lat' dir='ltr'>(exemplorum)</span> <span class='ocrx_word' id='word_1_395' title='bbox 1480 2265 1580 2290; x_wconf 83' lang='lat' dir='ltr'>sacrae</span> <span class='ocrx_word' id='word_1_396' title='bbox 1605 2258 1791 2299; x_wconf 74' lang='lat' dir='ltr'>Scriptum.</span> 
     </span>
     <span class='ocr_line' id='line_1_36' title="bbox 189 2314 1793 2357; baseline 0.002 -11"><span class='ocrx_word' id='word_1_397' title='bbox 189 2315 237 2347; x_wconf 88' lang='lat' dir='ltr'>Ab</span> <span class='ocrx_word' id='word_1_398' title='bbox 252 2315 364 2346; x_wconf 88' lang='lat' dir='ltr'>eodem</span> <span class='ocrx_word' id='word_1_399' title='bbox 380 2314 474 2346; x_wconf 91' lang='lat' dir='ltr'>Petro</span> <span class='ocrx_word' id='word_1_400' title='bbox 492 2314 634 2347; x_wconf 90' lang='lat' dir='ltr'>Utinensi</span> <span class='ocrx_word' id='word_1_401' title='bbox 653 2315 754 2355; x_wconf 87' lang='lat' dir='ltr'>igitur</span> <span class='ocrx_word' id='word_1_402' title='bbox 769 2315 899 2346; x_wconf 88' lang='lat' dir='ltr'>videtur</span> <span class='ocrx_word' id='word_1_403' title='bbox 914 2315 1099 2355; x_wconf 87' lang='lat' dir='ltr'>hujusmodi</span> <span class='ocrx_word' id='word_1_404' title='bbox 1113 2317 1194 2348; x_wconf 88' lang='lat' dir='ltr'>liber</span> <span class='ocrx_word' id='word_1_405' title='bbox 1209 2316 1384 2348; x_wconf 86' lang='lat' dir='ltr'>secundum</span> <span class='ocrx_word' id='word_1_406' title='bbox 1399 2315 1545 2347; x_wconf 90' lang='lat' dir='ltr'>ordinem</span> <span class='ocrx_word' id='word_1_407' title='bbox 1558 2316 1793 2357; x_wconf 85' lang='lat' dir='ltr'>alphabeticum</span> 
     </span>
     <span class='ocr_line' id='line_1_37' title="bbox 187 2374 1794 2415; baseline 0.002 -11"><span class='ocrx_word' id='word_1_408' title='bbox 187 2382 245 2414; x_wconf 86' lang='lat' dir='ltr'>pro</span> <span class='ocrx_word' id='word_1_409' title='bbox 263 2374 470 2406; x_wconf 89' lang='lat' dir='ltr'>commodiori</span> <span class='ocrx_word' id='word_1_410' title='bbox 486 2374 751 2405; x_wconf 78' lang='lat' dir='ltr'>concionatorum</span> <span class='ocrx_word' id='word_1_411' title='bbox 771 2383 833 2405; x_wconf 91' lang='lat' dir='ltr'>usu</span> <span class='ocrx_word' id='word_1_412' title='bbox 847 2375 1012 2406; x_wconf 87' lang='lat' dir='ltr'>ordinatus</span> <span class='ocrx_word' id='word_1_413' title='bbox 1022 2399 1031 2412; x_wconf 93' lang='lat'><em>‚</em></span> <span class='ocrx_word' id='word_1_414' title='bbox 1047 2375 1140 2415; x_wconf 88' lang='lat' dir='ltr'>eique</span> <span class='ocrx_word' id='word_1_415' title='bbox 1152 2374 1257 2406; x_wconf 82' lang='lat' dir='ltr'>addita</span> <span class='ocrx_word' id='word_1_416' title='bbox 1272 2374 1430 2415; x_wconf 60' lang='lat' dir='ltr'>praefatio,</span> <span class='ocrx_word' id='word_1_417' title='bbox 1448 2382 1521 2415; x_wconf 82' lang='lat' dir='ltr'>quae</span> <span class='ocrx_word' id='word_1_418' title='bbox 1536 2374 1647 2415; x_wconf 88' lang='lat' dir='ltr'>incipit</span> <span class='ocrx_word' id='word_1_419' title='bbox 1663 2384 1670 2406; x_wconf 74' lang='grc' dir='ltr'><strong>ε</strong></span> <span class='ocrx_word' id='word_1_420' title='bbox 1690 2374 1794 2408; x_wconf 78' lang='lat' dir='ltr'>Tanta</span> 
     </span>
     <span class='ocr_line' id='line_1_38' title="bbox 185 2430 1790 2474; baseline -0.001 -8"><span class='ocrx_word' id='word_1_421' title='bbox 185 2433 283 2474; x_wconf 75' lang='lat' dir='ltr'>pollet</span> <span class='ocrx_word' id='word_1_422' title='bbox 297 2432 486 2466; x_wconf 72' lang='lat' dir='ltr'>excellentia</span> <span class='ocrx_word' id='word_1_423' title='bbox 498 2432 746 2472; x_wconf 68' lang='lat' dir='ltr'>praedicationis</span> <span class='ocrx_word' id='word_1_424' title='bbox 759 2433 914 2472; x_wconf 77' lang='lat' dir='ltr'>officium.</span> <span class='ocrx_word' id='word_1_425' title='bbox 934 2432 1074 2472; x_wconf 77' lang='lat' dir='ltr'>idipsum</span> <span class='ocrx_word' id='word_1_426' title='bbox 1097 2433 1191 2464; x_wconf 86' lang='lat' dir='ltr'>sentit</span> <span class='ocrx_word' id='word_1_427' title='bbox 1206 2435 1237 2464; x_wconf 85' lang='lat' dir='ltr'>et</span> <span class='ocrx_word' id='word_1_428' title='bbox 1252 2432 1286 2464; x_wconf 90' lang='lat' dir='ltr'>P.</span> <span class='ocrx_word' id='word_1_429' title='bbox 1303 2430 1463 2464; x_wconf 86' lang='lat' dir='ltr'>Sbaralea.</span> <span class='ocrx_word' id='word_1_430' title='bbox 1480 2432 1570 2464; x_wconf 86' lang='lat' dir='ltr'>Certe</span> <span class='ocrx_word' id='word_1_431' title='bbox 1588 2432 1700 2464; x_wconf 79' lang='lat' dir='ltr'>titulus</span> <span class='ocrx_word' id='word_1_432' title='bbox 1717 2432 1790 2464; x_wconf 84' lang='lat' dir='ltr'>ille:</span> 
     </span>
     <span class='ocr_line' id='line_1_39' title="bbox 188 2488 1792 2531; baseline 0 -10"><span class='ocrx_word' id='word_1_433' title='bbox 188 2489 294 2522; x_wconf 72' lang='lat' dir='ltr'>Biblia</span> <span class='ocrx_word' id='word_1_434' title='bbox 318 2489 516 2529; x_wconf 61' lang='lat' dir='ltr'>Paumrum,</span> <span class='ocrx_word' id='word_1_435' title='bbox 543 2488 721 2520; x_wconf 87' lang='lat' dir='ltr'>Minoritam</span> <span class='ocrx_word' id='word_1_436' title='bbox 748 2490 853 2528; x_wconf 87' lang='lat' dir='ltr'>magis</span> <span class='ocrx_word' id='word_1_437' title='bbox 878 2490 993 2521; x_wconf 84' lang='lat' dir='ltr'>indicat</span> <span class='ocrx_word' id='word_1_438' title='bbox 1008 2515 1016 2528; x_wconf 85' lang='lat'><em>‚</em></span> <span class='ocrx_word' id='word_1_439' title='bbox 1042 2500 1139 2530; x_wconf 83' lang='lat' dir='ltr'>quam</span> <span class='ocrx_word' id='word_1_440' title='bbox 1163 2491 1419 2530; x_wconf 81' lang='lat' dir='ltr'>Dominicanum,</span> <span class='ocrx_word' id='word_1_441' title='bbox 1445 2499 1548 2531; x_wconf 87' lang='lat' dir='ltr'>neque</span> <span class='ocrx_word' id='word_1_442' title='bbox 1570 2491 1669 2522; x_wconf 89' lang='lat' dir='ltr'>alium</span> <span class='ocrx_word' id='word_1_443' title='bbox 1693 2500 1792 2531; x_wconf 87' lang='lat' dir='ltr'>quam</span> 
     </span>
     <span class='ocr_line' id='line_1_40' title="bbox 188 2546 1791 2587; baseline 0.001 -9"><span class='ocrx_word' id='word_1_444' title='bbox 188 2548 283 2579; x_wconf 88' lang='lat' dir='ltr'>modo</span> <span class='ocrx_word' id='word_1_445' title='bbox 307 2547 427 2579; x_wconf 86' lang='lat' dir='ltr'>dictum</span> <span class='ocrx_word' id='word_1_446' title='bbox 454 2547 585 2579; x_wconf 88' lang='lat' dir='ltr'>Petrum</span> <span class='ocrx_word' id='word_1_447' title='bbox 611 2547 795 2578; x_wconf 87' lang='lat' dir='ltr'>Utinensem</span> <span class='ocrx_word' id='word_1_448' title='bbox 822 2548 931 2579; x_wconf 86' lang='lat' dir='ltr'>suadet</span> <span class='ocrx_word' id='word_1_449' title='bbox 957 2546 1021 2579; x_wconf 84' lang='lat' dir='ltr'>MS.</span> <span class='ocrx_word' id='word_1_450' title='bbox 1047 2548 1150 2580; x_wconf 75' lang='lat' dir='ltr'>Codex</span> <span class='ocrx_word' id='word_1_451' title='bbox 1176 2548 1400 2587; x_wconf 77' lang='lat' dir='ltr'>TarvisiensiS,</span> <span class='ocrx_word' id='word_1_452' title='bbox 1427 2548 1570 2580; x_wconf 88' lang='lat' dir='ltr'>biblioth.</span> <span class='ocrx_word' id='word_1_453' title='bbox 1595 2547 1628 2579; x_wconf 91' lang='lat' dir='ltr'>S.</span> <span class='ocrx_word' id='word_1_454' title='bbox 1653 2548 1791 2587; x_wconf 86' lang='lat' dir='ltr'>Nicolai,</span> 
     </span>
    </p>
   </div>
   <div class='ocr_carea' id='block_1_4' title="bbox 187 2628 1790 2696">
    <p class='ocr_par' dir='ltr' id='par_1_5' title="bbox 187 2628 1790 2696">
     <span class='ocr_line' id='line_1_41' title="bbox 221 2628 1790 2661; baseline 0.002 -10"><span class='ocrx_word' id='word_1_455' title='bbox 221 2629 227 2642; x_wconf 87' lang='lat'><strong>¹</strong></span> <span class='ocrx_word' id='word_1_456' title='bbox 242 2629 310 2652; x_wconf 73' lang='lat' dir='ltr'>Part.</span> <span class='ocrx_word' id='word_1_457' title='bbox 329 2629 371 2657; x_wconf 80' lang='lat' dir='ltr'>lv,</span> <span class='ocrx_word' id='word_1_458' title='bbox 389 2628 432 2653; x_wconf 82' lang='lat' dir='ltr'>sol.</span> <span class='ocrx_word' id='word_1_459' title='bbox 450 2629 488 2657; x_wconf 75' lang='lat'>18.</span> <span class='ocrx_word' id='word_1_460' title='bbox 504 2629 553 2654; x_wconf 91' lang='lat' dir='ltr'>col.</span> <span class='ocrx_word' id='word_1_461' title='bbox 571 2630 595 2653; x_wconf 82' lang='grc'>3.</span> <span class='ocrx_word' id='word_1_462' title='bbox 612 2641 637 2646; x_wconf 90' lang='grc'>-</span> <span class='ocrx_word' id='word_1_463' title='bbox 657 2629 667 2644; x_wconf 84' lang='lat'><strong>¹</strong></span> <span class='ocrx_word' id='word_1_464' title='bbox 684 2629 750 2658; x_wconf 75' lang='lat' dir='ltr'>vm..</span> <span class='ocrx_word' id='word_1_465' title='bbox 767 2631 829 2653; x_wconf 82' lang='lat' dir='ltr'>tom.</span> <span class='ocrx_word' id='word_1_466' title='bbox 848 2629 903 2659; x_wconf 83' lang='lat' dir='ltr'>Vll,</span> <span class='ocrx_word' id='word_1_467' title='bbox 921 2629 974 2660; x_wconf 86' lang='lat' dir='ltr'>huj.</span> <span class='ocrx_word' id='word_1_468' title='bbox 990 2630 1061 2660; x_wconf 66' lang='lat' dir='ltr'>edit„</span> <span class='ocrx_word' id='word_1_469' title='bbox 1076 2636 1134 2660; x_wconf 75' lang='lat' dir='ltr'>pag.</span> <span class='ocrx_word' id='word_1_470' title='bbox 1151 2635 1205 2654; x_wconf 78' lang='lat' dir='ltr'>xx1.</span> <span class='ocrx_word' id='word_1_471' title='bbox 1222 2641 1251 2647; x_wconf 95' lang='lat'>—</span> <span class='ocrx_word' id='word_1_472' title='bbox 1269 2629 1280 2646; x_wconf 81' lang='lat'>⁸</span> <span class='ocrx_word' id='word_1_473' title='bbox 1295 2629 1330 2653; x_wconf 82' lang='lat' dir='ltr'>De</span> <span class='ocrx_word' id='word_1_474' title='bbox 1351 2629 1432 2660; x_wconf 75' lang='lat' dir='ltr'>Scrip.</span> <span class='ocrx_word' id='word_1_475' title='bbox 1453 2628 1512 2653; x_wconf 78' lang='lat' dir='ltr'>Ord.</span> <span class='ocrx_word' id='word_1_476' title='bbox 1528 2629 1603 2655; x_wconf 58' lang='lat' dir='ltr'>Min„</span> <span class='ocrx_word' id='word_1_477' title='bbox 1617 2635 1674 2661; x_wconf 80' lang='lat' dir='ltr'>pag.</span> <span class='ocrx_word' id='word_1_478' title='bbox 1692 2630 1746 2654; x_wconf 84' lang='grc'><strong>309.</strong></span> <span class='ocrx_word' id='word_1_479' title='bbox 1761 2643 1790 2648; x_wconf 93' lang='grc'>-</span> 
     </span>
     <span class='ocr_line' id='line_1_42' title="bbox 187 2662 1682 2696; baseline 0.002 -10"><span class='ocrx_word' id='word_1_480' title='bbox 187 2663 197 2681; x_wconf 75' lang='lat'>⁸</span> <span class='ocrx_word' id='word_1_481' title='bbox 211 2662 336 2694; x_wconf 73' lang='lat' dir='ltr'>Biblz&#39;oqr.</span> <span class='ocrx_word' id='word_1_482' title='bbox 352 2664 443 2694; x_wconf 64' lang='lat' dir='ltr'>critic„</span> <span class='ocrx_word' id='word_1_483' title='bbox 458 2666 520 2689; x_wconf 87' lang='lat' dir='ltr'>tom.</span> <span class='ocrx_word' id='word_1_484' title='bbox 539 2665 558 2695; x_wconf 92' lang='grc'>1,</span> <span class='ocrx_word' id='word_1_485' title='bbox 574 2664 653 2688; x_wconf 87' lang='lat' dir='ltr'>verbo</span> <span class='ocrx_word' id='word_1_486' title='bbox 668 2663 850 2694; x_wconf 67' lang='lat' dir='ltr'>bonaventura,</span> <span class='ocrx_word' id='word_1_487' title='bbox 865 2665 925 2690; x_wconf 80' lang='lat' dir='ltr'>edit.</span> <span class='ocrx_word' id='word_1_488' title='bbox 940 2665 1033 2690; x_wconf 78' lang='lat' dir='ltr'>Matrit.</span> <span class='ocrx_word' id='word_1_489' title='bbox 1051 2666 1120 2695; x_wconf 77' lang='lat'>¹74⁰,</span> <span class='ocrx_word' id='word_1_490' title='bbox 1135 2664 1221 2690; x_wconf 72' lang='lat' dir='ltr'>&#39;ui-fol.</span> <span class='ocrx_word' id='word_1_491' title='bbox 1235 2678 1265 2683; x_wconf 91' lang='lat'>—</span> <span class='ocrx_word' id='word_1_492' title='bbox 1280 2665 1288 2679; x_wconf 71' lang='lat'><strong>³</strong></span> <span class='ocrx_word' id='word_1_493' title='bbox 1304 2663 1423 2695; x_wconf 67' lang='lat' dir='ltr'>Echard„</span> <span class='ocrx_word' id='word_1_494' title='bbox 1437 2666 1500 2689; x_wconf 87' lang='lat' dir='ltr'>tom.</span> <span class='ocrx_word' id='word_1_495' title='bbox 1519 2663 1538 2694; x_wconf 88' lang='grc' dir='ltr'>Ι,</span> <span class='ocrx_word' id='word_1_496' title='bbox 1553 2670 1611 2696; x_wconf 79' lang='lat' dir='ltr'>pag.</span> <span class='ocrx_word' id='word_1_497' title='bbox 1627 2665 1682 2689; x_wconf 69' lang='lat'>626.</span> 
     </span>
    </p>
   </div>
  </div>
 </body>
</html>
