2004 3037
832 213 961 246 CAPUT
982 213 1112 247 LXXXI.

196 282 304 312 Videns
317 282 468 312 Barnabas
479 281 564 320 quod
572 281 659 310 multi
668 281 842 311 Antiocheni
857 284 941 312 erant

161 330 201 360 ad
215 330 309 359 fidem
315 330 462 366 conversi,
476 339 490 357 α
498 329 617 366 gavisus
625 331 679 365 est,
686 331 714 358 et
726 329 941 358 exhortabatur

161 386 266 407 omnes
286 378 319 406 in
339 377 493 415 proposito
517 377 616 406 cordis
633 385 791 414 permanere
818 376 850 405 in
883 378 940 406 Do-

160 425 253 454 mino.
270 435 284 452 ι)
300 425 376 460 Act„
390 433 432 460 xi,
449 426 494 453 23.

195 472 302 501 Paulus
317 473 345 501 et
359 472 508 500 Barnabas
522 471 689 501 suadebant
707 471 847 500 fratribus
857 492 867 507 ,
886 474 941 501 «ut

158 522 347 556 permanerent
357 519 388 547 in
401 519 495 556 gratia
509 519 569 548 Dei.
585 529 599 545 »
617 519 696 555 Act„
711 527 772 555 xm,
785 521 830 548 43.

196 567 320 604 Spiritus
332 568 450 595 sanctus
463 574 518 603 per
533 574 637 594 omnes
650 566 782 595 civitates
794 568 939 603 prote-sta<

159 616 247 645 batur
261 616 369 651 Paulo,
386 615 531 653 quoniam
547 615 667 644 vincula
686 617 715 644 et
733 615 940 645 tribulationes

158 663 190 692 in
212 663 392 692 Hierusalem
411 662 554 692 sustinere
577 663 717 691 debebat.
744 672 759 690 «
783 663 839 692 Sed
866 663 941 693 nihil

157 710 266 739 horum
277 730 287 746 ‚
312 710 428 746 inquit,
457 718 564 738 vereor
575 731 585 746 ,
612 718 668 739 nec
695 710 773 739 facio
808 711 941 740 animam

161 766 261 786 meam
275 757 483 794 pretiosiorem
498 752 590 794 quam
603 766 652 786 me
663 779 671 793 ,
687 758 855 787 dummodo
871 767 941 788 con-

159 813 307 834 summem
319 814 440 834 cursum
453 813 566 841 meum,
578 815 592 832 ι»
611 806 665 834 etc.
682 806 758 841 Act„
773 814 825 842 xx,
839 808 884 835 24.

390 902 533 937 CAPUT
557 902 709 937 LXXXI.

319 975 357 1004 De
381 977 560 1011 impatientia
587 978 611 1004 et
635 984 781 1004 murmure.

193 1049 272 1084 Agar
287 1047 397 1076 ancilla
411 1047 488 1075 Sarae
498 1068 508 1082 ,
522 1055 584 1075 non
602 1046 699 1075 ferens
719 1047 942 1087 correptionem

158 1094 289 1123 dominae
314 1103 391 1130 suae,
409 1102 476 1131 quoe
499 1094 651 1130 affligebat
674 1102 759 1130 eam,
778 1103 840 1132 prae
861 1095 942 1124 illius

157 1142 299 1179 superbia
319 1142 422 1177 fugam
438 1141 523 1169 inivit
533 1152 542 1178 ;
567 1142 620 1170 sed
640 1142 680 1171 ad
694 1142 870 1171 mandatum
886 1144 942 1172 An-

158 1189 216 1226 geli
232 1189 328 1217 rediit.
343 1189 421 1225 Gen„
432 1197 513 1218 xxvi.

194 1236 344 1273 Praepositi
369 1236 502 1265 filiorum
527 1237 616 1265 Israel
639 1236 780 1265 dixerunt
800 1238 893 1274 Moysi
914 1240 943 1267 et

158 1284 275 1313 Aaron:
296 1293 309 1310 α
323 1284 428 1312 Videat
442 1284 601 1318 Dominus,
614 1285 642 1312 et
655 1284 777 1320 judicet,
795 1286 942 1321 quoniam

157 1332 259 1361 foetere
286 1332 393 1362 fecistis
422 1333 549 1362 odorem
572 1335 708 1362 nostrum
739 1341 841 1362 coram
868 1334 942 1363 Pha-

158 1389 261 1409 raone.
279 1391 292 1407 »
309 1381 411 1416 Emod„
426 1390 454 1416 v,
471 1384 516 1410 21.

194 1428 331 1456 videntes
352 1429 505 1465 AEgyptios
527 1429 582 1457 filii
606 1429 712 1464 lsrael,
741 1429 880 1457 dixerunt
902 1429 942 1458 ad

157 1477 296 1512 Moysen,
315 1476 422 1511 Emod„
440 1484 508 1511 Xiv,
529 1478 559 1504 11
575 1486 583 1504 .·
603 1486 616 1503 «
636 1476 769 1505 Forsitan
783 1485 845 1505 11011
860 1479 943 1506 erant

159 1523 296 1560 sepulcra
321 1523 353 1551 in
376 1525 523 1560 AEgypto,
554 1524 602 1552 vel
625 1524 790 1553 contulistis
813 1532 886 1561 1105,
911 1526 943 1553 ut

159 1578 344 1599 moreremur
358 1570 390 1598 in
405 1571 576 1599 solitudine.
591 1581 605 1598 »

195 1617 293 1646 Prima
308 1618 506 1646 murmuratio
522 1618 655 1647 filiorum
670 1618 758 1647 Israel
778 1619 809 1647 in
826 1619 942 1648 deserto

158 1664 212 1693 fuit
226 1673 282 1701 pro
307 1665 424 1693 defectu
447 1667 551 1702 potus,
568 1666 656 1693 Emod.
668 1687 678 1701 ,
694 1674 747 1701 xv,
763 1667 817 1695 24:
840 1677 854 1694 «
868 1669 943 1696 Mur-

158 1712 288 1740 muravit
306 1712 437 1748 populus
461 1715 564 1741 contra
583 1714 705 1749 Moysen
726 1713 846 1742 dicens:
865 1714 942 1748 Quid

158 1758 321 1787 bibemus?
335 1769 350 1786 >³
368 1759 479 1787 Deinde
494 1767 550 1796 pro
567 1760 647 1795 cibo,
663 1760 763 1795 Emori„
780 1769 840 1796 xvr,
856 1762 884 1796 2,
900 1763 917 1790 3
934 1771 940 1790 :

159 1815 174 1832 α
195 1806 389 1834 Murmuravit
415 1807 512 1834 omnis
536 1807 728 1843 congregatio
753 1807 885 1836 filiorum
906 1810 943 1837 ls-

157 1853 241 1888 rael,
266 1863 280 1879 ))
308 1855 362 1881 etc.
394 1855 474 1881 «Cur
500 1854 659 1882 induxistis
674 1863 729 1882 nos
743 1855 774 1882 in
791 1855 942 1885 desertum

157 1900 254 1935 istud,
270 1902 302 1928 ut
323 1900 496 1928 occideretis
516 1909 637 1929 omnem
663 1902 884 1930 multitudinem
899 1903 942 1931 fa·

158 1948 227 1975 me?
241 1957 254 1974 »
274 1949 344 1976 Item
356 1969 366 1982 ,
380 1949 542 1984 postquam
558 1948 636 1976 misit
661 1949 804 1976 Dominus
827 1950 942 1986 populo

160 1995 327 2023 coturnices
354 1996 382 2022 et
411 2003 542 2030 manna,
566 1995 764 2023 murmuravit
791 2004 852 2032 prae
882 1997 943 2025 sitis

158 2041 305 2077 angustia,
334 2042 434 2076 Emod„
454 2050 523 2070 xv11.
548 2043 619 2070 Cum
642 2042 809 2078 patiebatur
832 2043 942 2072 famem

158 2088 288 2125 populus
311 2088 342 2116 in
367 2089 501 2124 deserto,
526 2097 595 2117 cum
622 2097 775 2118 murmure
795 2092 823 2118 et
848 2091 944 2127 impa-

159 2136 259 2164 tientia
273 2136 490 2164 recordabatur
505 2136 640 2164 carnium
650 2157 658 2171 ,
679 2145 755 2173 quas
770 2138 943 2167 comederat

158 2183 188 2211 in
208 2184 352 2219 AEgypto3
375 2183 428 2211 sed
450 2183 487 2211 de
511 2183 670 2211 durissima
699 2184 857 2219 servitute,
882 2193 943 2221 qua

159 2229 404 2266 opprimebatur,
436 2238 498 2258 non
527 2230 653 2258 faciebat
677 2231 861 2260 mentionem
890 2231 943 2260 ali-

159 2285 261 2313 quam.
277 2277 378 2312 Eoeod.,
394 2285 455 2305 xvi.

197 2324 304 2352 Videns
318 2324 450 2360 populus
464 2324 548 2360 quod
562 2332 680 2353 moram
694 2324 803 2353 faceret
818 2326 941 2355 descen-

160 2371 251 2400 dendi
266 2373 379 2408 Moyses
394 2372 432 2400 de
452 2373 570 2406 monte,
586 2374 785 2408 congregatus
799 2374 943 2403 adversus

160 2420 273 2454 Aaron,
289 2419 351 2447 ait:
373 2428 386 2445 «1
401 2419 509 2454 Surge,
530 2418 576 2447 fac
590 2419 679 2448 nobis
701 2419 775 2448 deos
796 2421 848 2457 qui
868 2429 943 2457 prae-

161 2466 279 2501 cedant,
295 2476 308 2492 »
323 2468 376 2494 etc.
393 2466 495 2500 Emod„
508 2474 601 2500 xxxu,
619 2469 643 2495 1.

200 2523 213 2538 (ι
224 2514 324 2542 Ortum
338 2515 381 2541 est
395 2521 530 2541 murmur
549 2513 665 2549 populi,
677 2513 762 2550 quasi
778 2514 943 2545 dolentium

161 2567 217 2596 pro
232 2560 352 2595 labore,
375 2562 478 2588 contra
497 2560 673 2596 Dominum;
690 2563 718 2589 et
739 2570 879 2591 accensus
901 2565 944 2592 est

161 2607 192 2635 in
216 2615 267 2635 eos
291 2606 368 2642 ignis
389 2607 526 2641 Domini,
549 2608 577 2635 et
601 2607 757 2637 devoravit
781 2611 944 2640 extremam

162 2655 326 2682 castrorum
338 2656 486 2690 partem.»
501 2655 596 2690 Num„
613 2662 651 2689 xi,
665 2658 689 2683 t.
706 2657 739 2685 Et
747 2658 818 2685 nota
826 2665 944 2693 perver-

162 2701 276 2729 sitatem
294 2700 417 2729 illorum
437 2701 619 2737 dicentium,
642 2704 678 2729 5:
704 2713 717 2729 a
740 2704 944 2734 Recordamur

1721 218 1780 250 585

997 282 1126 320 piscium
1140 291 1218 321 quos
1227 284 1463 313 comedebamus
1472 284 1503 314 in
1514 285 1640 322 AEgypto
1651 285 1752 322 gratis,
1763 295 1778 313 ο

998 338 1068 360 cum
1082 332 1182 360 tamen
1197 332 1238 361 ita
1253 340 1320 361 care
1336 334 1476 361 emerent.

1033 379 1100 407 Post
1115 378 1278 407 terribilem
1301 381 1430 408 mortem
1452 380 1526 409 Core
1548 381 1577 409 et
1598 379 1781 416 complicum

997 434 1139 461 suorum,
1155 426 1315 455 multitudo
1330 427 1528 456 murmuravit
1542 429 1646 456 contra
1659 428 1781 465 Moysen

998 474 1026 502 et
1040 475 1156 509 Aaron,
1172 473 1292 502 dicens:
1312 484 1325 500 «
1346 475 1404 502 Vos
1427 475 1612 504 interfecistis
1631 475 1781 513 populum

998 520 1127 556 Domini,
1142 531 1156 548 11
1171 523 1226 550 etc.
1242 523 1338 557 Num„
1353 530 1412 557 xvi,
1428 522 1473 551 41.

1033 569 1156 604 RursuS‚
1172 570 1296 606 propter
1311 569 1461 598 defectum
1471 571 1560 607 potus
1575 571 1602 599 et
1614 570 1780 608 fructuum,

997 618 1271 652 murmuraverunt,
1288 618 1316 645 et
1329 617 1442 653 jurgati
1457 619 1525 646 sunt
1538 617 1592 646 filii
1607 619 1696 648 lsrael
1711 628 1782 648 con-

997 663 1042 690 tra
1056 663 1188 699 Moysen,
1199 663 1239 692 ad
1249 672 1343 700 aquas
1354 665 1608 694 contradictionis
1620 667 1691 695 Num
1699 688 1717 702 .,
1728 675 1779 696 xx.

1033 710 1142 738 Videns
1161 710 1355 748 Achitophel,
1378 712 1463 748 quod
1487 720 1549 740 non
1573 715 1647 741 esset
1669 713 1782 743 factum

995 757 1081 794 juxta
1095 758 1253 786 consilium
1265 766 1362 794 suum,
1378 758 1409 787 in
1420 760 1535 787 tantum
1547 759 1706 796 impatiens
1716 761 1782 796 fuit,

998 806 1082 843 quod
1096 807 1215 835 recessit
1229 807 1268 835 ab
1283 807 1437 842 Absalom,
1453 809 1481 836 et
1495 807 1599 836 abiens
1614 808 1646 836 in
1656 808 1782 838 domum

998 862 1083 882 suam
1098 854 1260 890 suspendio
1273 854 1392 883 interiit.
1409 855 1431 883 ll
1446 856 1523 891 Req„
1538 863 1610 884 xvn.

1034 901 1109 936 Quia
1122 901 1227 930 durius
1238 901 1331 931 locuti
1346 903 1414 930 sunt
1427 902 1482 930 filii
1496 902 1573 931 Juda
1587 911 1656 931 cum
1670 903 1729 932 illis
1744 904 1782 933 de

999 949 1103 977 decem
1121 949 1278 984 tribubus,
1294 950 1448 986 separatus
1470 951 1513 978 est
1534 950 1632 979 omnis
1653 951 1743 980 lsrael
1765 960 1783 980 a

998 998 1109 1034 David,
1127 1000 1155 1027 et
1175 1000 1293 1028 secutus
1312 1000 1355 1028 est
1375 999 1478 1028 Sebam
1499 999 1597 1029 filium
1618 1000 1739 1038 Bochri,
1760 1003 1783 1031 11

998 1046 1075 1081 Reg„
1085 1054 1135 1074 xx.

1034 1095 1108 1121 Cum
1127 1093 1248 1122 dixisset
1266 1093 1373 1122 Tobias
1388 1094 1426 1122 de
1444 1094 1555 1130 hoedo,
1575 1103 1666 1132 quem
1680 1095 1783 1124 balan-

998 1142 1058 1169 tem
1069 1141 1201 1170 audivit:
1221 1151 1235 1168 «
1258 1142 1361 1170 Videte
1387 1150 1425 1170 ne
1452 1142 1577 1171 furtivus
1592 1143 1628 1172 sit
1635 1153 1644 1179 3
1666 1154 1680 1171 »
1707 1151 1784 1173 uxor

999 1189 1062 1225 ejus
1078 1189 1267 1226 impatienter
1282 1190 1446 1226 respondit.
1465 1191 1541 1226 Tob.‚
1558 1199 1589 1219 11.

1035 1239 1123 1272 Sara,
1148 1237 1211 1266 filia
1233 1237 1388 1273 RagueliS,
1412 1246 1503 1266 unam
1529 1238 1566 1266 de
1592 1238 1707 1267 ancillis
1727 1247 1783 1276 pro

999 1284 1088 1321 culpa
1108 1293 1163 1313 sua
1182 1285 1370 1321 increpabat,
1393 1287 1421 1314 et
1446 1285 1498 1314 illa
1521 1285 1611 1314 nimis
1639 1286 1784 1322 injuriose

998 1332 1171 1369 respondit,
1188 1332 1290 1361 dicens
1305 1343 1311 1361 :
1333 1342 1346 1359 «
1362 1333 1497 1370 Amplius
1513 1341 1550 1361 ex
1563 1334 1591 1362 te
1605 1341 1668 1362 non
1683 1334 1785 1364 videa-

998 1388 1065 1408 mus
1080 1380 1178 1408 filium
1192 1381 1243 1408 aut
1257 1380 1353 1409 filiam
1367 1389 1456 1417 super
1472 1382 1592 1417 terram,
1605 1381 1784 1412 interfectrix

999 1427 1134 1455 virorum
1150 1428 1281 1456 tuorum.
1299 1437 1312 1453 »
1332 1429 1408 1463 Tob„
1425 1436 1467 1463 111,
1483 1430 1510 1457 9.

1035 1475 1206 1503 Nuntiatum
1226 1477 1269 1504 est
1294 1476 1478 1512 Holopherni
1508 1477 1592 1513 quod
1620 1477 1674 1506 filii
1695 1478 1784 1507 lsrael

998 1523 1245 1559 proeparavissent
1264 1531 1295 1551 se
1318 1523 1357 1551 ad
1382 1524 1602 1559 resistendum,
1629 1527 1657 1553 et
1683 1525 1784 1555 furore

998 1570 1092 1598 nimio
1112 1570 1219 1599 exarsit
1240 1571 1270 1598 in
1285 1571 1474 1600 iracundiam
1489 1580 1650 1608 magnam,
1666 1574 1782 1610 Judtth,

998 1625 1026 1646 v.
1042 1619 1125 1653 item,
1143 1626 1212 1646 cum
1227 1621 1367 1647 cessasset
1381 1619 1465 1655 loqui
1481 1620 1600 1655 Achior,
1611 1620 1784 1657 indignatus

998 1666 1041 1693 est
1055 1665 1259 1702 Holophernes
1273 1666 1476 1702 vehementer,
1489 1668 1598 1702 Judz'th,
1613 1676 1663 1696 vn.

1035 1714 1089 1740 Pro
1105 1721 1141 1741 eo
1157 1713 1241 1749 quod
1259 1714 1462 1742 Mardochaeus
1485 1718 1580 1743 Aman
1598 1716 1696 1744 noluit
1714 1716 1785 1744 ado-

997 1767 1074 1795 rare,
1087 1760 1138 1788 ille
1153 1760 1193 1789 ita
1209 1760 1388 1796 indignans,
1404 1763 1432 1790 et
1445 1761 1604 1799 impatiens
1618 1762 1683 1798 fuit,
1700 1764 1785 1799 quod

998 1807 1078 1835 visus
1101 1809 1144 1836 est
1165 1816 1328 1844 procurare
1352 1810 1480 1837 mortem
1505 1809 1569 1845 ejus
1597 1811 1625 1839 et
1647 1810 1785 1839 omnium

997 1854 1181 1883 Judaeorum.
1198 1856 1306 1890 Esther,
1322 1864 1365 1884 111.

1034 1901 1142 1930 Videns
1163 1902 1247 1930 Elihu
1273 1903 1357 1939 quod
1383 1903 1471 1931 amici
1499 1903 1572 1938 Job,
1600 1903 1784 1940 disputantes

998 1956 1067 1975 cum
1080 1957 1127 1983 eo,
1142 1957 1204 1976 non
1219 1951 1356 1985 poterant
1373 1957 1442 1977 eum
1456 1951 1646 1985 convincere,
1656 1952 1785 1980 ostendit

998 1995 1092 2023 multa
1107 1996 1191 2030 signa
1206 1996 1397 2032 impatientiae
1411 1997 1510 2025 verbis
1524 1998 1595 2032 suis,
1606 1998 1664 2032 Joh,
1678 2006 1782 2027 xxxur.

1036 2042 1167 2070 Audiens
1181 2043 1478 2079 Nabuchodonosor,
1495 2045 1579 2081 quod
1594 2045 1667 2073 socii
1683 2046 1785 2074 Danie-

997 2089 1032 2117 lis
1061 2098 1183 2118 auream
1211 2092 1354 2125 statuam,
1385 2099 1478 2127 quam
1504 2092 1631 2128 fecerat,
1656 2092 1783 2122 adorare

997 2137 1157 2172 nolebant,
1174 2138 1204 2165 in
1225 2138 1269 2166 ira
1284 2139 1312 2166 et
1326 2138 1426 2167 surore
1443 2147 1493 2168 eos
1508 2148 1611 2169 coram
1626 2148 1657 2169 se
1672 2141 1783 2170 adduci

997 2185 1145 2221 praecepit.
1162 2186 1232 2213 Dan.
1244 2206 1253 2219 ,
1269 2193 1311 2213 111.

1036 2243 1049 2259 (ι
1060 2233 1190 2261 Audiens
1199 2233 1351 2262 Herodes»
1366 2235 1470 2263 natum
1484 2243 1547 2263 esse
1557 2243 1658 2271 regem
1668 2235 1783 2265 Judaeo-

997 2289 1076 2315 rum,
1094 2281 1255 2309 «turbatus
1272 2283 1324 2317 est,
1340 2283 1368 2310 et
1381 2283 1479 2311 omnis
1494 2282 1701 2320 Hierosolyma
1715 2292 1783 2313 cum

997 2328 1059 2363 illo,
1072 2339 1085 2355 ι)
1103 2329 1216 2363 Μαίιὴ.,
1228 2337 1259 2363 11,
1275 2331 1301 2357 3.

1034 2376 1240 2404 Discumbente
1257 2377 1384 2405 Domino
1398 2377 1429 2405 in
1444 2377 1537 2406 domo
1553 2378 1688 2413 Matthaei,
1703 2386 1783 2407 mur-

998 2424 1158 2452 murabant
1169 2424 1304 2453 Pharisaei
1318 2427 1345 2454 et
1359 2425 1478 2460 Scribae,
1494 2425 1624 2454 dicentes
1640 2426 1681 2454 ad
1696 2426 1784 2454 disci·
1802 2442 1804 2444 v

997 2470 1085 2507 pulos
1100 2472 1163 2507 ejus
1180 2481 1186 2499 z
1206 2481 1219 2498 α
1234 2473 1330 2505 Quare
1345 2481 1415 2500 cum
1433 2473 1620 2509 publicanis,
1636 2476 1664 2501 et
1680 2482 1782 2510 pecca-

997 2518 1113 2547 toribus
1129 2519 1316 2547 manducatis
1332 2521 1360 2548 et
1374 2520 1496 2547 bibitis?
1511 2529 1524 2545 n
1542 2521 1620 2555 Luc„
1637 2528 1665 2556 v,
1682 2523 1726 2550 30.

1034 2565 1133 2594 Simile
1148 2566 1285 2600 habetur,
1300 2568 1377 2602 Luc„
1392 2575 1443 2602 xv,
1461 2569 1487 2602 i,
1500 2570 1533 2596 2:
1549 2576 1563 2593 (1
1578 2569 1666 2596 Erant
1675 2576 1782 2604 appro-

997 2613 1177 2650 pinquantes
1205 2614 1245 2642 ad
1270 2616 1371 2643 Jesum
1397 2615 1561 2651 publicani,
1592 2617 1621 2644 et
1648 2617 1782 2652 peccato-

998 2670 1056 2697 res,
1072 2673 1086 2689 »
1105 2664 1160 2691 etc.
1184 2672 1197 2689 α
1213 2664 1245 2691 Et
1259 2663 1498 2699 murmurabant,
1514 2673 1529 2690 1>
1546 2665 1601 2693 etc.

1035 2708 1106 2736 item
1121 2707 1158 2737 de
1183 2708 1321 2744 Zachaeo,
1342 2709 1417 2744 Luc„
1438 2716 1487 2738 xix
1497 2729 1506 2744 ,
1523 2711 1539 2737 7
1557 2718 1563 2737 :
1582 2718 1595 2736 α
1619 2711 1782 2739 Murmura-
