2004 3037
267 249 329 280 640

265 314 353 343 cutus
367 313 442 341 esset
454 310 654 348 propositum,
667 318 828 355 suspensus
837 310 892 340 t'uit
903 311 980 341 inter
993 319 1052 340 cce-

267 361 331 389 lum
345 361 374 389 et
387 360 507 388 terram.
522 359 546 386 ll
559 357 637 394 1129„
652 365 737 386 xvm.

303 407 382 436 Seba
394 405 475 434 filius
486 404 593 433 Bochri
607 405 768 434 concitavit
781 405 933 442 populum
946 407 1051 434 eontra

267 454 371 489 David,
386 456 415 482 et
426 452 544 489 fugiens
559 453 591 481 in
605 452 731 481 Abelam
746 452 910 488 civitatem,
925 452 979 481 ubi
993 461 1050 490 pu-

267 502 349 531 tabat
361 501 473 529 habere
485 499 636 536 refugium
650 501 679 528 et
694 499 840 528 auxilium
849 521 858 535 ,
877 499 914 536 (a)
930 499 1050 537 decapi-

266 550 342 578 tatus
356 547 412 577 tuit
426 546 552 576 ibidem.
568 548 590 576 ll
604 548 683 582 Rea„
697 554 748 575 xx.

303 594 444 630 Quamvis
457 593 532 622 Joab
551 593 606 622 fuit
623 593 709 621 miles
728 595 866 622 strenuus
884 595 913 622 et
932 593 1048 628 fidelis;

267 642 340 680 quia
353 644 453 670 tamen
468 640 577 670 occidit
591 640 669 669 duos
683 640 792 669 milites
805 640 980 677 proditiose,
989 640 1050 676 jus-

268 698 318 719 sus
333 691 377 719 est
390 688 487 718 occidi
501 688 646 716 moriente
662 687 766 716 David.
784 688 817 717 111
835 688 914 723 Πομ,
928 695 957 716 ιι.

304 737 374 773 Regi
388 735 477 766 lsrael
490 735 620 772 pessimo
636 734 687 763 Ela
699 734 860 763 rebellavit
872 734 1005 770 Zambri,
1021 735 1051 762 et

267 784 377 814 occidit
388 791 469 818 eum,
481 782 533 819 qui
547 784 615 819 post
635 783 750 818 septem
765 781 829 810 dies
841 781 992 817 ingressus
1007 783 1050 808 est

266 831 382 867 regium
405 830 566 867 palatium,
593 830 622 858 et
647 828 801 857 succendit
829 835 860 856 se
886 836 956 856 cum
983 827 1049 864 ipsa

269 879 372 907 domo.
388 878 421 906 111
435 878 514 912 Rea„
528 883 588 904 xvi.

303 925 480 954 vulneratus
494 923 594 952 Achab
609 923 640 951 in
658 922 757 957 bello,
772 924 909 951 mortuus
926 924 969 950 est
986 931 1050 951 ves-

267 980 338 1010 pere
354 973 400 1007 (b),
409 971 593 1000 etlinxerunt
602 977 689 998 canes
701 969 878 1005 sanguinem
888 969 952 1005 ejus
961 970 990 997 in
1001 977 1051 998 eo·-

269 1020 338 1048 dem
352 1019 431 1054 loco,
447 1018 477 1046 in
492 1025 554 1054 quo
566 1017 715 1045 linxerant
730 1017 907 1053 sanguinem
922 1017 1050 1051 Naboth‚

269 1067 321 1104 qui
345 1065 548 1095 dissimulante
571 1065 637 1101 ipso
658 1063 776 1099 Achab,
799 1072 868 1092 cum
889 1064 1049 1092 emendare

267 1114 392 1143 deberet
403 1116 431 1142 et
440 1115 549 1150 posset,
563 1112 657 1140 suerat
668 1111 828 1147 lapidatus.
841 1112 875 1140 lll
885 1112 964 1147 Req„
975 1119 1048 1140 xxn.

305 1163 378 1190 Cum
392 1160 566 1189 ascenderet
590 1159 700 1187 Eliseus
720 1159 751 1188 in
771 1159 916 1187 civitatem
938 1158 1049 1193 Bethel,

269 1210 394 1248 quidam
408 1208 493 1245 pueri
509 1207 586 1236 male
601 1207 707 1235 eruditi
723 1207 892 1235 illudebant
902 1207 940 1242 ei,
953 1215 1050 1242 egres-

268 1258 353 1294 sique
368 1258 436 1285 sunt
451 1256 511 1284 duo
526 1255 598 1290 ursi,
614 1257 642 1283 et
653 1254 859 1283 laceraverunt
871 1262 908 1282 ex
920 1255 963 1282 eis
977 1262 1049 1290 qua-

269 1304 405 1340 draginta
420 1304 497 1332 duos
511 1310 631 1339 pueros.
648 1303 680 1331 lV
695 1303 773 1337 Rea„
790 1310 821 1330 ιι.

305 1352 383 1379 Unus
405 1350 442 1378 de
465 1349 609 1384 ducibus,
625 1349 676 1385 qui
696 1351 758 1377 erat
777 1357 844 1377 cum
863 1356 934 1385 rege
949 1349 1048 1384 lsrael,

267 1399 364 1427 noluit
380 1397 500 1426 credere
518 1396 619 1425 verbis
640 1396 725 1424 Elisei
746 1396 876 1425 futuram
891 1396 1049 1424 abundan-

266 1446 337 1474 tiam
351 1445 538 1482 praedicentis
549 1454 558 1479 3
580 1444 611 1472 in
631 1443 759 1472 erastino
774 1451 847 1472 vero
862 1443 1049 1472 conculcavit

267 1501 335 1522 eum
349 1492 438 1521 turba
452 1491 609 1520 hominum
629 1491 668 1519 ad
689 1491 787 1527 spolia
805 1490 1004 1525 currentium,
1022 1493 1050 1519 et

266 1542 401 1569 mortuus
416 1541 467 1568 est.
483 1540 515 1567 lv
531 1540 608 1573 neq„
621 1546 673 1566 vn.

302 1586 441 1616 Benadad
460 1594 512 1614 rex
534 1585 638 1622 Syriae,
661 1584 712 1621 qui
735 1584 829 1612 multa
850 1584 931 1613 mala
953 1584 1049 1612 intulit

266 1634 333 1662 filiis
351 1634 454 1669 lsrael,
472 1633 527 1661 fuit
546 1633 668 1661 demum
688 1632 727 1660 ab
750 1632 854 1660 llazael
878 1640 965 1661 servo
989 1640 1045 1660 suo

263 1682 426 1718 jugulatus.
443 1683 475 1710 lV
490 1682 568 1716 Req„
584 1688 646 1708 vm.

304 1729 413 1757 Videns
431 1728 504 1756 Jehu
519 1727 643 1764 impiam
656 1726 785 1761 lezabel,
802 1734 868 1762 quae
884 1726 1049 1754 multorum

267 1776 363 1804 fuerat
381 1783 472 1803 causa
494 1774 662 1809 malorum,
677 1774 763 1810 jussit
783 1781 849 1801 cam
870 1772 1047 1810 praecipitari

270 1823 428 1856 deorsum,
443 1824 471 1849 et
489 1821 543 1848 suit
564 1821 602 1848 ita
623 1829 770 1856 equorum
788 1820 909 1855 ungulis
927 1819 1048 1847 concul-

269 1872 352 1904 cata,
368 1869 450 1905 quod
472 1868 540 1896 licet
560 1867 648 1894 fuerit
666 1867 728 1894 tilia
742 1867 830 1902 regis,
846 1874 907 1894 non
923 1866 977 1893 suit
990 1869 1048 1893 tra-

269 1917 330 1944 dita
345 1915 512 1952 sepulturae.
529 1916 562 1943 lV
577 1915 654 1949 Κεφ,
671 1921 712 1949 ix,
728 1915 772 1942 35.

303 1963 418 1992 Athalia
430 1964 524 1990 mater
539 1961 670 1990 Ochozioe
685 1960 829 1988 interfecit
842 1967 931 1988 omne
946 1967 1048 1988 semen

266 2011 392 2047 regium,
413 2011 445 2037 ut
463 2011 560 2045 posset
580 2016 704 2043 regnare
727 2015 816 2043 super
835 2007 1003 2043 populum;
1020 2008 1048 2034 et

266 2057 459 2094 postmodum
470 2056 594 2092 turpiter
605 2055 756 2083 interiecta
769 2054 831 2089 suit,
841 2055 926 2089 jussu
936 2053 1047 2081 loiadoe

266 2104 437 2133 sacerdotis.
456 2105 487 2131 lV
504 2105 581 2138 1³29„
596 2110 637 2131 xi.

302 2154 362 2181 Rex
383 2150 459 2179 Juda
479 2150 577 2178 malus
596 2152 624 2177 et
645 2150 776 2184 ingratus
796 2149 881 2182 Joas,
905 2147 956 2184 qui
980 2147 1048 2175 fecit

267 2199 436 2228 Zachariam
460 2198 556 2225 tilium
583 2197 693 2225 Joiadoe
716 2195 865 2232 pontificis
888 2195 1048 2222 crudeliter

266 2246 412 2283 lapidari,
441 2248 545 2281 postea
579 2244 694 2272 occisus
728 2245 770 2271 est
802 2251 820 2271 a
853 2242 946 2270 servis
976 2241 1044 2269 suis.

267 2296 298 2322 lV
314 2295 390 2328 neq„
406 2301 457 2321 xn.

302 2339 499 2370 Sennacherib
521 2346 573 2367 rex
597 2337 784 2373 Assyriorum
806 2335 1046 2372 superbissimus,

267 2391 295 2416 et
320 2388 349 2416 in
376 2388 467 2415 Deum
492 2386 559 2413 coeli
585 2384 796 2420 blasphemus,
822 2385 982 2419 postquam
1009 2382 1046 2410 de

266 2438 344 2464 terra
357 2434 432 2463 ,luda
448 2432 589 2461 confusus
603 2431 728 2467 aufugit,
743 2439 761 2459 a
776 2430 844 2458 filiis
859 2430 919 2458 suis
932 2429 1047 2457 occisus

267 2482 330 2510 fuit.
347 2483 379 2509 lv
395 2483 460 2515 neq.
476 2488 538 2508 xix.

303 2529 439 2557 sedecias
454 2536 504 2555 rex
520 2527 613 2561 luda,
630 2525 726 2553 malus
744 2525 826 2561 apud
846 2526 938 2552 Deum
954 2525 981 2551 et
995 2523 1048 2551 ho-

268 2576 378 2610 mines,
398 2574 629 2611 comprehensus
651 2575 694 2600 est
718 2572 852 2608 fugiens,
876 2574 943 2599 ante
964 2570 1048 2605 cujus

269 2623 372 2652 oculos
390 2629 442 2651 rex
464 2621 624 2657 Babylonis
646 2620 784 2656 proprios
808 2618 886 2648 filios
909 2617 978 2646 tecit
998 2625 1048 2645 oc-

300 2724 335 2755 (ιι)
350 2723 411 2747 Coet.
426 2721 487 2746 odit.
501 2720 560 2747 add.
578 2722 612 2744 et.
625 2732 655 2738 —
671 2719 704 2750 (b)
719 2718 762 2743 Al.
776 2718 886 2749 vesperi.

885 243 1020 276 BlBLlA
1041 243 1273 277 PAUPERUM.

1106 311 1181 346 cidi;
1193 311 1304 340 deinde
1316 312 1490 342 exoculatus
1503 315 1535 342 ln
1549 312 1733 350 Rabylonem
1745 312 1802 342 tuit
1814 313 1885 342 duc-

1104 359 1166 393 tus,
1182 361 1211 387 et
1229 358 1344 388 ibidem
1365 359 1573 389 miserabiliter
1591 362 1738 389 mortuus.
1758 360 1792 388 lv
1805 360 1884 396 Ray„

1104 413 1172 435 xxv.

1141 453 1245 482 multas
1256 455 1349 482 terras
1362 453 1441 491 cepit
1459 456 1487 483 et
1505 454 1649 483 destruxit
1664 453 1883 492 uolophernes3

1105 499 1245 534 tandem,
1257 500 1411 529 dormiens
1425 501 1598 538 inebriatus,
1611 509 1667 538 per
1678 509 1805 530 manum
1818 509 1884 530 mu-

1106 546 1188 576 lieris
1202 547 1386 584 decapitatus
1400 548 1464 577 suit.
1479 549 1588 585 Juda‘th,
1603 557 1665 578 xm.

1143 594 1379 631 superbissimus
1399 598 1508 631 Aman,
1523 595 1574 633 qui
1589 595 1716 625 faciebat
1729 604 1760 625 se
1775 596 1815 625 ab
1829 596 1884 626 ho-

1105 641 1240 670 minibus
1265 642 1405 678 adorari,
1429 651 1589 679 suspensus
1615 645 1660 672 est
1682 643 1714 672 in
1735 642 1884 680 patibulo,

1106 688 1193 725 quod
1208 689 1271 725 ipse
1285 692 1442 726 paraverat
1455 689 1651 719 Mardochaeo.
1667 691 1757 725 Esth„
1771 698 1820 719 vn.

1141 735 1293 764 Balthazar
1303 743 1355 764 rex
1369 735 1530 772 Babylonis
1541 745 1603 765 non
1616 739 1660 766 est
1673 739 1820 766 correctus
1831 744 1885 774 per

1106 781 1278 818 exemplum
1289 782 1570 812 Nabuchodonosor
1581 783 1673 820 patris
1683 783 1740 818 sui,
1751 784 1805 820 qui
1816 786 1884 812 ante

1105 836 1176 857 eum
1189 828 1245 856 ruit
1258 831 1387 857 mutatus
1405 829 1436 857 in
1455 829 1601 865 bestiam;
1623 831 1653 858 et
1671 838 1741 858 cum
1761 832 1837 859 esset
1853 830 1885 859 in

1106 876 1256 911 convivio,
1270 876 1346 905 vidit
1359 877 1535 914 scripturam
1549 871 1640 913 irone,
1656 878 1759 910 Thecel,
1773 879 1883 914 Pheres,

1106 926 1135 952 et
1147 924 1254 952 eadem
1271 926 1356 952 nocte
1373 924 1543 953 interfectus
1561 927 1620 959 est,
1634 927 1664 954 et
1680 933 1806 961 regnum
1821 925 1885 961 ejus

1106 971 1146 999 ad
1161 971 1261 1000 Medos
1277 974 1305 1000 et
1320 973 1420 1000 Persas
1435 971 1619 1001 translatum.
1635 973 1719 1008 Dan„
1735 980 1764 1000 v.

1142 1022 1333 1048 Accusatores
1359 1019 1500 1054 Danielis,
1527 1019 1650 1055 J'ubente
1680 1020 1767 1049 nario
1797 1028 1883 1057 rege,

1105 1066 1187 1094 missi
1202 1069 1270 1095 sunt
1285 1066 1314 1094 in
1329 1065 1427 1095 lacum
1442 1066 1564 1095 leonum
1574 1088 1583 1101 ,
1599 1069 1627 1095 et
1641 1075 1658 1095 a
1676 1067 1816 1096 leonibus
1831 1068 1885 1096 de-

1105 1113 1212 1142 vorati.
1231 1115 1312 1148 Dan„
1330 1121 1367 1142 vi.
1384 1113 1486 1142 Simile
1501 1113 1620 1149 accidit,
1635 1115 1718 1150 Dan„
1734 1123 1792 1144 xiv.

1142 1162 1301 1197 Postquam
1322 1160 1489 1190 Alexander
1506 1169 1559 1189 rex
1581 1161 1692 1190 decidit
1711 1162 1741 1190 in
1763 1162 1884 1197 lectum,

1107 1207 1213 1236 dicitur
1235 1207 1317 1244 quod
1341 1207 1483 1243 cognovit
1505 1208 1577 1244 quia
1596 1210 1774 1244 moreretur,
1798 1209 1884 1246 quasi

1106 1257 1192 1283 antea
1206 1255 1310 1283 mortis
1324 1255 1518 1291 memoriam,
1531 1263 1584 1284 seu
1599 1255 1734 1284 notitiam
1749 1263 1810 1284 non
1831 1255 1884 1284 ha-

1105 1301 1198 1330 beret.
1215 1303 1224 1330 l
1241 1302 1340 1337 Maeli„
1358 1310 1377 1337 1,
1393 1304 1421 1330 6.

1142 1350 1298 1377 Percussus
1312 1349 1365 1377 suit
1380 1349 1509 1378 Alcimus
1522 1350 1671 1386 proditor,
1682 1352 1710 1378 et
1724 1349 1884 1379 dissolutus

1105 1395 1159 1423 fuit
1174 1395 1316 1432 paralysi,
1331 1404 1385 1424 nec
1400 1396 1476 1424 ultra
1488 1397 1583 1433 potuit
1595 1397 1690 1433 loqui,
1701 1399 1729 1425 et
1742 1397 1884 1425 mandare

1107 1442 1144 1470 de
1165 1442 1257 1471 domo
1282 1451 1350 1478 sua,
1369 1445 1398 1470 et
1421 1446 1555 1472 mortuus
1578 1448 1621 1473 est
1645 1452 1713 1472 cum
1737 1446 1884 1472 tormento

1106 1498 1227 1525 magno.
1246 1491 1253 1518 l
1270 1491 1372 1525 Mucia,
1388 1499 1427 1518 ix.

1142 1529 1333 1564 contristatus
1352 1539 1395 1565 est
1413 1545 1464 1566 rex
1482 1537 1642 1566 Antiochus
1663 1537 1701 1566 de
1724 1537 1782 1566 hoc
1801 1537 1884 1574 quod

1106 1584 1292 1612 Andronicus
1310 1584 1415 1619 injuste
1435 1584 1585 1612 occiderat
1607 1584 1711 1613 oniam
1733 1592 1884 1613 summum

1105 1630 1301 1665 sacerdotem,
1316 1633 1344 1658 et
1355 1631 1441 1666 jussit
1455 1631 1657 1660 Andronicum
1677 1631 1772 1659 occidi
1788 1631 1818 1659 in
1834 1639 1884 1659 eo-

1106 1678 1175 1706 dem
1193 1677 1271 1712 loco,
1290 1677 1319 1705 in
1343 1685 1405 1714 quo
1425 1677 1455 1706 in
1475 1678 1580 1706 oniam
1599 1677 1783 1714 impietatem
1805 1685 1885 1706 eom-

1105 1725 1233 1753 miserat.
1251 1726 1270 1753 ll
1287 1725 1388 1757 Mach„
1405 1733 1442 1752 iv.

1142 1771 1236 1799 Multis
1253 1771 1414 1806 sacrilegiis
1433 1780 1451 1799 a
1471 1771 1645 1807 Lysimacho
1669 1771 1833 1799 commissis
1852 1770 1882 1799 in

1105 1818 1216 1854 templo
1229 1839 1237 1852 ,
1266 1820 1445 1853 congregata
1479 1820 1521 1845 est
1552 1817 1711 1846 multitudo
1740 1817 1883 1845 adversus

1105 1872 1173 1892 eum
1183 1886 1191 1899 ,
1218 1867 1245 1892 ct
1270 1865 1367 1900 ipsum
1391 1872 1474 1893 secus
1501 1864 1639 1892 oerarium
1667 1864 1884 1892 interfecerunt.

1106 1912 1126 1939 ll
1139 1911 1241 1945 Maeli„
1257 1919 1297 1939 iv.

1140 1959 1229 1986 lason
1245 1958 1372 1994 impius,
1389 1959 1439 1994 qui
1462 1958 1618 1995 proprium
1639 1958 1760 1986 fratrem
1781 1957 1884 1986 Oniam

1105 2005 1317 2040 captivaverat,
1333 2007 1361 2032 et
1373 2005 1482 2033 multos
1495 2005 1531 2033 de
1547 2005 1641 2041 patria
1654 2012 1708 2032 sua
1720 2004 1884 2041 expulerat,

1104 2059 1229 2088 peregre
1244 2052 1340 2088 periit,
1355 2054 1383 2079 et
1398 2051 1562 2088 insepultus
1576 2054 1604 2080 et
1617 2051 1816 2080 illamentatus
1831 2051 1884 2079 ab—

1101 2099 1196 2135 Jectus
1211 2098 1274 2126 fuit.
1293 2100 1312 2127 ll
1328 2099 1431 2133 Maeli„
1445 2107 1474 2126 v.

1141 2145 1318 2178 Antiochus,
1342 2146 1393 2182 qui
1419 2145 1582 2174 multorum
1605 2147 1729 2174 torserat
1753 2145 1882 2180 viscera,

1104 2201 1208 2229 passus
1237 2192 1335 2220 dirum
1363 2192 1497 2220 dolorem
1526 2192 1673 2220 viscerum
1685 2213 1692 2225 ‚
1722 2191 1884 2220 miserabili

1105 2239 1189 2267 obitu
1211 2247 1334 2275 peregre
1355 2239 1386 2267 in
1406 2238 1560 2267 montibus
1580 2239 1641 2266 vita
1658 2238 1816 2266 defunctus
1832 2240 1883 2266 est.

1104 2286 1125 2314 ll
1141 2287 1242 2320 Mach„
1259 2294 1300 2314 ix.

1143 2333 1301 2367 Menelaus,
1314 2332 1365 2369 qui
1378 2332 1524 2361 malitiose
1541 2332 1668 2361 obtinuit
1679 2331 1800 2360 modico
1814 2333 1886 2359 tem-

1106 2388 1178 2416 pore
1194 2380 1408 2416 principatum,
1426 2379 1462 2406 de
1483 2379 1542 2407 alta
1560 2379 1631 2407 turri
1653 2378 1706 2406 fuit
1723 2377 1884 2414 praecipita-

1107 2429 1153 2455 tus
1164 2427 1194 2454 in
1206 2426 1335 2454 cinerem
1348 2426 1470 2454 inferius
1481 2429 1665 2462 congestum.
1677 2426 1699 2454 ll
1709 2425 1810 2458 mach„
1820 2432 1882 2452 xiii.

1143 2475 1237 2502 llomo
1265 2473 1315 2501 ille
1337 2473 1420 2501 dives
1443 2474 1526 2508 cujus
1551 2481 1621 2508 ager
1647 2472 1754 2500 uberes
1774 2471 1885 2499 fructus

1107 2521 1218 2555 attulit,
1238 2528 1307 2548 cum
1326 2521 1468 2556 cogitaret
1488 2520 1637 2548 destrucre
1653 2519 1759 2546 horrea
1773 2526 1841 2553 sua,
1858 2520 1886 2546 et

1108 2568 1202 2596 tacere
1224 2568 1357 2603 maJ'ora,
1380 2567 1447 2603 plus
1469 2567 1609 2595 credebat
1627 2566 1737 2594 habere
1756 2565 1794 2592 de
1809 2565 1882 2599 vita;

1107 2616 1147 2644 ait
1158 2618 1255 2644 autem
1267 2615 1310 2643 illi
1322 2615 1462 2643 Dominus
1474 2623 1480 2642 :
1494 2614 1620 2648 «Stulte,
1630 2613 1686 2641 hac
1695 2614 1793 2646 nocte,
1805 2622 1818 2639 1>
1828 2614 1882 2640 etc.

1104 2665 1178 2695 Luc„
1194 2671 1247 2698 xn,
1263 2664 1309 2690 20.

1139 2710 1277 2739 Terribile
1293 2712 1336 2738 est
1349 2709 1438 2738 valde
1452 2708 1529 2737 illud
1543 2707 1713 2741 exemplum
1733 2707 1771 2735 de
1788 2707 1880 2735 divite
