2004 3037
243 243 364 273 luerunt
377 249 448 271 eum
465 239 652 278 praecipitare
665 239 705 269 de
720 238 882 276 supercilio
894 238 1006 268 montis
1013 258 1024 274 ‚

243 290 323 325 Luc„
335 296 376 325 tv,
388 288 436 323 28,
449 288 486 316 29
503 287 550 329 (a),

277 337 361 372 Item,
376 342 447 364 cum
459 333 516 364 iret
527 334 560 364 in
573 333 768 370 Hierusalem,
782 333 812 362 et
825 331 917 362 vellet
928 333 1024 362 stans-

242 383 287 412 ire
299 390 354 420 per
367 381 549 415 Samariam,
564 380 687 410 nuntios
700 388 779 418 quos
791 379 934 418 proemisit
947 399 958 415 ,
977 387 1025 408 re·

243 430 343 468 cipere
356 429 527 458 noluerunt.
542 429 620 464 Luc„
636 435 682 464 11,
696 429 742 459 53.

280 478 441 511 Praeterea,
453 476 519 513 ipso
532 475 713 514 praedicante
727 474 837 505 Judaeis
846 495 857 510 ,
877 476 908 504 et
919 480 1026 503 eorum

245 523 374 554 malitias
385 524 569 561 increpante,
585 522 629 552 illi
643 522 684 552 ad
692 521 891 560 lapidandum
903 528 974 550 eum
982 520 1027 550 la-

244 572 332 610 pides
345 571 536 602 sustulerunt.
550 572 643 606 Joan„
657 578 730 605 vm,
745 572 794 605 59,
806 571 835 599 et
848 577 883 606 x,
899 570 944 598 31.

278 620 339 649 Hoc
352 627 462 656 parum
473 618 529 648 fuit
541 619 678 656 respectu
692 625 798 647 eorum
806 638 816 653 ,
832 625 899 654 quae
912 615 945 645 in
957 623 1026 653 pas-

241 666 325 697 sione
340 666 492 702 sustinuit,
505 665 584 695 circa
596 673 691 703 quam
704 664 802 694 notari
815 665 912 701 potest
925 662 1024 700 quod,

240 713 407 744 secundum
423 721 458 742 ea
473 721 541 750 quae
554 713 618 750 ipse
631 712 824 749 praedixerat,
840 710 958 746 Manli„
969 717 1023 746 xx,

241 763 276 790 19
287 782 296 797 ,
311 760 366 789 i'uit
379 760 516 796 delusus,
531 759 700 796 flagellatus
715 760 743 794 et
758 757 929 787 crucifixus.

277 808 402 838 Delusus
414 807 565 844 siquidem
574 806 606 835 in
620 805 713 835 domo
728 804 847 842 Caiphae
860 803 1024 841 pontificis,

241 856 318 887 Luc..
333 863 406 890 xxn,
421 856 455 883 63
471 865 480 882 .·
498 863 512 881 ι
527 853 582 888 Qui
597 853 739 882 tenebant
752 860 838 887 eum,
854 850 1025 880 illudebant

241 903 286 939 ei,
301 902 456 931 caedentes.
468 912 483 929 n
500 903 572 931 ltem
582 901 613 929 in
623 900 761 937 proetorio
772 899 856 928 Pilati
867 897 1023 935 praesidis,

242 950 355 983 Mateta„
375 957 468 985 xxvix,
489 950 524 978 29
542 957 548 977 :
567 958 582 975 α
595 949 678 977 Genu
700 947 778 976 flexo
793 946 962 974 illudebant
976 945 1003 973 ei
1015 965 1025 980 ‚

242 997 374 1027 dieentes
389 1006 397 1025 :
412 999 488 1032 Ave,
502 1004 555 1025 rex
567 995 749 1024 sudaeorum.
766 1005 780 1019 η
797 993 937 1022 Similiter
956 991 1025 1020 illu-

241 1052 293 1074 sus
314 1044 369 1073 fuit
390 1044 423 1072 in
446 1043 539 1072 domo
553 1042 677 1072 Herodis
693 1051 700 1071 :
720 1051 735 1068 α
748 1041 864 1078 Sprevit
879 1047 949 1069 eum
974 1040 1026 1068 ile-

241 1091 348 1128 rodes,
371 1093 400 1120 et
416 1090 507 1119 illusit
523 1098 594 1119 eum
609 1097 679 1118 cum
693 1088 824 1118 exercitu
845 1096 899 1116 suo
912 1108 921 1122 ‚
936 1097 950 1114 ιο
968 1088 1024 1115 ete.

245 1139 324 1174 Luc„
339 1140 391 1171 23,
407 1139 453 1167 11.

277 1186 350 1215 item
363 1184 470 1213 illusus
494 1184 548 1213 fuit
569 1184 711 1213 Dominus
731 1184 814 1212 lesus
837 1182 868 1210 in
888 1179 1025 1218 patibulo

243 1232 355 1268 crucis,
371 1234 399 1260 et
413 1232 470 1260 hoc
486 1240 504 1261 a
518 1231 682 1267 militibus,
703 1233 731 1260 et
753 1229 959 1258 sacerdotibus
970 1249 978 1263 ,
997 1230 1026 1256 et

242 1280 441 1309 communiter
454 1279 717 1316 praetereuntibus,
732 1279 761 1306 et
779 1277 956 1306 latronibus.
979 1276 1022 1304 Si-

243 1326 368 1364 quidem
383 1327 420 1355 de
435 1327 579 1355 militibus
593 1326 712 1361 dieitur,
727 1325 840 1359 Martii„
854 1332 948 1357 nvn,
962 1324 997 1352 29
1015 1332 1023 1351 x

247 1384 260 1400 α
276 1374 443 1403 illudebant
458 1375 483 1402 ei
499 1373 607 1402 milites
622 1373 772 1407 dicentes,
787 1375 856 1407 etc.‚
879 1370 1025 1400 acceden-

243 1423 286 1449 tes
297 1442 306 1457 ,
323 1423 351 1450 et
365 1424 483 1449 acetum
498 1421 666 1450 offerentes.
681 1430 695 1446 i>

279 1470 318 1497 De
342 1468 547 1497 sacerdotibus
570 1471 686 1502 autem,
708 1468 822 1501 Mateta„
844 1473 923 1494 xxvxi
934 1486 945 1500 ,
967 1466 997 1494 4¹
1018 1474 1024 1493 :

247 1526 260 1542 α
275 1516 423 1552 Principes
438 1516 644 1550 sacerdotum,
661 1523 731 1543 cum
754 1514 860 1542 scribis
881 1514 909 1542 et
927 1512 1026 1541 sento-

243 1563 344 1598 ribus,
363 1563 530 1592 illudebant
549 1563 574 1591 ei
594 1563 725 1591 dicentes
740 1570 748 1590 ε
764 1561 843 1590 Alios
863 1560 962 1589 salvos
984 1559 1026 1587 fe-

244 1611 281 1639 cit
292 1631 300 1645 ,
316 1620 329 1635 υ
348 1612 401 1638 etc.

284 1668 297 1684 «
313 1658 521 1686 l‘rsctereuntes
543 1658 642 1685 autem
664 1655 914 1692 blasphemabant
934 1662 1024 1688 eum,

245 1707 398 1734 moventes
414 1705 510 1741 capita
525 1712 588 1732 sua.
605 1714 618 1730 υ
636 1704 748 1735 Mam,
764 1711 846 1731 xxvii
857 1723 866 1737 ,
883 1704 927 1730 30.

282 1753 320 1779 De
335 1752 499 1780 latronibus
515 1752 636 1787 insuper
651 1750 768 1785 dicitur,
792 1751 890 1780 Marc„
908 1757 960 1781 xxv,
974 1748 1024 1776 32:

247 1808 262 1825 «
278 1800 415 1827 Latrones
429 1799 481 1835 qui
496 1798 628 1827 crucifixi
643 1800 725 1826 erant
741 1806 809 1825 cum
822 1806 869 1830 eo,
884 1795 1028 1824 convitia-

245 1846 355 1874 bantur
371 1846 407 1873 Oi.
422 1856 436 1871 ))

283 1893 406 1922 Ulterius
421 1895 491 1921 nota
507 1892 590 1929 quod
605 1892 710 1920 illusus
725 1891 779 1919 suit
796 1890 919 1918 nutibus
941 1890 970 1916 et
990 1889 1028 1916 si-

248 1941 329 1977 gnis,
345 1940 467 1977 quando
486 1950 499 1966 α
512 1940 676 1969 movebunt
690 1938 787 1974 capita
802 1946 871 1972 sua,
889 1939 916 1965 ct
930 1937 1026 1964 tlectc-

247 1989 319 2017 bant
335 1996 431 2024 genua
444 1996 508 2016 sua.
521 1997 535 2013 n

283 2036 384 2063 vei-bis
398 2056 405 2069 ‚
421 2035 544 2071 qnando
559 2034 719 2062 salutantes
740 2031 880 2060 dicebant
897 2040 903 2059 :
921 2040 936 2056 α
951 2033 1026 2064 Ave,

248 2091 300 2111 rex
314 2082 494 2110 Jmtmoruiu.
510 2092 523 2108 n
542 2082 652 2115 illustria,
669 2088 758 2113 xxxii,
777 2082 818 2106 29.

284 2130 386 2164 Factis,
401 2129 523 2166 quando
538 2129 591 2156 suit
604 2129 697 2164 spinis
712 2128 882 2161 cormiatug
899 2127 927 2153 et
942 2131 1028 2153 arun-

251 2177 290 2206 do
301 2198 309 2211 ,
325 2177 392 2205 loco
406 2176 530 2212 sceptri,
548 2176 644 2211 posita
659 2175 688 2202 in
703 2183 795 2202 manu
810 2174 884 2208 ejiis.
902 2172 972 2199 Μία.

285 2225 380 2259 sputis
404 2225 576 2260 deturpatus
588 2243 597 2257 ,
613 2225 641 2250 et
658 2223 736 2250 veste
752 2228 902 2257 purpurea
918 2218 1029 2247 ct'alba

249 2271 378 2300 vestitus
395 2272 472 2305 Luc„
485 2278 566 2298 xxiii.

284 2318 416 2346 Salvator
441 2320 540 2345 noster
555 2317 585 2344 in
603 2315 741 2352 passione
756 2323 810 2342 sua
825 2312 1028 2342 mansuetudi-

248 2373 317 2394 nem
337 2364 469 2392 exhibuit
493 2363 532 2392 ad
559 2363 743 2399 proditorem
756 2383 764 2397 ,
796 2369 886 2397 quem
911 2360 1028 2388 vocavit

249 2413 388 2441 amioum.
405 2411 518 2445 illumi„
534 2418 603 2437 xxvi
615 2430 624 2444 ,
641 2411 684 2437 50.

285 2459 328 2488 Ad
339 2459 484 2493 lictorem,
500 2457 585 2492 cujus
599 2464 702 2484 aurem
715 2455 841 2489 sanavit,
858 2456 936 2486 Luc„
953 2462 1026 2487 xxu,

281 2534 315 2564 (a)
331 2534 391 2558 Coet.
415 2533 475 2557 edit.
494 2531 553 2555 add.
572 2532 601 2555 Et
615 2531 706 2554 iteruin
723 2531 753 2553 :nl
770 2530 934 2560 lapidandum
958 2536 1025 2558 euin,

248 2570 344 2600 lapides
364 2569 529 2593 sustulerunt.
549 2568 631 2597 domi„
654 2573 698 2590 wit
721 2570 743 2589 ··t
766 2572 800 2590 ix.
825 2566 873 2590 Sml
892 2566 1027 2596 super-flue,

248 2614 301 2628 vimi
316 2605 393 2634 pauli>
412 2605 480 2634 infra
503 2603 585 2627 [uidem
606 2603 759 2633 repetuntur.
777 2614 806 2619 -
823 2601 856 2631 (li)
875 2603 934 2626 Item
955 2604 977 2624 el
995 2601 1026 2624 ad

251 2640 382 2670 Cuipliuui,
397 2640 438 2663 ud.
450 2653 479 2656 -
496 2640 524 2667 [vl
542 2638 581 2662 As.
598 2638 679 2668 φώρ
700 2638 731 2667 (tl)
750 2638 810 2661 Coet.
827 2638 886 2660 mlii.
904 2637 1024 2661 nu'iuiani.

862 170 998 204 BIBLIA
1017 166 1248 202 PAUPERUM.

1079 236 1124 264 51.
1137 234 1183 264 Λᾶ
1197 235 1324 270 Annam,
1336 233 1378 264 ad
1389 233 1546 272 caipham,
1560 235 1590 265 et
1603 233 1861 281 adtelfilepim,

1079 289 1183 312 eoram
1201 281 1314 319 quibus
1331 279 1387 310 fuit
1405 279 1567 310 falsissime
1583 281 1758 316 aecusatus,
1773 287 1866 319 mi-

1078 328 1244 358 suetissime
1257 326 1430 365 respondit,
1450 327 1544 361 loun„
1557 335 1632 358 xvm
1650 328 1682 358 et
1693 334 1748 357 xlx
1755 347 1768 364 ,
1781 327 1812 358 ot
1826 325 1862 358 h

1079 375 1145 405 aliis
1158 375 1361 412 Evangelistis.
1820 380 1832 387 ’

1113 423 1186 452 Item
1199 422 1241 451 ad
1253 422 1456 457 crucifixores,
1469 429 1526 458 pro
1536 421 1648 459 quibus
1659 420 1768 457 oravit,
1780 421 1860 458 Iane,

1077 476 1162 505 xxm,
1177 471 1222 498 34.

1113 518 1186 546 Item
1200 516 1241 545 ad
1253 516 1413 552 latronem,
1423 515 1471 544 cui
1484 517 1545 545 tam
1553 514 1685 552 benigne
1694 513 1860 552 respondit,

1080 563 1160 599 Luc„
1173 571 1257 599 xxm,
1272 565 1318 592 43.

1115 611 1155 639 De
1176 609 1378 646 flagellatione
1396 609 1588 647 pensandum
1609 610 1670 644 est,
1693 608 1779 646 quod
1797 608 1863 646 ipse

1080 656 1223 692 Dominus
1234 658 1319 686 lesus
1329 656 1499 694 flagellatus
1509 656 1565 685 fuit
1579 656 1611 684 in
1625 656 1732 693 capite,
1749 655 1862 690 nauh„

1079 711 1170 739 xxvii,
1182 705 1217 732 30
1226 712 1234 732 z
1244 713 1260 730 α
1272 703 1479 732 percutiebant
1492 704 1583 740 caput
1596 703 1661 739 ejus
1675 702 1833 732 arundine.
1844 711 1860 730 ι

1077 751 1150 779 ilem
1164 749 1196 778 in
1210 749 1302 784 facie,
1317 751 1395 782 Luc..
1410 757 1483 784 xm,
1499 749 1554 778 64:
1571 759 1587 777 α
1600 749 1807 779 percutiebant
1817 749 1861 778 i'a-

1080 796 1157 825 ciem
1177 797 1253 833 ejus.
1268 807 1282 824 n
1297 798 1393 832 Joan.‚
1413 805 1497 832 xviri,
1514 790 1567 826 22':
1585 806 1600 823 α
1615 797 1697 826 Unus
1715 796 1862 826 ministro·

1079 851 1148 872 rum
1168 844 1306 873 assistens
1323 844 1457 881 pontifici
1472 844 1554 873 dedit
1567 844 1595 872 ei
1614 843 1744 881 alapam.
1757 853 1772 871 i·
1789 843 1862 872 Item

1079 890 1112 919 in
1125 890 1216 926 collo,
1230 891 1344 926 Mami„
1355 900 1436 927 xxvi,
1449 893 1500 920 67:
1516 901 1529 917 u
1543 891 1683 928 colaphis
1697 898 1767 920 eum
1781 889 1864 919 cffici-

1080 937 1198 966 derunt.
1215 948 1229 965 n
1246 939 1317 967 ltem
1331 938 1366 974 lin
1389 941 1450 967 toto
1472 946 1613 975 corpore,
1628 939 1728 973 Mure„
1741 945 1791 973 xv,
1808 939 1860 966 ¹5:

1082 994 1096 1011 <i
1110 985 1243 1014 'tradidit
1257 985 1315 1014 illis
1328 987 1426 1014 lesum
1445 985 1569 1022 flagellis
1585 993 1710 1021 mesum,
1724 986 1758 1014 ut
1771 983 1863 1014 cruci-

1079 1031 1206 1068 figerent
1219 1040 1299 1061 eum.
1315 1043 1329 1058 u

1115 1079 1200 1108 Circa
1217 1087 1283 1116 quoe
1297 1079 1393 1108 notari
1404 1082 1501 1116 potest
1512 1079 1596 1116 quod
1606 1078 1752 1116 flagellari
1766 1079 1863 1107 solent

1080 1126 1112 1154 in
1123 1126 1219 1163 capite
1233 1126 1318 1155 inscii
1333 1129 1360 1155 et
1375 1126 1427 1163 qui
1440 1127 1629 1162 erudiuntur,
1643 1126 1675 1155 in
1689 1126 1769 1155 eollo
1783 1125 1862 1155 servi

1081 1173 1133 1210 qui
1153 1173 1191 1201 de
1212 1173 1305 1202 domo
1324 1173 1493 1209 ejiciuntur,
1512 1173 1544 1202 in
1564 1173 1639 1202 facie
1660 1173 1702 1202 rei
1721 1172 1774 1210 qui
1786 1172 1864 1202 vitu-

1080 1223 1233 1257 perantur,
1260 1220 1291 1249 in
1316 1222 1378 1250 toto
1408 1229 1534 1258 corpore
1563 1220 1696 1250 scelerati
1724 1219 1777 1257 qui
1805 1227 1862 1257 pu-

1081 1267 1215 1296 niuntur.

1116 1315 1189 1343 Item
1203 1315 1386 1343 considerari
1402 1315 1492 1344 debet
1505 1315 1544 1344 ab
1560 1315 1660 1343 anima
1675 1314 1768 1349 fideli,
1779 1314 1864 1351 quod

1081 1361 1136 1389 suit
1151 1361 1317 1396 flagellatus
1332 1361 1441 1398 linguis
1455 1361 1740 1398 blasphemantium,
1753 1361 1864 1398 impro-

1080 1409 1261 1445 perantium,
1282 1409 1511 1437 acclamantium
1529 1418 1536 1437 ε
1561 1418 1575 1434 α
1591 1408 1747 1444 crucifige,
1767 1408 1863 1436 cruci-

1081 1456 1140 1492 fige
1155 1464 1235 1484 enm.
1252 1466 1266 1482 n
1279 1456 1386 1484 Palmis
1404 1456 1646 1493 percutientium,
1662 1456 1772 1489 Mami..
1785 1463 1864 1490 ηπ,

1083 1505 1138 1531 ὓἹῑ
1162 1503 1215 1531 Alii
1234 1513 1248 1529 «
1263 1503 1379 1540 palmas
1400 1503 1430 1531 in
1450 1503 1557 1531 taciem
1577 1503 1604 1531 ei
1624 1502 1781 1531 dederunt.
1802 1512 1816 1529 »
1834 1503 1864 1530 ln

1082 1550 1229 1578 arundine
1250 1552 1279 1578 et
1302 1550 1446 1586 flagellis,
1469 1551 1543 1578 sicut
1563 1550 1626 1586 Jam
1646 1549 1743 1578 visum
1767 1552 1811 1578 est
1834 1549 1864 1577 in

1082 1598 1219 1631 inatthoeo,
1235 1600 1263 1625 el.
1276 1598 1376 1625 Murco.

1118 1645 1163 1673 Ad
1187 1644 1285 1673 omnis
1309 1644 1423 1680 injuriae
1444 1644 1598 1672 cumulum
1625 1643 1752 1671 multum
1778 1643 1863 1677 facit,

1083 1692 1167 1728 quod
1191 1692 1252 1727 ipse
1275 1691 1416 1719 Dominus
1438 1690 1675 1724 dominantium,
1701 1690 1752 1726 qni
1776 1689 1865 1718 solvit

1084 1738 1284 1774 compeditos,
1300 1739 1362 1774 ipse
1383 1737 1437 1766 suit
1455 1739 1597 1773 tanquam
1612 1736 1688 1764 latro
1703 1739 1820 1772 captus,
1836 1740 1865 1764 et

1083 1785 1205 1819 ligatus,
1226 1786 1318 1818 Jecur„
1345 1791 1426 1818 xviii,
1452 1787 1481 1811 Γ.)
1499 1793 1505 1811 :
1521 1793 1534 1809 α
1550 1783 1669 1812 ministri
1693 1783 1864 1812 Judaeorum

1083 1831 1374 1867 comprehenderunt
1387 1832 1498 1864 lesum,
1512 1832 1540 1858 et
1553 1830 1719 1865 ligaverunt
1733 1837 1813 1857 eum.
1828 1839 1842 1857 ι)

1120 1880 1190 1907 item
1211 1877 1265 1906 fuit
1285 1878 1360 1906 latro
1381 1879 1407 1905 ei
1427 1878 1616 1914 praepositus,
1634 1877 1705 1913 qnia
1719 1877 1866 1913 petierunt

1084 1925 1251 1953 Barabliam
1267 1925 1323 1952 sibi
1349 1924 1470 1957 dimitti,
1493 1928 1520 1952 ct
1544 1925 1700 1952 Dominum
1715 1922 1863 1958 crucifigi,

1084 1972 1257 2000 testantibus
1273 1971 1413 2000 omnibus
1429 1971 1634 2006 Evangelistis;
1655 1973 1683 1999 et
1701 1972 1799 1998 tamen
1815 1969 1864 1998 ille

1085 2026 1152 2046 cum
1160 2027 1206 2048 eo,
1214 2019 1295 2054 quod
1304 2019 1336 2053 (r)
1346 2021 1407 2046 crat
1415 2018 1500 2052 latro,
1511 2018 1688 2046 inseditione
1699 2016 1806 2045 fecerat
1814 2016 1865 2045 bo-

1085 2065 1249 2100 micidium,
1260 2066 1447 2099 Jouu.,xvni;
1462 2066 1539 2099 Lim,
1549 2073 1638 2099 xxxin
1653 2064 1762 2098 Manli„
1772 2071 1862 2092 xxva.

1085 2112 1166 2140 Unde
1181 2112 1230 2140 ille
1248 2112 1399 2140 Barabbas
1420 2114 1483 2139 erat
1498 2111 1665 2145 homicida,
1688 2110 1864 2143 seditiosus,

1084 2160 1159 2188 latro
1177 2159 1314 2194 insignss,
1331 2159 1361 2186 in
1376 2158 1488 2186 malitia
1504 2158 1682 2186 diffamatus.

1122 2209 1192 2235 Item
1209 2207 1263 2234 snit
1281 2206 1312 2234 in
1332 2205 1429 2233 medio
1454 2205 1604 2233 latronum
1628 2204 1757 2242 positus,
1777 2204 1862 2241 quasi

1085 2257 1158 2282 essct
1174 2253 1314 2288 magister
1334 2260 1456 2285 eorum,
1472 2254 1500 2280 et
1521 2252 1690 2280 sceleratior
1711 2251 1859 2280 omnibus.

1083 2302 1174 2332 Jouu⁸¹
1190 2309 1252 2334 xix,
1270 2302 1317 2328 ¹8:
1338 2310 1350 2325 ιι
1366 2299 1494 2327 Medium
1511 2302 1610 2327 autem
1624 2301 1734 2327 lesum.
1751 2308 1765 2324 ι)

1121 2350 1261 2376 t’rznterea
1284 2346 1471 2383 pensandum
1495 2348 1552 2381 est,
1573 2346 1656 2382 quod
1677 2345 1739 2381 ipse
1759 2344 1813 2372 fuit
1832 2344 1862 2371 in

1085 2395 1226 2423 omnibns
1251 2394 1387 2422 sensibus
1419 2393 1553 2429 corporis
1577 2392 1752 2428 flagellatus.
1780 2391 1864 2419 Oculi

1084 2450 1215 2478 namque
1231 2441 1309 2469 illius
1324 2440 1467 2468 videbant
1481 2440 1549 2467 illos
1563 2442 1687 2467 tortores
1701 2445 1771 2465 suos
1786 2437 1864 2465 rabi-

1085 2489 1140 2516 dos
1155 2510 1163 2523 ‚
1184 2490 1211 2515 ct
1235 2486 1386 2518 crudeles;
1405 2486 1472 2514 iteni
1496 2486 1577 2522 piam
1597 2487 1723 2513 matrem
1746 2484 1811 2519 ejus
1834 2484 1864 2512 in

1085 2536 1185 2564 anima
1207 2535 1244 2570 (d)
1269 2525 1377 2570 pariter
1401 2533 1591 2566 crucifixam,
1615 2531 1757 2559 dilectum
1779 2531 1866 2558 disci-

1083 2583 1205 2619 pulum,
1227 2583 1254 2609 et
1278 2580 1417 2608 mulieres
1441 2579 1564 2607 devotas
1588 2578 1615 2606 ei
1639 2577 1861 2614 compatientes.

1085 2634 1175 2658 Aures
1189 2629 1287 2656 autem
1309 2627 1403 2655 verba
1424 2625 1632 2662 blasphemiae,
1649 2623 1862 2658 insultationis,
