2004 3037
219 184 290 216 574

264 249 416 288 Cupiditas
432 247 598 277 vellibido
619 247 759 277 lucrandi
777 246 898 277 videtur
916 247 1010 276 fuisse

227 295 394 336 principale
421 294 568 324 motivum
588 315 599 329 ,
621 301 716 331 quare
738 294 829 323 ludas
856 294 1013 324 tradiderit

227 343 401 379 Dominum,
414 342 529 378 Mami„
542 349 632 377 xxvr,
645 343 677 370 ¹⁵
693 350 702 370 z
716 350 732 368 οι
743 340 822 376 Quid
834 341 925 371 vultis
937 341 1012 371 mihi

227 390 299 419 dare
309 391 323 419 ‘t
337 399 352 418 π
371 391 426 419 etc.

263 439 318 467 Per
330 437 492 475 pecuniam
505 436 626 466 fuerunt
647 436 780 474 corrupti
800 436 940 466 custodes
953 436 1011 466 do-

226 485 329 514 minici
343 485 483 522 sepulcri,
494 487 527 513 ut
539 484 736 513 mentirentur
750 483 911 513 Dominum
921 492 940 513 a
953 483 1012 512 dis-

227 532 334 570 cipulis
356 532 418 561 suis
443 532 481 561 de
504 534 592 561 nocte
609 531 711 561 furtim
732 531 823 560 fuisse
845 531 1008 560 sublatum.

226 580 340 613 Νικίαι,
355 587 460 608 xxvm.

263 626 406 656 Dominus
418 627 502 656 ,lesus
523 625 653 655 Christus
672 625 828 663 legislator
845 633 934 654 verus
954 632 1009 654 no-

227 674 283 703 luit
296 681 327 702 se
341 674 533 703 intromittere
547 673 586 702 de
601 673 749 702 divisione
763 672 940 702 haereditatis
954 675 1011 702 ter-

227 729 316 756 renae,
333 729 402 750 cum
415 723 492 750 esset
505 728 595 758 super
608 720 667 749 hoe
680 720 850 758 requisitus.
867 721 943 755 Luc„
955 729 1007 749 xn.

263 769 372 798 Contra
386 776 438 797 eos
451 768 504 805 qui
517 767 601 796 bona
613 767 794 804 temporalia
807 769 1008 804 congregant,

227 818 256 844 et
269 816 365 844 multo
381 818 514 852 tempore
529 815 560 843 in
575 814 634 842 iilis
649 814 789 842 delectari
804 815 925 850 putant,
935 821 1008 850 pro-

226 863 327 900 posuit
341 862 483 891 Dominus
497 861 723 890 similitudinem
742 861 780 890 de
795 860 903 896 divite,
924 861 1010 897 eujus

226 918 299 947 ager
310 909 418 938 uberes
430 909 541 937 fruetus
557 907 666 944 attulit,
683 910 738 936 ete.
755 909 831 943 Luc„
847 916 898 937 xu.

263 959 372 987 Contra
390 956 496 985 divites
518 955 644 990 edaces,
667 958 697 984 et
718 956 851 984 vestibus
871 955 1009 992 pretiosis

226 1006 255 1034 et
274 1004 408 1032 delicatis
427 1005 559 1038 utentes,
581 1003 634 1040 qui
653 1003 693 1031 ad
716 1002 912 1031 relevandam
934 1003 1008 1030 indi-

225 1052 356 1088 gentiam
371 1051 517 1088 proximi,
535 1053 605 1079 sunt
625 1053 741 1078 tenaces
760 1053 788 1078 et
807 1050 905 1087 parci,
922 1051 1009 1088 ponit

225 1099 368 1128 Dominus
397 1098 569 1135 exemplum
597 1097 634 1126 de
662 1097 714 1126 illo
742 1097 832 1126 divite
865 1098 1006 1134 epulone.

225 1147 305 1182 Luc„
315 1154 376 1174 xva
388 1147 420 1174 Et
432 1147 503 1174 nota
513 1145 554 1173 ibi
568 1155 574 1173 :
589 1145 613 1172 si
624 1145 663 1173 ita
675 1145 796 1181 punitur
805 1144 866 1180 ilie,
878 1145 931 1181 qui
944 1153 1006 1174 non

225 1193 307 1222 dedit
322 1193 454 1230 propria,
463 1192 538 1229 quid
548 1193 597 1220 liet
608 1192 674 1225 illis,
687 1192 739 1229 qui
751 1192 872 1229 rapiunt
884 1191 982 1220 aliena
993 1194 1007 1220 ‘t

259 1242 482 1268 Excusaverunt
503 1247 549 1274 se,
565 1247 602 1267 ne
624 1239 700 1268 irent
716 1238 755 1267 ad
779 1247 920 1275 magnam
944 1247 1005 1267 coe-

224 1296 310 1324 nam,
327 1288 366 1316 ad
391 1296 483 1324 quam
504 1287 599 1316 vocati
619 1289 718 1322 erant,
740 1289 890 1323 emptores
910 1287 1006 1315 boum

224 1337 254 1364 et
273 1335 429 1369 villarum,
448 1334 560 1362 scilicet
581 1334 741 1362 mobilium
759 1337 788 1362 et
802 1334 1005 1362 immobilium

223 1382 457 1419 possessionum,
468 1381 539 1418 quia
554 1389 695 1418 soepeper
710 1381 780 1410 talia
790 1388 808 1410 a
821 1381 930 1409 coelesti
944 1381 1007 1417 glo-

222 1430 267 1458 ria
278 1429 466 1458 retrahimur.
479 1429 558 1462 Luc„
573 1437 636 1456 xiv.

258 1476 394 1506 Pharisaei
404 1499 412 1512 ‚
426 1476 477 1513 qui
493 1478 576 1504 erant
590 1476 684 1510 avari,
701 1476 856 1504 audientes
868 1475 1005 1504 monitio-

221 1533 273 1553 nes
283 1524 414 1559 Domini,
426 1523 510 1560 quod
522 1523 666 1552 deberent
685 1523 772 1551 amici
784 1523 848 1551 fieri
861 1523 898 1551 de
909 1531 1005 1551 mam-

222 1579 314 1600 mona
332 1571 511 1607 iniquitatis,
533 1570 710 1599 deridebant
731 1571 828 1598 illum.
848 1571 926 1605 Luc„
943 1578 1003 1599 xv1.

257 1619 348 1647 Nimis
363 1618 533 1646 terribiliter
546 1619 650 1654 punita
665 1618 719 1646 tuit
732 1618 853 1647 Ananim
868 1619 1004 1654 avaritia,

222 1669 250 1695 et
264 1667 410 1703 Saphirze,
426 1667 478 1702 qui
498 1666 536 1694 de
560 1667 656 1702 pretio
680 1666 744 1702 agri
758 1666 871 1695 venditi
889 1669 1004 1703 partem

221 1714 404 1742 retinuerunt
418 1714 485 1741 sibi.
502 1715 573 1748 Act„
589 1721 618 1741 v.

258 1761 384 1795 Quidam
400 1761 569 1796 quoestuarii
591 1761 737 1788 habentes
758 1768 850 1788 unam
870 1760 1003 1796 puellam

221 1808 443 1844 pythonissam,
459 1816 476 1835 a
492 1816 552 1843 qua
567 1807 675 1835 Paulus
696 1808 783 1842 ejecit
800 1807 983 1834 daemonium
994 1829 1002 1842 ,

222 1855 357 1883 videntes
379 1854 462 1890 quod
487 1854 646 1882 amiserant
660 1855 806 1890 qutrstum
822 1862 926 1889 suum,
948 1862 1003 1890 ap-

221 1902 443 1939 prehenderunt
459 1901 596 1936 Paulum,
619 1904 647 1929 et
669 1901 760 1929 Silam
779 1901 897 1928 socium
918 1901 981 1936 ejus
994 1922 1002 1936 ‚

223 1953 250 1979 et
273 1950 423 1978 duxerunt
442 1957 494 1977 eos
516 1948 555 1977 ad
579 1948 728 1985 principes
754 1948 895 1980 civitatis,
916 1956 1003 1976 accu-

221 2000 319 2026 santes
334 2006 400 2032 008,
417 1996 500 2033 quod
516 1996 664 2023 civitatem
681 1995 844 2030 turbarent,
862 1996 890 2022 et
905 2003 1004 2023 mores

220 2044 339 2072 illicitos
360 2044 540 2072 nuntiarent.
559 2043 741 2078 Magistratus
761 2045 880 2076 autem,
906 2042 1003 2070 scissis

221 2091 341 2120 illorum
355 2091 474 2125 tunicis,
489 2091 620 2118 recerunt
635 2098 686 2118 eos
703 2090 776 2117 credi
788 2109 796 2123 ,
811 2092 839 2117 et
860 2090 889 2117 in
905 2096 1003 2117 carce-

220 2147 284 2167 rem
299 2138 384 2173 mitti,
396 2140 423 2166 et
437 2146 505 2165 eum
521 2138 676 2172 diligentia
691 2137 844 2166 custodiri.
857 2138 929 2171 Act„
939 2144 1001 2164 ΧΠ.

258 2185 348 2213 Paulo
365 2185 447 2221 apud
463 2184 607 2220 Ephesum
624 2185 783 2219 existente,
797 2187 825 2212 et
839 2184 934 2212 muita
949 2184 1002 2212 ibi-

222 2232 291 2260 dem
305 2232 450 2259 miraeula
464 2231 605 2265 faciente,
622 2231 785 2258 Demetrius
806 2231 931 2267 quidam
956 2239 1002 2259 ar-

221 2279 369 2316 gentarius
384 2279 494 2307 faciens
512 2278 591 2306 oedes
615 2281 768 2313 argenteas
788 2278 899 2313 Dianze,
916 2286 1002 2314 praes-

221 2327 302 2356 tabat
316 2326 478 2355 artificibus
497 2333 558 2353 non
581 2325 735 2352 modicum
746 2328 902 2360 quaestum.
922 2326 1002 2358 Quos

222 2382 390 2402 convocans
407 2393 415 2407 ,
444 2373 518 2400 dixit
551 2372 635 2408 quod
663 2371 771 2399 Paulus
799 2372 945 2399 suadebat
974 2374 1002 2400 et

221 2421 374 2450 avertebat
388 2419 534 2457 populum
547 2427 564 2447 a
584 2419 699 2447 cultura
718 2419 861 2453 deorum,
882 2419 1001 2453 (licens,

221 2468 304 2504 quod
320 2477 380 2496 non
402 2470 470 2496 suut
485 2467 527 2495 dii
546 2466 597 2503 qui
619 2467 758 2494 manibus
773 2466 857 2494 fiunt.
878 2468 917 2494 ita
941 2469 1002 2494 tur-

220 2515 303 2544 bavit
317 2515 479 2549 civitatem,
494 2514 578 2550 quod
600 2514 723 2549 impleta
747 2517 789 2542 est
808 2513 999 2549 confusione,

222 2564 250 2590 et
267 2562 411 2598 impetum
434 2562 567 2589 lecerunt
590 2568 650 2589 uno
666 2561 766 2589 animo
785 2561 816 2589 in
831 2560 977 2589 theatrum
991 2582 1000 2596 ,

220 2611 306 2645 rapto
323 2609 393 2637 Gaio
411 2611 439 2637 et
452 2607 636 2642 Aristarcho,
651 2608 810 2636 comitibus
830 2607 927 2643 Pauli,
943 2610 998 2637 etc.

221 2657 293 2691 Act„
307 2664 368 2684 xix.

851 179 986 212 BlBLlA
1006 178 1238 212 PAUPERUM.

1105 247 1181 276 cum
1198 248 1275 277 esset
1286 247 1402 284 ,Paulus
1420 248 1504 286 apud
1525 247 1654 278 Felicem
1671 248 1848 296 meditem,

1068 293 1186 323 vinetus
1199 302 1218 324 a
1238 293 1347 323 ludaeis
1370 295 1518 332 tanquam
1537 294 1631 324 homo
1649 294 1809 327 seditiosus
1821 297 1852 327 et

1068 340 1187 378 pestifer
1219 344 1388 378 aecusatus,
1417 341 1558 379 sperabat
1582 341 1664 371 Felix
1686 335 1850 384 quodpe-

1069 388 1157 417 cunia
1178 388 1298 418 daretur
1321 389 1349 418 ei
1371 397 1390 418 a
1408 389 1516 425 Paulo;
1539 390 1663 426 propter
1677 388 1770 427 -quod
1791 385 1850 418 fre-

1068 437 1196 473 quenter
1217 443 1372 465 accersens
1389 444 1460 465 eum
1484 435 1566 466 Felix
1585 436 1767 474 loquebatur
1779 443 1850 469 eum

1067 490 1120 519 eo,
1134 484 1208 516 Act..
1223 491 1284 512 ΧΠ.
1301 485 1335 512 Et
1347 483 1420 520 quia
1433 491 1497 512 non
1510 483 1552 513 ita
1568 482 1625 513 fuit
1643 482 1771 518 tactum,
1785 482 1850 520 ipse

1064 528 1160 566 ,iudex
1172 530 1295 567 iniquus
1306 538 1369 559 non
1383 530 1514 560 absolvit
1527 538 1616 567 eum;
1631 530 1687 561 sed
1699 538 1771 560 eum
1782 528 1850 560 reli-

1067 577 1134 614 quit
1146 578 1230 607 Festo
1242 578 1406 607 successori
1420 585 1476 607 suo
1490 578 1634 607 vinctum.

1277 673 1440 709 CAPUT
1469 674 1638 710 LXXIV.

1348 745 1386 774 De
1396 747 1570 782 paupertate.

1101 814 1270 844 patriarcha
1281 815 1374 844 Jacob
1388 813 1532 845 recedens
1545 823 1564 844 a
1577 815 1753 852 parentibus
1764 816 1826 845 suis
1835 837 1846 852 ,

1066 862 1095 890 et
1108 861 1171 890 iens
1185 861 1225 890 ad
1244 861 1346 891 Laban
1359 862 1480 892 tratrem
1501 863 1604 892 matris
1622 871 1684 892 suae
1694 884 1704 898 ,
1717 870 1773 892 nee
1787 863 1849 892 ani-

1065 908 1143 944 mal,
1155 917 1211 937 nec
1224 908 1373 938 famulum
1387 909 1495 945 legitur
1508 909 1650 939 habuisse
1661 931 1671 945 ,
1685 909 1738 938 sed
1751 910 1784 938 in
1796 909 1848 939 be-

1065 956 1134 985 culo
1157 965 1212 985 suo
1230 957 1364 986 transivit
1381 957 1559 993 Jordanem,
1575 959 1605 986 et
1627 957 1761 995 quadam
1783 957 1848 986 viee

1065 1003 1168 1032 volens
1189 1004 1375 1040 requiescere
1388 1008 1457 1042 post
1479 1005 1550 1034 solis
1575 1004 1764 1039 occubitum,
1783 1003 1848 1033 tulit

1065 1050 1102 1079 de
1117 1050 1286 1088 lapidibus,
1300 1055 1327 1080 et
1339 1060 1514 1089 supponens
1534 1052 1623 1090 capiti
1637 1060 1692 1081 suo
1706 1051 1848 1080 dormivit

1064 1097 1094 1125 in
1110 1097 1216 1127 eodem
1231 1098 1310 1127 loco.
1328 1099 1408 1132 Gen„
1420 1107 1522 1128 xxvm.

1100 1147 1214 1182 Moyses
1228 1146 1370 1182 pascebat
1386 1155 1458 1174 oves
1469 1146 1570 1175 Jethro
1583 1146 1678 1175 soceri
1692 1145 1739 1174 sui
1751 1153 1847 1174 saeer-

1063 1192 1141 1221 dotis
1157 1192 1291 1221 Madian:
1304 1201 1358 1230 per
1372 1193 1456 1230 quod
1470 1193 1600 1229 videtur,
1613 1193 1698 1230 quod
1710 1192 1847 1230 proprias

1062 1247 1124 1268 non
1146 1239 1287 1275 habebat,
1303 1241 1355 1276 qui
1379 1241 1492 1269 alienas
1512 1240 1664 1278 pascebat.
1686 1239 1787 1272 Emod„
1802 1246 1844 1268 m.

1098 1287 1175 1315 Ruth
1190 1287 1324 1316 Moabitis
1336 1295 1396 1316 non
1408 1288 1525 1323 magnis
1536 1287 1646 1316 divitiis
1660 1286 1845 1321 abundabat,

1062 1334 1187 1371 quaudo
1209 1334 1262 1363 ivit
1275 1334 1315 1362 ad
1335 1335 1539 1371 colligendum
1553 1335 1651 1372 spicas
1666 1356 1674 1370 ‚
1697 1342 1765 1372 quae
1783 1341 1846 1362 me—

1062 1381 1186 1410 tentium
1210 1381 1346 1418 fugerant
1373 1391 1481 1411 munus
1497 1403 1506 1417 ,
1535 1391 1604 1420 quae
1633 1382 1672 1411 ad
1700 1389 1846 1419 pauperes

1061 1429 1261 1466 pertinebant.
1278 1431 1374 1464 Ruth„
1390 1438 1430 1465 11,
1445 1431 1472 1459 3.

1098 1477 1160 1504 Uno
1175 1484 1270 1513 puero
1285 1480 1440 1506 contentus
1460 1477 1529 1506 Saul
1547 1477 1599 1506 ivit
1613 1477 1683 1506 satis
1700 1476 1790 1513 longe
1805 1476 1845 1505 ad

1062 1523 1258 1560 quaerendum
1281 1524 1380 1552 asinas
1397 1525 1490 1561 patris
1513 1524 1579 1559 sui3
1596 1523 1677 1552 unde
1691 1523 1754 1560 ipse
1774 1522 1845 1552 Saul

1062 1571 1135 1599 dixit
1150 1574 1254 1608 postea
1276 1571 1404 1600 Samueli
1416 1593 1425 1607 ,
1445 1572 1530 1608 quod
1548 1572 1688 1608 cognatio
1710 1579 1765 1600 sua
1783 1572 1846 1599 erat

1060 1618 1186 1647 minima
1210 1619 1285 1647 inter
1306 1627 1410 1648 omnes
1431 1619 1560 1648 familias
1581 1619 1618 1647 de
1641 1619 1721 1647 tribu
1741 1618 1841 1654 Benja—

1060 1666 1134 1694 min.
1153 1667 1251 1701 illm„
1268 1674 1308 1694 ix.

1097 1713 1233 1742 Minimus
1248 1715 1311 1741 erat
1323 1713 1417 1740 David
1432 1713 1508 1741 inter
1523 1712 1601 1741 filios
1616 1712 1707 1748 patris
1724 1711 1768 1739 sui
1778 1731 1787 1744 ,
1802 1711 1842 1739 ita

1061 1760 1162 1796 quod,
1179 1759 1302 1795 quando
1325 1760 1405 1787 venit
1431 1758 1550 1787 Samuel
1573 1759 1614 1787 ad
1635 1757 1843 1794 inungendum

1060 1814 1155 1834 unum
1174 1814 1209 1834 ex
1226 1806 1294 1834 filiis
1315 1806 1386 1840 isai,
1399 1805 1492 1834 David
1506 1807 1570 1834 erat
1584 1805 1615 1833 in
1635 1805 1774 1842 pascuis,
1788 1812 1843 1833 nec

1059 1853 1090 1881 in
1115 1852 1263 1889 principio
1286 1855 1410 1881 vocatus
1431 1852 1501 1887 suit,
1524 1852 1610 1888 quasi
1634 1852 1748 1880 nullius
1769 1854 1845 1880 esset

1059 1899 1264 1936 reputationis.
1282 1899 1392 1928 Deinde
1414 1908 1482 1927 cum
1506 1899 1610 1927 fratres
1625 1899 1688 1935 ejus
1703 1901 1799 1927 essent
1812 1898 1843 1927 in

1060 1946 1204 1978 exercitu,
1220 1946 1299 1974 misit
1311 1955 1380 1974 eum
1395 1950 1479 1983 pater
1493 1955 1564 1974 suus
1579 1949 1719 1974 onustum
1734 1946 1843 1974 victua-

1059 1993 1139 2022 libus.
1154 1993 1193 2021 ad
1209 1993 1404 2022 deserendum
1430 1993 1497 2021 illis.
1519 1994 1623 2029 lReq.,
1644 2001 1695 2021 xvr
1719 1994 1747 2021 et
1769 2001 1840 2021 xvu.

1095 2043 1231 2077 Magnam
1248 2041 1407 2077 penuriam
1424 2041 1593 2077 patiebatur
1612 2040 1701 2076 Elias,
1718 2040 1842 2076 quando

1059 2088 1141 2124 petiit
1157 2096 1175 2116 a
1188 2087 1280 2116 vidua
1295 2090 1457 2124 sareptana
1468 2109 1475 2122 ,
1489 2090 1522 2116 ut
1543 2087 1628 2116 daret
1642 2088 1668 2116 ei
1683 2087 1841 2124 paululum

1059 2144 1145 2172 aquoe
1159 2138 1187 2163 et
1201 2135 1369 2164 buccellam
1384 2136 1481 2172 panis.
1495 2137 1529 2164 lii
1545 2137 1623 2172 Κεφ,
1635 2144 1708 2165 xvn.

1095 2182 1158 2211 Filii
1180 2183 1396 2219 prophetarum
1411 2183 1466 2211 sub
1482 2183 1577 2212 Eliseo
1599 2183 1630 2211 in
1644 2191 1756 2219 magna
1770 2191 1841 2220 pau-

1058 2231 1170 2266 pertate
1185 2229 1345 2264 vivebant,
1359 2230 1410 2266 qui
1429 2238 1538 2266 parum
1558 2230 1595 2258 de
1620 2238 1712 2267 pane,
1728 2233 1756 2258 et
1769 2230 1839 2258 insi-

1058 2277 1163 2313 pidum
1177 2276 1365 2313 pulmentum
1381 2277 1542 2305 habebant.
1560 2278 1592 2305 lv
1608 2279 1686 2312 Req„
1701 2285 1742 2305 iv.

1094 2328 1178 2353 Anna
1203 2333 1279 2353 uxor
1301 2324 1399 2352 Tobiae
1424 2325 1486 2353 ibat
1509 2324 1547 2353 ad
1576 2325 1735 2353 textrinum
1764 2331 1839 2360 opus

1058 2374 1119 2400 tota
1131 2372 1196 2408 die;
1209 2380 1262 2408 per
1277 2371 1361 2408 quod
1372 2371 1490 2399 videtur
1501 2371 1570 2401 illos
1582 2379 1729 2408 pauperes
1739 2370 1837 2406 fuisse,

1058 2419 1109 2456 qui
1122 2427 1175 2447 nee
1191 2419 1288 2455 ipsum
1301 2418 1530 2447 instrumentum
1546 2419 1586 2447 ad
1598 2418 1758 2447 texendum
1771 2425 1839 2454 pos·

1057 2468 1122 2494 sent
1143 2466 1173 2494 in
1189 2466 1280 2494 domo
1299 2474 1353 2493 sua
1377 2468 1494 2501 tenere;
1512 2466 1591 2494 unde
1607 2467 1635 2494 et
1653 2465 1759 2493 Tobias
1774 2464 1837 2492 filio

1057 2522 1112 2542 suo
1134 2513 1208 2541 dixit
1229 2522 1235 2541 :
1263 2523 1277 2539 «ι
1301 2513 1366 2541 Noli
1390 2513 1510 2548 timere,
1527 2513 1569 2542 fili
1590 2512 1652 2546 mi,
1673 2519 1837 2549 pauperem

1058 2561 1182 2598 quidem
1196 2560 1287 2589 vitam
1303 2561 1450 2596 gerimus,
1465 2572 1478 2588 η
1497 2563 1552 2590 etc.
1571 2561 1645 2596 rob„
1665 2569 1706 2589 1v.

1093 2608 1156 2636 Filii
1173 2607 1402 2636 Rechabitarum
1423 2609 1530 2637 domos
1550 2616 1611 2636 non
1632 2607 1836 2643 aedificabant,

1057 2657 1220 2684 sementem
1235 2663 1296 2684 non
1311 2656 1463 2691 serebant,
1478 2655 1580 2684 vineas
1594 2663 1655 2684 non
1669 2655 1835 2689 habebant,
