<?xml version="1.0" encoding="UTF-8"?>
<!DOCTYPE html PUBLIC "-//W3C//DTD XHTML 1.0 Transitional//EN"
    "http://www.w3.org/TR/xhtml1/DTD/xhtml1-transitional.dtd">
<html xmlns="http://www.w3.org/1999/xhtml" xml:lang="en" lang="en">
 <head>
  <title>
</title>
<meta http-equiv="Content-Type" content="text/html;charset=utf-8" />
  <meta name='ocr-system' content='tesseract 3.04.00' />
  <meta name='ocr-capabilities' content='ocr_page ocr_carea ocr_par ocr_line ocrx_word'/>
</head>
<body>
  <div class='ocr_page' id='page_1' title='image "./operaomniasixtiv08bonauoft/operaomniasixtiv08bonauoft_0655.png"; bbox 0 0 2004 3037; ppageno 0'>
   <div class='ocr_carea' id='block_1_1' title="bbox 832 227 1098 262">
    <p class='ocr_par' dir='ltr' id='par_1_1' title="bbox 832 227 1098 262">
     <span class='ocr_line' id='line_1_1' title="bbox 832 227 1098 262; baseline 0.008 -2"><span class='ocrx_word' id='word_1_1' title='bbox 832 227 962 261; x_wconf 83' lang='lat' dir='ltr'>CAPUT</span> <span class='ocrx_word' id='word_1_2' title='bbox 984 228 1098 262; x_wconf 85' lang='lat' dir='ltr'>CXXV.</span> 
     </span>
    </p>
   </div>
   <div class='ocr_carea' id='block_1_2' title="bbox 136 296 935 2745">
    <p class='ocr_par' dir='ltr' id='par_1_2' title="bbox 154 296 935 385">
     <span class='ocr_line' id='line_1_2' title="bbox 156 296 935 335; baseline 0.001 -10"><span class='ocrx_word' id='word_1_3' title='bbox 156 299 241 333; x_wconf 88' lang='lat' dir='ltr'>esset,</span> <span class='ocrx_word' id='word_1_4' title='bbox 265 298 298 326; x_wconf 88' lang='lat' dir='ltr'>ut</span> <span class='ocrx_word' id='word_1_5' title='bbox 316 296 466 335; x_wconf 87' lang='lat' dir='ltr'>populum</span> <span class='ocrx_word' id='word_1_6' title='bbox 486 296 537 326; x_wconf 90' lang='lat' dir='ltr'>Dei</span> <span class='ocrx_word' id='word_1_7' title='bbox 559 297 598 326; x_wconf 92' lang='lat' dir='ltr'>de</span> <span class='ocrx_word' id='word_1_8' title='bbox 617 304 711 327; x_wconf 83' lang='lat' dir='ltr'>manu</span> <span class='ocrx_word' id='word_1_9' title='bbox 733 296 836 325; x_wconf 80' lang='lat' dir='ltr'>Sisarae</span> <span class='ocrx_word' id='word_1_10' title='bbox 858 296 935 326; x_wconf 88' lang='lat' dir='ltr'>libe-</span> 
     </span>
     <span class='ocr_line' id='line_1_3' title="bbox 154 345 413 385; baseline 0.004 -12"><span class='ocrx_word' id='word_1_11' title='bbox 154 346 242 374; x_wconf 90' lang='lat' dir='ltr'>raret.</span> <span class='ocrx_word' id='word_1_12' title='bbox 257 345 413 385; x_wconf 58' lang='lat' dir='ltr'>Judic.,1v.</span> 
     </span>
    </p>

    <p class='ocr_par' dir='ltr' id='par_1_3' title="bbox 151 391 935 476">
     <span class='ocr_line' id='line_1_4' title="bbox 188 391 935 421; baseline -0.001 -1"><span class='ocrx_word' id='word_1_13' title='bbox 188 392 319 421; x_wconf 86' lang='lat' dir='ltr'>Sollicita</span> <span class='ocrx_word' id='word_1_14' title='bbox 333 392 388 420; x_wconf 86' lang='lat' dir='ltr'>fuit</span> <span class='ocrx_word' id='word_1_15' title='bbox 401 392 503 421; x_wconf 88' lang='lat' dir='ltr'>Noemi</span> <span class='ocrx_word' id='word_1_16' title='bbox 518 394 545 421; x_wconf 89' lang='lat' dir='ltr'>et</span> <span class='ocrx_word' id='word_1_17' title='bbox 557 393 653 420; x_wconf 86' lang='lat' dir='ltr'>astuta</span> <span class='ocrx_word' id='word_1_18' title='bbox 665 391 705 420; x_wconf 88' lang='lat' dir='ltr'>ad</span> <span class='ocrx_word' id='word_1_19' title='bbox 718 391 935 420; x_wconf 85' lang='lat' dir='ltr'>inveniendum</span> 
     </span>
     <span class='ocr_line' id='line_1_5' title="bbox 151 439 681 476; baseline 0 -9"><span class='ocrx_word' id='word_1_20' title='bbox 151 439 277 468; x_wconf 89' lang='lat' dir='ltr'>modum</span> <span class='ocrx_word' id='word_1_21' title='bbox 293 447 353 476; x_wconf 93' lang='lat' dir='ltr'>quo</span> <span class='ocrx_word' id='word_1_22' title='bbox 368 439 455 474; x_wconf 81' lang='lat' dir='ltr'>Ruth,</span> <span class='ocrx_word' id='word_1_23' title='bbox 471 441 525 467; x_wconf 89' lang='lat' dir='ltr'>etc.</span> <span class='ocrx_word' id='word_1_24' title='bbox 539 440 621 472; x_wconf 77' lang='lat' dir='ltr'>Ruth,</span> <span class='ocrx_word' id='word_1_25' title='bbox 638 447 681 467; x_wconf 85' lang='lat'>111.</span> 
     </span>
    </p>

    <p class='ocr_par' dir='ltr' id='par_1_4' title="bbox 150 485 933 617">
     <span class='ocr_line' id='line_1_6' title="bbox 186 485 932 515; baseline -0.001 0"><span class='ocrx_word' id='word_1_26' title='bbox 186 487 276 515; x_wconf 81' lang='lat' dir='ltr'><strong>Mater</strong></span> <span class='ocrx_word' id='word_1_27' title='bbox 287 486 431 515; x_wconf 83' lang='lat' dir='ltr'>Samuelis</span> <span class='ocrx_word' id='word_1_28' title='bbox 444 489 529 515; x_wconf 81' lang='lat' dir='ltr'>Anna</span> <span class='ocrx_word' id='word_1_29' title='bbox 541 486 665 514; x_wconf 80' lang='lat' dir='ltr'>discrete</span> <span class='ocrx_word' id='word_1_30' title='bbox 680 494 710 514; x_wconf 88' lang='lat' dir='ltr'>se</span> <span class='ocrx_word' id='word_1_31' title='bbox 724 485 875 514; x_wconf 84' lang='lat' dir='ltr'>excusavit</span> <span class='ocrx_word' id='word_1_32' title='bbox 893 485 932 514; x_wconf 83' lang='lat' dir='ltr'>ab</span> 
     </span>
     <span class='ocr_line' id='line_1_7' title="bbox 151 532 933 570; baseline -0.003 -8"><span class='ocrx_word' id='word_1_33' title='bbox 151 542 186 562; x_wconf 92' lang='lat' dir='ltr'>eo</span> <span class='ocrx_word' id='word_1_34' title='bbox 203 534 287 570; x_wconf 90' lang='lat' dir='ltr'>quod</span> <span class='ocrx_word' id='word_1_35' title='bbox 305 533 367 562; x_wconf 78' lang='lat' dir='ltr'>Beli</span> <span class='ocrx_word' id='word_1_36' title='bbox 386 534 525 562; x_wconf 84' lang='lat' dir='ltr'><strong>sacerdos</strong></span> <span class='ocrx_word' id='word_1_37' title='bbox 544 534 571 562; x_wconf 93' lang='lat' dir='ltr'>ei</span> <span class='ocrx_word' id='word_1_38' title='bbox 589 533 743 570; x_wconf 86' lang='lat' dir='ltr'>imposuit,</span> <span class='ocrx_word' id='word_1_39' title='bbox 759 532 883 569; x_wconf 85' lang='lat' dir='ltr'>quando</span> <span class='ocrx_word' id='word_1_40' title='bbox 899 532 933 560; x_wconf 83' lang='lat' dir='ltr'>fi-</span> 
     </span>
     <span class='ocr_line' id='line_1_8' title="bbox 150 580 849 617; baseline -0.001 -9"><span class='ocrx_word' id='word_1_41' title='bbox 150 580 224 609; x_wconf 91' lang='lat' dir='ltr'>lium</span> <span class='ocrx_word' id='word_1_42' title='bbox 239 589 257 610; x_wconf 89' lang='lat' dir='ltr'>a</span> <span class='ocrx_word' id='word_1_43' title='bbox 271 581 396 609; x_wconf 90' lang='lat' dir='ltr'>Domino</span> <span class='ocrx_word' id='word_1_44' title='bbox 411 581 582 617; x_wconf 89' lang='lat' dir='ltr'>postulavit.</span> <span class='ocrx_word' id='word_1_45' title='bbox 601 583 610 609; x_wconf 91' lang='lat'><em>1</em></span> <span class='ocrx_word' id='word_1_46' title='bbox 625 582 703 616; x_wconf 64' lang='lat' dir='ltr'>Req„</span> <span class='ocrx_word' id='word_1_47' title='bbox 718 588 739 612; x_wconf 85' lang='lat'>1,</span> <span class='ocrx_word' id='word_1_48' title='bbox 757 582 849 609; x_wconf 80' lang='lat'>15-16.</span> 
     </span>
    </p>

    <p class='ocr_par' dir='ltr' id='par_1_5' title="bbox 149 627 933 806">
     <span class='ocr_line' id='line_1_9' title="bbox 186 627 932 665; baseline -0.001 -8"><span class='ocrx_word' id='word_1_49' title='bbox 186 631 239 658; x_wconf 88' lang='lat' dir='ltr'>Per</span> <span class='ocrx_word' id='word_1_50' title='bbox 254 629 417 665; x_wconf 87' lang='lat' dir='ltr'>sapientem</span> <span class='ocrx_word' id='word_1_51' title='bbox 438 627 640 664; x_wconf 82' lang='lat' dir='ltr'><strong>eloquentiam</strong></span> <span class='ocrx_word' id='word_1_52' title='bbox 659 635 759 663; x_wconf 89' lang='lat' dir='ltr'>suam,</span> <span class='ocrx_word' id='word_1_53' title='bbox 782 629 810 655; x_wconf 89' lang='lat' dir='ltr'>et</span> <span class='ocrx_word' id='word_1_54' title='bbox 823 627 932 656; x_wconf 83' lang='lat' dir='ltr'>libera-</span> 
     </span>
     <span class='ocr_line' id='line_1_10' title="bbox 150 674 933 711; baseline -0.004 -6"><span class='ocrx_word' id='word_1_55' title='bbox 150 677 262 705; x_wconf 79' lang='lat' dir='ltr'><strong>litatem</strong></span> <span class='ocrx_word' id='word_1_56' title='bbox 282 677 351 704; x_wconf 88' lang='lat' dir='ltr'>satis</span> <span class='ocrx_word' id='word_1_57' title='bbox 367 675 535 710; x_wconf 82' lang='lat' dir='ltr'>modicam,</span> <span class='ocrx_word' id='word_1_58' title='bbox 550 675 667 711; x_wconf 78' lang='lat' dir='ltr'>Abigail</span> <span class='ocrx_word' id='word_1_59' title='bbox 684 674 749 702; x_wconf 89' lang='lat' dir='ltr'>viro</span> <span class='ocrx_word' id='word_1_60' title='bbox 770 682 825 702; x_wconf 87' lang='lat' dir='ltr'>suo</span> <span class='ocrx_word' id='word_1_61' title='bbox 840 674 933 702; x_wconf 88' lang='lat' dir='ltr'>vitam</span> 
     </span>
     <span class='ocr_line' id='line_1_11' title="bbox 152 721 930 759; baseline -0.003 -7"><span class='ocrx_word' id='word_1_62' title='bbox 152 723 294 759; x_wconf 88' lang='lat' dir='ltr'>servavit,</span> <span class='ocrx_word' id='word_1_63' title='bbox 325 724 353 751; x_wconf 91' lang='lat' dir='ltr'>et</span> <span class='ocrx_word' id='word_1_64' title='bbox 379 722 472 752; x_wconf 89' lang='lat' dir='ltr'>David</span> <span class='ocrx_word' id='word_1_65' title='bbox 505 722 543 750; x_wconf 90' lang='lat' dir='ltr'>ab</span> <span class='ocrx_word' id='word_1_66' title='bbox 571 721 734 751; x_wconf 89' lang='lat' dir='ltr'>homicidio</span> <span class='ocrx_word' id='word_1_67' title='bbox 763 721 930 758; x_wconf 86' lang='lat' dir='ltr'>impedivit.</span> 
     </span>
     <span class='ocr_line' id='line_1_12' title="bbox 149 772 336 806; baseline -0.011 -6"><span class='ocrx_word' id='word_1_68' title='bbox 149 772 161 800; x_wconf 93' lang='lat' dir='ltr'>I</span> <span class='ocrx_word' id='word_1_69' title='bbox 174 773 252 806; x_wconf 65' lang='lat' dir='ltr'>Rea„</span> <span class='ocrx_word' id='word_1_70' title='bbox 267 778 336 799; x_wconf 83' lang='lat' dir='ltr'>xxv.</span> 
     </span>
    </p>

    <p class='ocr_par' dir='ltr' id='par_1_6' title="bbox 148 816 930 901">
     <span class='ocr_line' id='line_1_13' title="bbox 185 816 930 855; baseline -0.001 -9"><span class='ocrx_word' id='word_1_71' title='bbox 185 818 306 855; x_wconf 78' lang='lat' dir='ltr'>Sapiens</span> <span class='ocrx_word' id='word_1_72' title='bbox 329 818 437 846; x_wconf 88' lang='lat' dir='ltr'>mulier</span> <span class='ocrx_word' id='word_1_73' title='bbox 461 817 606 846; x_wconf 85' lang='lat' dir='ltr'>Thecuitis</span> <span class='ocrx_word' id='word_1_74' title='bbox 634 817 751 845; x_wconf 84' lang='lat' dir='ltr'>induxit</span> <span class='ocrx_word' id='word_1_75' title='bbox 775 817 867 845; x_wconf 84' lang='lat' dir='ltr'>David</span> <span class='ocrx_word' id='word_1_76' title='bbox 890 816 930 845; x_wconf 89' lang='lat' dir='ltr'>ad</span> 
     </span>
     <span class='ocr_line' id='line_1_14' title="bbox 148 865 898 901; baseline -0.003 -7"><span class='ocrx_word' id='word_1_77' title='bbox 148 866 222 901; x_wconf 87' lang='lat' dir='ltr'>hoc,</span> <span class='ocrx_word' id='word_1_78' title='bbox 238 868 269 894; x_wconf 93' lang='lat' dir='ltr'>ut</span> <span class='ocrx_word' id='word_1_79' title='bbox 283 865 380 893; x_wconf 90' lang='lat' dir='ltr'>filium</span> <span class='ocrx_word' id='word_1_80' title='bbox 397 865 516 893; x_wconf 86' lang='lat' dir='ltr'><strong>exulem</strong></span> <span class='ocrx_word' id='word_1_81' title='bbox 530 867 693 894; x_wconf 85' lang='lat' dir='ltr'>revocaret.</span> <span class='ocrx_word' id='word_1_82' title='bbox 711 867 733 894; x_wconf 88' lang='lat'>11</span> <span class='ocrx_word' id='word_1_83' title='bbox 747 866 824 899; x_wconf 66' lang='lat' dir='ltr'>neq„</span> <span class='ocrx_word' id='word_1_84' title='bbox 839 871 898 892; x_wconf 79' lang='lat' dir='ltr'>xw.</span> 
     </span>
    </p>

    <p class='ocr_par' dir='ltr' id='par_1_7' title="bbox 148 911 931 1090">
     <span class='ocr_line' id='line_1_15' title="bbox 184 911 931 947; baseline -0.001 -6"><span class='ocrx_word' id='word_1_85' title='bbox 184 913 343 942; x_wconf 89' lang='lat' dir='ltr'>Obsidente</span> <span class='ocrx_word' id='word_1_86' title='bbox 363 913 438 941; x_wconf 84' lang='lat' dir='ltr'>Joab</span> <span class='ocrx_word' id='word_1_87' title='bbox 460 912 608 940; x_wconf 86' lang='lat' dir='ltr'>civitatem</span> <span class='ocrx_word' id='word_1_88' title='bbox 628 911 736 947; x_wconf 80' lang='lat' dir='ltr'>Abela,</span> <span class='ocrx_word' id='word_1_89' title='bbox 759 911 868 940; x_wconf 88' lang='lat' dir='ltr'>mulier</span> <span class='ocrx_word' id='word_1_90' title='bbox 886 919 931 940; x_wconf 86' lang='lat' dir='ltr'>sa-</span> 
     </span>
     <span class='ocr_line' id='line_1_16' title="bbox 148 959 931 998; baseline -0.003 -9"><span class='ocrx_word' id='word_1_91' title='bbox 148 961 233 998; x_wconf 85' lang='lat' dir='ltr'>piens</span> <span class='ocrx_word' id='word_1_92' title='bbox 247 961 344 990; x_wconf 88' lang='lat' dir='ltr'>taliter</span> <span class='ocrx_word' id='word_1_93' title='bbox 358 961 458 989; x_wconf 86' lang='lat' dir='ltr'>locuta</span> <span class='ocrx_word' id='word_1_94' title='bbox 472 962 515 988; x_wconf 86' lang='lat' dir='ltr'>est</span> <span class='ocrx_word' id='word_1_95' title='bbox 531 960 573 995; x_wconf 86' lang='lat' dir='ltr'>ei,</span> <span class='ocrx_word' id='word_1_96' title='bbox 596 962 623 988; x_wconf 92' lang='lat' dir='ltr'>et</span> <span class='ocrx_word' id='word_1_97' title='bbox 637 962 741 996; x_wconf 87' lang='lat' dir='ltr'>postea</span> <span class='ocrx_word' id='word_1_98' title='bbox 759 959 874 996; x_wconf 91' lang='lat' dir='ltr'>populo</span> <span class='ocrx_word' id='word_1_99' title='bbox 892 959 931 987; x_wconf 90' lang='lat' dir='ltr'>ci-</span> 
     </span>
     <span class='ocr_line' id='line_1_17' title="bbox 149 1006 929 1045; baseline -0.003 -9"><span class='ocrx_word' id='word_1_100' title='bbox 149 1008 257 1043; x_wconf 89' lang='lat' dir='ltr'>vitatis,</span> <span class='ocrx_word' id='word_1_101' title='bbox 272 1008 357 1045; x_wconf 89' lang='lat' dir='ltr'>quod</span> <span class='ocrx_word' id='word_1_102' title='bbox 374 1008 424 1036; x_wconf 93' lang='lat' dir='ltr'>ille</span> <span class='ocrx_word' id='word_1_103' title='bbox 444 1016 512 1035; x_wconf 90' lang='lat' dir='ltr'>cum</span> <span class='ocrx_word' id='word_1_104' title='bbox 526 1007 616 1035; x_wconf 88' lang='lat' dir='ltr'>totius</span> <span class='ocrx_word' id='word_1_105' title='bbox 629 1007 732 1043; x_wconf 74' lang='lat' dir='ltr'>patriae</span> <span class='ocrx_word' id='word_1_106' title='bbox 748 1007 871 1035; x_wconf 87' lang='lat' dir='ltr'>utilitate</span> <span class='ocrx_word' id='word_1_107' title='bbox 890 1006 929 1035; x_wconf 84' lang='lat' dir='ltr'>ab</span> 
     </span>
     <span class='ocr_line' id='line_1_18' title="bbox 150 1055 707 1090; baseline -0.004 -6"><span class='ocrx_word' id='word_1_108' title='bbox 150 1055 308 1084; x_wconf 85' lang='lat' dir='ltr'>obsidione</span> <span class='ocrx_word' id='word_1_109' title='bbox 322 1055 449 1083; x_wconf 86' lang='lat' dir='ltr'>recessit.</span> <span class='ocrx_word' id='word_1_110' title='bbox 466 1057 488 1084; x_wconf 84' lang='grc' dir='ltr'>ΙΙ</span> <span class='ocrx_word' id='word_1_111' title='bbox 504 1056 581 1090; x_wconf 70' lang='grc' dir='ltr'><strong><em>Βεᾳ.,</em></strong></span> <span class='ocrx_word' id='word_1_112' title='bbox 597 1063 648 1088; x_wconf 82' lang='lat' dir='ltr'>xx,</span> <span class='ocrx_word' id='word_1_113' title='bbox 662 1055 707 1082; x_wconf 75' lang='lat'>22.</span> 
     </span>
    </p>

    <p class='ocr_par' dir='ltr' id='par_1_8' title="bbox 147 1100 930 1233">
     <span class='ocr_line' id='line_1_19' title="bbox 187 1100 930 1138; baseline -0.003 -8"><span class='ocrx_word' id='word_1_114' title='bbox 187 1103 347 1131; x_wconf 89' lang='lat' dir='ltr'>Bethsabee</span> <span class='ocrx_word' id='word_1_115' title='bbox 361 1103 455 1130; x_wconf 89' lang='lat' dir='ltr'>mater</span> <span class='ocrx_word' id='word_1_116' title='bbox 465 1101 633 1134; x_wconf 88' lang='lat' dir='ltr'>Salomonis</span> <span class='ocrx_word' id='word_1_117' title='bbox 644 1101 792 1138; x_wconf 79' lang='lat' dir='ltr'>sapienter</span> <span class='ocrx_word' id='word_1_118' title='bbox 802 1100 930 1129; x_wconf 89' lang='lat' dir='ltr'>verbum</span> 
     </span>
     <span class='ocr_line' id='line_1_20' title="bbox 148 1148 929 1187; baseline -0.001 -10"><span class='ocrx_word' id='word_1_119' title='bbox 148 1149 305 1187; x_wconf 84' lang='lat' dir='ltr'>proposuit</span> <span class='ocrx_word' id='word_1_120' title='bbox 319 1157 421 1177; x_wconf 89' lang='lat' dir='ltr'>coram</span> <span class='ocrx_word' id='word_1_121' title='bbox 434 1157 504 1184; x_wconf 87' lang='lat' dir='ltr'>rege</span> <span class='ocrx_word' id='word_1_122' title='bbox 523 1149 633 1183; x_wconf 88' lang='lat' dir='ltr'>David,</span> <span class='ocrx_word' id='word_1_123' title='bbox 653 1151 685 1176; x_wconf 88' lang='lat' dir='ltr'>ut</span> <span class='ocrx_word' id='word_1_124' title='bbox 699 1148 779 1176; x_wconf 91' lang='lat' dir='ltr'>filius</span> <span class='ocrx_word' id='word_1_125' title='bbox 794 1156 865 1176; x_wconf 90' lang='lat' dir='ltr'>suus</span> <span class='ocrx_word' id='word_1_126' title='bbox 879 1149 929 1176; x_wconf 88' lang='lat' dir='ltr'>Sa-</span> 
     </span>
     <span class='ocr_line' id='line_1_21' title="bbox 147 1196 884 1233; baseline -0.003 -8"><span class='ocrx_word' id='word_1_127' title='bbox 147 1197 251 1225; x_wconf 90' lang='lat' dir='ltr'>lomon</span> <span class='ocrx_word' id='word_1_128' title='bbox 265 1199 333 1233; x_wconf 91' lang='lat' dir='ltr'>post</span> <span class='ocrx_word' id='word_1_129' title='bbox 346 1196 432 1224; x_wconf 91' lang='lat' dir='ltr'>illum</span> <span class='ocrx_word' id='word_1_130' title='bbox 447 1203 572 1231; x_wconf 88' lang='lat' dir='ltr'>regnare</span> <span class='ocrx_word' id='word_1_131' title='bbox 588 1196 719 1224; x_wconf 83' lang='lat' dir='ltr'>deberet.</span> <span class='ocrx_word' id='word_1_132' title='bbox 736 1197 757 1224; x_wconf 86' lang='lat'>11</span> <span class='ocrx_word' id='word_1_133' title='bbox 771 1197 849 1230; x_wconf 61' lang='lat' dir='ltr'>Rea„</span> <span class='ocrx_word' id='word_1_134' title='bbox 865 1204 884 1223; x_wconf 94' lang='lat'>1.</span> 
     </span>
    </p>

    <p class='ocr_par' dir='ltr' id='par_1_9' title="bbox 145 1243 930 1422">
     <span class='ocr_line' id='line_1_22' title="bbox 185 1243 930 1272; baseline -0.001 -1"><span class='ocrx_word' id='word_1_135' title='bbox 185 1246 316 1271; x_wconf 91' lang='lat' dir='ltr'>Duarum</span> <span class='ocrx_word' id='word_1_136' title='bbox 338 1243 499 1272; x_wconf 87' lang='lat' dir='ltr'>mulierum</span> <span class='ocrx_word' id='word_1_137' title='bbox 519 1251 621 1272; x_wconf 84' lang='lat' dir='ltr'>eoram</span> <span class='ocrx_word' id='word_1_138' title='bbox 637 1243 795 1272; x_wconf 88' lang='lat' dir='ltr'>Salomone</span> <span class='ocrx_word' id='word_1_139' title='bbox 811 1244 930 1270; x_wconf 90' lang='lat' dir='ltr'>conten-</span> 
     </span>
     <span class='ocr_line' id='line_1_23' title="bbox 147 1290 929 1327; baseline 0 -9"><span class='ocrx_word' id='word_1_140' title='bbox 147 1291 295 1326; x_wconf 75' lang='lat' dir='ltr'>dentium,</span> <span class='ocrx_word' id='word_1_141' title='bbox 312 1291 364 1319; x_wconf 89' lang='lat' dir='ltr'>illa</span> <span class='ocrx_word' id='word_1_142' title='bbox 381 1291 544 1327; x_wconf 86' lang='lat' dir='ltr'>prudenter</span> <span class='ocrx_word' id='word_1_143' title='bbox 565 1293 593 1319; x_wconf 91' lang='lat' dir='ltr'>et</span> <span class='ocrx_word' id='word_1_144' title='bbox 607 1290 655 1327; x_wconf 91' lang='lat' dir='ltr'>pie</span> <span class='ocrx_word' id='word_1_145' title='bbox 672 1290 837 1327; x_wconf 87' lang='lat' dir='ltr'>respondit,</span> <span class='ocrx_word' id='word_1_146' title='bbox 862 1298 929 1326; x_wconf 75' lang='lat' dir='ltr'>quae</span> 
     </span>
     <span class='ocr_line' id='line_1_24' title="bbox 147 1337 928 1373; baseline -0.001 -7"><span class='ocrx_word' id='word_1_147' title='bbox 147 1338 239 1366; x_wconf 87' lang='lat' dir='ltr'>dixit:</span> <span class='ocrx_word' id='word_1_148' title='bbox 259 1338 435 1373; x_wconf 90' lang='lat' dir='ltr'>«Obsecro,</span> <span class='ocrx_word' id='word_1_149' title='bbox 460 1338 600 1373; x_wconf 85' lang='lat' dir='ltr'>Domine,</span> <span class='ocrx_word' id='word_1_150' title='bbox 628 1338 694 1366; x_wconf 87' lang='lat' dir='ltr'>date</span> <span class='ocrx_word' id='word_1_151' title='bbox 718 1337 762 1366; x_wconf 89' lang='lat' dir='ltr'>illi</span> <span class='ocrx_word' id='word_1_152' title='bbox 785 1337 928 1366; x_wconf 87' lang='lat' dir='ltr'>infantem</span> 
     </span>
     <span class='ocr_line' id='line_1_25' title="bbox 145 1387 550 1422; baseline -0.005 -6"><span class='ocrx_word' id='word_1_153' title='bbox 145 1387 249 1416; x_wconf 86' lang='lat' dir='ltr'>vivum</span> <span class='ocrx_word' id='word_1_154' title='bbox 261 1398 288 1415; x_wconf 72' lang='lat' dir='ltr'>n.</span> <span class='ocrx_word' id='word_1_155' title='bbox 304 1387 338 1415; x_wconf 91' lang='lat' dir='ltr'>lll</span> <span class='ocrx_word' id='word_1_156' title='bbox 352 1388 430 1422; x_wconf 68' lang='lat' dir='ltr'>Req„</span> <span class='ocrx_word' id='word_1_157' title='bbox 446 1394 489 1419; x_wconf 87' lang='lat'>111,</span> <span class='ocrx_word' id='word_1_158' title='bbox 505 1388 550 1414; x_wconf 77' lang='lat'>26.</span> 
     </span>
    </p>

    <p class='ocr_par' dir='ltr' id='par_1_10' title="bbox 145 1433 927 1517">
     <span class='ocr_line' id='line_1_26' title="bbox 181 1433 927 1470; baseline -0.003 -7"><span class='ocrx_word' id='word_1_159' title='bbox 181 1436 286 1470; x_wconf 80' lang='lat' dir='ltr'>Magna</span> <span class='ocrx_word' id='word_1_160' title='bbox 297 1433 443 1470; x_wconf 83' lang='lat' dir='ltr'>sapientia</span> <span class='ocrx_word' id='word_1_161' title='bbox 452 1434 508 1461; x_wconf 87' lang='lat' dir='ltr'>fuit</span> <span class='ocrx_word' id='word_1_162' title='bbox 516 1433 545 1461; x_wconf 91' lang='lat' dir='ltr'>in</span> <span class='ocrx_word' id='word_1_163' title='bbox 554 1433 659 1469; x_wconf 82' lang='lat' dir='ltr'>regina</span> <span class='ocrx_word' id='word_1_164' title='bbox 674 1433 761 1468; x_wconf 86' lang='lat' dir='ltr'>Saba,</span> <span class='ocrx_word' id='word_1_165' title='bbox 772 1433 927 1470; x_wconf 88' lang='lat' dir='ltr'>quodipse</span> 
     </span>
     <span class='ocr_line' id='line_1_27' title="bbox 145 1481 926 1517; baseline -0.001 -8"><span class='ocrx_word' id='word_1_166' title='bbox 145 1482 226 1511; x_wconf 79' lang='lat' dir='ltr'>venit</span> <span class='ocrx_word' id='word_1_167' title='bbox 240 1481 344 1510; x_wconf 88' lang='lat' dir='ltr'>audire</span> <span class='ocrx_word' id='word_1_168' title='bbox 363 1481 541 1517; x_wconf 78' lang='lat' dir='ltr'>sapientiam</span> <span class='ocrx_word' id='word_1_169' title='bbox 559 1481 738 1509; x_wconf 88' lang='lat' dir='ltr'>Salomonis.</span> <span class='ocrx_word' id='word_1_170' title='bbox 756 1483 790 1510; x_wconf 92' lang='lat' dir='ltr'>lll</span> <span class='ocrx_word' id='word_1_171' title='bbox 803 1482 880 1515; x_wconf 64' lang='lat' dir='ltr'>Rea..</span> <span class='ocrx_word' id='word_1_172' title='bbox 898 1488 926 1508; x_wconf 82' lang='lat' dir='ltr'>x.</span> 
     </span>
    </p>

    <p class='ocr_par' dir='ltr' id='par_1_11' title="bbox 145 1527 927 1659">
     <span class='ocr_line' id='line_1_28' title="bbox 180 1527 927 1565; baseline -0.004 -7"><span class='ocrx_word' id='word_1_173' title='bbox 180 1530 282 1558; x_wconf 86' lang='lat' dir='ltr'>Mulier</span> <span class='ocrx_word' id='word_1_174' title='bbox 297 1529 454 1558; x_wconf 80' lang='lat' dir='ltr'>sunamitis</span> <span class='ocrx_word' id='word_1_175' title='bbox 467 1529 586 1565; x_wconf 81' lang='lat' dir='ltr'>hospita</span> <span class='ocrx_word' id='word_1_176' title='bbox 600 1528 686 1557; x_wconf 89' lang='lat' dir='ltr'>Elisei</span> <span class='ocrx_word' id='word_1_177' title='bbox 700 1527 862 1565; x_wconf 86' lang='lat' dir='ltr'>prudenter</span> <span class='ocrx_word' id='word_1_178' title='bbox 874 1527 927 1556; x_wconf 90' lang='lat' dir='ltr'>ad-</span> 
     </span>
     <span class='ocr_line' id='line_1_29' title="bbox 145 1575 925 1612; baseline -0.004 -7"><span class='ocrx_word' id='word_1_179' title='bbox 145 1578 229 1606; x_wconf 77' lang='lat' dir='ltr'>haesit</span> <span class='ocrx_word' id='word_1_180' title='bbox 243 1577 280 1611; x_wconf 87' lang='lat' dir='ltr'>ei,</span> <span class='ocrx_word' id='word_1_181' title='bbox 290 1585 346 1604; x_wconf 88' lang='lat' dir='ltr'>nec</span> <span class='ocrx_word' id='word_1_182' title='bbox 355 1576 450 1604; x_wconf 90' lang='lat' dir='ltr'>voluit</span> <span class='ocrx_word' id='word_1_183' title='bbox 464 1584 532 1605; x_wconf 86' lang='lat' dir='ltr'>eum</span> <span class='ocrx_word' id='word_1_184' title='bbox 545 1576 691 1604; x_wconf 85' lang='lat' dir='ltr'>dimittere</span> <span class='ocrx_word' id='word_1_185' title='bbox 702 1577 826 1612; x_wconf 88' lang='lat' dir='ltr'>propter</span> <span class='ocrx_word' id='word_1_186' title='bbox 837 1575 925 1610; x_wconf 91' lang='lat' dir='ltr'>Giezi‚</span> 
     </span>
     <span class='ocr_line' id='line_1_30' title="bbox 146 1623 821 1659; baseline -0.003 -7"><span class='ocrx_word' id='word_1_187' title='bbox 146 1624 243 1652; x_wconf 87' lang='lat' dir='ltr'>donec</span> <span class='ocrx_word' id='word_1_188' title='bbox 258 1624 321 1659; x_wconf 90' lang='lat' dir='ltr'>ejus</span> <span class='ocrx_word' id='word_1_189' title='bbox 335 1623 432 1652; x_wconf 86' lang='lat' dir='ltr'>filium</span> <span class='ocrx_word' id='word_1_190' title='bbox 446 1623 622 1651; x_wconf 82' lang='lat' dir='ltr'>suscitasset.</span> <span class='ocrx_word' id='word_1_191' title='bbox 639 1624 672 1651; x_wconf 79' lang='lat' dir='ltr'>iv</span> <span class='ocrx_word' id='word_1_192' title='bbox 689 1625 766 1657; x_wconf 63' lang='lat' dir='ltr'>Req„</span> <span class='ocrx_word' id='word_1_193' title='bbox 782 1631 821 1651; x_wconf 90' lang='lat' dir='ltr'>1v.</span> 
     </span>
    </p>

    <p class='ocr_par' dir='ltr' id='par_1_12' title="bbox 143 1669 925 1802">
     <span class='ocr_line' id='line_1_31' title="bbox 179 1669 925 1708; baseline -0.004 -8"><span class='ocrx_word' id='word_1_194' title='bbox 179 1671 276 1700; x_wconf 90' lang='lat' dir='ltr'>Holda</span> <span class='ocrx_word' id='word_1_195' title='bbox 290 1671 453 1708; x_wconf 81' lang='lat' dir='ltr'>prophetis,</span> <span class='ocrx_word' id='word_1_196' title='bbox 466 1679 543 1699; x_wconf 82' lang='lat' dir='ltr'>uxor</span> <span class='ocrx_word' id='word_1_197' title='bbox 558 1670 678 1705; x_wconf 88' lang='lat' dir='ltr'>Sellum,</span> <span class='ocrx_word' id='word_1_198' title='bbox 699 1669 809 1698; x_wconf 87' lang='lat' dir='ltr'>Josiam</span> <span class='ocrx_word' id='word_1_199' title='bbox 823 1677 925 1705; x_wconf 84' lang='lat' dir='ltr'>regem</span> 
     </span>
     <span class='ocr_line' id='line_1_32' title="bbox 144 1717 925 1754; baseline -0.004 -7"><span class='ocrx_word' id='word_1_200' title='bbox 144 1718 337 1752; x_wconf 81' lang='lat' dir='ltr'>confortavit,</span> <span class='ocrx_word' id='word_1_201' title='bbox 364 1720 392 1747; x_wconf 90' lang='lat' dir='ltr'>et</span> <span class='ocrx_word' id='word_1_202' title='bbox 415 1718 530 1754; x_wconf 90' lang='lat' dir='ltr'>populo</span> <span class='ocrx_word' id='word_1_203' title='bbox 556 1717 637 1746; x_wconf 89' lang='lat' dir='ltr'>mala</span> <span class='ocrx_word' id='word_1_204' title='bbox 657 1719 783 1745; x_wconf 81' lang='lat' dir='ltr'>ventura</span> <span class='ocrx_word' id='word_1_205' title='bbox 802 1719 925 1752; x_wconf 88' lang='lat' dir='ltr'>propter</span> 
     </span>
     <span class='ocr_line' id='line_1_33' title="bbox 143 1765 770 1802; baseline -0.005 -8"><span class='ocrx_word' id='word_1_206' title='bbox 143 1773 250 1794; x_wconf 87' lang='lat' dir='ltr'>eorum</span> <span class='ocrx_word' id='word_1_207' title='bbox 263 1766 386 1802; x_wconf 85' lang='lat' dir='ltr'>peccata</span> <span class='ocrx_word' id='word_1_208' title='bbox 399 1765 545 1801; x_wconf 71' lang='lat' dir='ltr'>praedixit.</span> <span class='ocrx_word' id='word_1_209' title='bbox 560 1766 594 1793; x_wconf 94' lang='lat' dir='ltr'>lV</span> <span class='ocrx_word' id='word_1_210' title='bbox 606 1766 684 1800; x_wconf 66' lang='lat' dir='ltr'>Req„</span> <span class='ocrx_word' id='word_1_211' title='bbox 698 1772 770 1792; x_wconf 78' lang='lat' dir='ltr'>xxn.</span> 
     </span>
    </p>

    <p class='ocr_par' dir='ltr' id='par_1_13' title="bbox 141 1809 925 1944">
     <span class='ocr_line' id='line_1_34' title="bbox 179 1809 925 1848; baseline -0.003 -8"><span class='ocrx_word' id='word_1_212' title='bbox 179 1813 251 1841; x_wconf 87' lang='lat' dir='ltr'>Sara</span> <span class='ocrx_word' id='word_1_213' title='bbox 269 1811 332 1840; x_wconf 80' lang='lat' dir='ltr'>filia</span> <span class='ocrx_word' id='word_1_214' title='bbox 352 1811 490 1848; x_wconf 82' lang='lat' dir='ltr'>Raguelis</span> <span class='ocrx_word' id='word_1_215' title='bbox 509 1811 634 1840; x_wconf 85' lang='lat' dir='ltr'>discrete</span> <span class='ocrx_word' id='word_1_216' title='bbox 653 1814 681 1839; x_wconf 90' lang='lat' dir='ltr'>et</span> <span class='ocrx_word' id='word_1_217' title='bbox 702 1811 808 1839; x_wconf 90' lang='lat' dir='ltr'>devote</span> <span class='ocrx_word' id='word_1_218' title='bbox 828 1809 925 1838; x_wconf 84' lang='lat' dir='ltr'>oravit</span> 
     </span>
     <span class='ocr_line' id='line_1_35' title="bbox 141 1858 922 1895; baseline -0.004 -6"><span class='ocrx_word' id='word_1_219' title='bbox 141 1860 316 1895; x_wconf 90' lang='lat' dir='ltr'>Dominum,</span> <span class='ocrx_word' id='word_1_220' title='bbox 344 1862 376 1887; x_wconf 92' lang='lat' dir='ltr'>ut</span> <span class='ocrx_word' id='word_1_221' title='bbox 399 1867 465 1887; x_wconf 88' lang='lat' dir='ltr'>eam</span> <span class='ocrx_word' id='word_1_222' title='bbox 489 1859 629 1888; x_wconf 84' lang='lat' dir='ltr'>liberaret</span> <span class='ocrx_word' id='word_1_223' title='bbox 653 1858 690 1887; x_wconf 86' lang='lat' dir='ltr'>de</span> <span class='ocrx_word' id='word_1_224' title='bbox 718 1858 922 1895; x_wconf 77' lang='lat' dir='ltr'>improper10‚</span> 
     </span>
     <span class='ocr_line' id='line_1_36' title="bbox 142 1906 709 1944; baseline -0.004 -8"><span class='ocrx_word' id='word_1_225' title='bbox 142 1907 226 1944; x_wconf 89' lang='lat' dir='ltr'>quod</span> <span class='ocrx_word' id='word_1_226' title='bbox 241 1907 375 1936; x_wconf 85' lang='lat' dir='ltr'>audierat</span> <span class='ocrx_word' id='word_1_227' title='bbox 389 1907 427 1935; x_wconf 87' lang='lat' dir='ltr'>ab</span> <span class='ocrx_word' id='word_1_228' title='bbox 441 1906 558 1934; x_wconf 85' lang='lat' dir='ltr'>ancilla.</span> <span class='ocrx_word' id='word_1_229' title='bbox 577 1907 653 1940; x_wconf 72' lang='lat' dir='ltr'><em>Tob„</em></span> <span class='ocrx_word' id='word_1_230' title='bbox 668 1914 709 1934; x_wconf 89' lang='lat'>111.</span> 
     </span>
    </p>

    <p class='ocr_par' dir='ltr' id='par_1_14' title="bbox 140 1952 923 2133">
     <span class='ocr_line' id='line_1_37' title="bbox 176 1952 923 1990; baseline -0.003 -7"><span class='ocrx_word' id='word_1_231' title='bbox 176 1955 279 1983; x_wconf 87' lang='lat' dir='ltr'>Miram</span> <span class='ocrx_word' id='word_1_232' title='bbox 305 1953 497 1990; x_wconf 79' lang='lat' dir='ltr'>prudentiam</span> <span class='ocrx_word' id='word_1_233' title='bbox 523 1954 551 1981; x_wconf 91' lang='lat' dir='ltr'>et</span> <span class='ocrx_word' id='word_1_234' title='bbox 573 1953 769 1981; x_wconf 87' lang='lat' dir='ltr'>constantiam</span> <span class='ocrx_word' id='word_1_235' title='bbox 795 1952 923 1981; x_wconf 79' lang='lat' dir='ltr'>ostendit</span> 
     </span>
     <span class='ocr_line' id='line_1_38' title="bbox 140 2000 922 2038; baseline -0.005 -6"><span class='ocrx_word' id='word_1_236' title='bbox 140 2003 240 2032; x_wconf 79' lang='lat' dir='ltr'>Iudith</span> <span class='ocrx_word' id='word_1_237' title='bbox 255 2002 439 2038; x_wconf 85' lang='lat' dir='ltr'>alloquendo</span> <span class='ocrx_word' id='word_1_238' title='bbox 454 2002 613 2038; x_wconf 86' lang='lat' dir='ltr'>populum,</span> <span class='ocrx_word' id='word_1_239' title='bbox 630 2003 658 2029; x_wconf 89' lang='lat' dir='ltr'>et</span> <span class='ocrx_word' id='word_1_240' title='bbox 671 2000 849 2037; x_wconf 87' lang='lat' dir='ltr'>decipiendo</span> <span class='ocrx_word' id='word_1_241' title='bbox 864 2002 922 2028; x_wconf 83' lang='lat' dir='ltr'>Ho-</span> 
     </span>
     <span class='ocr_line' id='line_1_39' title="bbox 140 2047 920 2087; baseline -0.006 -8"><span class='ocrx_word' id='word_1_242' title='bbox 140 2050 332 2087; x_wconf 86' lang='lat' dir='ltr'>lophernem,</span> <span class='ocrx_word' id='word_1_243' title='bbox 356 2051 416 2077; x_wconf 85' lang='lat' dir='ltr'>tam</span> <span class='ocrx_word' id='word_1_244' title='bbox 439 2049 591 2085; x_wconf 88' lang='lat' dir='ltr'>potentem</span> <span class='ocrx_word' id='word_1_245' title='bbox 612 2051 783 2084; x_wconf 86' lang='lat' dir='ltr'>tyrannum.</span> <span class='ocrx_word' id='word_1_246' title='bbox 809 2047 920 2082; x_wconf 71' lang='lat' dir='ltr'>Judith,</span> 
     </span>
     <span class='ocr_line' id='line_1_40' title="bbox 140 2096 477 2133; baseline -0.009 -7"><span class='ocrx_word' id='word_1_247' title='bbox 140 2106 201 2131; x_wconf 79' lang='lat' dir='ltr'>vm,</span> <span class='ocrx_word' id='word_1_248' title='bbox 218 2105 312 2133; x_wconf 83' lang='lat' dir='ltr'>usque</span> <span class='ocrx_word' id='word_1_249' title='bbox 324 2096 362 2124; x_wconf 88' lang='lat' dir='ltr'>ad</span> <span class='ocrx_word' id='word_1_250' title='bbox 376 2097 477 2124; x_wconf 90' lang='lat' dir='ltr'>finem.</span> 
     </span>
    </p>

    <p class='ocr_par' dir='ltr' id='par_1_15' title="bbox 138 2142 921 2274">
     <span class='ocr_line' id='line_1_41' title="bbox 176 2142 921 2179; baseline -0.005 -7"><span class='ocrx_word' id='word_1_251' title='bbox 176 2145 277 2173; x_wconf 84' lang='lat' dir='ltr'>Esther</span> <span class='ocrx_word' id='word_1_252' title='bbox 301 2152 369 2171; x_wconf 88' lang='lat' dir='ltr'>cum</span> <span class='ocrx_word' id='word_1_253' title='bbox 392 2151 502 2179; x_wconf 85' lang='lat' dir='ltr'>magna</span> <span class='ocrx_word' id='word_1_254' title='bbox 523 2143 638 2171; x_wconf 86' lang='lat' dir='ltr'>cautela</span> <span class='ocrx_word' id='word_1_255' title='bbox 661 2142 729 2170; x_wconf 78' lang='lat' dir='ltr'>fecit</span> <span class='ocrx_word' id='word_1_256' title='bbox 748 2142 921 2178; x_wconf 86' lang='lat' dir='ltr'>petitionem</span> 
     </span>
     <span class='ocr_line' id='line_1_42' title="bbox 139 2189 921 2227; baseline -0.004 -8"><span class='ocrx_word' id='word_1_257' title='bbox 139 2200 239 2226; x_wconf 82' lang='lat' dir='ltr'>suam,</span> <span class='ocrx_word' id='word_1_258' title='bbox 254 2192 415 2227; x_wconf 83' lang='lat' dir='ltr'>postquam</span> <span class='ocrx_word' id='word_1_259' title='bbox 430 2198 531 2226; x_wconf 81' lang='lat' dir='ltr'>regem</span> <span class='ocrx_word' id='word_1_260' title='bbox 550 2190 589 2218; x_wconf 90' lang='lat' dir='ltr'>ad</span> <span class='ocrx_word' id='word_1_261' title='bbox 603 2190 766 2226; x_wconf 86' lang='lat' dir='ltr'>prandium</span> <span class='ocrx_word' id='word_1_262' title='bbox 780 2189 921 2217; x_wconf 88' lang='lat' dir='ltr'>invitave-</span> 
     </span>
     <span class='ocr_line' id='line_1_43' title="bbox 138 2238 748 2274; baseline -0.003 -7"><span class='ocrx_word' id='word_1_263' title='bbox 138 2241 194 2274; x_wconf 89' lang='lat' dir='ltr'>rat,</span> <span class='ocrx_word' id='word_1_264' title='bbox 209 2241 236 2267; x_wconf 89' lang='lat' dir='ltr'>et</span> <span class='ocrx_word' id='word_1_265' title='bbox 252 2239 301 2266; x_wconf 89' lang='lat' dir='ltr'>ille</span> <span class='ocrx_word' id='word_1_266' title='bbox 314 2239 386 2266; x_wconf 84' lang='lat' dir='ltr'>vino</span> <span class='ocrx_word' id='word_1_267' title='bbox 402 2238 575 2266; x_wconf 80' lang='lat' dir='ltr'>incaluerat.</span> <span class='ocrx_word' id='word_1_268' title='bbox 592 2238 679 2269; x_wconf 63' lang='lat' dir='ltr'>Esth„</span> <span class='ocrx_word' id='word_1_269' title='bbox 697 2245 748 2265; x_wconf 86' lang='lat' dir='ltr'>vu.</span> 
     </span>
    </p>

    <p class='ocr_par' dir='ltr' id='par_1_16' title="bbox 137 2284 919 2413">
     <span class='ocr_line' id='line_1_44' title="bbox 175 2284 919 2320; baseline -0.004 -6"><span class='ocrx_word' id='word_1_270' title='bbox 175 2286 324 2314; x_wconf 87' lang='lat' dir='ltr'>Elisabeth</span> <span class='ocrx_word' id='word_1_271' title='bbox 339 2287 434 2313; x_wconf 90' lang='lat' dir='ltr'>mater</span> <span class='ocrx_word' id='word_1_272' title='bbox 447 2285 568 2313; x_wconf 79' lang='lat' dir='ltr'>loannis</span> <span class='ocrx_word' id='word_1_273' title='bbox 584 2285 716 2320; x_wconf 76' lang='lat' dir='ltr'>Baptistae</span> <span class='ocrx_word' id='word_1_274' title='bbox 732 2284 856 2311; x_wconf 88' lang='lat' dir='ltr'>discrete</span> <span class='ocrx_word' id='word_1_275' title='bbox 872 2291 919 2311; x_wconf 89' lang='lat' dir='ltr'>co-</span> 
     </span>
     <span class='ocr_line' id='line_1_45' title="bbox 138 2331 919 2369; baseline -0.005 -8"><span class='ocrx_word' id='word_1_276' title='bbox 138 2333 241 2369; x_wconf 83' lang='lat' dir='ltr'>gnovit</span> <span class='ocrx_word' id='word_1_277' title='bbox 263 2333 426 2361; x_wconf 83' lang='lat' dir='ltr'>adventum</span> <span class='ocrx_word' id='word_1_278' title='bbox 449 2332 590 2367; x_wconf 81' lang='lat' dir='ltr'>Virginis,</span> <span class='ocrx_word' id='word_1_279' title='bbox 615 2333 642 2359; x_wconf 91' lang='lat' dir='ltr'>et</span> <span class='ocrx_word' id='word_1_280' title='bbox 668 2331 765 2367; x_wconf 81' lang='lat' dir='ltr'>ipsam</span> <span class='ocrx_word' id='word_1_281' title='bbox 799 2331 919 2358; x_wconf 86' lang='lat' dir='ltr'>Matrem</span> 
     </span>
     <span class='ocr_line' id='line_1_46' title="bbox 137 2379 634 2413; baseline -0.006 -4"><span class='ocrx_word' id='word_1_282' title='bbox 137 2380 253 2409; x_wconf 90' lang='lat' dir='ltr'>Domini</span> <span class='ocrx_word' id='word_1_283' title='bbox 269 2380 443 2407; x_wconf 89' lang='lat' dir='ltr'>nominavit.</span> <span class='ocrx_word' id='word_1_284' title='bbox 460 2381 538 2413; x_wconf 62' lang='lat' dir='ltr'>Luc„</span> <span class='ocrx_word' id='word_1_285' title='bbox 554 2387 574 2413; x_wconf 89' lang='lat'>1,</span> <span class='ocrx_word' id='word_1_286' title='bbox 590 2379 634 2407; x_wconf 82' lang='lat'>43.</span> 
     </span>
    </p>

    <p class='ocr_par' dir='ltr' id='par_1_17' title="bbox 136 2426 918 2745">
     <span class='ocr_line' id='line_1_47' title="bbox 172 2426 918 2463; baseline -0.005 -7"><span class='ocrx_word' id='word_1_287' title='bbox 172 2429 242 2456; x_wconf 90' lang='lat' dir='ltr'>Tam</span> <span class='ocrx_word' id='word_1_288' title='bbox 257 2428 395 2462; x_wconf 86' lang='lat' dir='ltr'>tacendo,</span> <span class='ocrx_word' id='word_1_289' title='bbox 413 2435 506 2463; x_wconf 86' lang='lat' dir='ltr'>quam</span> <span class='ocrx_word' id='word_1_290' title='bbox 524 2426 690 2462; x_wconf 87' lang='lat' dir='ltr'>loquendo,</span> <span class='ocrx_word' id='word_1_291' title='bbox 705 2427 785 2462; x_wconf 88' lang='lat' dir='ltr'>patet</span> <span class='ocrx_word' id='word_1_292' title='bbox 799 2426 918 2453; x_wconf 86' lang='lat' dir='ltr'>beatam</span> 
     </span>
     <span class='ocr_line' id='line_1_48' title="bbox 137 2473 916 2509; baseline -0.004 -6"><span class='ocrx_word' id='word_1_293' title='bbox 137 2476 257 2503; x_wconf 81' lang='lat' dir='ltr'>Mariam</span> <span class='ocrx_word' id='word_1_294' title='bbox 272 2475 423 2509; x_wconf 75' lang='lat' dir='ltr'>Virginem</span> <span class='ocrx_word' id='word_1_295' title='bbox 434 2473 610 2502; x_wconf 85' lang='lat' dir='ltr'>mirabiliter</span> <span class='ocrx_word' id='word_1_296' title='bbox 624 2473 714 2501; x_wconf 81' lang='lat' dir='ltr'>fuisse</span> <span class='ocrx_word' id='word_1_297' title='bbox 723 2473 916 2508; x_wconf 86' lang='lat' dir='ltr'>prudentem:</span> 
     </span>
     <span class='ocr_line' id='line_1_49' title="bbox 137 2520 917 2558; baseline -0.004 -8"><span class='ocrx_word' id='word_1_298' title='bbox 137 2523 263 2550; x_wconf 82' lang='lat' dir='ltr'>tacendo</span> <span class='ocrx_word' id='word_1_299' title='bbox 280 2522 418 2558; x_wconf 89' lang='lat' dir='ltr'>quidem,</span> <span class='ocrx_word' id='word_1_300' title='bbox 441 2521 512 2557; x_wconf 86' lang='lat' dir='ltr'>quia</span> <span class='ocrx_word' id='word_1_301' title='bbox 527 2529 623 2557; x_wconf 88' lang='lat' dir='ltr'>pauca</span> <span class='ocrx_word' id='word_1_302' title='bbox 636 2521 730 2549; x_wconf 86' lang='lat' dir='ltr'>verba</span> <span class='ocrx_word' id='word_1_303' title='bbox 749 2520 856 2548; x_wconf 85' lang='lat' dir='ltr'>dixisse</span> <span class='ocrx_word' id='word_1_304' title='bbox 872 2520 917 2547; x_wconf 89' lang='lat' dir='ltr'>in·-</span> 
     </span>
     <span class='ocr_line' id='line_1_50' title="bbox 136 2567 916 2604; baseline -0.003 -8"><span class='ocrx_word' id='word_1_305' title='bbox 136 2569 266 2604; x_wconf 89' lang='lat' dir='ltr'>venitur;</span> <span class='ocrx_word' id='word_1_306' title='bbox 282 2570 382 2597; x_wconf 85' lang='lat' dir='ltr'>locuta</span> <span class='ocrx_word' id='word_1_307' title='bbox 398 2570 440 2596; x_wconf 86' lang='lat' dir='ltr'>est</span> <span class='ocrx_word' id='word_1_308' title='bbox 459 2571 559 2596; x_wconf 85' lang='lat' dir='ltr'>autem</span> <span class='ocrx_word' id='word_1_309' title='bbox 578 2576 647 2596; x_wconf 87' lang='lat' dir='ltr'>cum</span> <span class='ocrx_word' id='word_1_310' title='bbox 666 2567 778 2603; x_wconf 82' lang='lat' dir='ltr'>Angelo</span> <span class='ocrx_word' id='word_1_311' title='bbox 793 2567 916 2595; x_wconf 84' lang='lat' dir='ltr'>discrete</span> 
     </span>
     <span class='ocr_line' id='line_1_51' title="bbox 137 2615 914 2652; baseline 0 -9"><span class='ocrx_word' id='word_1_312' title='bbox 137 2616 315 2652; x_wconf 56' lang='lat' dir='ltr'>quaerendo,</span> <span class='ocrx_word' id='word_1_313' title='bbox 331 2618 359 2644; x_wconf 89' lang='lat' dir='ltr'>et</span> <span class='ocrx_word' id='word_1_314' title='bbox 374 2616 528 2644; x_wconf 88' lang='lat' dir='ltr'>discretius</span> <span class='ocrx_word' id='word_1_315' title='bbox 543 2615 777 2651; x_wconf 85' lang='lat' dir='ltr'>acquiescendo,</span> <span class='ocrx_word' id='word_1_316' title='bbox 794 2615 870 2648; x_wconf 65' lang='lat' dir='ltr'>Luc„</span> <span class='ocrx_word' id='word_1_317' title='bbox 885 2622 914 2643; x_wconf 85' lang='lat'>1:</span> 
     </span>
     <span class='ocr_line' id='line_1_52' title="bbox 140 2661 916 2696; baseline -0.001 -6"><span class='ocrx_word' id='word_1_318' title='bbox 140 2672 153 2688; x_wconf 74' lang='grc' dir='ltr'>ι(</span> <span class='ocrx_word' id='word_1_319' title='bbox 172 2663 330 2696; x_wconf 84' lang='lat' dir='ltr'>Quomodo</span> <span class='ocrx_word' id='word_1_320' title='bbox 350 2663 400 2690; x_wconf 84' lang='lat' dir='ltr'>fiet</span> <span class='ocrx_word' id='word_1_321' title='bbox 419 2661 519 2690; x_wconf 77' lang='lat' dir='ltr'>istud?</span> <span class='ocrx_word' id='word_1_322' title='bbox 542 2674 555 2688; x_wconf 89' lang='lat'>»</span> <span class='ocrx_word' id='word_1_323' title='bbox 573 2663 662 2690; x_wconf 83' lang='lat' dir='ltr'>item:</span> <span class='ocrx_word' id='word_1_324' title='bbox 684 2672 697 2688; x_wconf 87' lang='lat'>«</span> <span class='ocrx_word' id='word_1_325' title='bbox 717 2664 788 2689; x_wconf 88' lang='lat' dir='ltr'>Ecce</span> <span class='ocrx_word' id='word_1_326' title='bbox 807 2661 916 2690; x_wconf 85' lang='lat' dir='ltr'>ancilla</span> 
     </span>
     <span class='ocr_line' id='line_1_53' title="bbox 138 2708 914 2745; baseline -0.001 -8"><span class='ocrx_word' id='word_1_327' title='bbox 138 2710 262 2737; x_wconf 90' lang='lat' dir='ltr'>Domini.</span> <span class='ocrx_word' id='word_1_328' title='bbox 286 2719 299 2735; x_wconf 69' lang='lat' dir='ltr'>n</span> <span class='ocrx_word' id='word_1_329' title='bbox 320 2711 390 2737; x_wconf 86' lang='lat' dir='ltr'>Item</span> <span class='ocrx_word' id='word_1_330' title='bbox 415 2718 482 2738; x_wconf 85' lang='lat' dir='ltr'>eum</span> <span class='ocrx_word' id='word_1_331' title='bbox 507 2711 607 2737; x_wconf 84' lang='lat' dir='ltr'>sancta</span> <span class='ocrx_word' id='word_1_332' title='bbox 629 2709 792 2741; x_wconf 77' lang='lat' dir='ltr'>Elisabeth,</span> <span class='ocrx_word' id='word_1_333' title='bbox 817 2708 914 2745; x_wconf 80' lang='lat' dir='ltr'>ipsam</span> 
     </span>
    </p>
   </div>
   <div class='ocr_carea' id='block_1_3' title="bbox 1717 237 1777 267">
    <p class='ocr_par' dir='ltr' id='par_1_18' title="bbox 1717 237 1777 267">
     <span class='ocr_line' id='line_1_54' title="bbox 1717 237 1777 267; baseline 0 0"><span class='ocrx_word' id='word_1_334' title='bbox 1717 237 1777 267; x_wconf 84' lang='lat'>633</span> 
     </span>
    </p>
   </div>
   <div class='ocr_carea' id='block_1_4' title="bbox 986 297 1777 1141">
    <p class='ocr_par' dir='ltr' id='par_1_19' title="bbox 986 297 1777 758">
     <span class='ocr_line' id='line_1_55' title="bbox 991 297 1777 338; baseline 0.009 -13"><span class='ocrx_word' id='word_1_335' title='bbox 991 297 1159 327; x_wconf 89' lang='lat' dir='ltr'>salutando.</span> <span class='ocrx_word' id='word_1_336' title='bbox 1190 300 1222 327; x_wconf 84' lang='lat' dir='ltr'>Et</span> <span class='ocrx_word' id='word_1_337' title='bbox 1239 301 1311 328; x_wconf 89' lang='lat' dir='ltr'>nota</span> <span class='ocrx_word' id='word_1_338' title='bbox 1334 300 1432 337; x_wconf 89' lang='lat' dir='ltr'>quod,</span> <span class='ocrx_word' id='word_1_339' title='bbox 1455 303 1524 338; x_wconf 89' lang='lat' dir='ltr'>post</span> <span class='ocrx_word' id='word_1_340' title='bbox 1543 300 1649 331; x_wconf 89' lang='lat' dir='ltr'>laudes</span> <span class='ocrx_word' id='word_1_341' title='bbox 1667 303 1777 332; x_wconf 87' lang='lat' dir='ltr'>multas</span> 
     </span>
     <span class='ocr_line' id='line_1_56' title="bbox 990 345 1776 387; baseline 0.01 -15"><span class='ocrx_word' id='word_1_342' title='bbox 990 353 1067 381; x_wconf 87' lang='lat' dir='ltr'>quas</span> <span class='ocrx_word' id='word_1_343' title='bbox 1082 345 1232 375; x_wconf 83' lang='lat' dir='ltr'>Elisabeth</span> <span class='ocrx_word' id='word_1_344' title='bbox 1245 346 1289 375; x_wconf 89' lang='lat' dir='ltr'>illi</span> <span class='ocrx_word' id='word_1_345' title='bbox 1301 347 1386 383; x_wconf 84' lang='lat' dir='ltr'>dixit,</span> <span class='ocrx_word' id='word_1_346' title='bbox 1402 348 1476 377; x_wconf 88' lang='lat' dir='ltr'>nihil</span> <span class='ocrx_word' id='word_1_347' title='bbox 1491 349 1519 377; x_wconf 90' lang='lat' dir='ltr'>ei</span> <span class='ocrx_word' id='word_1_348' title='bbox 1534 348 1645 379; x_wconf 87' lang='lat' dir='ltr'>directe</span> <span class='ocrx_word' id='word_1_349' title='bbox 1654 358 1776 387; x_wconf 90' lang='lat' dir='ltr'>respon-</span> 
     </span>
     <span class='ocr_line' id='line_1_57' title="bbox 990 391 1774 434; baseline 0.01 -14"><span class='ocrx_word' id='word_1_350' title='bbox 990 391 1048 428; x_wconf 91' lang='lat' dir='ltr'>dit,</span> <span class='ocrx_word' id='word_1_351' title='bbox 1065 392 1119 421; x_wconf 86' lang='lat' dir='ltr'>sed</span> <span class='ocrx_word' id='word_1_352' title='bbox 1136 393 1176 421; x_wconf 89' lang='lat' dir='ltr'>ad</span> <span class='ocrx_word' id='word_1_353' title='bbox 1190 393 1379 423; x_wconf 87' lang='lat' dir='ltr'>laudandum</span> <span class='ocrx_word' id='word_1_354' title='bbox 1393 395 1554 424; x_wconf 91' lang='lat' dir='ltr'>Dominum</span> <span class='ocrx_word' id='word_1_355' title='bbox 1575 405 1606 425; x_wconf 90' lang='lat' dir='ltr'>se</span> <span class='ocrx_word' id='word_1_356' title='bbox 1620 398 1774 434; x_wconf 85' lang='lat' dir='ltr'>convertit,</span> 
     </span>
     <span class='ocr_line' id='line_1_58' title="bbox 990 438 1774 477; baseline 0.01 -11"><span class='ocrx_word' id='word_1_357' title='bbox 990 438 1109 468; x_wconf 90' lang='lat' dir='ltr'>dicens:</span> <span class='ocrx_word' id='word_1_358' title='bbox 1124 449 1138 466; x_wconf 77' lang='grc' dir='ltr'><strong>α</strong></span> <span class='ocrx_word' id='word_1_359' title='bbox 1152 441 1329 477; x_wconf 83' lang='lat' dir='ltr'>Magnificat‚</span> <span class='ocrx_word' id='word_1_360' title='bbox 1342 452 1355 469; x_wconf 73' lang='lat' dir='ltr'>n</span> <span class='ocrx_word' id='word_1_361' title='bbox 1370 444 1424 470; x_wconf 87' lang='lat' dir='ltr'>etc.</span> <span class='ocrx_word' id='word_1_362' title='bbox 1440 444 1509 471; x_wconf 86' lang='lat' dir='ltr'>Item</span> <span class='ocrx_word' id='word_1_363' title='bbox 1524 443 1625 472; x_wconf 90' lang='lat' dir='ltr'>locuta</span> <span class='ocrx_word' id='word_1_364' title='bbox 1638 444 1692 473; x_wconf 80' lang='lat' dir='ltr'>fuit</span> <span class='ocrx_word' id='word_1_365' title='bbox 1705 453 1774 474; x_wconf 90' lang='lat' dir='ltr'>cum</span> 
     </span>
     <span class='ocr_line' id='line_1_59' title="bbox 988 485 1773 529; baseline 0.009 -16"><span class='ocrx_word' id='word_1_366' title='bbox 988 485 1068 521; x_wconf 87' lang='lat' dir='ltr'>filio,</span> <span class='ocrx_word' id='word_1_367' title='bbox 1083 487 1182 523; x_wconf 89' lang='lat' dir='ltr'>ipsum</span> <span class='ocrx_word' id='word_1_368' title='bbox 1202 488 1327 517; x_wconf 91' lang='lat' dir='ltr'>dulciter</span> <span class='ocrx_word' id='word_1_369' title='bbox 1340 489 1554 525; x_wconf 84' lang='lat' dir='ltr'>interrogando</span> <span class='ocrx_word' id='word_1_370' title='bbox 1567 500 1574 519; x_wconf 90' lang='lat'>:</span> <span class='ocrx_word' id='word_1_371' title='bbox 1593 491 1683 526; x_wconf 84' lang='lat' dir='ltr'>«Fili,</span> <span class='ocrx_word' id='word_1_372' title='bbox 1698 492 1773 529; x_wconf 91' lang='lat' dir='ltr'>quid</span> 
     </span>
     <span class='ocr_line' id='line_1_60' title="bbox 987 533 1773 574; baseline 0.01 -14"><span class='ocrx_word' id='word_1_373' title='bbox 987 533 1081 561; x_wconf 85' lang='lat' dir='ltr'>fecisti</span> <span class='ocrx_word' id='word_1_374' title='bbox 1100 534 1190 562; x_wconf 89' lang='lat' dir='ltr'>nobis</span> <span class='ocrx_word' id='word_1_375' title='bbox 1209 535 1271 563; x_wconf 73' lang='lat' dir='ltr'>sic?</span> <span class='ocrx_word' id='word_1_376' title='bbox 1285 545 1299 562; x_wconf 78' lang='grc' dir='ltr'>ι)</span> <span class='ocrx_word' id='word_1_377' title='bbox 1317 538 1395 571; x_wconf 66' lang='lat' dir='ltr'>Luc„</span> <span class='ocrx_word' id='word_1_378' title='bbox 1416 545 1447 565; x_wconf 92' lang='lat'>11.</span> <span class='ocrx_word' id='word_1_379' title='bbox 1469 539 1503 566; x_wconf 94' lang='lat' dir='ltr'>Et</span> <span class='ocrx_word' id='word_1_380' title='bbox 1519 546 1576 574; x_wconf 90' lang='lat' dir='ltr'>pro</span> <span class='ocrx_word' id='word_1_381' title='bbox 1595 539 1773 568; x_wconf 87' lang='lat' dir='ltr'>verecundis</span> 
     </span>
     <span class='ocr_line' id='line_1_61' title="bbox 987 581 1772 620; baseline 0.009 -13"><span class='ocrx_word' id='word_1_382' title='bbox 987 581 1172 616; x_wconf 87' lang='lat' dir='ltr'>pauperibus</span> <span class='ocrx_word' id='word_1_383' title='bbox 1187 582 1389 619; x_wconf 90' lang='lat' dir='ltr'>deprecando,</span> <span class='ocrx_word' id='word_1_384' title='bbox 1404 585 1495 620; x_wconf 67' lang='lat' dir='ltr'>Joan„</span> <span class='ocrx_word' id='word_1_385' title='bbox 1508 593 1529 613; x_wconf 87' lang='lat'>11</span> <span class='ocrx_word' id='word_1_386' title='bbox 1540 594 1547 612; x_wconf 93' lang='lat'>:</span> <span class='ocrx_word' id='word_1_387' title='bbox 1560 594 1574 612; x_wconf 88' lang='lat'>«</span> <span class='ocrx_word' id='word_1_388' title='bbox 1588 585 1696 614; x_wconf 89' lang='lat' dir='ltr'>Vinum</span> <span class='ocrx_word' id='word_1_389' title='bbox 1710 594 1772 614; x_wconf 92' lang='lat' dir='ltr'>non</span> 
     </span>
     <span class='ocr_line' id='line_1_62' title="bbox 987 626 1772 669; baseline 0.009 -14"><span class='ocrx_word' id='word_1_390' title='bbox 987 626 1107 655; x_wconf 85' lang='lat' dir='ltr'>habent.</span> <span class='ocrx_word' id='word_1_391' title='bbox 1117 638 1131 655; x_wconf 66' lang='grc' dir='ltr'>ι»</span> <span class='ocrx_word' id='word_1_392' title='bbox 1147 630 1219 657; x_wconf 87' lang='lat' dir='ltr'>Item</span> <span class='ocrx_word' id='word_1_393' title='bbox 1233 629 1333 658; x_wconf 85' lang='lat' dir='ltr'>locuta</span> <span class='ocrx_word' id='word_1_394' title='bbox 1347 633 1390 658; x_wconf 89' lang='lat' dir='ltr'>est</span> <span class='ocrx_word' id='word_1_395' title='bbox 1406 631 1556 668; x_wconf 85' lang='lat' dir='ltr'>ministris,</span> <span class='ocrx_word' id='word_1_396' title='bbox 1566 632 1648 669; x_wconf 86' lang='lat' dir='ltr'>ipsos</span> <span class='ocrx_word' id='word_1_397' title='bbox 1663 633 1772 662; x_wconf 80' lang='lat' dir='ltr'>utiliter</span> 
     </span>
     <span class='ocr_line' id='line_1_63' title="bbox 986 672 1771 715; baseline 0.01 -14"><span class='ocrx_word' id='word_1_398' title='bbox 986 672 1162 704; x_wconf 88' lang='lat' dir='ltr'>instruendo</span> <span class='ocrx_word' id='word_1_399' title='bbox 1179 685 1185 704; x_wconf 93' lang='lat'><strong>:</strong></span> <span class='ocrx_word' id='word_1_400' title='bbox 1210 686 1225 704; x_wconf 89' lang='lat'>«</span> <span class='ocrx_word' id='word_1_401' title='bbox 1244 677 1461 714; x_wconf 82' lang='lat' dir='ltr'>Quodcumque</span> <span class='ocrx_word' id='word_1_402' title='bbox 1482 679 1589 708; x_wconf 85' lang='lat' dir='ltr'>dixerit</span> <span class='ocrx_word' id='word_1_403' title='bbox 1605 680 1708 715; x_wconf 81' lang='lat' dir='ltr'>vobis,</span> <span class='ocrx_word' id='word_1_404' title='bbox 1727 680 1771 709; x_wconf 88' lang='lat' dir='ltr'>fa-</span> 
     </span>
     <span class='ocr_line' id='line_1_64' title="bbox 988 722 1239 758; baseline 0.012 -10"><span class='ocrx_word' id='word_1_405' title='bbox 988 722 1052 749; x_wconf 89' lang='lat' dir='ltr'>cite.</span> <span class='ocrx_word' id='word_1_406' title='bbox 1071 733 1084 746; x_wconf 75' lang='lat'>³»</span> <span class='ocrx_word' id='word_1_407' title='bbox 1100 723 1192 758; x_wconf 86' lang='lat' dir='ltr'>Joan.,</span> <span class='ocrx_word' id='word_1_408' title='bbox 1208 732 1239 751; x_wconf 88' lang='lat'>11.</span> 
     </span>
    </p>

    <p class='ocr_par' dir='ltr' id='par_1_20' title="bbox 986 769 1772 1047">
     <span class='ocr_line' id='line_1_65' title="bbox 1022 769 1772 811; baseline 0.012 -15"><span class='ocrx_word' id='word_1_409' title='bbox 1022 769 1112 797; x_wconf 85' lang='lat' dir='ltr'>Maria</span> <span class='ocrx_word' id='word_1_410' title='bbox 1130 770 1305 806; x_wconf 83' lang='lat' dir='ltr'>Magdalena</span> <span class='ocrx_word' id='word_1_411' title='bbox 1324 771 1413 800; x_wconf 86' lang='lat' dir='ltr'>valde</span> <span class='ocrx_word' id='word_1_412' title='bbox 1432 773 1596 808; x_wconf 87' lang='lat' dir='ltr'>prudenter</span> <span class='ocrx_word' id='word_1_413' title='bbox 1614 775 1723 811; x_wconf 85' lang='lat' dir='ltr'>agebat</span> <span class='ocrx_word' id='word_1_414' title='bbox 1739 776 1772 805; x_wconf 91' lang='lat' dir='ltr'>in</span> 
     </span>
     <span class='ocr_line' id='line_1_66' title="bbox 988 817 1771 858; baseline 0.009 -14"><span class='ocrx_word' id='word_1_415' title='bbox 988 823 1035 850; x_wconf 89' lang='lat' dir='ltr'>eo,</span> <span class='ocrx_word' id='word_1_416' title='bbox 1049 817 1133 853; x_wconf 90' lang='lat' dir='ltr'>quod</span> <span class='ocrx_word' id='word_1_417' title='bbox 1144 818 1182 846; x_wconf 91' lang='lat' dir='ltr'>ad</span> <span class='ocrx_word' id='word_1_418' title='bbox 1193 818 1285 854; x_wconf 89' lang='lat' dir='ltr'>pedes</span> <span class='ocrx_word' id='word_1_419' title='bbox 1295 819 1412 848; x_wconf 91' lang='lat' dir='ltr'>Domini</span> <span class='ocrx_word' id='word_1_420' title='bbox 1424 828 1455 848; x_wconf 87' lang='lat' dir='ltr'>se</span> <span class='ocrx_word' id='word_1_421' title='bbox 1469 822 1617 857; x_wconf 84' lang='lat' dir='ltr'>ponebat:</span> <span class='ocrx_word' id='word_1_422' title='bbox 1629 822 1669 850; x_wconf 91' lang='lat' dir='ltr'>ad</span> <span class='ocrx_word' id='word_1_423' title='bbox 1678 823 1771 858; x_wconf 88' lang='lat' dir='ltr'>pedes</span> 
     </span>
     <span class='ocr_line' id='line_1_67' title="bbox 987 864 1769 904; baseline 0.01 -13"><span class='ocrx_word' id='word_1_424' title='bbox 987 864 1067 892; x_wconf 88' lang='lat' dir='ltr'>enim</span> <span class='ocrx_word' id='word_1_425' title='bbox 1088 865 1204 893; x_wconf 85' lang='lat' dir='ltr'>Domini</span> <span class='ocrx_word' id='word_1_426' title='bbox 1223 866 1343 895; x_wconf 89' lang='lat' dir='ltr'>veniam</span> <span class='ocrx_word' id='word_1_427' title='bbox 1363 867 1531 904; x_wconf 88' lang='lat' dir='ltr'>impetravit</span> <span class='ocrx_word' id='word_1_428' title='bbox 1548 877 1604 904; x_wconf 89' lang='lat' dir='ltr'>pro</span> <span class='ocrx_word' id='word_1_429' title='bbox 1628 878 1676 904; x_wconf 89' lang='lat' dir='ltr'>se,</span> <span class='ocrx_word' id='word_1_430' title='bbox 1691 871 1769 904; x_wconf 65' lang='lat' dir='ltr'>Luc„</span> 
     </span>
     <span class='ocr_line' id='line_1_68' title="bbox 987 911 1771 950; baseline 0.009 -11"><span class='ocrx_word' id='word_1_431' title='bbox 987 919 1045 945; x_wconf 82' lang='lat' dir='ltr'>vn,·</span> <span class='ocrx_word' id='word_1_432' title='bbox 1062 911 1154 940; x_wconf 88' lang='lat' dir='ltr'>vitam</span> <span class='ocrx_word' id='word_1_433' title='bbox 1173 921 1229 949; x_wconf 93' lang='lat' dir='ltr'>pro</span> <span class='ocrx_word' id='word_1_434' title='bbox 1245 914 1349 948; x_wconf 84' lang='lat' dir='ltr'>fratre,</span> <span class='ocrx_word' id='word_1_435' title='bbox 1369 915 1461 950; x_wconf 67' lang='lat' dir='ltr'>Joan„</span> <span class='ocrx_word' id='word_1_436' title='bbox 1477 923 1517 944; x_wconf 76' lang='lat' dir='ltr'>xi.</span> <span class='ocrx_word' id='word_1_437' title='bbox 1537 917 1610 945; x_wconf 90' lang='lat' dir='ltr'>Item</span> <span class='ocrx_word' id='word_1_438' title='bbox 1629 917 1771 947; x_wconf 84' lang='lat' dir='ltr'>audiebat</span> 
     </span>
     <span class='ocr_line' id='line_1_69' title="bbox 987 957 1772 997; baseline 0.011 -12"><span class='ocrx_word' id='word_1_439' title='bbox 987 957 1121 986; x_wconf 87' lang='lat' dir='ltr'>divinam</span> <span class='ocrx_word' id='word_1_440' title='bbox 1142 960 1334 996; x_wconf 84' lang='lat' dir='ltr'>sapientiam,</span> <span class='ocrx_word' id='word_1_441' title='bbox 1353 963 1431 997; x_wconf 67' lang='lat' dir='ltr'>Luc„</span> <span class='ocrx_word' id='word_1_442' title='bbox 1452 970 1487 997; x_wconf 87' lang='lat' dir='ltr'>x,</span> <span class='ocrx_word' id='word_1_443' title='bbox 1509 964 1554 991; x_wconf 88' lang='grc'>39.</span> <span class='ocrx_word' id='word_1_444' title='bbox 1580 965 1613 992; x_wconf 87' lang='lat' dir='ltr'>Et</span> <span class='ocrx_word' id='word_1_445' title='bbox 1635 965 1772 994; x_wconf 86' lang='lat' dir='ltr'>exhibuit</span> 
     </span>
     <span class='ocr_line' id='line_1_70' title="bbox 986 1006 1769 1047; baseline 0.01 -14"><span class='ocrx_word' id='word_1_446' title='bbox 986 1006 1100 1034; x_wconf 90' lang='lat' dir='ltr'>Christo</span> <span class='ocrx_word' id='word_1_447' title='bbox 1116 1007 1256 1035; x_wconf 83' lang='lat' dir='ltr'>devotam</span> <span class='ocrx_word' id='word_1_448' title='bbox 1270 1009 1480 1045; x_wconf 85' lang='lat' dir='ltr'>reverentiam,</span> <span class='ocrx_word' id='word_1_449' title='bbox 1496 1012 1609 1046; x_wconf 61' lang='lat' dir='ltr'>Manli„</span> <span class='ocrx_word' id='word_1_450' title='bbox 1624 1019 1727 1047; x_wconf 84' lang='lat' dir='ltr'>xxvm,</span> <span class='ocrx_word' id='word_1_451' title='bbox 1742 1014 1769 1041; x_wconf 86' lang='lat'>1.</span> 
     </span>
    </p>

    <p class='ocr_par' dir='ltr' id='par_1_21' title="bbox 986 1054 1771 1141">
     <span class='ocr_line' id='line_1_71' title="bbox 1022 1054 1771 1093; baseline 0.009 -12"><span class='ocrx_word' id='word_1_452' title='bbox 1022 1054 1098 1082; x_wconf 87' lang='lat' dir='ltr'>Uxor</span> <span class='ocrx_word' id='word_1_453' title='bbox 1110 1054 1194 1082; x_wconf 91' lang='lat' dir='ltr'>Pilati</span> <span class='ocrx_word' id='word_1_454' title='bbox 1209 1054 1287 1084; x_wconf 91' lang='lat' dir='ltr'>hene</span> <span class='ocrx_word' id='word_1_455' title='bbox 1302 1056 1402 1084; x_wconf 85' lang='lat' dir='ltr'>locuta</span> <span class='ocrx_word' id='word_1_456' title='bbox 1419 1059 1462 1085; x_wconf 90' lang='lat' dir='ltr'>est</span> <span class='ocrx_word' id='word_1_457' title='bbox 1475 1058 1519 1093; x_wconf 84' lang='lat' dir='ltr'>ei3</span> <span class='ocrx_word' id='word_1_458' title='bbox 1540 1060 1567 1086; x_wconf 90' lang='lat' dir='ltr'>et</span> <span class='ocrx_word' id='word_1_459' title='bbox 1581 1058 1606 1086; x_wconf 91' lang='lat' dir='ltr'>si</span> <span class='ocrx_word' id='word_1_460' title='bbox 1620 1058 1730 1087; x_wconf 85' lang='lat' dir='ltr'>Pilatus</span> <span class='ocrx_word' id='word_1_461' title='bbox 1744 1060 1771 1088; x_wconf 92' lang='lat' dir='ltr'>ei</span> 
     </span>
     <span class='ocr_line' id='line_1_72' title="bbox 986 1100 1768 1141; baseline 0.009 -13"><span class='ocrx_word' id='word_1_462' title='bbox 986 1100 1169 1136; x_wconf 88' lang='lat' dir='ltr'>credidisset,</span> <span class='ocrx_word' id='word_1_463' title='bbox 1185 1102 1347 1138; x_wconf 87' lang='lat' dir='ltr'>prudenter</span> <span class='ocrx_word' id='word_1_464' title='bbox 1363 1103 1479 1139; x_wconf 83' lang='lat' dir='ltr'>egisset.</span> <span class='ocrx_word' id='word_1_465' title='bbox 1491 1106 1605 1141; x_wconf 64' lang='lat' dir='ltr'>Match„</span> <span class='ocrx_word' id='word_1_466' title='bbox 1616 1114 1710 1141; x_wconf 83' lang='lat' dir='ltr'>xxvn,</span> <span class='ocrx_word' id='word_1_467' title='bbox 1726 1107 1768 1135; x_wconf 79' lang='lat'>¹9.</span> 
     </span>
    </p>
   </div>
   <div class='ocr_carea' id='block_1_5' title="bbox 1226 1219 1527 1254">
    <p class='ocr_par' dir='ltr' id='par_1_22' title="bbox 1226 1219 1527 1254">
     <span class='ocr_line' id='line_1_73' title="bbox 1226 1219 1527 1254; baseline 0.007 -2"><span class='ocrx_word' id='word_1_468' title='bbox 1226 1219 1367 1253; x_wconf 87' lang='lat' dir='ltr'><strong>CAPUT</strong></span> <span class='ocrx_word' id='word_1_469' title='bbox 1392 1219 1527 1254; x_wconf 88' lang='lat' dir='ltr'>CXXV.</span> 
     </span>
    </p>
   </div>
   <div class='ocr_carea' id='block_1_6' title="bbox 1200 1306 1547 1342">
    <p class='ocr_par' dir='ltr' id='par_1_23' title="bbox 1200 1306 1547 1342">
     <span class='ocr_line' id='line_1_74' title="bbox 1200 1306 1547 1342; baseline 0.009 -10"><span class='ocrx_word' id='word_1_470' title='bbox 1200 1306 1245 1342; x_wconf 29' lang='lat' dir='ltr'>De„</span> <span class='ocrx_word' id='word_1_471' title='bbox 1260 1307 1367 1341; x_wconf 81' lang='lat' dir='ltr'>pietate</span> <span class='ocrx_word' id='word_1_472' title='bbox 1392 1307 1547 1335; x_wconf 82' lang='lat' dir='ltr'>mulierum.</span> 
     </span>
    </p>
   </div>
   <div class='ocr_carea' id='block_1_7' title="bbox 973 1387 1797 2655">
    <p class='ocr_par' dir='ltr' id='par_1_24' title="bbox 982 1387 1770 1612">
     <span class='ocr_line' id='line_1_75' title="bbox 1020 1387 1768 1423; baseline 0.011 -9"><span class='ocrx_word' id='word_1_473' title='bbox 1020 1387 1170 1423; x_wconf 88' lang='lat' dir='ltr'>Rebecca,</span> <span class='ocrx_word' id='word_1_474' title='bbox 1193 1388 1299 1416; x_wconf 88' lang='lat' dir='ltr'>videns</span> <span class='ocrx_word' id='word_1_475' title='bbox 1325 1398 1444 1418; x_wconf 88' lang='lat' dir='ltr'>servum</span> <span class='ocrx_word' id='word_1_476' title='bbox 1466 1391 1591 1420; x_wconf 77' lang='lat' dir='ltr'>Abrahae</span> <span class='ocrx_word' id='word_1_477' title='bbox 1614 1393 1768 1422; x_wconf 89' lang='lat' dir='ltr'>hominem</span> 
     </span>
     <span class='ocr_line' id='line_1_76' title="bbox 982 1435 1770 1473; baseline 0.01 -12"><span class='ocrx_word' id='word_1_478' title='bbox 982 1435 1186 1470; x_wconf 85' lang='lat' dir='ltr'>peregrinum,</span> <span class='ocrx_word' id='word_1_479' title='bbox 1202 1438 1230 1463; x_wconf 89' lang='lat' dir='ltr'>et</span> <span class='ocrx_word' id='word_1_480' title='bbox 1243 1437 1392 1472; x_wconf 89' lang='lat' dir='ltr'>petentem</span> <span class='ocrx_word' id='word_1_481' title='bbox 1406 1438 1521 1473; x_wconf 86' lang='lat' dir='ltr'>bibere,</span> <span class='ocrx_word' id='word_1_482' title='bbox 1535 1439 1598 1467; x_wconf 89' lang='lat' dir='ltr'>sine</span> <span class='ocrx_word' id='word_1_483' title='bbox 1610 1448 1696 1468; x_wconf 86' lang='lat' dir='ltr'>mora</span> <span class='ocrx_word' id='word_1_484' title='bbox 1709 1449 1770 1469; x_wconf 88' lang='lat' dir='ltr'>res-</span> 
     </span>
     <span class='ocr_line' id='line_1_77' title="bbox 982 1481 1769 1522; baseline 0.009 -14"><span class='ocrx_word' id='word_1_485' title='bbox 982 1481 1106 1517; x_wconf 88' lang='lat' dir='ltr'>pondit:</span> <span class='ocrx_word' id='word_1_486' title='bbox 1121 1482 1225 1518; x_wconf 81' lang='lat' dir='ltr'>«Bibe,</span> <span class='ocrx_word' id='word_1_487' title='bbox 1242 1483 1365 1512; x_wconf 90' lang='lat' dir='ltr'>domine</span> <span class='ocrx_word' id='word_1_488' title='bbox 1376 1486 1434 1520; x_wconf 83' lang='lat' dir='ltr'>mi,</span> <span class='ocrx_word' id='word_1_489' title='bbox 1452 1486 1526 1522; x_wconf 87' lang='lat' dir='ltr'>quin</span> <span class='ocrx_word' id='word_1_490' title='bbox 1540 1488 1567 1514; x_wconf 89' lang='lat' dir='ltr'>et</span> <span class='ocrx_word' id='word_1_491' title='bbox 1578 1487 1699 1515; x_wconf 84' lang='lat' dir='ltr'>camelis</span> <span class='ocrx_word' id='word_1_492' title='bbox 1712 1488 1769 1515; x_wconf 90' lang='lat' dir='ltr'>tuis</span> 
     </span>
     <span class='ocr_line' id='line_1_78' title="bbox 982 1529 1766 1570; baseline 0.009 -14"><span class='ocrx_word' id='word_1_493' title='bbox 982 1529 1119 1557; x_wconf 84' lang='lat' dir='ltr'>hauriam</span> <span class='ocrx_word' id='word_1_494' title='bbox 1135 1538 1259 1566; x_wconf 88' lang='lat' dir='ltr'>aquam,</span> <span class='ocrx_word' id='word_1_495' title='bbox 1276 1531 1372 1560; x_wconf 89' lang='lat' dir='ltr'>donec</span> <span class='ocrx_word' id='word_1_496' title='bbox 1388 1533 1485 1562; x_wconf 90' lang='lat' dir='ltr'>cuncti</span> <span class='ocrx_word' id='word_1_497' title='bbox 1499 1533 1535 1570; x_wconf 83' lang='lat' dir='ltr'>(a)</span> <span class='ocrx_word' id='word_1_498' title='bbox 1555 1534 1670 1569; x_wconf 85' lang='lat' dir='ltr'>bibant,</span> <span class='ocrx_word' id='word_1_499' title='bbox 1684 1544 1698 1561; x_wconf 85' lang='lat'>»</span> <span class='ocrx_word' id='word_1_500' title='bbox 1712 1537 1766 1564; x_wconf 87' lang='lat' dir='ltr'>etc.</span> 
     </span>
     <span class='ocr_line' id='line_1_79' title="bbox 983 1577 1268 1612; baseline 0.011 -8"><span class='ocrx_word' id='word_1_501' title='bbox 983 1577 1060 1611; x_wconf 64' lang='lat' dir='ltr'>Gen„</span> <span class='ocrx_word' id='word_1_502' title='bbox 1076 1585 1156 1612; x_wconf 72' lang='lat' dir='ltr'>niv,</span> <span class='ocrx_word' id='word_1_503' title='bbox 1174 1580 1268 1607; x_wconf 77' lang='lat'>18-19.</span> 
     </span>
    </p>

    <p class='ocr_par' dir='ltr' id='par_1_25' title="bbox 981 1624 1767 1757">
     <span class='ocr_line' id='line_1_80' title="bbox 1017 1624 1767 1664; baseline 0.009 -13"><span class='ocrx_word' id='word_1_504' title='bbox 1017 1624 1188 1654; x_wconf 90' lang='lat' dir='ltr'>Timuerunt</span> <span class='ocrx_word' id='word_1_505' title='bbox 1203 1626 1373 1656; x_wconf 87' lang='lat' dir='ltr'>obstetrices</span> <span class='ocrx_word' id='word_1_506' title='bbox 1388 1629 1559 1664; x_wconf 90' lang='lat' dir='ltr'>Dominum,</span> <span class='ocrx_word' id='word_1_507' title='bbox 1576 1631 1605 1657; x_wconf 86' lang='lat' dir='ltr'>et</span> <span class='ocrx_word' id='word_1_508' title='bbox 1615 1637 1677 1657; x_wconf 91' lang='lat' dir='ltr'>non</span> <span class='ocrx_word' id='word_1_509' title='bbox 1692 1630 1767 1658; x_wconf 85' lang='lat' dir='ltr'>fece-</span> 
     </span>
     <span class='ocr_line' id='line_1_81' title="bbox 981 1672 1767 1712; baseline 0.008 -13"><span class='ocrx_word' id='word_1_510' title='bbox 981 1674 1049 1699; x_wconf 90' lang='lat' dir='ltr'>runt</span> <span class='ocrx_word' id='word_1_511' title='bbox 1067 1672 1151 1706; x_wconf 80' lang='lat' dir='ltr'>juxta</span> <span class='ocrx_word' id='word_1_512' title='bbox 1168 1676 1350 1710; x_wconf 71' lang='lat' dir='ltr'>praeceptum</span> <span class='ocrx_word' id='word_1_513' title='bbox 1369 1675 1447 1710; x_wconf 84' lang='lat' dir='ltr'>regis</span> <span class='ocrx_word' id='word_1_514' title='bbox 1466 1676 1602 1712; x_wconf 85' lang='lat' dir='ltr'>AEgypti,</span> <span class='ocrx_word' id='word_1_515' title='bbox 1625 1676 1678 1704; x_wconf 92' lang='lat' dir='ltr'>sed</span> <span class='ocrx_word' id='word_1_516' title='bbox 1699 1684 1767 1705; x_wconf 87' lang='lat' dir='ltr'>con-</span> 
     </span>
     <span class='ocr_line' id='line_1_82' title="bbox 981 1719 1488 1757; baseline 0.01 -11"><span class='ocrx_word' id='word_1_517' title='bbox 981 1719 1141 1747; x_wconf 88' lang='lat' dir='ltr'>servabant</span> <span class='ocrx_word' id='word_1_518' title='bbox 1155 1728 1262 1749; x_wconf 88' lang='lat' dir='ltr'>mares.</span> <span class='ocrx_word' id='word_1_519' title='bbox 1279 1722 1382 1757; x_wconf 65' lang='lat' dir='ltr'>Exod„</span> <span class='ocrx_word' id='word_1_520' title='bbox 1401 1731 1429 1757; x_wconf 94' lang='lat'>1,</span> <span class='ocrx_word' id='word_1_521' title='bbox 1446 1725 1488 1751; x_wconf 85' lang='lat'>17.</span> 
     </span>
    </p>

    <p class='ocr_par' dir='ltr' id='par_1_26' title="bbox 978 1768 1765 1942">
     <span class='ocr_line' id='line_1_83' title="bbox 1018 1768 1764 1808; baseline 0.007 -14"><span class='ocrx_word' id='word_1_522' title='bbox 1018 1768 1146 1795; x_wconf 88' lang='lat' dir='ltr'>Cernens</span> <span class='ocrx_word' id='word_1_523' title='bbox 1167 1768 1229 1796; x_wconf 87' lang='lat' dir='ltr'>filia</span> <span class='ocrx_word' id='word_1_524' title='bbox 1252 1769 1414 1797; x_wconf 84' lang='lat' dir='ltr'>Pharaonis</span> <span class='ocrx_word' id='word_1_525' title='bbox 1436 1770 1606 1806; x_wconf 82' lang='lat' dir='ltr'>vagientem</span> <span class='ocrx_word' id='word_1_526' title='bbox 1621 1779 1764 1808; x_wconf 89' lang='lat' dir='ltr'>puerum,</span> 
     </span>
     <span class='ocr_line' id='line_1_84' title="bbox 980 1814 1765 1850; baseline 0.006 -9"><span class='ocrx_word' id='word_1_527' title='bbox 980 1814 1101 1842; x_wconf 82' lang='lat' dir='ltr'>miserta</span> <span class='ocrx_word' id='word_1_528' title='bbox 1117 1815 1196 1850; x_wconf 87' lang='lat' dir='ltr'>ejus,</span> <span class='ocrx_word' id='word_1_529' title='bbox 1219 1816 1259 1844; x_wconf 89' lang='lat' dir='ltr'>ait</span> <span class='ocrx_word' id='word_1_530' title='bbox 1275 1825 1282 1844; x_wconf 79' lang='lat' dir='ltr'><strong><em>z</em></strong></span> <span class='ocrx_word' id='word_1_531' title='bbox 1302 1826 1315 1842; x_wconf 88' lang='lat'>«</span> <span class='ocrx_word' id='word_1_532' title='bbox 1335 1819 1374 1844; x_wconf 91' lang='lat' dir='ltr'>De</span> <span class='ocrx_word' id='word_1_533' title='bbox 1393 1817 1555 1845; x_wconf 86' lang='lat' dir='ltr'>infantibus</span> <span class='ocrx_word' id='word_1_534' title='bbox 1574 1818 1765 1847; x_wconf 83' lang='lat' dir='ltr'>Hebraeorum</span> 
     </span>
     <span class='ocr_line' id='line_1_85' title="bbox 981 1862 1764 1901; baseline 0.006 -12"><span class='ocrx_word' id='word_1_535' title='bbox 981 1863 1025 1889; x_wconf 87' lang='lat' dir='ltr'>est</span> <span class='ocrx_word' id='word_1_536' title='bbox 1043 1862 1102 1890; x_wconf 88' lang='lat' dir='ltr'>hic.</span> <span class='ocrx_word' id='word_1_537' title='bbox 1121 1872 1135 1889; x_wconf 70' lang='grc' dir='ltr'>ι)</span> <span class='ocrx_word' id='word_1_538' title='bbox 1153 1864 1186 1891; x_wconf 85' lang='lat' dir='ltr'>Et</span> <span class='ocrx_word' id='word_1_539' title='bbox 1205 1863 1316 1891; x_wconf 84' lang='lat' dir='ltr'>faciens</span> <span class='ocrx_word' id='word_1_540' title='bbox 1341 1865 1460 1900; x_wconf 84' lang='lat' dir='ltr'>nutriri,</span> <span class='ocrx_word' id='word_1_541' title='bbox 1483 1865 1579 1893; x_wconf 91' lang='lat' dir='ltr'>filium</span> <span class='ocrx_word' id='word_1_542' title='bbox 1600 1865 1764 1901; x_wconf 83' lang='lat' dir='ltr'>adoptavit.</span> 
     </span>
     <span class='ocr_line' id='line_1_86' title="bbox 978 1910 1128 1942; baseline 0.007 -6"><span class='ocrx_word' id='word_1_543' title='bbox 978 1910 1081 1942; x_wconf 70' lang='lat' dir='ltr'>Eoeod„</span> <span class='ocrx_word' id='word_1_544' title='bbox 1098 1918 1128 1937; x_wconf 88' lang='lat'>11.</span> 
     </span>
    </p>

    <p class='ocr_par' dir='ltr' id='par_1_27' title="bbox 978 1957 1764 2087">
     <span class='ocr_line' id='line_1_87' title="bbox 1016 1957 1764 1994; baseline 0.005 -10"><span class='ocrx_word' id='word_1_545' title='bbox 1016 1957 1118 1985; x_wconf 78' lang='lat' dir='ltr'>Rahab</span> <span class='ocrx_word' id='word_1_546' title='bbox 1140 1958 1295 1992; x_wconf 87' lang='lat' dir='ltr'>meretrix,</span> <span class='ocrx_word' id='word_1_547' title='bbox 1322 1959 1427 1986; x_wconf 92' lang='lat' dir='ltr'>videns</span> <span class='ocrx_word' id='word_1_548' title='bbox 1450 1959 1654 1994; x_wconf 85' lang='lat' dir='ltr'>exploratores</span> <span class='ocrx_word' id='word_1_549' title='bbox 1676 1961 1764 1989; x_wconf 87' lang='lat' dir='ltr'>Josue</span> 
     </span>
     <span class='ocr_line' id='line_1_88' title="bbox 979 2004 1763 2044; baseline 0.005 -13"><span class='ocrx_word' id='word_1_550' title='bbox 979 2004 1018 2032; x_wconf 88' lang='lat' dir='ltr'>ad</span> <span class='ocrx_word' id='word_1_551' title='bbox 1040 2006 1167 2031; x_wconf 84' lang='lat' dir='ltr'>mortem</span> <span class='ocrx_word' id='word_1_552' title='bbox 1187 2005 1295 2040; x_wconf 78' lang='lat' dir='ltr'>quaeri,</span> <span class='ocrx_word' id='word_1_553' title='bbox 1317 2014 1473 2042; x_wconf 85' lang='lat' dir='ltr'>compassa</span> <span class='ocrx_word' id='word_1_554' title='bbox 1495 2008 1537 2033; x_wconf 90' lang='lat' dir='ltr'>est</span> <span class='ocrx_word' id='word_1_555' title='bbox 1557 2007 1615 2040; x_wconf 89' lang='lat' dir='ltr'>eis,</span> <span class='ocrx_word' id='word_1_556' title='bbox 1634 2009 1662 2035; x_wconf 91' lang='lat' dir='ltr'>et</span> <span class='ocrx_word' id='word_1_557' title='bbox 1682 2007 1763 2044; x_wconf 90' lang='lat' dir='ltr'>ipsos</span> 
     </span>
     <span class='ocr_line' id='line_1_89' title="bbox 978 2050 1761 2087; baseline 0.005 -10"><span class='ocrx_word' id='word_1_558' title='bbox 978 2050 1168 2078; x_wconf 85' lang='lat' dir='ltr'>abscondens</span> <span class='ocrx_word' id='word_1_559' title='bbox 1187 2051 1342 2086; x_wconf 83' lang='lat' dir='ltr'>liberavit,</span> <span class='ocrx_word' id='word_1_560' title='bbox 1364 2055 1392 2080; x_wconf 90' lang='lat' dir='ltr'>et</span> <span class='ocrx_word' id='word_1_561' title='bbox 1406 2061 1495 2081; x_wconf 88' lang='lat' dir='ltr'>sanos</span> <span class='ocrx_word' id='word_1_562' title='bbox 1509 2053 1631 2080; x_wconf 86' lang='lat' dir='ltr'>remisit.</span> <span class='ocrx_word' id='word_1_563' title='bbox 1647 2055 1716 2087; x_wconf 84' lang='lat' dir='ltr'>Jos.,</span> <span class='ocrx_word' id='word_1_564' title='bbox 1731 2062 1761 2082; x_wconf 89' lang='lat'>11.</span> 
     </span>
    </p>

    <p class='ocr_par' dir='ltr' id='par_1_28' title="bbox 976 2097 1762 2275">
     <span class='ocr_line' id='line_1_90' title="bbox 1013 2097 1762 2129; baseline 0.007 -5"><span class='ocrx_word' id='word_1_565' title='bbox 1013 2097 1110 2124; x_wconf 89' lang='lat' dir='ltr'>Nuntii</span> <span class='ocrx_word' id='word_1_566' title='bbox 1126 2099 1228 2125; x_wconf 86' lang='lat' dir='ltr'>euntes</span> <span class='ocrx_word' id='word_1_567' title='bbox 1244 2098 1281 2126; x_wconf 85' lang='lat' dir='ltr'>ad</span> <span class='ocrx_word' id='word_1_568' title='bbox 1299 2099 1393 2127; x_wconf 88' lang='lat' dir='ltr'>David</span> <span class='ocrx_word' id='word_1_569' title='bbox 1414 2099 1580 2127; x_wconf 80' lang='lat' dir='ltr'>absconditi</span> <span class='ocrx_word' id='word_1_570' title='bbox 1598 2099 1718 2129; x_wconf 82' lang='lat' dir='ltr'>fuerunt</span> <span class='ocrx_word' id='word_1_571' title='bbox 1731 2101 1762 2129; x_wconf 91' lang='lat' dir='ltr'>in</span> 
     </span>
     <span class='ocr_line' id='line_1_91' title="bbox 976 2145 1761 2183; baseline 0.006 -12"><span class='ocrx_word' id='word_1_572' title='bbox 976 2145 1079 2180; x_wconf 85' lang='lat' dir='ltr'>puteo,</span> <span class='ocrx_word' id='word_1_573' title='bbox 1097 2146 1124 2171; x_wconf 90' lang='lat' dir='ltr'>et</span> <span class='ocrx_word' id='word_1_574' title='bbox 1139 2145 1244 2173; x_wconf 89' lang='lat' dir='ltr'>salvati</span> <span class='ocrx_word' id='word_1_575' title='bbox 1259 2153 1314 2181; x_wconf 92' lang='lat' dir='ltr'>per</span> <span class='ocrx_word' id='word_1_576' title='bbox 1330 2146 1499 2180; x_wconf 87' lang='lat' dir='ltr'>mulierem,</span> <span class='ocrx_word' id='word_1_577' title='bbox 1515 2155 1582 2182; x_wconf 70' lang='lat' dir='ltr'>quaa</span> <span class='ocrx_word' id='word_1_578' title='bbox 1597 2148 1697 2183; x_wconf 87' lang='lat' dir='ltr'>posuit</span> <span class='ocrx_word' id='word_1_579' title='bbox 1711 2157 1761 2176; x_wconf 89' lang='lat' dir='ltr'>ve-</span> 
     </span>
     <span class='ocr_line' id='line_1_92' title="bbox 977 2190 1761 2230; baseline 0.008 -12"><span class='ocrx_word' id='word_1_580' title='bbox 977 2190 1077 2219; x_wconf 87' lang='lat' dir='ltr'>lamen</span> <span class='ocrx_word' id='word_1_581' title='bbox 1097 2200 1186 2228; x_wconf 90' lang='lat' dir='ltr'>super</span> <span class='ocrx_word' id='word_1_582' title='bbox 1201 2201 1233 2220; x_wconf 91' lang='lat' dir='ltr'>os</span> <span class='ocrx_word' id='word_1_583' title='bbox 1252 2193 1349 2228; x_wconf 81' lang='lat' dir='ltr'>putei,</span> <span class='ocrx_word' id='word_1_584' title='bbox 1365 2196 1393 2221; x_wconf 88' lang='lat' dir='ltr'>et</span> <span class='ocrx_word' id='word_1_585' title='bbox 1414 2194 1499 2229; x_wconf 82' lang='lat' dir='ltr'>illos,</span> <span class='ocrx_word' id='word_1_586' title='bbox 1521 2193 1573 2230; x_wconf 90' lang='lat' dir='ltr'>qui</span> <span class='ocrx_word' id='word_1_587' title='bbox 1587 2195 1761 2230; x_wconf 80' lang='lat' dir='ltr'>quaerebant</span> 
     </span>
     <span class='ocr_line' id='line_1_93' title="bbox 976 2239 1398 2275; baseline 0.007 -8"><span class='ocrx_word' id='word_1_588' title='bbox 976 2247 1043 2273; x_wconf 87' lang='lat' dir='ltr'>cos,</span> <span class='ocrx_word' id='word_1_589' title='bbox 1064 2239 1180 2268; x_wconf 90' lang='lat' dir='ltr'>delusit.</span> <span class='ocrx_word' id='word_1_590' title='bbox 1197 2241 1217 2268; x_wconf 86' lang='lat' dir='ltr'>Ii</span> <span class='ocrx_word' id='word_1_591' title='bbox 1233 2242 1312 2275; x_wconf 58' lang='lat' dir='ltr'>Rea„</span> <span class='ocrx_word' id='word_1_592' title='bbox 1328 2249 1398 2270; x_wconf 76' lang='lat' dir='ltr'>xvn.</span> 
     </span>
    </p>

    <p class='ocr_par' dir='ltr' id='par_1_29' title="bbox 975 2288 1760 2464">
     <span class='ocr_line' id='line_1_94' title="bbox 1013 2288 1760 2319; baseline 0.007 -5"><span class='ocrx_word' id='word_1_593' title='bbox 1013 2289 1143 2315; x_wconf 87' lang='lat' dir='ltr'>Duarum</span> <span class='ocrx_word' id='word_1_594' title='bbox 1158 2288 1320 2316; x_wconf 88' lang='lat' dir='ltr'>mulierum</span> <span class='ocrx_word' id='word_1_595' title='bbox 1336 2297 1439 2317; x_wconf 85' lang='lat' dir='ltr'>coram</span> <span class='ocrx_word' id='word_1_596' title='bbox 1460 2290 1620 2318; x_wconf 88' lang='lat' dir='ltr'>Salomone</span> <span class='ocrx_word' id='word_1_597' title='bbox 1641 2292 1760 2319; x_wconf 86' lang='lat' dir='ltr'>conten-</span> 
     </span>
     <span class='ocr_line' id='line_1_95' title="bbox 976 2334 1759 2373; baseline 0.005 -11"><span class='ocrx_word' id='word_1_598' title='bbox 976 2334 1110 2363; x_wconf 87' lang='lat' dir='ltr'>dentium</span> <span class='ocrx_word' id='word_1_599' title='bbox 1134 2335 1187 2363; x_wconf 87' lang='lat' dir='ltr'>illa</span> <span class='ocrx_word' id='word_1_600' title='bbox 1209 2335 1294 2371; x_wconf 86' lang='lat' dir='ltr'>pium</span> <span class='ocrx_word' id='word_1_601' title='bbox 1319 2344 1371 2364; x_wconf 90' lang='lat' dir='ltr'>eor</span> <span class='ocrx_word' id='word_1_602' title='bbox 1392 2336 1515 2371; x_wconf 88' lang='lat' dir='ltr'>habuit,</span> <span class='ocrx_word' id='word_1_603' title='bbox 1537 2345 1603 2373; x_wconf 84' lang='lat' dir='ltr'>quae</span> <span class='ocrx_word' id='word_1_604' title='bbox 1618 2337 1699 2366; x_wconf 86' lang='lat' dir='ltr'>litem</span> <span class='ocrx_word' id='word_1_605' title='bbox 1714 2337 1759 2365; x_wconf 90' lang='lat' dir='ltr'>di-</span> 
     </span>
     <span class='ocr_line' id='line_1_96' title="bbox 975 2381 1758 2420; baseline 0.006 -12"><span class='ocrx_word' id='word_1_606' title='bbox 975 2381 1037 2409; x_wconf 86' lang='lat' dir='ltr'>vidi</span> <span class='ocrx_word' id='word_1_607' title='bbox 1054 2383 1087 2417; x_wconf 86' lang='lat' dir='ltr'>(b)</span> <span class='ocrx_word' id='word_1_608' title='bbox 1104 2382 1214 2416; x_wconf 84' lang='lat' dir='ltr'>noluit,</span> <span class='ocrx_word' id='word_1_609' title='bbox 1231 2383 1315 2418; x_wconf 87' lang='lat' dir='ltr'>eujus</span> <span class='ocrx_word' id='word_1_610' title='bbox 1330 2383 1444 2412; x_wconf 79' lang='lat' dir='ltr'>viscera</span> <span class='ocrx_word' id='word_1_611' title='bbox 1458 2392 1549 2420; x_wconf 89' lang='lat' dir='ltr'>super</span> <span class='ocrx_word' id='word_1_612' title='bbox 1564 2384 1659 2413; x_wconf 87' lang='lat' dir='ltr'>filium</span> <span class='ocrx_word' id='word_1_613' title='bbox 1675 2393 1758 2413; x_wconf 84' lang='lat' dir='ltr'>com-</span> 
     </span>
     <span class='ocr_line' id='line_1_97' title="bbox 976 2428 1399 2464; baseline 0.002 -8"><span class='ocrx_word' id='word_1_614' title='bbox 976 2430 1058 2456; x_wconf 88' lang='lat' dir='ltr'>mota</span> <span class='ocrx_word' id='word_1_615' title='bbox 1069 2428 1196 2457; x_wconf 84' lang='lat' dir='ltr'>fuerunt.</span> <span class='ocrx_word' id='word_1_616' title='bbox 1213 2431 1247 2458; x_wconf 89' lang='lat' dir='ltr'>Ill</span> <span class='ocrx_word' id='word_1_617' title='bbox 1262 2431 1339 2464; x_wconf 63' lang='lat' dir='ltr'>Req„</span> <span class='ocrx_word' id='word_1_618' title='bbox 1357 2439 1399 2458; x_wconf 78' lang='lat'>111.</span> 
     </span>
    </p>

    <p class='ocr_par' dir='ltr' id='par_1_30' title="bbox 973 2475 1797 2604">
     <span class='ocr_line' id='line_1_98' title="bbox 1010 2475 1759 2514; baseline 0.005 -12"><span class='ocrx_word' id='word_1_619' title='bbox 1010 2475 1106 2503; x_wconf 88' lang='lat' dir='ltr'>Vidua</span> <span class='ocrx_word' id='word_1_620' title='bbox 1120 2476 1227 2504; x_wconf 88' lang='lat' dir='ltr'>mulier</span> <span class='ocrx_word' id='word_1_621' title='bbox 1247 2478 1408 2513; x_wconf 81' lang='lat' dir='ltr'>sareptana</span> <span class='ocrx_word' id='word_1_622' title='bbox 1423 2478 1541 2513; x_wconf 86' lang='lat' dir='ltr'>hospita</span> <span class='ocrx_word' id='word_1_623' title='bbox 1560 2478 1589 2513; x_wconf 83' lang='lat' dir='ltr'>(c)</span> <span class='ocrx_word' id='word_1_624' title='bbox 1605 2478 1673 2505; x_wconf 84' lang='lat' dir='ltr'>Eliae</span> <span class='ocrx_word' id='word_1_625' title='bbox 1689 2486 1759 2514; x_wconf 84' lang='lat' dir='ltr'>pro-</span> 
     </span>
     <span class='ocr_line' id='line_1_99' title="bbox 973 2521 1797 2561; baseline 0.005 -12"><span class='ocrx_word' id='word_1_626' title='bbox 973 2522 1085 2559; x_wconf 72' lang='lat' dir='ltr'>phetae,</span> <span class='ocrx_word' id='word_1_627' title='bbox 1100 2524 1128 2550; x_wconf 90' lang='lat' dir='ltr'>et</span> <span class='ocrx_word' id='word_1_628' title='bbox 1143 2523 1224 2559; x_wconf 90' lang='lat' dir='ltr'>apud</span> <span class='ocrx_word' id='word_1_629' title='bbox 1240 2523 1323 2551; x_wconf 85' lang='lat' dir='ltr'>illam</span> <span class='ocrx_word' id='word_1_630' title='bbox 1345 2524 1565 2552; x_wconf 84' lang='lat' dir='ltr'>sustentabatur</span> <span class='ocrx_word' id='word_1_631' title='bbox 1586 2527 1756 2561; x_wconf 84' lang='lat' dir='ltr'>utcumque.</span> <span class='ocrx_word' id='word_1_632' title='bbox 1794 2521 1797 2522; x_wconf 42' lang='lat'><em>⁷</em></span> 
     </span>
     <span class='ocr_line' id='line_1_100' title="bbox 976 2570 1189 2604; baseline -0.005 -6"><span class='ocrx_word' id='word_1_633' title='bbox 976 2571 1009 2598; x_wconf 87' lang='lat'>111</span> <span class='ocrx_word' id='word_1_634' title='bbox 1024 2570 1101 2604; x_wconf 63' lang='lat' dir='ltr'>Regi„</span> <span class='ocrx_word' id='word_1_635' title='bbox 1120 2577 1189 2597; x_wconf 81' lang='lat' dir='ltr'>xvu.</span> 
     </span>
    </p>

    <p class='ocr_par' dir='ltr' id='par_1_31' title="bbox 1011 2616 1756 2655">
     <span class='ocr_line' id='line_1_101' title="bbox 1011 2616 1756 2655; baseline 0.004 -11"><span class='ocrx_word' id='word_1_636' title='bbox 1011 2616 1113 2645; x_wconf 89' lang='lat' dir='ltr'>Mulier</span> <span class='ocrx_word' id='word_1_637' title='bbox 1125 2617 1283 2645; x_wconf 86' lang='lat' dir='ltr'>Sunamitis</span> <span class='ocrx_word' id='word_1_638' title='bbox 1294 2617 1411 2646; x_wconf 84' lang='lat' dir='ltr'>induxit</span> <span class='ocrx_word' id='word_1_639' title='bbox 1423 2619 1519 2647; x_wconf 88' lang='lat' dir='ltr'>virum</span> <span class='ocrx_word' id='word_1_640' title='bbox 1533 2627 1619 2647; x_wconf 86' lang='lat' dir='ltr'>suum</span> <span class='ocrx_word' id='word_1_641' title='bbox 1636 2619 1675 2647; x_wconf 87' lang='lat' dir='ltr'>ad</span> <span class='ocrx_word' id='word_1_642' title='bbox 1687 2620 1756 2655; x_wconf 85' lang='lat' dir='ltr'>hoc,</span> 
     </span>
    </p>
   </div>
   <div class='ocr_carea' id='block_1_8' title="bbox 972 2680 1757 2750">
    <p class='ocr_par' dir='ltr' id='par_1_32' title="bbox 972 2680 1757 2750">
     <span class='ocr_line' id='line_1_102' title="bbox 1004 2680 1756 2711; baseline 0.004 -8"><span class='ocrx_word' id='word_1_643' title='bbox 1004 2680 1037 2709; x_wconf 73' lang='lat' dir='ltr'>(rt)</span> <span class='ocrx_word' id='word_1_644' title='bbox 1055 2680 1117 2704; x_wconf 81' lang='lat' dir='ltr'>Caet.</span> <span class='ocrx_word' id='word_1_645' title='bbox 1136 2680 1196 2704; x_wconf 68' lang='lat' dir='ltr'>edit.</span> <span class='ocrx_word' id='word_1_646' title='bbox 1219 2683 1327 2705; x_wconf 83' lang='lat' dir='ltr'>cunctae.</span> <span class='ocrx_word' id='word_1_647' title='bbox 1344 2695 1374 2699; x_wconf 97' lang='lat'><strong>—</strong></span> <span class='ocrx_word' id='word_1_648' title='bbox 1396 2681 1429 2711; x_wconf 70' lang='lat' dir='ltr'>(b)</span> <span class='ocrx_word' id='word_1_649' title='bbox 1451 2681 1521 2706; x_wconf 61' lang='lat' dir='ltr'>Edit.</span> <span class='ocrx_word' id='word_1_650' title='bbox 1545 2682 1623 2706; x_wconf 78' lang='lat' dir='ltr'>Vatz&#39;c.</span> <span class='ocrx_word' id='word_1_651' title='bbox 1645 2682 1683 2706; x_wconf 90' lang='lat' dir='ltr'>liti</span> <span class='ocrx_word' id='word_1_652' title='bbox 1702 2689 1756 2707; x_wconf 85' lang='lat' dir='ltr'>cre-</span> 
     </span>
     <span class='ocr_line' id='line_1_103' title="bbox 972 2715 1757 2750; baseline 0.005 -11"><span class='ocrx_word' id='word_1_653' title='bbox 972 2715 1049 2748; x_wconf 80' lang='lat' dir='ltr'>dere;</span> <span class='ocrx_word' id='word_1_654' title='bbox 1061 2716 1185 2741; x_wconf 72' lang='lat' dir='ltr'>eclit.1&#39;mz.</span> <span class='ocrx_word' id='word_1_655' title='bbox 1198 2716 1299 2741; x_wconf 80' lang='lat' dir='ltr'>cedere.</span> <span class='ocrx_word' id='word_1_656' title='bbox 1312 2730 1341 2735; x_wconf 94' lang='lat'><strong>—</strong></span> <span class='ocrx_word' id='word_1_657' title='bbox 1353 2717 1383 2748; x_wconf 79' lang='lat' dir='ltr'>(c)</span> <span class='ocrx_word' id='word_1_658' title='bbox 1395 2718 1452 2749; x_wconf 71' lang='lat' dir='ltr'>Ley.</span> <span class='ocrx_word' id='word_1_659' title='bbox 1466 2717 1667 2750; x_wconf 79' lang='lat' dir='ltr'>hospitalitatem</span> <span class='ocrx_word' id='word_1_660' title='bbox 1679 2718 1757 2744; x_wconf 86' lang='lat' dir='ltr'>dedit.</span> 
     </span>
    </p>
   </div>
  </div>
 </body>
</html>
