2004 3037
206 220 266 251 636

206 286 302 316 filiam
317 293 405 316 suam
418 287 519 324 petere
532 287 624 324 eaput
638 285 775 322 ioannis,
790 292 884 323 quam
898 284 988 314 dimi-

207 334 289 363 diam
303 334 421 370 partem
435 332 520 370 regni
534 333 670 363 Herodis.
689 334 789 368 Mare„
804 340 844 362 vr.

241 379 344 410 Puella
361 379 517 418 quoedam,
536 380 659 410 nomine
679 380 800 415 Rhode,
819 379 989 416 intelligens

206 429 324 457 Petrum
345 427 465 464 pulsare
485 427 525 456 ad
544 428 690 464 januam,
706 435 770 465 prae
792 426 905 464 gaudio
925 433 988 455 non

207 474 324 512 aperuit
342 473 385 510 ei3
405 473 460 503 sed
478 473 629 503 dimittens
649 482 736 509 eum,
754 474 827 503 foris
847 473 986 509 cucurrit,

207 522 236 550 et
249 521 326 551 intro
341 521 487 550 stantibus
501 521 659 551 nuntiavit.
675 522 751 557 Aet„
765 528 817 550 ιιι.

370 615 551 650 CAPUT
589 615 824 651 CXXVIII.

420 690 459 718 De
476 690 619 718 mulierum
638 689 775 724 fallaciis.

243 759 402 789 Occasione
423 762 490 789 Evae
506 760 545 798 (α)
561 760 703 797 deceptus
724 761 768 789 est
787 759 883 788 Adam
898 767 905 787 :
919 758 975 787 lice

210 814 273 836 non
291 807 379 836 fuerit
396 807 535 836 seductus
553 808 584 836 in
603 807 700 842 eo,‚in
721 814 784 843 quo
798 808 859 835 Eva
872 805 927 834 tuit
945 813 988 834 se-

208 854 297 883 ducta
305 864 314 891 3
337 855 391 884 sed
411 857 512 883 tamen
538 854 576 883 de
601 853 685 890 ligno
708 853 814 889 vetito,
837 854 897 882 Eva
919 860 988 881 sua·

207 901 306 936 dente,
321 901 461 930 comedit.
476 903 554 937 Gen„
568 909 610 930 m.

243 949 314 977 Sara
326 949 398 983 risit,
412 948 514 978 audita
526 947 725 986 promissione
740 947 778 976 de
791 947 986 984 conceptione

207 995 276 1031 silii;
293 995 455 1032 redarguta
469 998 567 1024 autem
582 1004 600 1024 a
619 995 744 1024 Domino
761 995 826 1031 ejus
848 994 988 1023 diffiden-

207 1043 261 1078 tia,
278 1043 406 1080 seipsam
426 1043 609 1072 mendaciter
631 1043 792 1071 excusavit.
810 1042 888 1077 Gen„
903 1049 986 1070 xviii.

244 1091 313 1119 lluae
328 1090 397 1118 filiae
412 1090 498 1123 Loth,
513 1090 646 1119 volentes
665 1097 701 1118 ex
719 1091 803 1126 patre
817 1097 872 1118 suo
887 1088 988 1117 eonci-

208 1145 289 1174 pere,
305 1145 373 1166 oum
385 1137 485 1166 verbis
499 1145 568 1166 eum
581 1137 712 1166 fortassis
727 1137 765 1165 ad
777 1137 836 1166 hoc
848 1136 988 1165 inducere

209 1193 271 1214 non
290 1184 449 1220 auderent,
464 1185 614 1214 mediante
628 1185 700 1214 vino
715 1184 906 1222 propositum
920 1191 988 1220 per-

209 1234 340 1268 egerunt.
359 1232 434 1265 Gen..
452 1240 510 1261 ιιι.
524 1234 600 1261 Bene
614 1232 704 1268 igitur
722 1232 816 1260 aliurn
834 1231 988 1260 hominem

208 1279 404 1317 decepissent,
419 1279 541 1316 quando
555 1287 611 1308 nec
625 1279 700 1316 patri
712 1278 836 1316 proprio
851 1285 989 1315 peperce-

208 1329 286 1355 runt.

245 1375 354 1404 Rachel
375 1377 490 1411 patrem
510 1374 683 1412 proprium,
703 1375 886 1410 quoerentem
906 1372 990 1401 idola

209 1430 263 1451 sua
274 1443 283 1457 ‚
302 1422 427 1459 pulchra
447 1422 660 1451 adinventione
682 1421 799 1450 delusit.
816 1421 894 1455 Gen„
909 1428 987 1455 xxxi,

209 1471 253 1497 35.

246 1517 370 1545 Domina
388 1516 497 1553 ioseph
512 1517 609 1553 ipsum
625 1515 706 1552 apud
722 1515 819 1544 virum
834 1522 921 1543 suum
936 1521 989 1543 ne-

209 1564 306 1601 quiter
325 1564 490 1597 accusavit,
506 1566 539 1592 ut
557 1564 685 1600 seipsam
704 1562 888 1591 mendaciter
901 1569 989 1590 excu-

210 1614 304 1646 saret;
321 1613 348 1638 et
363 1611 515 1647 decipiens
526 1611 622 1639 virum
638 1618 736 1644 suum,
752 1609 788 1637 de
804 1609 866 1645 ipso
880 1609 989 1646 «loseph

211 1666 240 1686 se
258 1658 429 1694 impiissime
445 1658 618 1686 vindicavit.
636 1658 713 1692 Gen„
730 1663 826 1685 xxxix.

246 1706 422 1734 Obstetrices
437 1706 644 1740 Hebraeorum,
666 1705 734 1734 licet
751 1706 833 1742 piam
851 1705 989 1733 intentio-

213 1761 280 1781 nem
301 1753 460 1781 habuerint
483 1754 512 1781 in
534 1754 732 1781 reservatione
752 1760 930 1789 puerorum,
951 1755 991 1780 ta-

212 1808 279 1828 men
304 1800 487 1828 Pharaonem
513 1808 614 1835 regem
637 1800 754 1836 AEgypti
777 1799 988 1828 adinventione

212 1847 361 1875 mendacii
377 1847 551 1875 fefellerunt.
569 1847 669 1880 lia-od„
686 1854 704 1874 1.

248 1893 381 1923 Mulieres
396 1893 569 1921 Moabitides
588 1893 666 1921 tilios
688 1893 775 1921 lsrael
793 1893 988 1928 deceperunt,

211 1943 312 1969 contra
328 1948 404 1976 quos
419 1940 537 1968 Balaam
553 1940 664 1968 ariolus
678 1947 746 1968 cuin
767 1939 907 1967 omnibus
925 1948 989 1967 ma-

210 1988 281 2023 gicis
301 1987 414 2016 artibus
433 1987 493 2015 suis
508 1987 581 2014 nihil
596 1988 734 2023 potuerat
749 1987 876 2023 operari.
894 1988 987 2019 Num„

208 2044 275 2064 xxv.

246 2083 347 2111 ltahab
372 2082 512 2110 meretrix
537 2081 694 2110 abscondit
720 2081 924 2117 exploratores
942 2082 989 2108 Jo-

210 2138 278 2165 sue,
294 2132 321 2158 et
336 2129 422 2164 illos,
439 2130 490 2166 qui
507 2130 681 2166 quoereliant
696 2137 763 2163 eos,
782 2129 849 2157 fecit
870 2136 988 2156 currere

209 2185 303 2213 usque
325 2177 364 2206 ad
388 2177 465 2205 vada
488 2176 641 2211 Jordanis,
664 2176 780 2211 dicens,
807 2176 889 2213 quod
913 2176 989 2204 exie-

209 2227 284 2258 rant,
299 2223 397 2252 clausa
412 2227 507 2260 porta.
523 2225 591 2257 Jos.‚
607 2232 635 2252 ιι.

245 2274 366 2307 Egressa
385 2272 466 2300 Jahel
488 2272 518 2299 in
538 2279 693 2299 occursum
718 2271 831 2305 Sisara’,
855 2271 929 2299 dixit
949 2270 987 2298 ad

210 2327 278 2347 eum
295 2329 301 2346 ;
320 2328 334 2345 (ι
350 2320 426 2347 lntra
441 2319 480 2347 ad
496 2327 559 2353 me,
575 2319 696 2346 domine
712 2319 768 2352 mi,
784 2326 820 2346 ne
841 2319 954 2346 timeas.
972 2329 984 2344 n

210 2368 242 2394 Et
261 2365 452 2402 postmodum
472 2366 557 2394 illum
582 2365 779 2394 dormientem
801 2365 919 2393 occidit.
942 2366 988 2393 Iu<

210 2412 311 2445 (lirum,
328 2421 367 2441 iv.

245 2461 322 2488 Uxor
347 2460 517 2495 Samsonis,
541 2460 668 2488 tundens
693 2459 775 2496 apud
799 2467 868 2487 eum
892 2460 986 2495 lacry-

209 2515 288 2541 ma5‚
310 2507 428 2535 dicebat
447 2517 455 2535 ε
474 2517 487 2534 α
501 2507 591 2536 Odisti
610 2515 673 2541 me,
697 2507 806 2534 ideirco
830 2506 989 2542 problema

208 2561 269 2581 non
285 2554 329 2581 vis
344 2554 418 2582 mihi
439 2562 627 2591 exponere.»
647 2555 697 2582 Cui
720 2555 769 2582 ille
790 2554 820 2582 in
841 2553 986 2581 damnum

208 2601 364 2637 proprium
379 2602 531 2630 revelavit.
545 2602 649 2636 Μαῖα,
664 2610 725 2636 xm
743 2602 786 2629 16.

210 2700 219 2724 s
241 2664 274 2724 (ιιι)
287 2666 348 2689 Coet.
365 2666 425 2690 edil.
442 2667 504 2691 Eva.
522 2679 552 2685 —
569 2666 604 2697 (b)
623 2665 710 2698 Suppl.
727 2668 837 2690 statuam
852 2678 877 2681 4
897 2666 925 2695 (ι’)
945 2664 986 2689 ΑΙ.

220 2706 249 2724 ac
263 2708 314 2724 nm.

822 216 958 250 BIBLIA
977 213 1208 248 PAUPERUM.

1083 283 1179 312 Dalila
1191 283 1318 313 molesta
1330 283 1386 313 fuit
1398 284 1546 321 samsoni,
1555 286 1669 324 jugiter
1680 295 1737 326 pez·
1748 291 1828 320 mul.

1045 332 1092 360 tos
1106 329 1172 360 dies
1190 330 1321 368 spatium
1342 330 1383 360 ad
1401 331 1532 368 quietem
1552 340 1616 363 non
1633 334 1784 374 tribuens,
1798 340 1829 368 et

1045 376 1152 407 defecit
1165 377 1267 406 anima
1281 377 1357 414 ejus,
1371 379 1400 407 et
1413 378 1454 407 ad
1467 381 1596 410 mortem
1608 389 1706 420 usque
1719 383 1828 414 lassata

1045 428 1089 456 est
1103 434 1110 455 :
1126 427 1198 455 tunc
1211 425 1307 455 victus
1321 427 1447 456 Samson
1460 427 1639 459 fortissimus
1651 430 1739 461 stulto
1753 440 1828 470 ape·

1043 473 1104 502 ruit
1116 474 1143 502 ei
1158 475 1263 502 totum.
1275 474 1380 511 sudio„
1395 482 1454 504 xv1.

1080 520 1186 550 nichol
1198 520 1377 558 intelligens,
1391 521 1477 559 quod
1489 523 1560 553 Saul
1570 525 1655 561 pater
1666 532 1738 554 suus
1749 533 1828 565 qum-

1044 566 1130 596 rebat
1152 567 1252 596 virum
1273 576 1361 597 suum
1384 569 1479 598 David
1502 577 1598 608 usque
1618 571 1659 601 ad
1681 575 1826 610 mortem,

1043 613 1113 643 fecit
1134 621 1204 644 eum
1220 614 1344 651 fugere,
1372 617 1401 644 et
1430 616 1531 652 posuit
1551 618 1584 654 (b)
1609 626 1700 656 super
1718 619 1828 650 leenim

1044 669 1149 697 suum,
1163 662 1218 691 ete.
1235 663 1244 691 Ι
1258 663 1337 699 Rea„
1352 670 1414 697 xix,
1430 664 1474 692 ¹3.

1080 708 1139 738 Viri
1154 709 1207 746 qui
1221 710 1359 738 nuntiare
1374 709 1527 740 debebant
1541 712 1636 741 David
1647 715 1758 742 statum
1772 714 1829 744 Ab·

1043 755 1150 790 salom,
1164 755 1285 785 fuerunt
1298 757 1388 794 positi
1405 758 1436 786 in
1454 760 1562 795 puteo,
1576 761 1606 789 et
1624 760 1734 791 mulier
1749 770 1828 800 quae-

1044 801 1130 839 dam,
1153 810 1269 840 ponens
1291 803 1429 833 velamen
1449 813 1542 843 super
1563 814 1599 836 os
1622 808 1723 845 putei,
1746 809 1828 847 ipsos

1043 850 1198 879 recessisse
1212 851 1336 880 mentita
1349 852 1404 880 est.
1420 853 1441 881 ll
1455 853 1534 888 Rea„
1549 861 1621 883 xvn.

1079 898 1153 926 Cum
1173 898 1309 926 erasisset
1330 899 1399 927 Saul
1421 907 1528 928 omnes
1547 909 1654 937 magos
1675 901 1713 931 de
1735 905 1826 938 terra,

1043 944 1238 974 nihilominus
1260 954 1320 976 una
1339 947 1448 977 mulier
1460 948 1516 977 suit
1529 949 1667 986 inventa,
1683 958 1750 988 qum
1765 954 1830 982 erat

1045 993 1074 1022 in
1088 993 1140 1022 illa
1155 996 1217 1022 arte
1232 995 1336 1031 perita.
1353 996 1362 1024 l
1377 997 1455 1031 Rea„
1470 1003 1576 1025 xxvnr.

1080 1041 1182 1070 Mulier
1196 1042 1259 1070 visa
1272 1042 1342 1070 satis
1357 1042 1478 1079 alonge
1493 1044 1628 1073 animum
1643 1045 1737 1074 David
1749 1046 1828 1075 male

1045 1088 1186 1116 incitavit.
1213 1090 1234 1118 ll
1258 1090 1336 1124 Rea„
1361 1098 1400 1119 xi.
1426 1090 1503 1124 Quid
1527 1099 1617 1127 ergo,
1643 1092 1766 1129 quando
1790 1093 1828 1122 de

1044 1136 1217 1173 propinquo
1241 1136 1338 1172 videt,
1361 1139 1390 1166 et
1409 1137 1538 1174 videtur,
1554 1139 1698 1176 loquitur,
1725 1142 1754 1169 et
1777 1149 1829 1170 au-

1046 1182 1144 1211 ditur?

1082 1231 1281 1267 Depravatum
1296 1233 1339 1260 est
1357 1239 1410 1260 cor
1427 1232 1596 1261 Salomonis
1610 1240 1664 1270 per
1677 1233 1827 1271 mutieres,

1045 1280 1073 1306 et
1088 1277 1171 1314 quod
1188 1278 1257 1314 plus
1275 1278 1355 1307 tactu
1371 1280 1404 1315 (c)
1420 1279 1605 1316 inopinabile
1623 1283 1695 1317 erat,
1711 1281 1750 1310 ad
1765 1284 1829 1311 tan-

1046 1326 1106 1353 tam
1122 1325 1269 1354 insaniam
1284 1325 1474 1355 deduxerunt
1486 1335 1566 1362 eum,
1582 1329 1615 1356 ut
1627 1328 1737 1358 coleret
1752 1328 1825 1358 deos

1045 1380 1157 1401 earum.
1177 1373 1209 1401 Ill
1225 1374 1304 1408 Κεφ,
1320 1381 1359 1402 xr.

1082 1421 1159 1449 Uxor
1176 1421 1337 1450 leroboam
1357 1421 1509 1450 simulavit
1528 1430 1558 1451 se
1580 1423 1685 1458 aliam,
1709 1426 1740 1453 ut
1759 1432 1829 1461 pro-

1045 1468 1166 1504 phetam
1179 1467 1294 1497 falleret
1306 1476 1368 1497 non
1383 1468 1532 1498 valentem
1547 1470 1648 1499 videre
1663 1479 1724 1508 prae
1735 1472 1828 1500 nimia

1045 1517 1205 1544 senectute.
1222 1516 1255 1544 lll
1271 1517 1346 1550 neq..
1365 1523 1422 1544 xiv.

1082 1562 1267 1598 Excogitavit
1290 1562 1407 1592 Iezabel
1428 1563 1565 1600 iniquum
1584 1564 1711 1594 modum
1729 1567 1828 1603 acqui-

1045 1609 1130 1638 rendi
1154 1609 1273 1638 vineam
1296 1609 1432 1645 Naboth,
1456 1619 1547 1647 quem
1571 1612 1671 1640 Achab
1695 1612 1828 1649 impiissi-

1048 1665 1115 1685 mus
1138 1656 1186 1685 vel
1210 1656 1375 1693 nesciebat,
1405 1657 1450 1686 vel
1477 1657 1572 1687 iacere
1599 1667 1661 1688 non
1686 1660 1825 1690 audebat.

1046 1705 1078 1732 ΙΙΙ
1091 1705 1169 1738 1³09„
1186 1711 1245 1732 xxi.

1082 1751 1195 1779 Fesellit
1208 1751 1398 1780 Holofernem
1412 1752 1523 1786 iudith,
1534 1761 1551 1781 a
1563 1753 1636 1781 facie
1652 1754 1736 1788 cnjus
1752 1756 1828 1782 teri-a

1046 1800 1169 1825 tremere
1199 1798 1357 1826 videbatur
1389 1799 1509 1834 (Iudith,
1538 1807 1566 1833 x,
1597 1802 1625 1827 et
1654 1800 1826 1837 deinceps).

1045 1845 1183 1880 quamvis
1204 1845 1255 1872 illa
1277 1845 1391 1881 optima
1405 1846 1569 1874 intentione
1583 1846 1698 1880 fecerit.
1718 1847 1830 1876 scilicet

1045 1898 1100 1927 pro
1116 1891 1291 1919 liberatione
1307 1891 1411 1927 populi
1428 1893 1488 1919 Dei.

1081 1937 1210 1966 Herodes
1222 1938 1392 1966 «metuebat
1402 1941 1545 1967 loannem
1557 1940 1828 1977 Baptistam‚sciens

1045 1993 1114 2012 eum
1130 1984 1228 2012 virum
1247 1985 1358 2020 justum
1379 1988 1407 2014 et
1428 1989 1563 2015 sanctum
1581 1997 1587 2015 :
1608 1991 1637 2016 et
1655 1988 1758 2017 audito
1778 1997 1825 2024 eo,

1045 2031 1138 2059 multa
1155 2031 1291 2059 faciebat.
1303 2043 1315 2058 n
1335 2033 1367 2060 Et
1381 2035 1480 2061 tamen
1503 2034 1661 2070 Herodias,
1678 2043 1744 2072 qum
1759 2036 1827 2063 insi·

1045 2078 1184 2106 diabatur
1204 2079 1326 2113 Joanni,
1344 2082 1456 2108 tantum
1476 2081 1642 2117 laboravit,
1659 2082 1742 2119 quod
1760 2083 1827 2111 tecit

1046 2134 1115 2153 eum
1131 2126 1159 2153 in
1176 2134 1291 2154 carcere
1307 2126 1461 2155 decollari.
1477 2129 1578 2163 Mara,
1594 2137 1631 2158 vr.

1081 2173 1205 2209 saphira
1226 2181 1303 2201 uxor
1326 2174 1446 2202 Ananice
1465 2175 1587 2204 mentita
1609 2176 1663 2204 fuit
1683 2177 1767 2205 Petro
1787 2177 1824 2205 de

1045 2219 1108 2255 agri
1125 2220 1237 2256 pretim
1254 2220 1306 2248 sed
1322 2220 1512 2249 mendacium
1533 2222 1608 2250 illud
1629 2223 1684 2252 fuit
1704 2232 1757 2260 per
1774 2226 1824 2252 Ρο-

1045 2269 1123 2294 trum
1140 2267 1314 2302 gravissime
1329 2268 1475 2303 punitum.
1495 2270 1571 2303 Ace„
1586 2277 1615 2297 v.

1274 2363 1418 2397 CAPUT
1442 2364 1592 2398 CXXIX.

1236 2434 1273 2461 De
1292 2434 1435 2461 mulierum
1454 2436 1630 2471 stultiloquio.

1082 2505 1139 2532 Eva
1168 2503 1274 2539 legitur
1300 2503 1399 2540 primo
1427 2505 1524 2534 locuta
1553 2507 1642 2536 fuisse
1670 2515 1738 2535 cum
1764 2516 1822 2535 ser-

1044 2554 1142 2588 pente,
1162 2558 1254 2587 quam
1275 2559 1344 2579 cum
1364 2554 1422 2580 Deo
1444 2553 1484 2581 ad
1505 2554 1670 2589 orandum,
1686 2554 1734 2582 vel
1755 2562 1823 2582 cum

1044 2599 1110 2627 viro
1132 2606 1186 2625 suo
1211 2597 1250 2626 ad
1274 2597 1407 2635 aliquam
1433 2601 1632 2629 eruditionem
1657 2601 1822 2638 percipien-

1046 2646 1128 2674 dum.
1148 2646 1224 2679 Gen„
1241 2652 1281 2672 ιιι.

1083 2692 1267 2720 promittente
1284 2693 1425 2728 Domino,
1441 2695 1524 2731 quod
1544 2696 1615 2724 Sara
1634 2698 1708 2724 esset
1729 2695 1824 2724 filium
