<?xml version="1.0" encoding="UTF-8"?>
<!DOCTYPE html PUBLIC "-//W3C//DTD XHTML 1.0 Transitional//EN"
    "http://www.w3.org/TR/xhtml1/DTD/xhtml1-transitional.dtd">
<html xmlns="http://www.w3.org/1999/xhtml" xml:lang="en" lang="en">
 <head>
  <title>
</title>
<meta http-equiv="Content-Type" content="text/html;charset=utf-8" />
  <meta name='ocr-system' content='tesseract 3.04.00' />
  <meta name='ocr-capabilities' content='ocr_page ocr_carea ocr_par ocr_line ocrx_word'/>
</head>
<body>
  <div class='ocr_page' id='page_1' title='image "./operaomniasixtiv08bonauoft/operaomniasixtiv08bonauoft_0174.png"; bbox 0 0 2004 3037; ppageno 0'>
   <div class='ocr_carea' id='block_1_1' title="bbox 191 243 249 275">
    <p class='ocr_par' dir='ltr' id='par_1_1' title="bbox 191 243 249 275">
     <span class='ocr_line' id='line_1_1' title="bbox 191 243 249 275; baseline -0.017 0"><span class='ocrx_word' id='word_1_1' title='bbox 191 243 249 275; x_wconf 58' lang='lat'><strong>15&amp;</strong></span> 
     </span>
    </p>
   </div>
   <div class='ocr_carea' id='block_1_2' title="bbox 186 308 970 1747">
    <p class='ocr_par' dir='ltr' id='par_1_2' title="bbox 187 308 968 531">
     <span class='ocr_line' id='line_1_2' title="bbox 187 308 967 345; baseline 0 -7"><span class='ocrx_word' id='word_1_2' title='bbox 187 310 308 338; x_wconf 85' lang='lat' dir='ltr'><strong>unionis</strong></span> <span class='ocrx_word' id='word_1_3' title='bbox 332 309 421 337; x_wconf 87' lang='lat' dir='ltr'><strong>unius</strong></span> <span class='ocrx_word' id='word_1_4' title='bbox 442 310 555 337; x_wconf 84' lang='lat' dir='ltr'><strong>naturae</strong></span> <span class='ocrx_word' id='word_1_5' title='bbox 578 308 618 337; x_wconf 87' lang='lat' dir='ltr'><strong>ad</strong></span> <span class='ocrx_word' id='word_1_6' title='bbox 642 309 785 345; x_wconf 86' lang='lat' dir='ltr'><strong>alteram,</strong></span> <span class='ocrx_word' id='word_1_7' title='bbox 809 311 882 338; x_wconf 84' lang='lat' dir='ltr'><strong>tune</strong></span> <span class='ocrx_word' id='word_1_8' title='bbox 904 317 967 338; x_wconf 89' lang='lat' dir='ltr'><strong>non</strong></span> 
     </span>
     <span class='ocr_line' id='line_1_3' title="bbox 187 355 968 393; baseline -0.001 -8"><span class='ocrx_word' id='word_1_9' title='bbox 187 358 263 385; x_wconf 86' lang='lat' dir='ltr'><strong>tenet</strong></span> <span class='ocrx_word' id='word_1_10' title='bbox 271 355 411 392; x_wconf 71' lang='lat' dir='ltr'><strong>praedicta</strong></span> <span class='ocrx_word' id='word_1_11' title='bbox 419 355 532 391; x_wconf 84' lang='lat' dir='ltr'><strong>regula.</strong></span> <span class='ocrx_word' id='word_1_12' title='bbox 543 355 681 384; x_wconf 83' lang='lat' dir='ltr'>Similiter</span> <span class='ocrx_word' id='word_1_13' title='bbox 692 363 754 384; x_wconf 92' lang='lat' dir='ltr'><strong>non</strong></span> <span class='ocrx_word' id='word_1_14' title='bbox 767 358 859 391; x_wconf 86' lang='lat' dir='ltr'><strong>tenet,</strong></span> <span class='ocrx_word' id='word_1_15' title='bbox 873 364 968 393; x_wconf 87' lang='lat' dir='ltr'><strong>quan-</strong></span> 
     </span>
     <span class='ocr_line' id='line_1_4' title="bbox 188 402 966 438; baseline 0.001 -8"><span class='ocrx_word' id='word_1_16' title='bbox 188 403 228 430; x_wconf 90' lang='lat' dir='ltr'><strong>do</strong></span> <span class='ocrx_word' id='word_1_17' title='bbox 255 402 287 430; x_wconf 90' lang='lat' dir='ltr'><strong>in</strong></span> <span class='ocrx_word' id='word_1_18' title='bbox 314 402 466 431; x_wconf 83' lang='lat' dir='ltr'><strong>vocabulo</strong></span> <span class='ocrx_word' id='word_1_19' title='bbox 495 402 657 431; x_wconf 79' lang='lat' dir='ltr'><strong>includitur</strong></span> <span class='ocrx_word' id='word_1_20' title='bbox 681 403 799 438; x_wconf 86' lang='lat' dir='ltr'><strong>negatio</strong></span> <span class='ocrx_word' id='word_1_21' title='bbox 825 403 966 438; x_wconf 83' lang='lat' dir='ltr'><strong>alicujus,</strong></span> 
     </span>
     <span class='ocr_line' id='line_1_5' title="bbox 188 449 968 486; baseline 0.001 -9"><span class='ocrx_word' id='word_1_22' title='bbox 188 449 272 485; x_wconf 77' lang='lat' dir='ltr'><strong>quus</strong></span> <span class='ocrx_word' id='word_1_23' title='bbox 293 449 464 486; x_wconf 87' lang='lat' dir='ltr'><strong>oppositum</strong></span> <span class='ocrx_word' id='word_1_24' title='bbox 488 449 572 478; x_wconf 84' lang='lat' dir='ltr'><strong>alteri</strong></span> <span class='ocrx_word' id='word_1_25' title='bbox 588 449 741 486; x_wconf 87' lang='lat' dir='ltr'><strong>competit,</strong></span> <span class='ocrx_word' id='word_1_26' title='bbox 758 450 833 478; x_wconf 88' lang='lat' dir='ltr'><strong>sicut</strong></span> <span class='ocrx_word' id='word_1_27' title='bbox 849 452 968 486; x_wconf 75' lang='lat' dir='ltr'><em>incipere</em></span> 
     </span>
     <span class='ocr_line' id='line_1_6' title="bbox 188 497 435 531; baseline 0 -7"><span class='ocrx_word' id='word_1_28' title='bbox 188 504 252 531; x_wconf 84' lang='lat' dir='ltr'><strong>esse,</strong></span> <span class='ocrx_word' id='word_1_29' title='bbox 267 497 365 529; x_wconf 79' lang='lat' dir='ltr'><strong>creari,</strong></span> <span class='ocrx_word' id='word_1_30' title='bbox 380 498 435 525; x_wconf 87' lang='lat' dir='ltr'><strong>etc.</strong></span> 
     </span>
    </p>

    <p class='ocr_par' dir='ltr' id='par_1_3' title="bbox 186 543 969 720">
     <span class='ocr_line' id='line_1_7' title="bbox 223 543 969 580; baseline 0.003 -10"><span class='ocrx_word' id='word_1_31' title='bbox 223 544 297 571; x_wconf 84' lang='lat' dir='ltr'><strong>Nota</strong></span> <span class='ocrx_word' id='word_1_32' title='bbox 311 543 396 579; x_wconf 87' lang='lat' dir='ltr'><strong>quod</strong></span> <span class='ocrx_word' id='word_1_33' title='bbox 405 564 414 578; x_wconf 94' lang='lat'><strong>,</strong></span> <span class='ocrx_word' id='word_1_34' title='bbox 427 543 548 580; x_wconf 78' lang='lat' dir='ltr'>proprie</span> <span class='ocrx_word' id='word_1_35' title='bbox 562 543 734 580; x_wconf 83' lang='lat' dir='ltr'><strong>loquendo,</strong></span> <span class='ocrx_word' id='word_1_36' title='bbox 748 544 925 580; x_wconf 82' lang='lat' dir='ltr'><strong>compositio</strong></span> <span class='ocrx_word' id='word_1_37' title='bbox 940 546 969 572; x_wconf 86' lang='lat' dir='ltr'><strong>et</strong></span> 
     </span>
     <span class='ocr_line' id='line_1_8' title="bbox 188 589 967 626; baseline 0.001 -8"><span class='ocrx_word' id='word_1_38' title='bbox 188 589 322 626; x_wconf 83' lang='lat' dir='ltr'><strong>corporis</strong></span> <span class='ocrx_word' id='word_1_39' title='bbox 342 591 370 618; x_wconf 91' lang='lat' dir='ltr'><strong>et</strong></span> <span class='ocrx_word' id='word_1_40' title='bbox 383 589 510 625; x_wconf 66' lang='lat' dir='ltr'><strong>animae,</strong></span> <span class='ocrx_word' id='word_1_41' title='bbox 529 590 602 619; x_wconf 90' lang='lat' dir='ltr'><strong>unio</strong></span> <span class='ocrx_word' id='word_1_42' title='bbox 617 592 660 618; x_wconf 85' lang='lat' dir='ltr'><strong>est</strong></span> <span class='ocrx_word' id='word_1_43' title='bbox 673 590 782 618; x_wconf 79' lang='lat' dir='ltr'><strong>divinae</strong></span> <span class='ocrx_word' id='word_1_44' title='bbox 795 593 908 619; x_wconf 80' lang='lat' dir='ltr'><strong>naturae</strong></span> <span class='ocrx_word' id='word_1_45' title='bbox 927 591 967 619; x_wconf 88' lang='lat' dir='ltr'><strong>ad</strong></span> 
     </span>
     <span class='ocr_line' id='line_1_9' title="bbox 186 637 967 674; baseline 0.003 -10"><span class='ocrx_word' id='word_1_46' title='bbox 186 637 373 665; x_wconf 79' lang='lat' dir='ltr'>humanam:</span> <span class='ocrx_word' id='word_1_47' title='bbox 399 639 499 665; x_wconf 86' lang='lat' dir='ltr'><strong>tamen</strong></span> <span class='ocrx_word' id='word_1_48' title='bbox 523 645 618 665; x_wconf 91' lang='lat' dir='ltr'><strong>unum</strong></span> <span class='ocrx_word' id='word_1_49' title='bbox 641 637 826 674; x_wconf 87' lang='lat' dir='ltr'><strong>quandoque</strong></span> <span class='ocrx_word' id='word_1_50' title='bbox 846 637 967 674; x_wconf 90' lang='lat' dir='ltr'><strong>ponitur</strong></span> 
     </span>
     <span class='ocr_line' id='line_1_10' title="bbox 187 683 386 720; baseline 0 -9"><span class='ocrx_word' id='word_1_51' title='bbox 187 691 243 719; x_wconf 87' lang='lat' dir='ltr'><strong>pro</strong></span> <span class='ocrx_word' id='word_1_52' title='bbox 258 683 386 720; x_wconf 89' lang='lat' dir='ltr'><strong>reliquo.</strong></span> 
     </span>
    </p>

    <p class='ocr_par' dir='ltr' id='par_1_4' title="bbox 187 730 968 1132">
     <span class='ocr_line' id='line_1_11' title="bbox 223 730 967 767; baseline 0.001 -10"><span class='ocrx_word' id='word_1_53' title='bbox 223 730 358 766; x_wconf 84' lang='lat' dir='ltr'>Quinque</span> <span class='ocrx_word' id='word_1_54' title='bbox 374 730 493 758; x_wconf 76' lang='lat' dir='ltr'><strong>fuerunt</strong></span> <span class='ocrx_word' id='word_1_55' title='bbox 507 731 598 759; x_wconf 84' lang='lat' dir='ltr'><strong>status</strong></span> <span class='ocrx_word' id='word_1_56' title='bbox 617 730 706 767; x_wconf 89' lang='lat' dir='ltr'><strong>primi</strong></span> <span class='ocrx_word' id='word_1_57' title='bbox 721 731 851 758; x_wconf 86' lang='lat' dir='ltr'><strong>hominis</strong></span> <span class='ocrx_word' id='word_1_58' title='bbox 861 752 870 766; x_wconf 96' lang='lat'><strong>,</strong></span> <span class='ocrx_word' id='word_1_59' title='bbox 886 731 915 758; x_wconf 88' lang='lat' dir='ltr'><strong>et</strong></span> <span class='ocrx_word' id='word_1_60' title='bbox 929 730 967 758; x_wconf 88' lang='lat' dir='ltr'><strong>de</strong></span> 
     </span>
     <span class='ocr_line' id='line_1_12' title="bbox 187 776 967 814; baseline 0.001 -10"><span class='ocrx_word' id='word_1_61' title='bbox 187 776 323 813; x_wconf 88' lang='lat' dir='ltr'><strong>quolibet</strong></span> <span class='ocrx_word' id='word_1_62' title='bbox 337 778 413 805; x_wconf 91' lang='lat' dir='ltr'><strong>statu</strong></span> <span class='ocrx_word' id='word_1_63' title='bbox 427 777 540 813; x_wconf 88' lang='lat' dir='ltr'><strong>accepit</strong></span> <span class='ocrx_word' id='word_1_64' title='bbox 552 777 682 806; x_wconf 86' lang='lat' dir='ltr'><strong>Christus</strong></span> <span class='ocrx_word' id='word_1_65' title='bbox 695 777 812 814; x_wconf 84' lang='lat' dir='ltr'><strong>aliquid</strong></span> <span class='ocrx_word' id='word_1_66' title='bbox 830 787 838 804; x_wconf 87' lang='lat'>:</span> <span class='ocrx_word' id='word_1_67' title='bbox 853 777 967 813; x_wconf 89' lang='lat' dir='ltr'><strong>primus</strong></span> 
     </span>
     <span class='ocr_line' id='line_1_13' title="bbox 187 823 968 860; baseline 0.001 -10"><span class='ocrx_word' id='word_1_68' title='bbox 187 824 278 851; x_wconf 87' lang='lat' dir='ltr'><strong>status</strong></span> <span class='ocrx_word' id='word_1_69' title='bbox 299 823 353 851; x_wconf 86' lang='lat' dir='ltr'><strong>fuit</strong></span> <span class='ocrx_word' id='word_1_70' title='bbox 367 823 558 858; x_wconf 57' lang='lat' dir='ltr'><strong>innocentiae,</strong></span> <span class='ocrx_word' id='word_1_71' title='bbox 574 824 612 852; x_wconf 88' lang='lat' dir='ltr'><strong>de</strong></span> <span class='ocrx_word' id='word_1_72' title='bbox 630 831 691 860; x_wconf 87' lang='lat' dir='ltr'><strong>quo</strong></span> <span class='ocrx_word' id='word_1_73' title='bbox 711 823 840 852; x_wconf 89' lang='lat' dir='ltr'><strong>Christus</strong></span> <span class='ocrx_word' id='word_1_74' title='bbox 855 824 968 860; x_wconf 88' lang='lat' dir='ltr'><strong>aceepit</strong></span> 
     </span>
     <span class='ocr_line' id='line_1_14' title="bbox 187 869 966 906; baseline 0 -8"><span class='ocrx_word' id='word_1_75' title='bbox 187 869 300 906; x_wconf 85' lang='lat' dir='ltr'><strong>peccati</strong></span> <span class='ocrx_word' id='word_1_76' title='bbox 313 870 548 906; x_wconf 81' lang='lat' dir='ltr'><strong>immunitatem3</strong></span> <span class='ocrx_word' id='word_1_77' title='bbox 565 871 713 898; x_wconf 90' lang='lat' dir='ltr'><strong>secundus</strong></span> <span class='ocrx_word' id='word_1_78' title='bbox 727 870 836 906; x_wconf 65' lang='lat' dir='ltr'><strong>gratiae,</strong></span> <span class='ocrx_word' id='word_1_79' title='bbox 853 870 891 898; x_wconf 88' lang='lat' dir='ltr'><strong>de</strong></span> <span class='ocrx_word' id='word_1_80' title='bbox 906 878 966 906; x_wconf 82' lang='lat' dir='ltr'><strong>quo</strong></span> 
     </span>
     <span class='ocr_line' id='line_1_15' title="bbox 188 917 968 953; baseline 0.001 -9"><span class='ocrx_word' id='word_1_81' title='bbox 188 917 301 952; x_wconf 85' lang='lat' dir='ltr'><strong>accepit</strong></span> <span class='ocrx_word' id='word_1_82' title='bbox 318 917 534 952; x_wconf 81' lang='lat' dir='ltr'>plenitudinem</span> <span class='ocrx_word' id='word_1_83' title='bbox 549 917 649 953; x_wconf 77' lang='lat' dir='ltr'><strong>gratiae</strong></span> <span class='ocrx_word' id='word_1_84' title='bbox 655 927 663 953; x_wconf 91' lang='lat'>;</span> <span class='ocrx_word' id='word_1_85' title='bbox 679 917 780 945; x_wconf 89' lang='lat' dir='ltr'><strong>tertius</strong></span> <span class='ocrx_word' id='word_1_86' title='bbox 801 917 895 953; x_wconf 82' lang='lat' dir='ltr'><strong>culpae</strong></span> <span class='ocrx_word' id='word_1_87' title='bbox 906 938 914 951; x_wconf 93' lang='lat'><strong>,</strong></span> <span class='ocrx_word' id='word_1_88' title='bbox 929 917 968 944; x_wconf 88' lang='lat' dir='ltr'><strong>de</strong></span> 
     </span>
     <span class='ocr_line' id='line_1_16' title="bbox 189 963 968 1000; baseline -0.001 -9"><span class='ocrx_word' id='word_1_89' title='bbox 189 971 250 999; x_wconf 85' lang='lat' dir='ltr'><strong>quo</strong></span> <span class='ocrx_word' id='word_1_90' title='bbox 266 963 379 999; x_wconf 84' lang='lat' dir='ltr'><strong>accepit</strong></span> <span class='ocrx_word' id='word_1_91' title='bbox 394 964 701 1000; x_wconf 82' lang='lat' dir='ltr'><strong>recompensationem</strong></span> <span class='ocrx_word' id='word_1_92' title='bbox 721 971 830 1000; x_wconf 81' lang='lat' dir='ltr'><strong>poenae;</strong></span> <span class='ocrx_word' id='word_1_93' title='bbox 846 965 968 1000; x_wconf 88' lang='lat' dir='ltr'><strong>quartus</strong></span> 
     </span>
     <span class='ocr_line' id='line_1_17' title="bbox 188 1009 968 1046; baseline 0 -9"><span class='ocrx_word' id='word_1_94' title='bbox 188 1010 383 1045; x_wconf 67' lang='lat' dir='ltr'><strong>poenitentiae,</strong></span> <span class='ocrx_word' id='word_1_95' title='bbox 399 1010 436 1037; x_wconf 87' lang='lat' dir='ltr'><strong>de</strong></span> <span class='ocrx_word' id='word_1_96' title='bbox 456 1018 517 1046; x_wconf 88' lang='lat' dir='ltr'><strong>quo</strong></span> <span class='ocrx_word' id='word_1_97' title='bbox 537 1011 650 1046; x_wconf 87' lang='lat' dir='ltr'><strong>accepit</strong></span> <span class='ocrx_word' id='word_1_98' title='bbox 665 1010 834 1046; x_wconf 78' lang='lat' dir='ltr'><strong>passionem</strong></span> <span class='ocrx_word' id='word_1_99' title='bbox 855 1009 968 1038; x_wconf 88' lang='lat' dir='ltr'><strong>doloris</strong></span> 
     </span>
     <span class='ocr_line' id='line_1_18' title="bbox 188 1056 968 1094; baseline 0 -10"><span class='ocrx_word' id='word_1_100' title='bbox 188 1058 217 1084; x_wconf 90' lang='lat' dir='ltr'><strong>et</strong></span> <span class='ocrx_word' id='word_1_101' title='bbox 229 1056 364 1092; x_wconf 79' lang='lat' dir='ltr'><strong>tristitioe;</strong></span> <span class='ocrx_word' id='word_1_102' title='bbox 380 1057 499 1093; x_wconf 86' lang='lat' dir='ltr'><strong>quintus</strong></span> <span class='ocrx_word' id='word_1_103' title='bbox 514 1058 630 1093; x_wconf 72' lang='lat' dir='ltr'><strong>gloriae,</strong></span> <span class='ocrx_word' id='word_1_104' title='bbox 647 1057 685 1086; x_wconf 92' lang='lat' dir='ltr'><strong>de</strong></span> <span class='ocrx_word' id='word_1_105' title='bbox 700 1065 762 1094; x_wconf 85' lang='lat' dir='ltr'><strong>quo</strong></span> <span class='ocrx_word' id='word_1_106' title='bbox 781 1057 894 1094; x_wconf 87' lang='lat' dir='ltr'><strong>accepit</strong></span> <span class='ocrx_word' id='word_1_107' title='bbox 906 1057 968 1094; x_wconf 89' lang='lat' dir='ltr'><strong>ple-</strong></span> 
     </span>
     <span class='ocr_line' id='line_1_19' title="bbox 188 1103 451 1132; baseline 0.004 -2"><span class='ocrx_word' id='word_1_108' title='bbox 188 1111 259 1131; x_wconf 86' lang='lat' dir='ltr'><strong>nam</strong></span> <span class='ocrx_word' id='word_1_109' title='bbox 271 1103 451 1132; x_wconf 84' lang='lat' dir='ltr'><strong>fruitionem.</strong></span> 
     </span>
    </p>

    <p class='ocr_par' dir='ltr' id='par_1_5' title="bbox 188 1150 970 1747">
     <span class='ocr_line' id='line_1_20' title="bbox 223 1150 968 1186; baseline 0.004 -9"><span class='ocrx_word' id='word_1_110' title='bbox 223 1150 335 1185; x_wconf 84' lang='lat' dir='ltr'><strong>Corpus</strong></span> <span class='ocrx_word' id='word_1_111' title='bbox 351 1150 464 1185; x_wconf 84' lang='lat' dir='ltr'><strong>Christi,</strong></span> <span class='ocrx_word' id='word_1_112' title='bbox 482 1151 646 1179; x_wconf 88' lang='lat' dir='ltr'><strong>secundum</strong></span> <span class='ocrx_word' id='word_1_113' title='bbox 664 1153 890 1186; x_wconf 88' lang='lat' dir='ltr'><strong>Damascenum,</strong></span> <span class='ocrx_word' id='word_1_114' title='bbox 910 1152 968 1180; x_wconf 83' lang='lat' dir='ltr'><strong>tor-</strong></span> 
     </span>
     <span class='ocr_line' id='line_1_21' title="bbox 188 1197 967 1233; baseline 0.003 -9"><span class='ocrx_word' id='word_1_115' title='bbox 188 1199 302 1225; x_wconf 88' lang='lat' dir='ltr'><strong>matum</strong></span> <span class='ocrx_word' id='word_1_116' title='bbox 316 1197 371 1225; x_wconf 88' lang='lat' dir='ltr'><strong>t&#39;uit</strong></span> <span class='ocrx_word' id='word_1_117' title='bbox 384 1205 420 1225; x_wconf 82' lang='lat' dir='ltr'><strong>ex</strong></span> <span class='ocrx_word' id='word_1_118' title='bbox 436 1199 579 1233; x_wconf 87' lang='lat' dir='ltr'><strong>sanguine</strong></span> <span class='ocrx_word' id='word_1_119' title='bbox 595 1198 689 1226; x_wconf 82' lang='lat' dir='ltr'><strong>beatae</strong></span> <span class='ocrx_word' id='word_1_120' title='bbox 704 1199 839 1233; x_wconf 82' lang='lat' dir='ltr'><strong>Virginis,</strong></span> <span class='ocrx_word' id='word_1_121' title='bbox 854 1207 915 1226; x_wconf 92' lang='lat' dir='ltr'><strong>non</strong></span> <span class='ocrx_word' id='word_1_122' title='bbox 932 1206 967 1226; x_wconf 84' lang='lat' dir='ltr'><strong>ex</strong></span> 
     </span>
     <span class='ocr_line' id='line_1_22' title="bbox 189 1245 968 1279; baseline 0.003 -9"><span class='ocrx_word' id='word_1_123' title='bbox 189 1251 286 1271; x_wconf 86' lang='lat' dir='ltr'><strong>carne.</strong></span> <span class='ocrx_word' id='word_1_124' title='bbox 311 1245 383 1271; x_wconf 82' lang='lat' dir='ltr'><strong>Nam</strong></span> <span class='ocrx_word' id='word_1_125' title='bbox 407 1253 483 1272; x_wconf 65' lang='lat' dir='ltr'><strong>verte</strong></span> <span class='ocrx_word' id='word_1_126' title='bbox 504 1245 605 1272; x_wconf 88' lang='lat' dir='ltr'><strong>matris</strong></span> <span class='ocrx_word' id='word_1_127' title='bbox 620 1247 678 1279; x_wconf 84' lang='lat' dir='ltr'><strong>est,</strong></span> <span class='ocrx_word' id='word_1_128' title='bbox 694 1245 858 1272; x_wconf 89' lang='lat' dir='ltr'><strong>secundum</strong></span> <span class='ocrx_word' id='word_1_129' title='bbox 875 1245 968 1273; x_wconf 83' lang='lat' dir='ltr'><strong>Philo-</strong></span> 
     </span>
     <span class='ocr_line' id='line_1_23' title="bbox 188 1291 967 1326; baseline 0.001 -8"><span class='ocrx_word' id='word_1_130' title='bbox 188 1291 317 1326; x_wconf 90' lang='lat' dir='ltr'><strong>sophum</strong></span> <span class='ocrx_word' id='word_1_131' title='bbox 329 1312 338 1325; x_wconf 91' lang='lat'><strong>,</strong></span> <span class='ocrx_word' id='word_1_132' title='bbox 367 1291 522 1319; x_wconf 79' lang='lat' dir='ltr'><strong>materiam</strong></span> <span class='ocrx_word' id='word_1_133' title='bbox 549 1292 755 1319; x_wconf 86' lang='lat' dir='ltr'><strong>tantummodo</strong></span> <span class='ocrx_word' id='word_1_134' title='bbox 785 1292 967 1326; x_wconf 83' lang='lat' dir='ltr'><strong>ministrare3</strong></span> 
     </span>
     <span class='ocr_line' id='line_1_24' title="bbox 189 1337 970 1374; baseline 0.003 -10"><span class='ocrx_word' id='word_1_135' title='bbox 189 1337 242 1364; x_wconf 89' lang='lat' dir='ltr'><strong>sed</strong></span> <span class='ocrx_word' id='word_1_136' title='bbox 261 1337 332 1365; x_wconf 84' lang='lat' dir='ltr'><strong>dare</strong></span> <span class='ocrx_word' id='word_1_137' title='bbox 348 1338 485 1366; x_wconf 85' lang='lat' dir='ltr'><strong>virtutem</strong></span> <span class='ocrx_word' id='word_1_138' title='bbox 505 1338 708 1372; x_wconf 83' lang='lat' dir='ltr'><strong>sormativam,</strong></span> <span class='ocrx_word' id='word_1_139' title='bbox 724 1346 790 1374; x_wconf 70' lang='lat' dir='ltr'><strong>qum</strong></span> <span class='ocrx_word' id='word_1_140' title='bbox 811 1339 903 1366; x_wconf 79' lang='lat' dir='ltr'><strong>active</strong></span> <span class='ocrx_word' id='word_1_141' title='bbox 919 1346 970 1366; x_wconf 90' lang='lat' dir='ltr'><strong>na-</strong></span> 
     </span>
     <span class='ocr_line' id='line_1_25' title="bbox 189 1385 969 1420; baseline 0.004 -10"><span class='ocrx_word' id='word_1_142' title='bbox 189 1385 284 1411; x_wconf 86' lang='lat' dir='ltr'><strong>turam</strong></span> <span class='ocrx_word' id='word_1_143' title='bbox 298 1393 349 1412; x_wconf 82' lang='lat' dir='ltr'><strong>seu</strong></span> <span class='ocrx_word' id='word_1_144' title='bbox 364 1385 518 1413; x_wconf 84' lang='lat' dir='ltr'><strong>materiam</strong></span> <span class='ocrx_word' id='word_1_145' title='bbox 532 1385 657 1419; x_wconf 75' lang='lat' dir='ltr'><strong>formet,</strong></span> <span class='ocrx_word' id='word_1_146' title='bbox 677 1387 719 1413; x_wconf 82' lang='lat' dir='ltr'><strong>est</strong></span> <span class='ocrx_word' id='word_1_147' title='bbox 741 1385 847 1420; x_wconf 87' lang='lat' dir='ltr'><strong>patris,</strong></span> <span class='ocrx_word' id='word_1_148' title='bbox 865 1388 892 1413; x_wconf 91' lang='lat' dir='ltr'><strong>et</strong></span> <span class='ocrx_word' id='word_1_149' title='bbox 908 1393 969 1413; x_wconf 86' lang='lat' dir='ltr'><strong>non</strong></span> 
     </span>
     <span class='ocr_line' id='line_1_26' title="bbox 189 1430 968 1468; baseline 0.003 -11"><span class='ocrx_word' id='word_1_150' title='bbox 189 1430 298 1458; x_wconf 89' lang='lat' dir='ltr'><strong>matris.</strong></span> <span class='ocrx_word' id='word_1_151' title='bbox 330 1432 402 1458; x_wconf 88' lang='lat' dir='ltr'><strong>Cum</strong></span> <span class='ocrx_word' id='word_1_152' title='bbox 427 1431 514 1465; x_wconf 90' lang='lat' dir='ltr'><strong>igitur</strong></span> <span class='ocrx_word' id='word_1_153' title='bbox 534 1432 621 1459; x_wconf 89' lang='lat' dir='ltr'><strong>beata</strong></span> <span class='ocrx_word' id='word_1_154' title='bbox 645 1432 733 1467; x_wconf 88' lang='lat' dir='ltr'><strong>Virgo</strong></span> <span class='ocrx_word' id='word_1_155' title='bbox 758 1432 968 1468; x_wconf 80' lang='lat' dir='ltr'><strong>proprietatem</strong></span> 
     </span>
     <span class='ocr_line' id='line_1_27' title="bbox 188 1477 969 1514; baseline 0.004 -11"><span class='ocrx_word' id='word_1_156' title='bbox 188 1484 265 1504; x_wconf 76' lang='lat' dir='ltr'><strong>verne</strong></span> <span class='ocrx_word' id='word_1_157' title='bbox 292 1477 391 1505; x_wconf 90' lang='lat' dir='ltr'><strong>matris</strong></span> <span class='ocrx_word' id='word_1_158' title='bbox 418 1478 536 1512; x_wconf 82' lang='lat' dir='ltr'><strong>habeat,</strong></span> <span class='ocrx_word' id='word_1_159' title='bbox 563 1480 679 1514; x_wconf 81' lang='lat' dir='ltr'><strong>oportet</strong></span> <span class='ocrx_word' id='word_1_160' title='bbox 707 1478 790 1514; x_wconf 86' lang='lat' dir='ltr'><strong>quod</strong></span> <span class='ocrx_word' id='word_1_161' title='bbox 815 1479 969 1506; x_wconf 80' lang='lat' dir='ltr'><strong>materiam</strong></span> 
     </span>
     <span class='ocr_line' id='line_1_28' title="bbox 189 1523 969 1559; baseline 0.004 -9"><span class='ocrx_word' id='word_1_162' title='bbox 189 1523 359 1558; x_wconf 84' lang='lat' dir='ltr'><strong>contulerit,</strong></span> <span class='ocrx_word' id='word_1_163' title='bbox 380 1532 446 1559; x_wconf 81' lang='lat' dir='ltr'><strong>qum</strong></span> <span class='ocrx_word' id='word_1_164' title='bbox 466 1524 630 1552; x_wconf 80' lang='lat' dir='ltr'><strong>seeundum</strong></span> <span class='ocrx_word' id='word_1_165' title='bbox 646 1527 782 1552; x_wconf 89' lang='lat' dir='ltr'><strong>naturam</strong></span> <span class='ocrx_word' id='word_1_166' title='bbox 797 1525 832 1552; x_wconf 89' lang='lat' dir='ltr'><strong>sit</strong></span> <span class='ocrx_word' id='word_1_167' title='bbox 847 1526 969 1554; x_wconf 84' lang='lat' dir='ltr'><strong>materia</strong></span> 
     </span>
     <span class='ocr_line' id='line_1_29' title="bbox 189 1570 969 1607; baseline 0.003 -10"><span class='ocrx_word' id='word_1_168' title='bbox 189 1570 367 1598; x_wconf 87' lang='lat' dir='ltr'><strong>conveniens</strong></span> <span class='ocrx_word' id='word_1_169' title='bbox 386 1571 518 1598; x_wconf 82' lang='lat' dir='ltr'><strong>humano</strong></span> <span class='ocrx_word' id='word_1_170' title='bbox 540 1572 674 1607; x_wconf 84' lang='lat' dir='ltr'><strong>corpori,</strong></span> <span class='ocrx_word' id='word_1_171' title='bbox 691 1574 719 1599; x_wconf 86' lang='lat' dir='ltr'><strong>ct</strong></span> <span class='ocrx_word' id='word_1_172' title='bbox 737 1574 834 1599; x_wconf 73' lang='lat' dir='ltr'><strong>tamen</strong></span> <span class='ocrx_word' id='word_1_173' title='bbox 853 1572 969 1607; x_wconf 82' lang='lat' dir='ltr'><strong>integri—</strong></span> 
     </span>
     <span class='ocr_line' id='line_1_30' title="bbox 190 1618 970 1654; baseline 0.004 -11"><span class='ocrx_word' id='word_1_174' title='bbox 190 1618 278 1644; x_wconf 84' lang='lat' dir='ltr'><strong>tatem</strong></span> <span class='ocrx_word' id='word_1_175' title='bbox 309 1618 486 1652; x_wconf 85' lang='lat' dir='ltr'><strong>virginalem</strong></span> <span class='ocrx_word' id='word_1_176' title='bbox 515 1626 577 1646; x_wconf 92' lang='lat' dir='ltr'><strong>non</strong></span> <span class='ocrx_word' id='word_1_177' title='bbox 613 1618 739 1654; x_wconf 88' lang='lat' dir='ltr'><strong>polluat.</strong></span> <span class='ocrx_word' id='word_1_178' title='bbox 768 1619 843 1646; x_wconf 73' lang='lat' dir='ltr'><strong>&#39;l&#39;alis</strong></span> <span class='ocrx_word' id='word_1_179' title='bbox 872 1621 970 1646; x_wconf 89' lang='lat' dir='ltr'><strong>autem</strong></span> 
     </span>
     <span class='ocr_line' id='line_1_31' title="bbox 189 1664 970 1701; baseline 0.003 -11"><span class='ocrx_word' id='word_1_180' title='bbox 189 1664 312 1691; x_wconf 87' lang='lat' dir='ltr'><strong>materia</strong></span> <span class='ocrx_word' id='word_1_181' title='bbox 333 1672 393 1691; x_wconf 89' lang='lat' dir='ltr'><strong>non</strong></span> <span class='ocrx_word' id='word_1_182' title='bbox 413 1667 455 1692; x_wconf 83' lang='lat' dir='ltr'><strong>cst</strong></span> <span class='ocrx_word' id='word_1_183' title='bbox 474 1673 559 1699; x_wconf 90' lang='lat' dir='ltr'><strong>caro,</strong></span> <span class='ocrx_word' id='word_1_184' title='bbox 575 1665 646 1701; x_wconf 90' lang='lat' dir='ltr'><strong>quia</strong></span> <span class='ocrx_word' id='word_1_185' title='bbox 670 1665 740 1692; x_wconf 81' lang='lat' dir='ltr'><strong>dicit</strong></span> <span class='ocrx_word' id='word_1_186' title='bbox 763 1665 970 1701; x_wconf 78' lang='lat' dir='ltr'><strong>Philosophus,</strong></span> 
     </span>
     <span class='ocr_line' id='line_1_32' title="bbox 190 1710 970 1747; baseline 0.005 -11"><span class='ocrx_word' id='word_1_187' title='bbox 190 1710 273 1745; x_wconf 86' lang='lat' dir='ltr'><strong>quod</strong></span> <span class='ocrx_word' id='word_1_188' title='bbox 295 1710 325 1737; x_wconf 91' lang='lat' dir='ltr'><strong>id</strong></span> <span class='ocrx_word' id='word_1_189' title='bbox 340 1712 423 1746; x_wconf 87' lang='lat' dir='ltr'><strong>quod</strong></span> <span class='ocrx_word' id='word_1_190' title='bbox 450 1714 491 1738; x_wconf 76' lang='lat' dir='ltr'><strong>cst</strong></span> <span class='ocrx_word' id='word_1_191' title='bbox 515 1714 581 1739; x_wconf 89' lang='lat' dir='ltr'><strong>actu</strong></span> <span class='ocrx_word' id='word_1_192' title='bbox 605 1720 673 1747; x_wconf 79' lang='lat' dir='ltr'><strong>pars</strong></span> <span class='ocrx_word' id='word_1_193' title='bbox 689 1733 696 1744; x_wconf 97' lang='lat'>‚</span> <span class='ocrx_word' id='word_1_194' title='bbox 713 1719 773 1738; x_wconf 91' lang='lat' dir='ltr'><strong>non</strong></span> <span class='ocrx_word' id='word_1_195' title='bbox 789 1714 831 1739; x_wconf 78' lang='lat' dir='ltr'><strong>cst</strong></span> <span class='ocrx_word' id='word_1_196' title='bbox 847 1713 970 1740; x_wconf 84' lang='lat' dir='ltr'><strong>materia</strong></span> 
     </span>
    </p>
   </div>
   <div class='ocr_carea' id='block_1_3' title="bbox 189 1757 970 1837">
    <p class='ocr_par' dir='ltr' id='par_1_6' title="bbox 189 1757 970 1837">
     <span class='ocr_line' id='line_1_33' title="bbox 189 1757 968 1793; baseline 0.004 -10"><span class='ocrx_word' id='word_1_197' title='bbox 189 1757 397 1791; x_wconf 80' lang='lat' dir='ltr'><strong>generationis,</strong></span> <span class='ocrx_word' id='word_1_198' title='bbox 410 1766 478 1785; x_wconf 89' lang='lat' dir='ltr'><strong>cum</strong></span> <span class='ocrx_word' id='word_1_199' title='bbox 493 1766 554 1785; x_wconf 88' lang='lat' dir='ltr'><strong>non</strong></span> <span class='ocrx_word' id='word_1_200' title='bbox 569 1758 604 1785; x_wconf 88' lang='lat' dir='ltr'><strong>sit</strong></span> <span class='ocrx_word' id='word_1_201' title='bbox 620 1758 751 1793; x_wconf 88' lang='lat' dir='ltr'><strong>potentia</strong></span> <span class='ocrx_word' id='word_1_202' title='bbox 767 1760 861 1786; x_wconf 90' lang='lat' dir='ltr'><strong>totum</strong></span> <span class='ocrx_word' id='word_1_203' title='bbox 876 1767 883 1785; x_wconf 73' lang='grc' dir='ltr'><em>τ</em></span> <span class='ocrx_word' id='word_1_204' title='bbox 900 1767 968 1786; x_wconf 87' lang='lat' dir='ltr'><strong>caro</strong></span> 
     </span>
     <span class='ocr_line' id='line_1_34' title="bbox 189 1802 970 1837; baseline 0.003 -9"><span class='ocrx_word' id='word_1_205' title='bbox 189 1802 287 1828; x_wconf 86' lang='lat' dir='ltr'><strong>autem</strong></span> <span class='ocrx_word' id='word_1_206' title='bbox 313 1803 356 1828; x_wconf 85' lang='lat' dir='ltr'><strong>est</strong></span> <span class='ocrx_word' id='word_1_207' title='bbox 383 1804 449 1829; x_wconf 85' lang='lat' dir='ltr'><strong>actu</strong></span> <span class='ocrx_word' id='word_1_208' title='bbox 472 1810 539 1837; x_wconf 87' lang='lat' dir='ltr'><strong>pars</strong></span> <span class='ocrx_word' id='word_1_209' title='bbox 556 1811 562 1829; x_wconf 92' lang='lat'>:</span> <span class='ocrx_word' id='word_1_210' title='bbox 589 1803 668 1830; x_wconf 86' lang='lat' dir='ltr'><strong>unde</strong></span> <span class='ocrx_word' id='word_1_211' title='bbox 695 1811 755 1830; x_wconf 89' lang='lat' dir='ltr'><strong>non</strong></span> <span class='ocrx_word' id='word_1_212' title='bbox 781 1805 822 1830; x_wconf 80' lang='lat' dir='ltr'><strong>est</strong></span> <span class='ocrx_word' id='word_1_213' title='bbox 846 1804 970 1831; x_wconf 87' lang='lat' dir='ltr'><strong>materia</strong></span> 
     </span>
    </p>
   </div>
   <div class='ocr_carea' id='block_1_4' title="bbox 188 1849 972 2490">
    <p class='ocr_par' dir='ltr' id='par_1_7' title="bbox 188 1849 972 2490">
     <span class='ocr_line' id='line_1_35' title="bbox 189 1849 970 1885; baseline 0.003 -11"><span class='ocrx_word' id='word_1_214' title='bbox 189 1849 397 1881; x_wconf 65' lang='lat' dir='ltr'><strong>generationis</strong></span> <span class='ocrx_word' id='word_1_215' title='bbox 427 1849 503 1876; x_wconf 73' lang='lat' dir='ltr'><strong>&#39;l&#39;alis</strong></span> <span class='ocrx_word' id='word_1_216' title='bbox 529 1857 650 1885; x_wconf 85' lang='lat' dir='ltr'><strong>quoquc</strong></span> <span class='ocrx_word' id='word_1_217' title='bbox 678 1849 801 1877; x_wconf 83' lang='lat' dir='ltr'><strong>materia</strong></span> <span class='ocrx_word' id='word_1_218' title='bbox 830 1857 890 1876; x_wconf 88' lang='lat' dir='ltr'><strong>non</strong></span> <span class='ocrx_word' id='word_1_219' title='bbox 917 1849 970 1877; x_wconf 91' lang='lat' dir='ltr'><strong>fuit</strong></span> 
     </span>
     <span class='ocr_line' id='line_1_36' title="bbox 188 1895 968 1931; baseline 0.004 -11"><span class='ocrx_word' id='word_1_220' title='bbox 188 1902 290 1922; x_wconf 84' lang='lat' dir='ltr'><strong>semen</strong></span> <span class='ocrx_word' id='word_1_221' title='bbox 319 1895 502 1930; x_wconf 85' lang='lat' dir='ltr'><strong>virgineum,</strong></span> <span class='ocrx_word' id='word_1_222' title='bbox 530 1896 577 1923; x_wconf 87' lang='lat' dir='ltr'><strong>vel</strong></span> <span class='ocrx_word' id='word_1_223' title='bbox 606 1896 782 1930; x_wconf 73' lang='lat' dir='ltr'><strong>femineum,</strong></span> <span class='ocrx_word' id='word_1_224' title='bbox 813 1897 883 1931; x_wconf 88' lang='lat' dir='ltr'><strong>quia</strong></span> <span class='ocrx_word' id='word_1_225' title='bbox 911 1896 968 1923; x_wconf 84' lang='lat' dir='ltr'><strong>hoe</strong></span> 
     </span>
     <span class='ocr_line' id='line_1_37' title="bbox 189 1940 968 1976; baseline 0.003 -9"><span class='ocrx_word' id='word_1_226' title='bbox 189 1940 306 1975; x_wconf 86' lang='lat' dir='ltr'><strong>puritati</strong></span> <span class='ocrx_word' id='word_1_227' title='bbox 327 1941 451 1975; x_wconf 82' lang='lat' dir='ltr'><strong>Virginis</strong></span> <span class='ocrx_word' id='word_1_228' title='bbox 472 1950 533 1969; x_wconf 89' lang='lat' dir='ltr'><strong>nou</strong></span> <span class='ocrx_word' id='word_1_229' title='bbox 555 1942 765 1976; x_wconf 81' lang='lat' dir='ltr'><strong>conveniebat,</strong></span> <span class='ocrx_word' id='word_1_230' title='bbox 788 1950 842 1969; x_wconf 88' lang='lat' dir='ltr'><strong>nec</strong></span> <span class='ocrx_word' id='word_1_231' title='bbox 863 1942 968 1976; x_wconf 86' lang='lat' dir='ltr'><strong>etiam,</strong></span> 
     </span>
     <span class='ocr_line' id='line_1_38' title="bbox 191 1987 970 2024; baseline 0.004 -11"><span class='ocrx_word' id='word_1_232' title='bbox 191 1987 355 2014; x_wconf 84' lang='lat' dir='ltr'><strong>secundum</strong></span> <span class='ocrx_word' id='word_1_233' title='bbox 382 1988 605 2024; x_wconf 84' lang='lat' dir='ltr'><strong>Philosophum,</strong></span> <span class='ocrx_word' id='word_1_234' title='bbox 636 1991 678 2016; x_wconf 79' lang='lat' dir='ltr'><strong>est</strong></span> <span class='ocrx_word' id='word_1_235' title='bbox 706 1988 904 2016; x_wconf 82' lang='lat' dir='ltr'><strong>necessarium</strong></span> <span class='ocrx_word' id='word_1_236' title='bbox 931 1989 970 2016; x_wconf 90' lang='lat' dir='ltr'><strong>ad</strong></span> 
     </span>
     <span class='ocr_line' id='line_1_39' title="bbox 191 2035 972 2070; baseline 0.003 -10"><span class='ocrx_word' id='word_1_237' title='bbox 191 2035 422 2068; x_wconf 83' lang='lat' dir='ltr'><strong>generationem,</strong></span> <span class='ocrx_word' id='word_1_238' title='bbox 439 2035 510 2070; x_wconf 84' lang='lat' dir='ltr'><strong>quia</strong></span> <span class='ocrx_word' id='word_1_239' title='bbox 523 2035 630 2070; x_wconf 59' lang='lat' dir='ltr'><strong>aliquae</strong></span> <span class='ocrx_word' id='word_1_240' title='bbox 646 2035 785 2062; x_wconf 83' lang='lat' dir='ltr'><strong>mulieres</strong></span> <span class='ocrx_word' id='word_1_241' title='bbox 801 2035 972 2070; x_wconf 90' lang='lat' dir='ltr'><strong>concipiunt</strong></span> 
     </span>
     <span class='ocr_line' id='line_1_40' title="bbox 191 2079 971 2116; baseline 0.003 -10"><span class='ocrx_word' id='word_1_242' title='bbox 191 2079 252 2107; x_wconf 76' lang='lat' dir='ltr'><strong>sine</strong></span> <span class='ocrx_word' id='word_1_243' title='bbox 271 2081 475 2108; x_wconf 85' lang='lat' dir='ltr'><strong>seminatione.</strong></span> <span class='ocrx_word' id='word_1_244' title='bbox 496 2081 570 2108; x_wconf 75' lang='lat' dir='ltr'><strong>&#39;l&#39;alis</strong></span> <span class='ocrx_word' id='word_1_245' title='bbox 590 2089 661 2116; x_wconf 89' lang='lat' dir='ltr'><strong>ergo</strong></span> <span class='ocrx_word' id='word_1_246' title='bbox 684 2081 808 2108; x_wconf 86' lang='lat' dir='ltr'><strong>materia</strong></span> <span class='ocrx_word' id='word_1_247' title='bbox 831 2081 883 2109; x_wconf 85' lang='lat' dir='ltr'><strong>suit</strong></span> <span class='ocrx_word' id='word_1_248' title='bbox 904 2089 971 2108; x_wconf 83' lang='lat' dir='ltr'><strong>sau-</strong></span> 
     </span>
     <span class='ocr_line' id='line_1_41' title="bbox 191 2127 972 2164; baseline 0.003 -11"><span class='ocrx_word' id='word_1_249' title='bbox 191 2127 255 2161; x_wconf 82' lang='lat' dir='ltr'><strong>guis</strong></span> <span class='ocrx_word' id='word_1_250' title='bbox 267 2148 274 2159; x_wconf 87' lang='lat'><strong><em>‚</em></strong></span> <span class='ocrx_word' id='word_1_251' title='bbox 299 2128 368 2163; x_wconf 82' lang='lat' dir='ltr'><strong>quia</strong></span> <span class='ocrx_word' id='word_1_252' title='bbox 392 2128 471 2163; x_wconf 81' lang='lat' dir='ltr'><strong>ipse,</strong></span> <span class='ocrx_word' id='word_1_253' title='bbox 492 2128 657 2155; x_wconf 85' lang='lat' dir='ltr'><strong>secundum</strong></span> <span class='ocrx_word' id='word_1_254' title='bbox 682 2128 912 2164; x_wconf 76' lang='lat' dir='ltr'><strong>Philosophum,</strong></span> <span class='ocrx_word' id='word_1_255' title='bbox 929 2131 972 2156; x_wconf 84' lang='lat' dir='ltr'><strong>cst</strong></span> 
     </span>
     <span class='ocr_line' id='line_1_42' title="bbox 193 2173 970 2209; baseline 0.003 -10"><span class='ocrx_word' id='word_1_256' title='bbox 193 2173 280 2200; x_wconf 87' lang='lat' dir='ltr'><strong>etiam</strong></span> <span class='ocrx_word' id='word_1_257' title='bbox 295 2173 324 2200; x_wconf 86' lang='lat' dir='ltr'><strong>iu</strong></span> <span class='ocrx_word' id='word_1_258' title='bbox 344 2174 431 2201; x_wconf 80' lang='lat' dir='ltr'><strong>nobis</strong></span> <span class='ocrx_word' id='word_1_259' title='bbox 449 2174 571 2202; x_wconf 81' lang='lat' dir='ltr'><strong>materia</strong></span> <span class='ocrx_word' id='word_1_260' title='bbox 591 2175 798 2209; x_wconf 73' lang='lat' dir='ltr'><strong>generationis.</strong></span> <span class='ocrx_word' id='word_1_261' title='bbox 816 2175 901 2208; x_wconf 83' lang='lat' dir='ltr'><strong>Quod</strong></span> <span class='ocrx_word' id='word_1_262' title='bbox 916 2183 970 2202; x_wconf 88' lang='lat' dir='ltr'><strong>au-</strong></span> 
     </span>
     <span class='ocr_line' id='line_1_43' title="bbox 193 2220 972 2255; baseline 0.003 -10"><span class='ocrx_word' id='word_1_263' title='bbox 193 2222 251 2246; x_wconf 86' lang='lat' dir='ltr'><strong>tom</strong></span> <span class='ocrx_word' id='word_1_264' title='bbox 266 2220 337 2246; x_wconf 70' lang='lat' dir='ltr'><strong>dicit</strong></span> <span class='ocrx_word' id='word_1_265' title='bbox 351 2221 506 2255; x_wconf 73' lang='lat' dir='ltr'><strong>Apostolus</strong></span> <span class='ocrx_word' id='word_1_266' title='bbox 520 2221 525 2236; x_wconf 95' lang='lat'><strong>¹</strong></span> <span class='ocrx_word' id='word_1_267' title='bbox 539 2230 545 2247; x_wconf 76' lang='grc' dir='ltr'>ε</span> <span class='ocrx_word' id='word_1_268' title='bbox 563 2222 617 2253; x_wconf 71' lang='lat' dir='ltr'><strong>Qui</strong></span> <span class='ocrx_word' id='word_1_269' title='bbox 631 2223 721 2254; x_wconf 58' lang='lat' dir='ltr'><strong>fartus</strong></span> <span class='ocrx_word' id='word_1_270' title='bbox 733 2224 770 2247; x_wconf 78' lang='lat' dir='ltr'><strong>est</strong></span> <span class='ocrx_word' id='word_1_271' title='bbox 787 2223 812 2248; x_wconf 75' lang='grc' dir='ltr'><strong>οι·</strong></span> <span class='ocrx_word' id='word_1_272' title='bbox 827 2229 859 2247; x_wconf 65' lang='grc' dir='ltr'><strong>ω’</strong></span> <span class='ocrx_word' id='word_1_273' title='bbox 873 2223 972 2248; x_wconf 74' lang='lat' dir='ltr'><strong>semine</strong></span> 
     </span>
     <span class='ocr_line' id='line_1_44' title="bbox 194 2266 971 2301; baseline 0.003 -9"><span class='ocrx_word' id='word_1_274' title='bbox 194 2266 291 2299; x_wconf 73' lang='lat' dir='ltr'><strong>David,</strong></span> <span class='ocrx_word' id='word_1_275' title='bbox 310 2266 535 2301; x_wconf 79' lang='lat' dir='ltr'><strong>intelligendum</strong></span> <span class='ocrx_word' id='word_1_276' title='bbox 547 2269 587 2294; x_wconf 84' lang='lat' dir='ltr'><strong>est</strong></span> <span class='ocrx_word' id='word_1_277' title='bbox 600 2267 792 2301; x_wconf 81' lang='lat' dir='ltr'><strong>originaliter,</strong></span> <span class='ocrx_word' id='word_1_278' title='bbox 806 2275 867 2294; x_wconf 86' lang='lat' dir='ltr'><strong>non</strong></span> <span class='ocrx_word' id='word_1_279' title='bbox 880 2269 971 2294; x_wconf 84' lang='lat' dir='ltr'><strong>mate-</strong></span> 
     </span>
     <span class='ocr_line' id='line_1_45' title="bbox 193 2312 970 2347; baseline 0.001 -8"><span class='ocrx_word' id='word_1_280' title='bbox 193 2312 311 2339; x_wconf 82' lang='lat' dir='ltr'><strong>rialiter.</strong></span> <span class='ocrx_word' id='word_1_281' title='bbox 329 2313 421 2340; x_wconf 77' lang='lat' dir='ltr'><strong>Virtus</strong></span> <span class='ocrx_word' id='word_1_282' title='bbox 431 2315 530 2340; x_wconf 82' lang='lat' dir='ltr'><strong>autem</strong></span> <span class='ocrx_word' id='word_1_283' title='bbox 542 2314 698 2340; x_wconf 68' lang='lat' dir='ltr'><strong>formative.</strong></span> <span class='ocrx_word' id='word_1_284' title='bbox 712 2314 741 2340; x_wconf 86' lang='lat' dir='ltr'><strong>iu</strong></span> <span class='ocrx_word' id='word_1_285' title='bbox 752 2314 838 2340; x_wconf 81' lang='lat' dir='ltr'><strong>beata</strong></span> <span class='ocrx_word' id='word_1_286' title='bbox 854 2313 970 2347; x_wconf 63' lang='lat' dir='ltr'><strong>virgine</strong></span> 
     </span>
     <span class='ocr_line' id='line_1_46' title="bbox 193 2359 970 2394; baseline 0 -8"><span class='ocrx_word' id='word_1_287' title='bbox 193 2359 322 2387; x_wconf 82' lang='lat' dir='ltr'><strong>nonfuit</strong></span> <span class='ocrx_word' id='word_1_288' title='bbox 337 2367 371 2387; x_wconf 83' lang='lat' dir='ltr'><strong>ex</strong></span> <span class='ocrx_word' id='word_1_289' title='bbox 395 2362 474 2394; x_wconf 86' lang='lat' dir='ltr'><strong>patre</strong></span> <span class='ocrx_word' id='word_1_290' title='bbox 496 2360 624 2394; x_wconf 76' lang='lat' dir='ltr'><strong>carnali,</strong></span> <span class='ocrx_word' id='word_1_291' title='bbox 641 2359 691 2387; x_wconf 67' lang='lat' dir='ltr'><strong>sod</strong></span> <span class='ocrx_word' id='word_1_292' title='bbox 712 2368 747 2387; x_wconf 80' lang='lat' dir='ltr'><strong>ex</strong></span> <span class='ocrx_word' id='word_1_293' title='bbox 768 2360 871 2387; x_wconf 85' lang='lat' dir='ltr'><strong>virtute</strong></span> <span class='ocrx_word' id='word_1_294' title='bbox 888 2360 970 2387; x_wconf 70' lang='lat' dir='ltr'><strong>Altis-</strong></span> 
     </span>
     <span class='ocr_line' id='line_1_47' title="bbox 194 2406 271 2433; baseline 0.013 -1"><span class='ocrx_word' id='word_1_295' title='bbox 194 2406 271 2433; x_wconf 83' lang='lat' dir='ltr'><strong>simi.</strong></span> 
     </span>
     <span class='ocr_line' id='line_1_48' title="bbox 470 2457 697 2490; baseline 0 -1"><span class='ocrx_word' id='word_1_296' title='bbox 470 2457 612 2490; x_wconf 72' lang='lat' dir='ltr'>CAPUT</span> <span class='ocrx_word' id='word_1_297' title='bbox 638 2457 697 2490; x_wconf 80' lang='lat' dir='ltr'><strong>lx.</strong></span> 
     </span>
    </p>
   </div>
   <div class='ocr_carea' id='block_1_5' title="bbox 383 2527 786 2553">
    <p class='ocr_par' dir='ltr' id='par_1_8' title="bbox 383 2527 786 2553">
     <span class='ocr_line' id='line_1_49' title="bbox 383 2527 786 2553; baseline -0.002 0"><span class='ocrx_word' id='word_1_298' title='bbox 383 2528 420 2553; x_wconf 77' lang='lat' dir='ltr'><strong>De</strong></span> <span class='ocrx_word' id='word_1_299' title='bbox 439 2527 560 2553; x_wconf 75' lang='lat' dir='ltr'><strong>utilitato</strong></span> <span class='ocrx_word' id='word_1_300' title='bbox 581 2527 786 2553; x_wconf 71' lang='lat' dir='ltr'><strong>Incarnattonis.</strong></span> 
     </span>
    </p>
   </div>
   <div class='ocr_carea' id='block_1_6' title="bbox 195 2592 975 2723">
    <p class='ocr_par' dir='ltr' id='par_1_9' title="bbox 195 2592 975 2723">
     <span class='ocr_line' id='line_1_50' title="bbox 231 2592 975 2629; baseline -0.001 -9"><span class='ocrx_word' id='word_1_301' title='bbox 231 2593 388 2621; x_wconf 76' lang='lat' dir='ltr'><strong>Amisimus</strong></span> <span class='ocrx_word' id='word_1_302' title='bbox 407 2601 459 2629; x_wconf 90' lang='lat' dir='ltr'><strong>per</strong></span> <span class='ocrx_word' id='word_1_303' title='bbox 481 2595 635 2629; x_wconf 86' lang='lat' dir='ltr'><strong>peccatum</strong></span> <span class='ocrx_word' id='word_1_304' title='bbox 661 2593 813 2629; x_wconf 80' lang='lat' dir='ltr'><strong>propriam</strong></span> <span class='ocrx_word' id='word_1_305' title='bbox 832 2592 975 2619; x_wconf 82' lang='lat' dir='ltr'><strong>excellen-</strong></span> 
     </span>
     <span class='ocr_line' id='line_1_51' title="bbox 195 2638 972 2674; baseline -0.001 -8"><span class='ocrx_word' id='word_1_306' title='bbox 195 2639 286 2672; x_wconf 87' lang='lat' dir='ltr'><strong>tiam,</strong></span> <span class='ocrx_word' id='word_1_307' title='bbox 305 2640 412 2667; x_wconf 87' lang='lat' dir='ltr'><strong>mentis</strong></span> <span class='ocrx_word' id='word_1_308' title='bbox 433 2640 651 2674; x_wconf 83' lang='lat' dir='ltr'><strong>innocentiam,</strong></span> <span class='ocrx_word' id='word_1_309' title='bbox 674 2648 708 2667; x_wconf 91' lang='lat' dir='ltr'><strong>ac</strong></span> <span class='ocrx_word' id='word_1_310' title='bbox 731 2639 779 2666; x_wconf 86' lang='lat' dir='ltr'><strong>Dei</strong></span> <span class='ocrx_word' id='word_1_311' title='bbox 804 2638 972 2666; x_wconf 85' lang='lat' dir='ltr'><strong>amicitiam.</strong></span> 
     </span>
     <span class='ocr_line' id='line_1_52' title="bbox 197 2685 975 2723; baseline -0.001 -10"><span class='ocrx_word' id='word_1_312' title='bbox 197 2687 260 2713; x_wconf 80' lang='lat' dir='ltr'><strong>lloec</strong></span> <span class='ocrx_word' id='word_1_313' title='bbox 275 2688 372 2713; x_wconf 54' lang='lat' dir='ltr'><strong>antoni</strong></span> <span class='ocrx_word' id='word_1_314' title='bbox 388 2695 559 2723; x_wconf 68' lang='lat' dir='ltr'><strong>1¹·:cupcrare</strong></span> <span class='ocrx_word' id='word_1_315' title='bbox 581 2686 711 2721; x_wconf 86' lang='lat' dir='ltr'><strong>oportuit</strong></span> <span class='ocrx_word' id='word_1_316' title='bbox 730 2694 782 2721; x_wconf 85' lang='lat' dir='ltr'><strong>per</strong></span> <span class='ocrx_word' id='word_1_317' title='bbox 796 2685 975 2713; x_wconf 87' lang='lat' dir='ltr'><strong>beneficium</strong></span> 
     </span>
    </p>
   </div>
   <div class='ocr_carea' id='block_1_7' title="bbox 513 241 1478 276">
    <p class='ocr_par' dir='ltr' id='par_1_10' title="bbox 513 241 1478 276">
     <span class='ocr_line' id='line_1_53' title="bbox 513 241 1478 276; baseline 0.001 -2"><span class='ocrx_word' id='word_1_318' title='bbox 513 241 774 274; x_wconf 83' lang='lat' dir='ltr'><strong>COMPENDIUM</strong></span> <span class='ocrx_word' id='word_1_319' title='bbox 795 241 1058 276; x_wconf 82' lang='lat' dir='ltr'><strong>THEOLOGIGAE</strong></span> <span class='ocrx_word' id='word_1_320' title='bbox 1078 243 1302 276; x_wconf 86' lang='lat' dir='ltr'><strong>VERITATIS.</strong></span> <span class='ocrx_word' id='word_1_321' title='bbox 1326 243 1402 275; x_wconf 91' lang='lat' dir='ltr'><strong>LlB.</strong></span> <span class='ocrx_word' id='word_1_322' title='bbox 1425 243 1478 276; x_wconf 82' lang='lat' dir='ltr'><strong>lv.</strong></span> 
     </span>
    </p>
   </div>
   <div class='ocr_carea' id='block_1_8' title="bbox 1019 309 1806 2575">
    <p class='ocr_par' dir='ltr' id='par_1_11' title="bbox 1019 309 1804 1369">
     <span class='ocr_line' id='line_1_54' title="bbox 1023 309 1802 351; baseline 0.008 -11"><span class='ocrx_word' id='word_1_323' title='bbox 1023 309 1192 340; x_wconf 76' lang='lat' dir='ltr'><strong>salvatoris.</strong></span> <span class='ocrx_word' id='word_1_324' title='bbox 1202 311 1411 340; x_wconf 82' lang='lat' dir='ltr'><strong>Excellentiam</strong></span> <span class='ocrx_word' id='word_1_325' title='bbox 1421 310 1501 340; x_wconf 89' lang='lat' dir='ltr'><strong>enim</strong></span> <span class='ocrx_word' id='word_1_326' title='bbox 1507 312 1545 349; x_wconf 84' lang='lat' dir='ltr'><strong>(a)</strong></span> <span class='ocrx_word' id='word_1_327' title='bbox 1555 321 1731 351; x_wconf 75' lang='lat' dir='ltr'><strong>recuperare</strong></span> <span class='ocrx_word' id='word_1_328' title='bbox 1738 323 1802 346; x_wconf 85' lang='lat' dir='ltr'><strong>non</strong></span> 
     </span>
     <span class='ocr_line' id='line_1_55' title="bbox 1022 357 1802 399; baseline 0.008 -14"><span class='ocrx_word' id='word_1_329' title='bbox 1022 357 1175 393; x_wconf 85' lang='lat' dir='ltr'><strong>potuimus</strong></span> <span class='ocrx_word' id='word_1_330' title='bbox 1185 380 1194 390; x_wconf 97' lang='grc'><em>,</em></span> <span class='ocrx_word' id='word_1_331' title='bbox 1208 358 1267 386; x_wconf 88' lang='lat' dir='ltr'><strong>nisi</strong></span> <span class='ocrx_word' id='word_1_332' title='bbox 1282 366 1337 395; x_wconf 88' lang='lat' dir='ltr'><strong>per</strong></span> <span class='ocrx_word' id='word_1_333' title='bbox 1350 358 1632 388; x_wconf 83' lang='lat' dir='ltr'><strong>excellentissimum</strong></span> <span class='ocrx_word' id='word_1_334' title='bbox 1645 369 1802 399; x_wconf 81' lang='lat' dir='ltr'><strong>recupera-</strong></span> 
     </span>
     <span class='ocr_line' id='line_1_56' title="bbox 1022 404 1803 441; baseline 0.008 -9"><span class='ocrx_word' id='word_1_335' title='bbox 1022 405 1118 432; x_wconf 86' lang='lat' dir='ltr'><strong>torem</strong></span> <span class='ocrx_word' id='word_1_336' title='bbox 1131 413 1139 432; x_wconf 90' lang='lat'>:</span> <span class='ocrx_word' id='word_1_337' title='bbox 1161 404 1233 441; x_wconf 84' lang='lat' dir='ltr'><strong>quia</strong></span> <span class='ocrx_word' id='word_1_338' title='bbox 1246 404 1271 432; x_wconf 86' lang='lat' dir='ltr'><strong>si</strong></span> <span class='ocrx_word' id='word_1_339' title='bbox 1285 413 1339 441; x_wconf 90' lang='lat' dir='ltr'><strong>per</strong></span> <span class='ocrx_word' id='word_1_340' title='bbox 1353 405 1486 441; x_wconf 90' lang='lat' dir='ltr'><strong>aliquam</strong></span> <span class='ocrx_word' id='word_1_341' title='bbox 1506 413 1622 434; x_wconf 88' lang='lat' dir='ltr'><strong>meram</strong></span> <span class='ocrx_word' id='word_1_342' title='bbox 1636 410 1803 439; x_wconf 75' lang='lat' dir='ltr'><strong>creatumm</strong></span> 
     </span>
     <span class='ocr_line' id='line_1_57' title="bbox 1021 451 1803 488; baseline 0.006 -10"><span class='ocrx_word' id='word_1_343' title='bbox 1021 451 1152 486; x_wconf 86' lang='lat' dir='ltr'><strong>reparati</strong></span> <span class='ocrx_word' id='word_1_344' title='bbox 1165 458 1296 479; x_wconf 83' lang='lat' dir='ltr'><strong>essemus</strong></span> <span class='ocrx_word' id='word_1_345' title='bbox 1305 472 1315 487; x_wconf 88' lang='lat'><strong>,</strong></span> <span class='ocrx_word' id='word_1_346' title='bbox 1336 453 1406 479; x_wconf 86' lang='lat' dir='ltr'><strong>tunc</strong></span> <span class='ocrx_word' id='word_1_347' title='bbox 1421 453 1571 488; x_wconf 84' lang='lat' dir='ltr'><strong>oporteret</strong></span> <span class='ocrx_word' id='word_1_348' title='bbox 1584 460 1640 481; x_wconf 89' lang='lat' dir='ltr'><strong>nos</strong></span> <span class='ocrx_word' id='word_1_349' title='bbox 1654 461 1718 482; x_wconf 84' lang='lat' dir='ltr'><strong>esse</strong></span> <span class='ocrx_word' id='word_1_350' title='bbox 1732 455 1803 484; x_wconf 84' lang='lat' dir='ltr'><strong>sub-</strong></span> 
     </span>
     <span class='ocr_line' id='line_1_58' title="bbox 1019 496 1803 538; baseline 0.008 -14"><span class='ocrx_word' id='word_1_351' title='bbox 1019 496 1113 532; x_wconf 81' lang='lat' dir='ltr'><strong>J&#39;ectos</strong></span> <span class='ocrx_word' id='word_1_352' title='bbox 1131 496 1174 524; x_wconf 90' lang='lat' dir='ltr'><strong>illi</strong></span> <span class='ocrx_word' id='word_1_353' title='bbox 1196 498 1344 526; x_wconf 82' lang='lat' dir='ltr'><strong>creaturae.</strong></span> <span class='ocrx_word' id='word_1_354' title='bbox 1365 498 1536 526; x_wconf 81' lang='lat' dir='ltr'><strong>innocentia</strong></span> <span class='ocrx_word' id='word_1_355' title='bbox 1558 498 1647 527; x_wconf 87' lang='lat' dir='ltr'><strong>etiam</strong></span> <span class='ocrx_word' id='word_1_356' title='bbox 1657 499 1693 537; x_wconf 84' lang='grc' dir='ltr'><strong>(ὁ)</strong></span> <span class='ocrx_word' id='word_1_357' title='bbox 1716 508 1803 538; x_wconf 80' lang='lat' dir='ltr'><strong>repa-</strong></span> 
     </span>
     <span class='ocr_line' id='line_1_59' title="bbox 1023 543 1803 580; baseline 0.006 -10"><span class='ocrx_word' id='word_1_358' title='bbox 1023 543 1083 571; x_wconf 88' lang='lat' dir='ltr'><strong>rari</strong></span> <span class='ocrx_word' id='word_1_359' title='bbox 1104 550 1166 571; x_wconf 90' lang='lat' dir='ltr'><strong>non</strong></span> <span class='ocrx_word' id='word_1_360' title='bbox 1185 545 1320 580; x_wconf 85' lang='lat' dir='ltr'><strong>poterat,</strong></span> <span class='ocrx_word' id='word_1_361' title='bbox 1345 543 1401 571; x_wconf 86' lang='lat' dir='ltr'><strong>nisi</strong></span> <span class='ocrx_word' id='word_1_362' title='bbox 1418 552 1472 580; x_wconf 89' lang='lat' dir='ltr'><strong>per</strong></span> <span class='ocrx_word' id='word_1_363' title='bbox 1492 544 1704 574; x_wconf 83' lang='lat' dir='ltr'><strong>satisfactorem</strong></span> <span class='ocrx_word' id='word_1_364' title='bbox 1722 547 1803 575; x_wconf 85' lang='lat' dir='ltr'><strong>suffi-</strong></span> 
     </span>
     <span class='ocr_line' id='line_1_60' title="bbox 1023 589 1800 626; baseline 0.006 -9"><span class='ocrx_word' id='word_1_365' title='bbox 1023 589 1245 625; x_wconf 89' lang='lat' dir='ltr'><strong>cientissimum,</strong></span> <span class='ocrx_word' id='word_1_366' title='bbox 1259 590 1312 626; x_wconf 87' lang='lat' dir='ltr'><strong>qui</strong></span> <span class='ocrx_word' id='word_1_367' title='bbox 1323 590 1462 619; x_wconf 85' lang='lat' dir='ltr'><strong>videlicet</strong></span> <span class='ocrx_word' id='word_1_368' title='bbox 1477 593 1552 619; x_wconf 88' lang='lat' dir='ltr'><strong>esset</strong></span> <span class='ocrx_word' id='word_1_369' title='bbox 1565 593 1639 620; x_wconf 90' lang='lat' dir='ltr'><strong>Deus</strong></span> <span class='ocrx_word' id='word_1_370' title='bbox 1652 595 1680 621; x_wconf 90' lang='lat' dir='ltr'><strong>et</strong></span> <span class='ocrx_word' id='word_1_371' title='bbox 1690 593 1800 622; x_wconf 88' lang='lat' dir='ltr'><strong>homo:</strong></span> 
     </span>
     <span class='ocr_line' id='line_1_61' title="bbox 1022 636 1803 676; baseline 0.006 -13"><span class='ocrx_word' id='word_1_372' title='bbox 1022 637 1097 664; x_wconf 89' lang='lat' dir='ltr'><strong>Deus</strong></span> <span class='ocrx_word' id='word_1_373' title='bbox 1111 636 1252 672; x_wconf 86' lang='lat' dir='ltr'><strong>quidem,</strong></span> <span class='ocrx_word' id='word_1_374' title='bbox 1273 636 1326 673; x_wconf 89' lang='lat' dir='ltr'><strong>qui</strong></span> <span class='ocrx_word' id='word_1_375' title='bbox 1344 644 1400 673; x_wconf 89' lang='lat' dir='ltr'><strong>pro</strong></span> <span class='ocrx_word' id='word_1_376' title='bbox 1414 637 1536 665; x_wconf 87' lang='lat' dir='ltr'><strong>homine</strong></span> <span class='ocrx_word' id='word_1_377' title='bbox 1550 638 1716 667; x_wconf 81' lang='lat' dir='ltr'><strong>satisfacere</strong></span> <span class='ocrx_word' id='word_1_378' title='bbox 1732 647 1803 676; x_wconf 86' lang='lat' dir='ltr'><strong>pos-</strong></span> 
     </span>
     <span class='ocr_line' id='line_1_62' title="bbox 1022 682 1802 722; baseline 0.006 -12"><span class='ocrx_word' id='word_1_379' title='bbox 1022 684 1084 718; x_wconf 88' lang='lat' dir='ltr'><strong>set;</strong></span> <span class='ocrx_word' id='word_1_380' title='bbox 1103 682 1196 711; x_wconf 90' lang='lat' dir='ltr'><strong>homo</strong></span> <span class='ocrx_word' id='word_1_381' title='bbox 1214 691 1286 711; x_wconf 86' lang='lat' dir='ltr'><strong>vero</strong></span> <span class='ocrx_word' id='word_1_382' title='bbox 1298 704 1308 718; x_wconf 94' lang='lat'><strong>,</strong></span> <span class='ocrx_word' id='word_1_383' title='bbox 1327 683 1365 711; x_wconf 89' lang='lat' dir='ltr'><strong>de</strong></span> <span class='ocrx_word' id='word_1_384' title='bbox 1384 691 1492 719; x_wconf 82' lang='lat' dir='ltr'><strong>genere</strong></span> <span class='ocrx_word' id='word_1_385' title='bbox 1507 684 1577 712; x_wconf 79' lang='lat' dir='ltr'><strong>Adae</strong></span> <span class='ocrx_word' id='word_1_386' title='bbox 1591 685 1643 721; x_wconf 88' lang='lat' dir='ltr'><strong>qui</strong></span> <span class='ocrx_word' id='word_1_387' title='bbox 1657 693 1802 722; x_wconf 84' lang='lat' dir='ltr'><strong>peceave-</strong></span> 
     </span>
     <span class='ocr_line' id='line_1_63' title="bbox 1021 729 1804 768; baseline 0.006 -11"><span class='ocrx_word' id='word_1_388' title='bbox 1021 731 1075 757; x_wconf 85' lang='lat' dir='ltr'><strong>rat.</strong></span> <span class='ocrx_word' id='word_1_389' title='bbox 1093 729 1143 757; x_wconf 89' lang='lat' dir='ltr'><strong>llle</strong></span> <span class='ocrx_word' id='word_1_390' title='bbox 1157 737 1289 766; x_wconf 82' lang='lat' dir='ltr'><strong>namque</strong></span> <span class='ocrx_word' id='word_1_391' title='bbox 1310 737 1441 765; x_wconf 86' lang='lat' dir='ltr'><strong>congrue</strong></span> <span class='ocrx_word' id='word_1_392' title='bbox 1461 730 1621 766; x_wconf 79' lang='lat' dir='ltr'><strong>satisfacit,</strong></span> <span class='ocrx_word' id='word_1_393' title='bbox 1642 732 1694 768; x_wconf 90' lang='lat' dir='ltr'><strong>qui</strong></span> <span class='ocrx_word' id='word_1_394' title='bbox 1707 735 1804 768; x_wconf 88' lang='lat' dir='ltr'><strong>potest</strong></span> 
     </span>
     <span class='ocr_line' id='line_1_64' title="bbox 1022 776 1801 816; baseline 0.005 -12"><span class='ocrx_word' id='word_1_395' title='bbox 1022 778 1050 804; x_wconf 89' lang='lat' dir='ltr'><strong>et</strong></span> <span class='ocrx_word' id='word_1_396' title='bbox 1064 776 1173 804; x_wconf 86' lang='lat' dir='ltr'><strong>dehet:</strong></span> <span class='ocrx_word' id='word_1_397' title='bbox 1190 776 1243 804; x_wconf 90' lang='lat' dir='ltr'><strong>sed</strong></span> <span class='ocrx_word' id='word_1_398' title='bbox 1254 784 1316 804; x_wconf 91' lang='lat' dir='ltr'><strong>non</strong></span> <span class='ocrx_word' id='word_1_399' title='bbox 1328 778 1434 813; x_wconf 89' lang='lat' dir='ltr'><strong>potest,</strong></span> <span class='ocrx_word' id='word_1_400' title='bbox 1449 777 1507 805; x_wconf 88' lang='lat' dir='ltr'><strong>nisi</strong></span> <span class='ocrx_word' id='word_1_401' title='bbox 1521 779 1616 813; x_wconf 80' lang='lat' dir='ltr'><strong>Deus;</strong></span> <span class='ocrx_word' id='word_1_402' title='bbox 1631 786 1687 807; x_wconf 84' lang='lat' dir='ltr'><strong>nec</strong></span> <span class='ocrx_word' id='word_1_403' title='bbox 1702 779 1801 816; x_wconf 89' lang='lat' dir='ltr'><strong>debet,</strong></span> 
     </span>
     <span class='ocr_line' id='line_1_65' title="bbox 1022 822 1803 860; baseline 0.006 -11"><span class='ocrx_word' id='word_1_404' title='bbox 1022 823 1078 850; x_wconf 90' lang='lat' dir='ltr'><strong>nisi</strong></span> <span class='ocrx_word' id='word_1_405' title='bbox 1091 823 1194 850; x_wconf 91' lang='lat' dir='ltr'><strong>homo.</strong></span> <span class='ocrx_word' id='word_1_406' title='bbox 1210 823 1346 850; x_wconf 81' lang='lat' dir='ltr'><strong>Amicitia</strong></span> <span class='ocrx_word' id='word_1_407' title='bbox 1356 822 1492 851; x_wconf 86' lang='lat' dir='ltr'><strong>similiter</strong></span> <span class='ocrx_word' id='word_1_408' title='bbox 1505 831 1568 852; x_wconf 83' lang='lat' dir='ltr'><strong>non</strong></span> <span class='ocrx_word' id='word_1_409' title='bbox 1581 826 1698 860; x_wconf 89' lang='lat' dir='ltr'><strong>poterat</strong></span> <span class='ocrx_word' id='word_1_410' title='bbox 1711 825 1803 854; x_wconf 83' lang='lat' dir='ltr'><strong>refor-</strong></span> 
     </span>
     <span class='ocr_line' id='line_1_66' title="bbox 1021 868 1801 908; baseline 0.006 -13"><span class='ocrx_word' id='word_1_411' title='bbox 1021 868 1114 903; x_wconf 83' lang='lat' dir='ltr'><strong>mari,</strong></span> <span class='ocrx_word' id='word_1_412' title='bbox 1129 868 1185 896; x_wconf 89' lang='lat' dir='ltr'><strong>nisi</strong></span> <span class='ocrx_word' id='word_1_413' title='bbox 1200 876 1254 904; x_wconf 88' lang='lat' dir='ltr'><strong>per</strong></span> <span class='ocrx_word' id='word_1_414' title='bbox 1267 868 1465 897; x_wconf 84' lang='lat' dir='ltr'><strong>mediatorem</strong></span> <span class='ocrx_word' id='word_1_415' title='bbox 1478 870 1801 908; x_wconf 87' lang='lat' dir='ltr'><strong>convenientissimum,</strong></span> 
     </span>
     <span class='ocr_line' id='line_1_67' title="bbox 1022 915 1804 954; baseline 0.006 -12"><span class='ocrx_word' id='word_1_416' title='bbox 1022 915 1074 951; x_wconf 90' lang='lat' dir='ltr'><strong>qui</strong></span> <span class='ocrx_word' id='word_1_417' title='bbox 1096 915 1206 943; x_wconf 89' lang='lat' dir='ltr'><strong>scilicet</strong></span> <span class='ocrx_word' id='word_1_418' title='bbox 1227 915 1346 952; x_wconf 86' lang='lat' dir='ltr'><strong>utrique</strong></span> <span class='ocrx_word' id='word_1_419' title='bbox 1368 915 1445 952; x_wconf 87' lang='lat' dir='ltr'><strong>parti</strong></span> <span class='ocrx_word' id='word_1_420' title='bbox 1469 916 1631 944; x_wconf 77' lang='lat' dir='ltr'><strong>conformis</strong></span> <span class='ocrx_word' id='word_1_421' title='bbox 1653 919 1748 954; x_wconf 89' lang='lat' dir='ltr'><strong>esset,</strong></span> <span class='ocrx_word' id='word_1_422' title='bbox 1775 921 1804 948; x_wconf 90' lang='lat' dir='ltr'><strong>et</strong></span> 
     </span>
     <span class='ocr_line' id='line_1_68' title="bbox 1022 961 1803 998; baseline 0.005 -9"><span class='ocrx_word' id='word_1_423' title='bbox 1022 961 1139 998; x_wconf 88' lang='lat' dir='ltr'><strong>utrique</strong></span> <span class='ocrx_word' id='word_1_424' title='bbox 1154 961 1230 997; x_wconf 86' lang='lat' dir='ltr'><strong>parti</strong></span> <span class='ocrx_word' id='word_1_425' title='bbox 1249 962 1380 989; x_wconf 86' lang='lat' dir='ltr'><strong>amicus:</strong></span> <span class='ocrx_word' id='word_1_426' title='bbox 1404 962 1461 990; x_wconf 88' lang='lat' dir='ltr'><strong>hoc</strong></span> <span class='ocrx_word' id='word_1_427' title='bbox 1481 971 1553 991; x_wconf 88' lang='lat' dir='ltr'><strong>vero</strong></span> <span class='ocrx_word' id='word_1_428' title='bbox 1569 963 1682 992; x_wconf 88' lang='lat' dir='ltr'><strong>Christo</strong></span> <span class='ocrx_word' id='word_1_429' title='bbox 1698 973 1803 994; x_wconf 83' lang='lat' dir='ltr'><strong>conve-</strong></span> 
     </span>
     <span class='ocr_line' id='line_1_69' title="bbox 1023 1008 1802 1046; baseline 0.005 -11"><span class='ocrx_word' id='word_1_430' title='bbox 1023 1008 1083 1042; x_wconf 89' lang='lat' dir='ltr'><strong>nit,</strong></span> <span class='ocrx_word' id='word_1_431' title='bbox 1104 1008 1155 1043; x_wconf 90' lang='lat' dir='ltr'><strong>qui</strong></span> <span class='ocrx_word' id='word_1_432' title='bbox 1173 1010 1215 1035; x_wconf 89' lang='lat' dir='ltr'><strong>est</strong></span> <span class='ocrx_word' id='word_1_433' title='bbox 1230 1008 1288 1036; x_wconf 88' lang='lat' dir='ltr'><strong>Deo</strong></span> <span class='ocrx_word' id='word_1_434' title='bbox 1306 1008 1383 1044; x_wconf 90' lang='lat' dir='ltr'><strong>patri</strong></span> <span class='ocrx_word' id='word_1_435' title='bbox 1403 1009 1506 1036; x_wconf 89' lang='lat' dir='ltr'><strong>similis</strong></span> <span class='ocrx_word' id='word_1_436' title='bbox 1525 1017 1579 1045; x_wconf 87' lang='lat' dir='ltr'><strong>per</strong></span> <span class='ocrx_word' id='word_1_437' title='bbox 1597 1010 1802 1046; x_wconf 86' lang='lat' dir='ltr'><strong>divinitatem,</strong></span> 
     </span>
     <span class='ocr_line' id='line_1_70' title="bbox 1023 1054 1802 1094; baseline 0.008 -13"><span class='ocrx_word' id='word_1_438' title='bbox 1023 1056 1051 1082; x_wconf 89' lang='lat' dir='ltr'><strong>et</strong></span> <span class='ocrx_word' id='word_1_439' title='bbox 1072 1054 1186 1082; x_wconf 89' lang='lat' dir='ltr'><strong>homini</strong></span> <span class='ocrx_word' id='word_1_440' title='bbox 1207 1054 1292 1090; x_wconf 88' lang='lat' dir='ltr'><strong>lapso</strong></span> <span class='ocrx_word' id='word_1_441' title='bbox 1311 1062 1366 1091; x_wconf 88' lang='lat' dir='ltr'><strong>per</strong></span> <span class='ocrx_word' id='word_1_442' title='bbox 1386 1055 1610 1084; x_wconf 88' lang='lat' dir='ltr'><strong>humanitatem.</strong></span> <span class='ocrx_word' id='word_1_443' title='bbox 1628 1057 1709 1086; x_wconf 82' lang='lat' dir='ltr'><strong>venit</strong></span> <span class='ocrx_word' id='word_1_444' title='bbox 1730 1065 1802 1094; x_wconf 85' lang='lat' dir='ltr'><strong>ergo</strong></span> 
     </span>
     <span class='ocr_line' id='line_1_71' title="bbox 1023 1100 1801 1140; baseline 0.005 -12"><span class='ocrx_word' id='word_1_445' title='bbox 1023 1102 1098 1128; x_wconf 85' lang='lat' dir='ltr'><strong>Deus</strong></span> <span class='ocrx_word' id='word_1_446' title='bbox 1113 1100 1143 1128; x_wconf 91' lang='lat' dir='ltr'><strong>in</strong></span> <span class='ocrx_word' id='word_1_447' title='bbox 1158 1108 1278 1129; x_wconf 86' lang='lat' dir='ltr'><strong>caruem</strong></span> <span class='ocrx_word' id='word_1_448' title='bbox 1288 1122 1297 1136; x_wconf 92' lang='lat'>‚</span> <span class='ocrx_word' id='word_1_449' title='bbox 1314 1103 1458 1137; x_wconf 83' lang='lat' dir='ltr'><strong>tanquam</strong></span> <span class='ocrx_word' id='word_1_450' title='bbox 1474 1103 1615 1131; x_wconf 90' lang='lat' dir='ltr'><strong>Dominus</strong></span> <span class='ocrx_word' id='word_1_451' title='bbox 1629 1103 1668 1131; x_wconf 89' lang='lat' dir='ltr'><strong>ad</strong></span> <span class='ocrx_word' id='word_1_452' title='bbox 1682 1112 1801 1140; x_wconf 88' lang='lat' dir='ltr'><strong>servos,</strong></span> 
     </span>
     <span class='ocr_line' id='line_1_72' title="bbox 1023 1147 1802 1185; baseline 0.005 -10"><span class='ocrx_word' id='word_1_453' title='bbox 1023 1149 1055 1175; x_wconf 92' lang='lat' dir='ltr'><strong>ut</strong></span> <span class='ocrx_word' id='word_1_454' title='bbox 1069 1155 1120 1175; x_wconf 90' lang='lat' dir='ltr'><strong>eos</strong></span> <span class='ocrx_word' id='word_1_455' title='bbox 1134 1147 1313 1182; x_wconf 82' lang='lat' dir='ltr'><strong>corrigeret3</strong></span> <span class='ocrx_word' id='word_1_456' title='bbox 1337 1150 1481 1184; x_wconf 87' lang='lat' dir='ltr'><strong>tanquam</strong></span> <span class='ocrx_word' id='word_1_457' title='bbox 1499 1149 1640 1185; x_wconf 88' lang='lat' dir='ltr'><strong>magister</strong></span> <span class='ocrx_word' id='word_1_458' title='bbox 1659 1150 1699 1178; x_wconf 89' lang='lat' dir='ltr'><strong>ad</strong></span> <span class='ocrx_word' id='word_1_459' title='bbox 1718 1151 1802 1179; x_wconf 88' lang='lat' dir='ltr'><strong>disci-</strong></span> 
     </span>
     <span class='ocr_line' id='line_1_73' title="bbox 1023 1194 1802 1232; baseline 0.005 -11"><span class='ocrx_word' id='word_1_460' title='bbox 1023 1194 1111 1230; x_wconf 84' lang='lat' dir='ltr'><strong>pulos</strong></span> <span class='ocrx_word' id='word_1_461' title='bbox 1122 1215 1130 1228; x_wconf 92' lang='lat'><strong>,</strong></span> <span class='ocrx_word' id='word_1_462' title='bbox 1152 1196 1184 1222; x_wconf 90' lang='lat' dir='ltr'><strong>ut</strong></span> <span class='ocrx_word' id='word_1_463' title='bbox 1200 1202 1250 1222; x_wconf 90' lang='lat' dir='ltr'><strong>eos</strong></span> <span class='ocrx_word' id='word_1_464' title='bbox 1265 1194 1438 1230; x_wconf 85' lang='lat' dir='ltr'><strong>iustrueret;</strong></span> <span class='ocrx_word' id='word_1_465' title='bbox 1458 1197 1601 1232; x_wconf 89' lang='lat' dir='ltr'><strong>tanquam</strong></span> <span class='ocrx_word' id='word_1_466' title='bbox 1616 1196 1748 1225; x_wconf 88' lang='lat' dir='ltr'><strong>medicus</strong></span> <span class='ocrx_word' id='word_1_467' title='bbox 1763 1198 1802 1226; x_wconf 87' lang='lat' dir='ltr'><strong>ad</strong></span> 
     </span>
     <span class='ocr_line' id='line_1_74' title="bbox 1023 1242 1804 1277; baseline 0.005 -9"><span class='ocrx_word' id='word_1_468' title='bbox 1023 1243 1167 1276; x_wconf 75' lang='lat' dir='ltr'><strong>aegrotOS,</strong></span> <span class='ocrx_word' id='word_1_469' title='bbox 1187 1243 1219 1269; x_wconf 88' lang='lat' dir='ltr'><strong>ut</strong></span> <span class='ocrx_word' id='word_1_470' title='bbox 1239 1250 1291 1269; x_wconf 90' lang='lat' dir='ltr'><strong>eos</strong></span> <span class='ocrx_word' id='word_1_471' title='bbox 1305 1243 1431 1269; x_wconf 88' lang='lat' dir='ltr'><strong>sanaret.</strong></span> <span class='ocrx_word' id='word_1_472' title='bbox 1453 1243 1506 1270; x_wconf 88' lang='lat' dir='ltr'><strong>Per</strong></span> <span class='ocrx_word' id='word_1_473' title='bbox 1524 1242 1657 1277; x_wconf 89' lang='lat' dir='ltr'><strong>primum</strong></span> <span class='ocrx_word' id='word_1_474' title='bbox 1676 1243 1804 1272; x_wconf 85' lang='lat' dir='ltr'><strong>ostendit</strong></span> 
     </span>
     <span class='ocr_line' id='line_1_75' title="bbox 1025 1288 1800 1325; baseline 0.005 -11"><span class='ocrx_word' id='word_1_475' title='bbox 1025 1288 1098 1315; x_wconf 83' lang='lat' dir='ltr'><strong>Deus</strong></span> <span class='ocrx_word' id='word_1_476' title='bbox 1119 1288 1282 1323; x_wconf 86' lang='lat' dir='ltr'><strong>potentiam</strong></span> <span class='ocrx_word' id='word_1_477' title='bbox 1294 1298 1302 1322; x_wconf 87' lang='lat'>;</span> <span class='ocrx_word' id='word_1_478' title='bbox 1327 1296 1380 1324; x_wconf 89' lang='lat' dir='ltr'><strong>per</strong></span> <span class='ocrx_word' id='word_1_479' title='bbox 1400 1288 1585 1323; x_wconf 83' lang='lat' dir='ltr'><strong>secundum,</strong></span> <span class='ocrx_word' id='word_1_480' title='bbox 1607 1289 1800 1325; x_wconf 64' lang='lat' dir='ltr'><strong>sapientiam</strong></span> 
     </span>
     <span class='ocr_line' id='line_1_76' title="bbox 1024 1334 1415 1369; baseline 0 -8"><span class='ocrx_word' id='word_1_481' title='bbox 1024 1341 1077 1369; x_wconf 89' lang='lat' dir='ltr'><strong>per</strong></span> <span class='ocrx_word' id='word_1_482' title='bbox 1091 1334 1208 1362; x_wconf 86' lang='lat' dir='ltr'><strong>tertium</strong></span> <span class='ocrx_word' id='word_1_483' title='bbox 1219 1355 1228 1367; x_wconf 90' lang='lat'><strong>,</strong></span> <span class='ocrx_word' id='word_1_484' title='bbox 1242 1334 1415 1362; x_wconf 86' lang='lat' dir='ltr'><strong>bonitatem.</strong></span> 
     </span>
    </p>

    <p class='ocr_par' dir='ltr' id='par_1_12' title="bbox 1024 1381 1803 1649">
     <span class='ocr_line' id='line_1_77' title="bbox 1059 1381 1803 1417; baseline 0.003 -9"><span class='ocrx_word' id='word_1_485' title='bbox 1059 1381 1190 1414; x_wconf 84' lang='lat' dir='ltr'><strong>Quatuor</strong></span> <span class='ocrx_word' id='word_1_486' title='bbox 1214 1381 1325 1408; x_wconf 77' lang='lat' dir='ltr'><strong>fructus</strong></span> <span class='ocrx_word' id='word_1_487' title='bbox 1347 1381 1558 1408; x_wconf 89' lang='lat' dir='ltr'><strong>iucarnationis</strong></span> <span class='ocrx_word' id='word_1_488' title='bbox 1579 1381 1664 1417; x_wconf 87' lang='lat' dir='ltr'><strong>pouit</strong></span> <span class='ocrx_word' id='word_1_489' title='bbox 1686 1383 1803 1411; x_wconf 84' lang='lat' dir='ltr'><strong>Bernar-</strong></span> 
     </span>
     <span class='ocr_line' id='line_1_78' title="bbox 1025 1421 1803 1463; baseline 0.004 -9"><span class='ocrx_word' id='word_1_490' title='bbox 1025 1427 1100 1461; x_wconf 80' lang='lat' dir='ltr'><strong>duS,</strong></span> <span class='ocrx_word' id='word_1_491' title='bbox 1123 1427 1244 1454; x_wconf 86' lang='lat' dir='ltr'><strong>dicens:</strong></span> <span class='ocrx_word' id='word_1_492' title='bbox 1262 1438 1275 1452; x_wconf 70' lang='grc' dir='ltr'>α</span> <span class='ocrx_word' id='word_1_493' title='bbox 1291 1429 1395 1455; x_wconf 85' lang='lat' dir='ltr'><strong>Manna</strong></span> <span class='ocrx_word' id='word_1_494' title='bbox 1417 1427 1455 1454; x_wconf 88' lang='lat' dir='ltr'><strong>de</strong></span> <span class='ocrx_word' id='word_1_495' title='bbox 1479 1421 1554 1455; x_wconf 80' lang='lat' dir='ltr'><strong>coel&#39;o</strong></span> <span class='ocrx_word' id='word_1_496' title='bbox 1579 1427 1750 1463; x_wconf 89' lang='lat' dir='ltr'><strong>descendit,</strong></span> <span class='ocrx_word' id='word_1_497' title='bbox 1771 1432 1803 1457; x_wconf 90' lang='lat' dir='ltr'><strong>ut</strong></span> 
     </span>
     <span class='ocr_line' id='line_1_79' title="bbox 1025 1473 1802 1511; baseline 0.003 -11"><span class='ocrx_word' id='word_1_498' title='bbox 1025 1473 1175 1507; x_wconf 82' lang='lat' dir='ltr'><strong>gaudeant</strong></span> <span class='ocrx_word' id='word_1_499' title='bbox 1188 1473 1367 1507; x_wconf 87' lang='lat' dir='ltr'><strong>csurientes;</strong></span> <span class='ocrx_word' id='word_1_500' title='bbox 1384 1473 1477 1500; x_wconf 65' lang='lat' dir='ltr'><strong>viuere</strong></span> <span class='ocrx_word' id='word_1_501' title='bbox 1492 1473 1558 1501; x_wconf 83' lang='lat' dir='ltr'><strong>coeli</strong></span> <span class='ocrx_word' id='word_1_502' title='bbox 1574 1473 1677 1502; x_wconf 85' lang='lat' dir='ltr'><strong>botrus</strong></span> <span class='ocrx_word' id='word_1_503' title='bbox 1691 1475 1802 1511; x_wconf 86' lang='lat' dir='ltr'><strong>erupit,</strong></span> 
     </span>
     <span class='ocr_line' id='line_1_80' title="bbox 1025 1519 1803 1556; baseline 0.003 -9"><span class='ocrx_word' id='word_1_504' title='bbox 1025 1522 1056 1547; x_wconf 92' lang='lat' dir='ltr'><strong>ut</strong></span> <span class='ocrx_word' id='word_1_505' title='bbox 1079 1519 1228 1554; x_wconf 80' lang='lat' dir='ltr'><strong>gaudeant</strong></span> <span class='ocrx_word' id='word_1_506' title='bbox 1247 1519 1396 1554; x_wconf 84' lang='lat' dir='ltr'><strong>sitientes;</strong></span> <span class='ocrx_word' id='word_1_507' title='bbox 1423 1520 1522 1548; x_wconf 87' lang='lat' dir='ltr'><strong>oleum</strong></span> <span class='ocrx_word' id='word_1_508' title='bbox 1539 1520 1667 1548; x_wconf 83' lang='lat' dir='ltr'><strong>effusum</strong></span> <span class='ocrx_word' id='word_1_509' title='bbox 1688 1524 1749 1556; x_wconf 88' lang='lat' dir='ltr'><strong>est,</strong></span> <span class='ocrx_word' id='word_1_510' title='bbox 1771 1523 1803 1549; x_wconf 93' lang='lat' dir='ltr'><strong>ut</strong></span> 
     </span>
     <span class='ocr_line' id='line_1_81' title="bbox 1025 1566 1801 1602; baseline 0.003 -9"><span class='ocrx_word' id='word_1_511' title='bbox 1025 1566 1174 1601; x_wconf 82' lang='lat' dir='ltr'><strong>gaudeant</strong></span> <span class='ocrx_word' id='word_1_512' title='bbox 1196 1568 1388 1601; x_wconf 73' lang='lat' dir='ltr'><strong>oegrotantes3</strong></span> <span class='ocrx_word' id='word_1_513' title='bbox 1415 1566 1490 1602; x_wconf 88' lang='lat' dir='ltr'><strong>lapis</strong></span> <span class='ocrx_word' id='word_1_514' title='bbox 1515 1567 1577 1594; x_wconf 86' lang='lat' dir='ltr'><strong>sine</strong></span> <span class='ocrx_word' id='word_1_515' title='bbox 1602 1567 1740 1595; x_wconf 87' lang='lat' dir='ltr'><strong>manibus</strong></span> <span class='ocrx_word' id='word_1_516' title='bbox 1764 1568 1801 1596; x_wconf 89' lang='lat' dir='ltr'><strong>de</strong></span> 
     </span>
     <span class='ocr_line' id='line_1_82' title="bbox 1024 1613 1743 1649; baseline 0.004 -10"><span class='ocrx_word' id='word_1_517' title='bbox 1024 1614 1124 1640; x_wconf 89' lang='lat' dir='ltr'><strong>monte</strong></span> <span class='ocrx_word' id='word_1_518' title='bbox 1140 1613 1278 1648; x_wconf 78' lang='lat' dir='ltr'><strong>praecisus</strong></span> <span class='ocrx_word' id='word_1_519' title='bbox 1293 1615 1353 1644; x_wconf 85' lang='lat' dir='ltr'><strong>est,</strong></span> <span class='ocrx_word' id='word_1_520' title='bbox 1370 1615 1402 1640; x_wconf 89' lang='lat' dir='ltr'><strong>ut</strong></span> <span class='ocrx_word' id='word_1_521' title='bbox 1416 1613 1536 1640; x_wconf 83' lang='lat' dir='ltr'><strong>timeant</strong></span> <span class='ocrx_word' id='word_1_522' title='bbox 1550 1613 1743 1649; x_wconf 84' lang='lat' dir='ltr'><strong>negligentes.</strong></span> 
     </span>
    </p>

    <p class='ocr_par' dir='ltr' id='par_1_13' title="bbox 1023 1659 1804 2485">
     <span class='ocr_line' id='line_1_83' title="bbox 1059 1659 1803 1695; baseline 0.001 -8"><span class='ocrx_word' id='word_1_523' title='bbox 1059 1659 1171 1687; x_wconf 86' lang='lat' dir='ltr'><strong>Christo</strong></span> <span class='ocrx_word' id='word_1_524' title='bbox 1186 1659 1299 1686; x_wconf 88' lang='lat' dir='ltr'><strong>homini</strong></span> <span class='ocrx_word' id='word_1_525' title='bbox 1320 1659 1421 1695; x_wconf 87' lang='lat' dir='ltr'><strong>plures</strong></span> <span class='ocrx_word' id='word_1_526' title='bbox 1436 1662 1518 1687; x_wconf 89' lang='lat' dir='ltr'><strong>actus</strong></span> <span class='ocrx_word' id='word_1_527' title='bbox 1537 1660 1737 1695; x_wconf 87' lang='lat' dir='ltr'><strong>conveniunt,</strong></span> <span class='ocrx_word' id='word_1_528' title='bbox 1751 1668 1803 1688; x_wconf 92' lang='lat' dir='ltr'><strong>no-</strong></span> 
     </span>
     <span class='ocr_line' id='line_1_84' title="bbox 1023 1705 1803 1742; baseline 0.003 -10"><span class='ocrx_word' id='word_1_529' title='bbox 1023 1705 1070 1732; x_wconf 82' lang='lat' dir='ltr'><strong>bis</strong></span> <span class='ocrx_word' id='word_1_530' title='bbox 1095 1705 1220 1732; x_wconf 86' lang='lat' dir='ltr'><strong>multum</strong></span> <span class='ocrx_word' id='word_1_531' title='bbox 1244 1705 1405 1732; x_wconf 80' lang='lat' dir='ltr'><strong>salutiferi:</strong></span> <span class='ocrx_word' id='word_1_532' title='bbox 1431 1708 1551 1741; x_wconf 88' lang='lat' dir='ltr'><strong>propter</strong></span> <span class='ocrx_word' id='word_1_533' title='bbox 1575 1706 1656 1742; x_wconf 88' lang='lat' dir='ltr'><strong>quod</strong></span> <span class='ocrx_word' id='word_1_534' title='bbox 1680 1706 1803 1734; x_wconf 83' lang='lat' dir='ltr'><strong>(liversis</strong></span> 
     </span>
     <span class='ocr_line' id='line_1_85' title="bbox 1023 1752 1800 1788; baseline 0 -8"><span class='ocrx_word' id='word_1_535' title='bbox 1023 1752 1113 1780; x_wconf 89' lang='lat' dir='ltr'><strong>rebus</strong></span> <span class='ocrx_word' id='word_1_536' title='bbox 1129 1752 1313 1779; x_wconf 85' lang='lat' dir='ltr'><strong>naturalibus</strong></span> <span class='ocrx_word' id='word_1_537' title='bbox 1334 1754 1362 1779; x_wconf 87' lang='lat' dir='ltr'><strong>et</strong></span> <span class='ocrx_word' id='word_1_538' title='bbox 1384 1752 1588 1779; x_wconf 79' lang='lat' dir='ltr'><strong>artificialibus</strong></span> <span class='ocrx_word' id='word_1_539' title='bbox 1602 1755 1800 1788; x_wconf 81' lang='lat' dir='ltr'><strong>comparatur.</strong></span> 
     </span>
     <span class='ocr_line' id='line_1_86' title="bbox 1023 1798 1800 1834; baseline 0 -8"><span class='ocrx_word' id='word_1_540' title='bbox 1023 1799 1086 1833; x_wconf 84' lang='lat' dir='ltr'><strong>lpse</strong></span> <span class='ocrx_word' id='word_1_541' title='bbox 1106 1806 1236 1833; x_wconf 86' lang='lat' dir='ltr'><strong>namque</strong></span> <span class='ocrx_word' id='word_1_542' title='bbox 1257 1798 1385 1826; x_wconf 83' lang='lat' dir='ltr'><strong>christus</strong></span> <span class='ocrx_word' id='word_1_543' title='bbox 1407 1798 1513 1826; x_wconf 88' lang='lat' dir='ltr'><strong>dicitur</strong></span> <span class='ocrx_word' id='word_1_544' title='bbox 1537 1799 1624 1833; x_wconf 78' lang='lat' dir='ltr'><strong>Caput</strong></span> <span class='ocrx_word' id='word_1_545' title='bbox 1646 1801 1800 1834; x_wconf 86' lang='lat' dir='ltr'><strong>nostrum,</strong></span> 
     </span>
     <span class='ocr_line' id='line_1_87' title="bbox 1024 1845 1802 1882; baseline 0.003 -10"><span class='ocrx_word' id='word_1_546' title='bbox 1024 1848 1144 1881; x_wconf 85' lang='lat' dir='ltr'><strong>propter</strong></span> <span class='ocrx_word' id='word_1_547' title='bbox 1166 1852 1285 1872; x_wconf 87' lang='lat' dir='ltr'><strong>sensum</strong></span> <span class='ocrx_word' id='word_1_548' title='bbox 1309 1847 1336 1872; x_wconf 88' lang='lat' dir='ltr'><strong>et</strong></span> <span class='ocrx_word' id='word_1_549' title='bbox 1355 1847 1470 1872; x_wconf 89' lang='lat' dir='ltr'><strong>motum</strong></span> <span class='ocrx_word' id='word_1_550' title='bbox 1489 1845 1671 1881; x_wconf 87' lang='lat' dir='ltr'><strong>spiritualem</strong></span> <span class='ocrx_word' id='word_1_551' title='bbox 1684 1867 1692 1880; x_wconf 93' lang='lat'><em>‚</em></span> <span class='ocrx_word' id='word_1_552' title='bbox 1711 1854 1802 1882; x_wconf 91' lang='lat' dir='ltr'><strong>quem</strong></span> 
     </span>
     <span class='ocr_line' id='line_1_88' title="bbox 1024 1891 1802 1928; baseline 0.003 -10"><span class='ocrx_word' id='word_1_553' title='bbox 1024 1891 1084 1918; x_wconf 88' lang='lat' dir='ltr'><strong>suis</strong></span> <span class='ocrx_word' id='word_1_554' title='bbox 1098 1891 1240 1918; x_wconf 86' lang='lat' dir='ltr'><strong>membris</strong></span> <span class='ocrx_word' id='word_1_555' title='bbox 1255 1891 1370 1924; x_wconf 89' lang='lat' dir='ltr'><strong>iutluit;</strong></span> <span class='ocrx_word' id='word_1_556' title='bbox 1394 1892 1539 1925; x_wconf 71' lang='lat' dir='ltr'><strong>Mediator,</strong></span> <span class='ocrx_word' id='word_1_557' title='bbox 1562 1891 1633 1927; x_wconf 86' lang='lat' dir='ltr'><strong>quia</strong></span> <span class='ocrx_word' id='word_1_558' title='bbox 1647 1892 1802 1928; x_wconf 84' lang='lat' dir='ltr'><strong>participat</strong></span> 
     </span>
     <span class='ocr_line' id='line_1_89' title="bbox 1024 1937 1801 1973; baseline 0.004 -9"><span class='ocrx_word' id='word_1_559' title='bbox 1024 1937 1217 1973; x_wconf 80' lang='lat' dir='ltr'><strong>proprietates</strong></span> <span class='ocrx_word' id='word_1_560' title='bbox 1231 1937 1340 1964; x_wconf 63' lang='lat' dir='ltr'><strong>divinae</strong></span> <span class='ocrx_word' id='word_1_561' title='bbox 1355 1940 1382 1965; x_wconf 89' lang='lat' dir='ltr'><strong>et</strong></span> <span class='ocrx_word' id='word_1_562' title='bbox 1396 1938 1533 1965; x_wconf 78' lang='lat' dir='ltr'><strong>humanae</strong></span> <span class='ocrx_word' id='word_1_563' title='bbox 1549 1941 1678 1972; x_wconf 70' lang='lat' dir='ltr'><strong>naturae,</strong></span> <span class='ocrx_word' id='word_1_564' title='bbox 1694 1941 1722 1966; x_wconf 89' lang='lat' dir='ltr'><strong>et</strong></span> <span class='ocrx_word' id='word_1_565' title='bbox 1733 1939 1801 1967; x_wconf 91' lang='lat' dir='ltr'><strong>ideo</strong></span> 
     </span>
     <span class='ocr_line' id='line_1_90' title="bbox 1024 1984 1800 2020; baseline 0.003 -10"><span class='ocrx_word' id='word_1_566' title='bbox 1024 1984 1098 2011; x_wconf 88' lang='lat' dir='ltr'><strong>inter</strong></span> <span class='ocrx_word' id='word_1_567' title='bbox 1119 1985 1209 2011; x_wconf 84' lang='lat' dir='ltr'><strong>Deum</strong></span> <span class='ocrx_word' id='word_1_568' title='bbox 1230 1986 1257 2011; x_wconf 89' lang='lat' dir='ltr'><strong>et</strong></span> <span class='ocrx_word' id='word_1_569' title='bbox 1282 1992 1337 2011; x_wconf 88' lang='lat' dir='ltr'><strong>nos</strong></span> <span class='ocrx_word' id='word_1_570' title='bbox 1357 1984 1514 2011; x_wconf 85' lang='lat' dir='ltr'><strong>efficaciter</strong></span> <span class='ocrx_word' id='word_1_571' title='bbox 1536 1987 1630 2019; x_wconf 87' lang='lat' dir='ltr'><strong>potest</strong></span> <span class='ocrx_word' id='word_1_572' title='bbox 1651 1985 1800 2020; x_wconf 87' lang='lat' dir='ltr'><strong>mediare;</strong></span> 
     </span>
     <span class='ocr_line' id='line_1_91' title="bbox 1025 2030 1803 2066; baseline 0.003 -10"><span class='ocrx_word' id='word_1_573' title='bbox 1025 2030 1237 2057; x_wconf 82' lang='lat' dir='ltr'><strong>Fundamentum</strong></span> <span class='ocrx_word' id='word_1_574' title='bbox 1249 2052 1255 2061; x_wconf 84' lang='lat'><em>.</em></span> <span class='ocrx_word' id='word_1_575' title='bbox 1280 2032 1400 2066; x_wconf 86' lang='lat' dir='ltr'><strong>propter</strong></span> <span class='ocrx_word' id='word_1_576' title='bbox 1414 2030 1505 2058; x_wconf 84' lang='lat' dir='ltr'><strong>fidem</strong></span> <span class='ocrx_word' id='word_1_577' title='bbox 1517 2052 1525 2064; x_wconf 92' lang='lat'><strong>,</strong></span> <span class='ocrx_word' id='word_1_578' title='bbox 1549 2039 1609 2066; x_wconf 86' lang='lat' dir='ltr'><strong>qua</strong></span> <span class='ocrx_word' id='word_1_579' title='bbox 1625 2031 1654 2057; x_wconf 92' lang='lat' dir='ltr'><strong>in</strong></span> <span class='ocrx_word' id='word_1_580' title='bbox 1668 2031 1756 2058; x_wconf 86' lang='lat' dir='ltr'><strong>uobis</strong></span> <span class='ocrx_word' id='word_1_581' title='bbox 1771 2031 1803 2058; x_wconf 93' lang='lat' dir='ltr'><strong>il-</strong></span> 
     </span>
     <span class='ocr_line' id='line_1_92' title="bbox 1026 2076 1802 2112; baseline 0.001 -9"><span class='ocrx_word' id='word_1_582' title='bbox 1026 2076 1152 2103; x_wconf 87' lang='lat' dir='ltr'><strong>luminat</strong></span> <span class='ocrx_word' id='word_1_583' title='bbox 1171 2076 1371 2110; x_wconf 87' lang='lat' dir='ltr'><strong>intellectum;</strong></span> <span class='ocrx_word' id='word_1_584' title='bbox 1395 2077 1522 2110; x_wconf 81' lang='lat' dir='ltr'><strong>Ostium,</strong></span> <span class='ocrx_word' id='word_1_585' title='bbox 1543 2080 1662 2112; x_wconf 87' lang='lat' dir='ltr'><strong>propter</strong></span> <span class='ocrx_word' id='word_1_586' title='bbox 1677 2077 1802 2104; x_wconf 88' lang='lat' dir='ltr'><strong>charita-</strong></span> 
     </span>
     <span class='ocr_line' id='line_1_93' title="bbox 1026 2123 1801 2158; baseline -0.001 -8"><span class='ocrx_word' id='word_1_587' title='bbox 1026 2125 1094 2156; x_wconf 86' lang='lat' dir='ltr'><strong>tem,</strong></span> <span class='ocrx_word' id='word_1_588' title='bbox 1111 2131 1172 2158; x_wconf 84' lang='lat' dir='ltr'><strong>qua</strong></span> <span class='ocrx_word' id='word_1_589' title='bbox 1186 2123 1299 2158; x_wconf 85' lang='lat' dir='ltr'><strong>perficit</strong></span> <span class='ocrx_word' id='word_1_590' title='bbox 1315 2123 1472 2157; x_wconf 87' lang='lat' dir='ltr'><strong>atl&#39;ectum;</strong></span> <span class='ocrx_word' id='word_1_591' title='bbox 1489 2124 1596 2156; x_wconf 76' lang='lat' dir='ltr'><strong>Pastor,</strong></span> <span class='ocrx_word' id='word_1_592' title='bbox 1612 2123 1641 2149; x_wconf 92' lang='lat' dir='ltr'><strong>in</strong></span> <span class='ocrx_word' id='word_1_593' title='bbox 1657 2125 1801 2158; x_wconf 88' lang='lat' dir='ltr'><strong>quantum</strong></span> 
     </span>
     <span class='ocr_line' id='line_1_94' title="bbox 1026 2169 1802 2205; baseline 0 -9"><span class='ocrx_word' id='word_1_594' title='bbox 1026 2169 1195 2205; x_wconf 87' lang='lat' dir='ltr'><strong>incorporat</strong></span> <span class='ocrx_word' id='word_1_595' title='bbox 1224 2177 1279 2196; x_wconf 89' lang='lat' dir='ltr'><strong>nos</strong></span> <span class='ocrx_word' id='word_1_596' title='bbox 1304 2169 1438 2196; x_wconf 67' lang='lat' dir='ltr'><strong>Ecclesiae</strong></span> <span class='ocrx_word' id='word_1_597' title='bbox 1469 2177 1521 2204; x_wconf 84' lang='lat' dir='ltr'><strong>per</strong></span> <span class='ocrx_word' id='word_1_598' title='bbox 1549 2171 1802 2196; x_wconf 85' lang='lat' dir='ltr'><strong>sacramentorum</strong></span> 
     </span>
     <span class='ocr_line' id='line_1_95' title="bbox 1026 2215 1803 2251; baseline 0.001 -10"><span class='ocrx_word' id='word_1_599' title='bbox 1026 2215 1301 2251; x_wconf 86' lang='lat' dir='ltr'><strong>participationcm;</strong></span> <span class='ocrx_word' id='word_1_600' title='bbox 1318 2217 1431 2247; x_wconf 74' lang='lat' dir='ltr'><strong>Hostia,</strong></span> <span class='ocrx_word' id='word_1_601' title='bbox 1454 2215 1524 2249; x_wconf 87' lang='lat' dir='ltr'><strong>quia</strong></span> <span class='ocrx_word' id='word_1_602' title='bbox 1541 2215 1627 2242; x_wconf 84' lang='lat' dir='ltr'><strong>solvit</strong></span> <span class='ocrx_word' id='word_1_603' title='bbox 1646 2215 1803 2250; x_wconf 76' lang='lat' dir='ltr'><strong>obligatio-</strong></span> 
     </span>
     <span class='ocr_line' id='line_1_96' title="bbox 1026 2261 1803 2296; baseline 0 -7"><span class='ocrx_word' id='word_1_604' title='bbox 1026 2270 1094 2289; x_wconf 86' lang='lat' dir='ltr'><strong>nem</strong></span> <span class='ocrx_word' id='word_1_605' title='bbox 1112 2263 1292 2289; x_wconf 88' lang='lat' dir='ltr'><strong>coutractam</strong></span> <span class='ocrx_word' id='word_1_606' title='bbox 1306 2269 1359 2296; x_wconf 90' lang='lat' dir='ltr'><strong>per</strong></span> <span class='ocrx_word' id='word_1_607' title='bbox 1373 2263 1526 2296; x_wconf 78' lang='lat' dir='ltr'><strong>peccatum</strong></span> <span class='ocrx_word' id='word_1_608' title='bbox 1541 2261 1696 2296; x_wconf 84' lang='lat' dir='ltr'><strong>originale,</strong></span> <span class='ocrx_word' id='word_1_609' title='bbox 1714 2264 1741 2290; x_wconf 89' lang='lat' dir='ltr'><strong>et</strong></span> <span class='ocrx_word' id='word_1_610' title='bbox 1755 2269 1803 2289; x_wconf 90' lang='lat' dir='ltr'><strong>ac-</strong></span> 
     </span>
     <span class='ocr_line' id='line_1_97' title="bbox 1026 2308 1804 2344; baseline 0 -9"><span class='ocrx_word' id='word_1_611' title='bbox 1026 2308 1102 2335; x_wconf 88' lang='lat' dir='ltr'><strong>tuale</strong></span> <span class='ocrx_word' id='word_1_612' title='bbox 1115 2318 1122 2342; x_wconf 89' lang='lat'>;</span> <span class='ocrx_word' id='word_1_613' title='bbox 1139 2308 1277 2341; x_wconf 73' lang='lat' dir='ltr'><strong>Sacerdos,</strong></span> <span class='ocrx_word' id='word_1_614' title='bbox 1291 2308 1361 2343; x_wconf 84' lang='lat' dir='ltr'><strong>quia</strong></span> <span class='ocrx_word' id='word_1_615' title='bbox 1372 2308 1433 2343; x_wconf 89' lang='lat' dir='ltr'><strong>ipsc</strong></span> <span class='ocrx_word' id='word_1_616' title='bbox 1444 2315 1474 2334; x_wconf 90' lang='lat' dir='ltr'><strong>se</strong></span> <span class='ocrx_word' id='word_1_617' title='bbox 1486 2310 1581 2342; x_wconf 88' lang='lat' dir='ltr'><strong>rogat,</strong></span> <span class='ocrx_word' id='word_1_618' title='bbox 1597 2308 1657 2344; x_wconf 83' lang='lat' dir='ltr'><strong>ipsc</strong></span> <span class='ocrx_word' id='word_1_619' title='bbox 1673 2316 1704 2335; x_wconf 89' lang='lat' dir='ltr'><strong>sc</strong></span> <span class='ocrx_word' id='word_1_620' title='bbox 1717 2315 1804 2335; x_wconf 84' lang='lat' dir='ltr'><strong>exau-</strong></span> 
     </span>
     <span class='ocr_line' id='line_1_98' title="bbox 1027 2354 1804 2390; baseline -0.001 -8"><span class='ocrx_word' id='word_1_621' title='bbox 1027 2355 1079 2388; x_wconf 91' lang='lat' dir='ltr'><strong>dit,</strong></span> <span class='ocrx_word' id='word_1_622' title='bbox 1096 2354 1158 2389; x_wconf 85' lang='lat' dir='ltr'><strong>ipsc</strong></span> <span class='ocrx_word' id='word_1_623' title='bbox 1173 2362 1275 2381; x_wconf 78' lang='lat' dir='ltr'><strong>servus</strong></span> <span class='ocrx_word' id='word_1_624' title='bbox 1290 2356 1375 2388; x_wconf 78' lang='lat' dir='ltr'><strong>rogat</strong></span> <span class='ocrx_word' id='word_1_625' title='bbox 1390 2362 1420 2381; x_wconf 84' lang='lat' dir='ltr'><strong>se</strong></span> <span class='ocrx_word' id='word_1_626' title='bbox 1436 2354 1605 2388; x_wconf 86' lang='lat' dir='ltr'><strong>Dominum,</strong></span> <span class='ocrx_word' id='word_1_627' title='bbox 1619 2355 1718 2390; x_wconf 86' lang='lat' dir='ltr'><strong>etipse</strong></span> <span class='ocrx_word' id='word_1_628' title='bbox 1730 2356 1804 2381; x_wconf 89' lang='lat' dir='ltr'><strong>Deus</strong></span> 
     </span>
     <span class='ocr_line' id='line_1_99' title="bbox 1027 2399 1803 2436; baseline -0.001 -8"><span class='ocrx_word' id='word_1_629' title='bbox 1027 2400 1147 2428; x_wconf 82' lang='lat' dir='ltr'><strong>exaudit</strong></span> <span class='ocrx_word' id='word_1_630' title='bbox 1161 2408 1190 2427; x_wconf 88' lang='lat' dir='ltr'><strong>sc</strong></span> <span class='ocrx_word' id='word_1_631' title='bbox 1206 2400 1377 2434; x_wconf 80' lang='lat' dir='ltr'><strong>homiuem3</strong></span> <span class='ocrx_word' id='word_1_632' title='bbox 1398 2402 1467 2431; x_wconf 78' lang='lat' dir='ltr'><strong>Via,</strong></span> <span class='ocrx_word' id='word_1_633' title='bbox 1493 2400 1649 2436; x_wconf 76' lang='lat' dir='ltr'><strong>exemplo3</strong></span> <span class='ocrx_word' id='word_1_634' title='bbox 1669 2401 1732 2427; x_wconf 67' lang='lat' dir='ltr'><strong>Vite</strong></span> <span class='ocrx_word' id='word_1_635' title='bbox 1745 2421 1752 2431; x_wconf 88' lang='lat'><strong>,</strong></span> <span class='ocrx_word' id='word_1_636' title='bbox 1773 2399 1803 2427; x_wconf 89' lang='lat' dir='ltr'><strong>iu</strong></span> 
     </span>
     <span class='ocr_line' id='line_1_100' title="bbox 1027 2447 1158 2485; baseline -0.015 -10"><span class='ocrx_word' id='word_1_637' title='bbox 1027 2447 1158 2485; x_wconf 69' lang='lat' dir='ltr'><strong>praemio.</strong></span> 
     </span>
    </p>

    <p class='ocr_par' dir='ltr' id='par_1_14' title="bbox 1029 2491 1806 2575">
     <span class='ocr_line' id='line_1_101' title="bbox 1065 2491 1804 2528; baseline -0.003 -6"><span class='ocrx_word' id='word_1_638' title='bbox 1065 2496 1133 2522; x_wconf 87' lang='lat' dir='ltr'><strong>ltem</strong></span> <span class='ocrx_word' id='word_1_639' title='bbox 1149 2492 1314 2520; x_wconf 74' lang='lat' dir='ltr'><strong>Bernartius</strong></span> <span class='ocrx_word' id='word_1_640' title='bbox 1325 2492 1334 2507; x_wconf 79' lang='lat'><strong>²</strong></span> <span class='ocrx_word' id='word_1_641' title='bbox 1356 2495 1509 2521; x_wconf 85' lang='lat' dir='ltr'><strong>enumerat</strong></span> <span class='ocrx_word' id='word_1_642' title='bbox 1524 2494 1651 2528; x_wconf 88' lang='lat' dir='ltr'><strong>quatuor</strong></span> <span class='ocrx_word' id='word_1_643' title='bbox 1666 2491 1804 2520; x_wconf 85' lang='lat' dir='ltr'><strong>utilitates</strong></span> 
     </span>
     <span class='ocr_line' id='line_1_102' title="bbox 1029 2538 1806 2575; baseline -0.005 -5"><span class='ocrx_word' id='word_1_644' title='bbox 1029 2542 1172 2570; x_wconf 80' lang='lat' dir='ltr'><strong>adventus</strong></span> <span class='ocrx_word' id='word_1_645' title='bbox 1188 2540 1302 2567; x_wconf 86' lang='lat' dir='ltr'><strong>Domini</strong></span> <span class='ocrx_word' id='word_1_646' title='bbox 1314 2562 1322 2575; x_wconf 96' lang='lat'><strong>,</strong></span> <span class='ocrx_word' id='word_1_647' title='bbox 1348 2540 1449 2568; x_wconf 88' lang='lat' dir='ltr'><strong>dicens</strong></span> <span class='ocrx_word' id='word_1_648' title='bbox 1465 2549 1470 2566; x_wconf 80' lang='lat'>2</span> <span class='ocrx_word' id='word_1_649' title='bbox 1491 2550 1504 2565; x_wconf 85' lang='lat'>«</span> <span class='ocrx_word' id='word_1_650' title='bbox 1516 2539 1598 2567; x_wconf 81' lang='lat' dir='ltr'><strong>Venit</strong></span> <span class='ocrx_word' id='word_1_651' title='bbox 1621 2538 1750 2567; x_wconf 85' lang='lat' dir='ltr'><strong>Medicus</strong></span> <span class='ocrx_word' id='word_1_652' title='bbox 1766 2538 1806 2566; x_wconf 90' lang='lat' dir='ltr'><strong>ad</strong></span> 
     </span>
    </p>
   </div>
   <div class='ocr_carea' id='block_1_9' title="bbox 1029 2605 1804 2717">
    <p class='ocr_par' dir='ltr' id='par_1_15' title="bbox 1029 2605 1804 2717">
     <span class='ocr_line' id='line_1_103' title="bbox 1062 2605 1804 2637; baseline -0.004 -5"><span class='ocrx_word' id='word_1_653' title='bbox 1062 2610 1066 2623; x_wconf 83' lang='lat'><strong>¹</strong></span> <span class='ocrx_word' id='word_1_654' title='bbox 1081 2609 1158 2637; x_wconf 67' lang='lat' dir='ltr'><strong>Rom,</strong></span> <span class='ocrx_word' id='word_1_655' title='bbox 1176 2613 1194 2636; x_wconf 83' lang='lat' dir='ltr'><strong>i,</strong></span> <span class='ocrx_word' id='word_1_656' title='bbox 1213 2608 1236 2630; x_wconf 86' lang='lat'><strong>3.</strong></span> <span class='ocrx_word' id='word_1_657' title='bbox 1248 2620 1278 2625; x_wconf 91' lang='lat'><strong>—</strong></span> <span class='ocrx_word' id='word_1_658' title='bbox 1293 2607 1300 2621; x_wconf 78' lang='lat'>²</span> <span class='ocrx_word' id='word_1_659' title='bbox 1318 2607 1405 2637; x_wconf 51' lang='lat' dir='ltr'><strong>Rern„</strong></span> <span class='ocrx_word' id='word_1_660' title='bbox 1421 2608 1447 2630; x_wconf 78' lang='lat' dir='ltr'><strong>in</strong></span> <span class='ocrx_word' id='word_1_661' title='bbox 1465 2605 1540 2636; x_wconf 77' lang='lat' dir='ltr'><strong>Viqil.</strong></span> <span class='ocrx_word' id='word_1_662' title='bbox 1557 2605 1655 2631; x_wconf 56' lang='lat' dir='ltr'><strong>Natta,</strong></span> <span class='ocrx_word' id='word_1_663' title='bbox 1671 2612 1747 2631; x_wconf 87' lang='lat' dir='ltr'><strong>serm.</strong></span> <span class='ocrx_word' id='word_1_664' title='bbox 1764 2610 1804 2635; x_wconf 77' lang='lat'><strong>111,</strong></span> 
     </span>
     <span class='ocr_line' id='line_1_104' title="bbox 1029 2644 1155 2674; baseline -0.024 -5"><span class='ocrx_word' id='word_1_665' title='bbox 1029 2645 1054 2669; x_wconf 87' lang='lat' dir='ltr'><strong>in</strong></span> <span class='ocrx_word' id='word_1_666' title='bbox 1071 2644 1155 2674; x_wconf 87' lang='lat' dir='ltr'><strong>princ.</strong></span> 
     </span>
     <span class='ocr_line' id='line_1_105' title="bbox 1064 2684 1538 2717; baseline -0.008 -6"><span class='ocrx_word' id='word_1_667' title='bbox 1064 2693 1096 2717; x_wconf 67' lang='lat' dir='ltr'><strong>tay</strong></span> <span class='ocrx_word' id='word_1_668' title='bbox 1112 2687 1172 2711; x_wconf 77' lang='lat' dir='ltr'><strong>caet.</strong></span> <span class='ocrx_word' id='word_1_669' title='bbox 1189 2686 1249 2709; x_wconf 67' lang='lat' dir='ltr'><strong>edzt.</strong></span> <span class='ocrx_word' id='word_1_670' title='bbox 1267 2686 1352 2709; x_wconf 80' lang='lat' dir='ltr'><strong>ctiam.</strong></span> <span class='ocrx_word' id='word_1_671' title='bbox 1370 2698 1397 2702; x_wconf 98' lang='lat'><strong>—</strong></span> <span class='ocrx_word' id='word_1_672' title='bbox 1412 2684 1445 2714; x_wconf 72' lang='lat' dir='ltr'><strong>(h)</strong></span> <span class='ocrx_word' id='word_1_673' title='bbox 1462 2684 1538 2708; x_wconf 83' lang='lat' dir='ltr'><strong>euim.</strong></span> 
     </span>
    </p>
   </div>
  </div>
 </body>
</html>
