2004 3037
857 170 987 204 CAPUT
1006 170 1111 204 LXIX.

982 230 985 234 ’
1013 239 1096 275 ejus,
1126 239 1155 267 et
1182 246 1251 267 cum
1278 240 1416 270 inebriati
1446 244 1543 270 essent
1555 263 1565 278 ,
1593 242 1703 272 occidit
1731 250 1793 273 eos.

174 241 226 270 Ela
240 241 399 270 dominum
411 248 513 276 suum,
530 242 559 269 et
573 240 708 276 regnavit
722 241 790 277 post
804 247 874 268 eum
888 247 955 276 sep-

173 288 241 318 tiem
257 288 363 317 diebus
377 289 507 324 tantum3
521 287 660 316 obsessus
675 286 756 316 enim
769 286 835 321 fuit,
850 288 878 315 et
892 294 957 315 sue-

174 335 273 364 cendit
286 343 329 371 se,
343 337 371 364 et
385 334 531 372 palatium
545 334 576 362 in
591 342 652 371 quo
669 335 741 363 erat.
757 334 790 362 lll
804 334 883 368 Rea„
895 341 954 362 xvx.

208 382 319 411 Selluin
337 382 417 410 filius
435 381 523 410 Jabes
542 380 710 417 conjuravit
728 382 832 408 contra
845 379 955 408 Zacha-

172 429 249 458 riam
262 437 364 465 regem
379 429 467 458 lsrael
480 427 640 457 dominum
654 436 753 462 suum,
769 429 797 456 et
810 425 956 455 interfecit

172 484 256 512 eum,
275 478 304 505 et
321 476 458 512 regnavit
476 483 531 512 pro
557 483 593 503 eo
617 483 679 503 uno
701 482 803 503 mense
827 475 952 502 tantum.

166 525 205 555 ,lV
219 526 298 560 Rea„
315 532 362 553 xv.

207 572 280 601 Cum
299 571 438 600 adoraret
456 570 487 599 in
506 570 618 606 templo
640 569 841 598 Sennacherib
861 570 954 597 Deum

171 627 275 653 suum,
291 619 352 647 duo
372 617 427 646 filii
442 618 488 646 sui
501 618 711 655 percusserunt
732 624 819 652 eum3
840 615 894 644 sed
911 618 955 644 ta-

170 674 241 695 men
254 667 359 694 neuter
374 673 480 694 eorum
499 664 635 701 regnavit
649 672 705 701 pro
718 672 757 706 »eo
772 665 841 701 post
855 663 951 691 illum.

170 713 204 741 lv
218 714 295 748 Req„
312 721 369 741 xix.

205 760 334 795 Quidam
356 760 468 789 inimici
493 759 639 789 Nehemiae
667 759 829 788 voluerunt
855 759 954 787 foedus

170 817 238 836 cum
260 816 295 836 eo
315 808 461 836 malitiose
480 810 650 844 percutere,
666 808 695 835 et
716 807 888 843 cogitabant
908 806 953 834 fa-

170 863 236 883 cere
260 855 287 883 ei
311 855 435 883 malum.
468 854 617 883 Dederunt
640 854 730 883 etiam
752 854 898 891 pretium,
921 856 954 882 ut

170 911 239 931 eum
254 902 397 930 ducerent
409 902 441 930 in
454 903 620 938 peccatum.
636 902 758 935 Nehem.,
774 909 813 930 VI.

206 951 268 978 Duo
281 950 424 985 janitores
439 950 516 984 regis
530 949 657 984 Assueri,
674 949 727 985 qui
742 949 774 977 in
787 949 886 986 primo
901 957 952 985 pa-

167 996 231 1025 latii
255 997 357 1025 limine
379 996 594 1033 praesidebant,
616 996 776 1025 voluerunt
795 996 828 1024 in
850 1004 952 1033 regem

168 1044 332 1080 insurgere,
347 1046 375 1071 et
389 1043 524 1071 occidere
538 1052 618 1072 eum.
634 1045 740 1078 Esther,
757 1052 788 1072 ιι.

203 1091 286 1119 Venit
310 1090 416 1119 ismael
437 1090 516 1118 filius
540 1091 707 1126 Nathanice,
734 1093 762 1119 et
788 1091 873 1119 multi
899 1091 950 1119 alii

166 1146 235 1166 cum
256 1147 307 1173 eo,
330 1140 357 1166 et
381 1138 577 1166 comederunt
599 1147 668 1166 eum
691 1138 836 1174 Godolia,
858 1146 950 1175 quem

165 1186 337 1222 praefecerat
354 1193 407 1213 rex
428 1185 588 1222 Babylonis
611 1188 694 1214 terrae
713 1185 809 1220 Juda,
834 1187 863 1214 et
882 1186 951 1222 post

165 1233 329 1269 prandium
344 1234 550 1267 surrexerunt,
565 1235 593 1261 et
607 1233 780 1261 occiderunt
794 1242 879 1269 eum,
896 1233 950 1270 qui

167 1280 241 1308 nihil
260 1280 331 1308 mali
352 1280 489 1308 voluerat
509 1281 629 1309 eredere
645 1283 748 1309 contra
761 1281 840 1310 illos.
857 1283 948 1316 Hier„

167 1335 224 1356 xm.

202 1375 363 1404 Antiochus
376 1383 429 1403 rex
447 1375 527 1404 misit
540 1375 706 1412 principem
720 1375 902 1404 tributorum
916 1375 949 1403 in

167 1422 297 1451 civitates
311 1422 405 1457 Juda,
422 1425 450 1450 et
464 1422 544 1451 venit
559 1423 590 1450 in
605 1423 803 1458 Hierusalem,
820 1425 848 1451 et
862 1423 948 1451 locu-

167 1471 213 1498 tus
227 1471 270 1497 est
284 1478 353 1497 cum
368 1469 423 1504 eis,
440 1470 492 1506 qui
507 1472 591 1498 erant
606 1470 699 1503 intus,
714 1470 808 1499 verba
823 1470 949 1507 pacifica

166 1516 198 1545 in
220 1517 307 1551 dolo3
332 1518 360 1544 et
382 1516 572 1545 crediderunt
595 1517 621 1545 ei
644 1527 651 1546 :
673 1519 701 1545 et
721 1517 805 1545 irruit
826 1519 948 1554 repente

166 1572 256 1600 super
276 1564 441 1598 civitatem,
465 1565 493 1591 et
513 1564 656 1600 percussit
679 1572 746 1592 eam
769 1564 876 1601 plaga,
892 1566 946 1592 etc.

167 1613 177 1640 1
193 1613 296 1645 Maeli„
312 1620 334 1640 1.

202 1661 275 1687 Cum
298 1659 449 1688 obsideret
472 1659 632 1687 Antiochus
659 1661 789 1695 Eupator
813 1660 949 1688 Hierusa-

165 1706 235 1740 lem,
251 1714 306 1734 nec
325 1708 424 1742 posset
439 1714 506 1734 eam
522 1714 638 1742 capere,
654 1707 734 1734 misit
749 1706 788 1734 ad
802 1706 880 1741 illos,
896 1707 948 1743 qui

165 1753 243 1781 intus
257 1755 354 1788 erant,
369 1761 475 1789 pacem
489 1753 601 1788 facere,
618 1754 646 1781 et
661 1755 837 1790 receperunt
852 1754 947 1789 illam,

165 1802 193 1828 et
215 1801 327 1836 juravit
351 1800 393 1828 eis
417 1808 483 1835 rex;
510 1801 564 1828 sed
587 1801 667 1837 rupit
691 1801 776 1828 citius
796 1801 948 1836 juramen-

165 1849 244 1881 tum,
271 1850 298 1875 et
320 1847 475 1874 mandavit
500 1847 650 1875 destruere
674 1855 777 1876 muros
804 1848 835 1876 in
859 1856 945 1884 gyro.

165 1898 174 1924 l
190 1897 293 1927 Mach„
310 1904 347 1924 vi.

201 1944 374 1971 Ptolemaeus
402 1951 452 1971 rex
484 1944 599 1980 AEeypti
632 1944 785 1979 quaerebat
813 1944 947 1972 obtinere

165 1999 292 2026 regnum
308 1990 466 2019 Alexandri
488 1991 590 2026 generi
605 1991 649 2018 sui
666 1991 756 2024 dolo,
772 1992 800 2018 et
815 1999 883 2019 cum
898 1991 946 2019 in-

166 2040 253 2065 traret
268 2038 399 2065 civitates
413 2037 572 2065 Alexandri
594 2046 662 2065 cum
678 2046 787 2073 magno
804 2038 946 2073 exercitu,

166 2087 193 2112 et
219 2085 398 2121 reciperetur
428 2085 457 2112 in
482 2085 523 2112 eis
547 2085 713 2113 honorifice
740 2085 777 2113 de
802 2085 945 2114 mandato

165 2132 342 2166 Alexandri,
364 2132 498 2168 ponebat
516 2132 666 2160 custodias
688 2132 816 2160 militum
840 2132 870 2159 in
892 2133 943 2160 eis.

165 2179 186 2206 11
201 2180 303 2214 Maeli„
321 2188 361 2207 xi.

201 2226 309 2253 Videris
332 2226 472 2262 Tryphon
502 2226 585 2262 quod
607 2227 748 2255 Jonathas
772 2227 853 2255 venit
876 2235 944 2255 cum

165 2274 294 2301 exercitu
309 2281 419 2308 magno
435 2276 462 2301 et
475 2274 580 2308 multo,
594 2274 675 2309 jussit
689 2274 808 2302 retineri
819 2282 943 2310 paucos,

165 2323 192 2348 et
208 2321 283 2348 alios
299 2320 404 2348 remitti
419 2330 425 2348 ε
442 2322 470 2348 et
491 2329 558 2348 cum
572 2321 684 2348 factum
698 2321 798 2348 suisset
809 2341 818 2354 ,
842 2323 944 2357 captus

165 2370 208 2395 est
227 2368 367 2396 Jonathas
390 2376 457 2395 cum
478 2368 559 2395 inille
581 2368 650 2396 viris
675 2377 751 2404 quos
771 2368 943 2403 retInuerat,

163 2416 191 2442 et
206 2415 255 2442 alii
267 2417 335 2442 sunt
348 2415 468 2442 reversi.
486 2416 506 2443 11
520 2415 621 2448 Mach„
638 2423 688 2443 xu.

199 2463 270 2489 Cum
290 2462 459 2490 ambularet
472 2463 611 2498 Tryphon
627 2471 695 2490 cum
710 2471 779 2498 rege
798 2462 942 2491 Antiocho

162 2508 348 2537 adolescente
365 2509 489 2537 domino
509 2519 579 2545 suo,
596 2510 667 2538 dolo
684 2510 793 2539 occidit
808 2518 876 2538 eum
890 2531 898 2544 ‚
915 2512 943 2538 et

162 2556 296 2590 regnavit
311 2556 378 2585 loco
393 2558 467 2592 ejus.
483 2558 585 2592 Mach„
601 2566 662 2586 xm.

199 2602 372 2630 Ptolemaeus
391 2604 470 2631 filius
488 2604 585 2632 Abobi
609 2612 700 2639 gener
715 2604 823 2632 summi
844 2612 941 2632 sacer-

164 2649 250 2684 dotis,
267 2649 334 2678 fecit
348 2652 520 2679 convivium
541 2652 663 2686 Simoni,
688 2654 716 2680 et
729 2652 850 2681 duobus
873 2652 941 2680 filiis

1736 177 1795 207 567

1013 286 1022 313 l
1037 286 1142 320 Maeli„
1158 293 1217 314 xw.

1049 335 1122 362 Cum
1147 333 1276 362 venisset
1294 335 1471 371 Apollonius
1490 335 1728 374 Hierosolymam
1741 345 1796 374 pa-

1012 388 1077 409 cem
1092 380 1253 416 simulans,
1269 381 1384 418 quievit
1398 391 1493 420 usque
1512 383 1542 412 in
1557 384 1638 413 diem
1652 384 1770 413 sabbati
1787 393 1794 412 :

1013 429 1040 456 et
1054 429 1124 456 tunc
1142 428 1253 457 feriatis
1271 429 1381 457 Judoeis
1400 429 1552 466 ingentem
1572 431 1796 461 multitudinem

1011 475 1147 512 peremit.
1163 477 1185 504 ll
1201 477 1340 512 Machab.‚
1355 485 1384 506 v.

1046 522 1177 551 Audiens
1192 523 1283 552 Judas
1297 523 1499 558 Machaboeus,
1513 525 1596 561 quod
1610 525 1654 553 illi
1670 525 1721 562 qui
1736 526 1794 554 ob-

1010 569 1149 598 sidebant
1160 572 1263 605 turres,
1278 571 1329 598 ubi
1341 573 1425 599 erant
1434 571 1546 600 inimici
1562 572 1696 609 gentiles,
1708 580 1795 609 pecu-

1010 616 1093 645 niam
1115 619 1289 654 receperant
1303 618 1353 655 (a),
1369 621 1396 647 et
1411 619 1561 656 quosdam
1580 620 1663 648 abire
1683 620 1795 656 permi-

1010 666 1120 699 serant,
1130 664 1197 693 illos
1207 667 1351 702 tanquam
1360 667 1539 703 proditores,
1553 669 1581 696 et
1589 668 1713 696 fratrum
1725 676 1794 698 ven-

1011 711 1122 740 ditores
1132 733 1141 747 ,
1157 712 1319 748 interfecit,
1335 715 1363 742 et
1377 713 1534 742 confestim
1553 717 1648 743 turres
1662 723 1793 752 occupa-

1009 759 1061 787 vit.
1078 761 1099 788 ll
1114 760 1216 792 Mach„
1230 768 1259 789 x.

1046 807 1153 835 Omnes
1167 807 1241 836 alias
1262 807 1449 843 proditiones
1470 808 1501 836 in
1516 807 1652 845 nequitia
1676 810 1704 837 et
1725 817 1793 846 per-

1009 854 1145 882 versitate
1169 856 1289 890 superat
1316 854 1369 883 illa
1379 877 1388 890 ,
1409 863 1500 892 quam
1522 855 1794 884 facinorosissimus

1008 901 1099 929 Judas
1115 903 1218 929 contra
1229 901 1388 930 Dominum
1402 903 1585 939 procuravit,
1599 903 1683 940 quod
1695 902 1794 931 Domi-

1009 956 1083 976 num
1104 950 1133 976 et
1156 948 1332 984 magistrum
1347 957 1435 977 suum
1456 950 1591 978 vendidit
1605 958 1661 986 pro
1676 950 1793 980 tantillo

1007 995 1114 1031 pretio,
1127 997 1154 1023 et
1166 995 1196 1023 in
1210 1004 1318 1024 manus
1330 996 1462 1024 hostium
1477 996 1601 1025 tradidit
1612 997 1792 1026 osculando.

1008 1043 1123 1078 Mactlt„
1137 1051 1220 1078 xxv13
1234 1044 1335 1076 Marc„
1346 1051 1409 1078 x1v;
1421 1044 1498 1078 Luc„
1510 1052 1587 1080 xxm
1601 1045 1694 1079 Joan.,
1710 1053 1792 1074 xvm.

1043 1091 1234 1118 Accesserunt
1253 1090 1377 1126 quidam
1396 1091 1490 1119 Judaei
1509 1091 1549 1119 ad
1564 1091 1733 1128 principem
1747 1099 1792 1120 sa-

1007 1136 1163 1165 cerdotum
1178 1138 1206 1165 et
1220 1137 1368 1172 seniores,
1382 1137 1515 1166 dicentes
1536 1138 1595 1173 eis,
1611 1140 1643 1166 ut
1659 1138 1792 1167 facerent

1006 1184 1088 1221 quod
1100 1184 1236 1212 tribunus
1248 1185 1359 1220 Lysias,
1373 1185 1424 1221 qui
1437 1185 1562 1214 Paulum
1574 1185 1696 1215 tenebat
1708 1186 1791 1215 vinc-

1005 1232 1080 1266 tum,
1088 1231 1250 1260 adduceret
1262 1231 1370 1260 eumin
1382 1232 1529 1268 medium,
1540 1234 1685 1270 tanquam
1695 1235 1792 1263 essent

1006 1279 1044 1307 de
1059 1287 1094 1306 eo
1110 1278 1226 1315 aliquid
1242 1278 1350 1306 certius
1362 1280 1521 1315 cognituri.
1537 1280 1594 1316 lpsi
1604 1288 1677 1309 vero
1692 1281 1790 1310 statim

1005 1326 1102 1362 parati
1117 1327 1199 1354 erant
1213 1325 1378 1354 interficere
1393 1326 1490 1354 illum.
1507 1327 1584 1363 Act„
1599 1335 1681 1357 xxm.

1217 1420 1396 1455 CAPUT
1431 1422 1575 1456 LXIX.

1286 1496 1324 1523 De
1340 1495 1508 1523 adulatione.

1041 1567 1114 1594 Core
1141 1567 1170 1593 et
1194 1564 1355 1601 complices
1380 1565 1459 1601 erS‚
1484 1573 1554 1593 cum
1573 1566 1718 1594 stetissent
1737 1567 1790 1595 ad-

1004 1621 1107 1641 versus
1124 1614 1246 1649 Moysen
1266 1614 1294 1640 et
1315 1614 1429 1647 Aaron,
1448 1612 1588 1641 dixerunt
1604 1622 1611 1641 ;
1631 1613 1791 1643 «Sufficiat

1004 1659 1101 1694 vobis,
1115 1660 1198 1696 quod
1214 1659 1311 1687 omnis
1327 1659 1487 1687 multitudo
1507 1661 1678 1688 sanctorum
1694 1663 1746 1695 est,
1762 1663 1791 1690 et

1004 1707 1035 1735 in
1058 1707 1130 1743 ipsis
1154 1709 1196 1734 est
1218 1706 1371 1734 Dominus.
1388 1716 1402 1733 »
1420 1707 1452 1734 ln
1468 1714 1529 1743 quo
1545 1709 1686 1743 apparet,
1704 1707 1789 1744 quod

1003 1754 1162 1790 captabant
1177 1753 1418 1781 benevolentIam
1433 1753 1549 1789 populi.
1566 1755 1662 1786 Num„
1680 1762 1739 1789 xvi,
1757 1756 1785 1783 3.

1038 1801 1229 1834 Adolescens,
1244 1808 1370 1828 narrans
1384 1801 1513 1828 mortem
1528 1800 1598 1828 Saul
1614 1802 1641 1828 et
1655 1801 1788 1830 filiorum

1002 1848 1076 1884 ejus,
1091 1847 1205 1875 occisus
1220 1846 1275 1875 fuit
1290 1847 1327 1875 de
1343 1847 1486 1875 mandato
1502 1847 1595 1883 ipsius
1608 1847 1701 1876 David
1714 1857 1721 1876 :
1735 1856 1788 1885 pu-

1002 1895 1083 1923 tabat
1097 1896 1196 1922 autem
1211 1902 1241 1922 se
1257 1902 1401 1930 prospera
1416 1894 1562 1922 nuntiare.
1580 1895 1601 1922 ll
1614 1896 1693 1929 Req„
1710 1903 1730 1922 1.

1039 1943 1101 1968 Duo
1117 1941 1256 1974 latrones,
1272 1941 1356 1977 quod
1369 1941 1465 1968 filium
1480 1941 1550 1968 Saul
1565 1941 1697 1969 isboseth
1712 1941 1787 1970 occi-

1002 1987 1124 2022 derunt,
1141 1990 1169 2015 et
1183 1989 1272 2023 caput
1289 1988 1351 2022 ejus
1367 1987 1527 2015 attulerunt
1541 1987 1580 2015 ad
1597 1987 1701 2022 David,
1718 1988 1785 2024 pla-

1002 2043 1067 2063 cere
1088 2035 1114 2062 ei
1134 2034 1341 2069 crediderunt,
1358 2034 1410 2061 sed
1432 2034 1526 2062 David
1547 2033 1624 2062 hene
1647 2034 1786 2069 ostendit,

1001 2082 1085 2118 quod
1100 2081 1156 2109 sibi
1173 2081 1332 2117 displicuit.
1349 2082 1371 2109 ll
1385 2083 1463 2115 Req„
1480 2089 1516 2109 ιν.

1038 2129 1157 2156 Dicebat
1182 2128 1313 2156 Abs-alon
1344 2128 1459 2156 homini
1488 2128 1641 2164 negotium
1661 2129 1785 2158 habenti

1000 2184 1102 2204 coram
1116 2184 1186 2211 rege
1203 2174 1296 2202 David
1317 2183 1323 2202 ε
1345 2175 1514 2203 «Videntur
1534 2175 1607 2203 mihi
1630 2184 1784 2204 sermones

999 2224 1041 2251 tui
1056 2223 1127 2251 boni
1143 2225 1170 2250 et
1181 2222 1263 2258 justi,
1274 2224 1302 2249 et
1315 2230 1376 2250 non
1392 2223 1435 2250 est
1449 2222 1502 2258 qui
1518 2224 1543 2251 te
1559 2222 1662 2251 audiat
1676 2222 1783 2251 consti-

999 2272 1078 2299 tutus
1094 2279 1111 2298 a
1124 2278 1203 2305 rege.
1220 2280 1233 2296 u
1252 2271 1272 2298 ll
1287 2270 1364 2304 Rea,
1381 2277 1430 2304 xv,
1446 2271 1472 2297 3.

1036 2318 1101 2346 Mali
1128 2317 1280 2353 prophetae
1307 2316 1447 2344 dicebant
1474 2316 1576 2345 Achab
1602 2316 1666 2352 regi
1695 2317 1783 2345 lsrael

998 2365 1036 2393 de
1051 2364 1131 2392 hello
1147 2364 1246 2392 futuro
1261 2371 1423 2400 prospera,
1438 2363 1492 2392 sed
1512 2372 1579 2400 quse
1598 2363 1685 2392 illum
1705 2363 1781 2393 velle

997 2412 1140 2439 sciebant.
1158 2413 1190 2439 lll
1206 2412 1283 2446 Rea„
1299 2419 1371 2439 xxii.
1774 2448 1776 2450 Ι

1034 2461 1100 2487 Post
1128 2458 1245 2486 obitum
1276 2458 1387 2486 Joiadae
1420 2457 1582 2486 sacerdotis
1593 2478 1602 2491 ‚
1631 2456 1780 2493 principes

996 2506 1073 2534 Juda
1092 2505 1293 2534 adoraverunt
1314 2513 1432 2540 regem,
1455 2504 1508 2541 qui
1528 2504 1668 2532 delinitus
1691 2504 1780 2533 obse-

997 2553 1075 2590 quiis
1103 2560 1208 2581 eorum
1236 2551 1386 2588 acquievit
1410 2551 1471 2587 eis,
1497 2553 1525 2580 et
1553 2551 1779 2588 dereliquerunt

1030 2654 1063 2685 (a)
1081 2655 1139 2679 Cael.
1154 2653 1216 2678 edit.
1232 2652 1386 2684 receperim.
