<?xml version="1.0" encoding="UTF-8"?>
<!DOCTYPE html PUBLIC "-//W3C//DTD XHTML 1.0 Transitional//EN"
    "http://www.w3.org/TR/xhtml1/DTD/xhtml1-transitional.dtd">
<html xmlns="http://www.w3.org/1999/xhtml" xml:lang="en" lang="en">
 <head>
  <title>
</title>
<meta http-equiv="Content-Type" content="text/html;charset=utf-8" />
  <meta name='ocr-system' content='tesseract 3.04.00' />
  <meta name='ocr-capabilities' content='ocr_page ocr_carea ocr_par ocr_line ocrx_word'/>
</head>
<body>
  <div class='ocr_page' id='page_1' title='image "./operaomniasixtiv08bonauoft/operaomniasixtiv08bonauoft_0494.png"; bbox 0 0 2004 3037; ppageno 0'>
   <div class='ocr_carea' id='block_1_1' title="bbox 183 206 258 237">
    <p class='ocr_par' dir='ltr' id='par_1_1' title="bbox 183 206 258 237">
     <span class='ocr_line' id='line_1_1' title="bbox 183 206 258 237; baseline 0 0"><span class='ocrx_word' id='word_1_1' title='bbox 183 206 242 237; x_wconf 67' lang='lat'><strong>472</strong></span> <span class='ocrx_word' id='word_1_2' title='bbox 254 214 258 218; x_wconf 87' lang='grc'><strong>’</strong></span> 
     </span>
    </p>
   </div>
   <div class='ocr_carea' id='block_1_2' title="bbox 179 267 962 1204">
    <p class='ocr_par' dir='ltr' id='par_1_2' title="bbox 179 267 962 1204">
     <span class='ocr_line' id='line_1_2' title="bbox 183 267 961 309; baseline -0.006 -9"><span class='ocrx_word' id='word_1_3' title='bbox 183 271 319 309; x_wconf 81' lang='lat' dir='ltr'><strong>gustinus</strong></span> <span class='ocrx_word' id='word_1_4' title='bbox 324 269 475 306; x_wconf 78' lang='lat' dir='ltr'><strong>habuisse,</strong></span> <span class='ocrx_word' id='word_1_5' title='bbox 483 268 537 306; x_wconf 81' lang='lat' dir='ltr'><strong>qui</strong></span> <span class='ocrx_word' id='word_1_6' title='bbox 544 267 662 298; x_wconf 86' lang='lat' dir='ltr'><strong>decimo</strong></span> <span class='ocrx_word' id='word_1_7' title='bbox 672 267 752 296; x_wconf 88' lang='lat' dir='ltr'><strong>libro</strong></span> <span class='ocrx_word' id='word_1_8' title='bbox 760 268 961 303; x_wconf 78' lang='lat' dir='ltr'><strong>confessionum</strong></span> 
     </span>
     <span class='ocr_line' id='line_1_3' title="bbox 183 315 962 352; baseline -0.008 -4"><span class='ocrx_word' id='word_1_9' title='bbox 183 318 224 348; x_wconf 82' lang='lat' dir='ltr'><strong>ait</strong></span> <span class='ocrx_word' id='word_1_10' title='bbox 239 317 281 346; x_wconf 87' lang='lat' dir='ltr'><strong>sic</strong></span> <span class='ocrx_word' id='word_1_11' title='bbox 296 318 306 335; x_wconf 94' lang='lat'><strong>¹</strong></span> <span class='ocrx_word' id='word_1_12' title='bbox 321 326 329 346; x_wconf 72' lang='grc' dir='ltr'><strong><em>ε</em></strong></span> <span class='ocrx_word' id='word_1_13' title='bbox 347 325 363 344; x_wconf 77' lang='grc' dir='ltr'><strong>α</strong></span> <span class='ocrx_word' id='word_1_14' title='bbox 379 315 457 352; x_wconf 84' lang='lat' dir='ltr'><strong>Quid</strong></span> <span class='ocrx_word' id='word_1_15' title='bbox 470 323 552 352; x_wconf 83' lang='lat' dir='ltr'><strong>nmo,</strong></span> <span class='ocrx_word' id='word_1_16' title='bbox 567 323 638 344; x_wconf 88' lang='lat' dir='ltr'><strong>cum</strong></span> <span class='ocrx_word' id='word_1_17' title='bbox 649 315 743 344; x_wconf 88' lang='lat' dir='ltr'><strong>Deum</strong></span> <span class='ocrx_word' id='word_1_18' title='bbox 753 321 856 343; x_wconf 86' lang='lat' dir='ltr'><strong>meum</strong></span> <span class='ocrx_word' id='word_1_19' title='bbox 869 315 962 343; x_wconf 72' lang='lat' dir='ltr'><strong>amo?</strong></span> 
     </span>
     <span class='ocr_line' id='line_1_4' title="bbox 183 361 962 400; baseline -0.006 -6"><span class='ocrx_word' id='word_1_20' title='bbox 183 365 260 394; x_wconf 85' lang='lat' dir='ltr'><strong>certe</strong></span> <span class='ocrx_word' id='word_1_21' title='bbox 277 372 340 393; x_wconf 91' lang='lat' dir='ltr'><strong>non</strong></span> <span class='ocrx_word' id='word_1_22' title='bbox 353 363 516 400; x_wconf 79' lang='lat' dir='ltr'><strong>exteriora,</strong></span> <span class='ocrx_word' id='word_1_23' title='bbox 535 363 590 391; x_wconf 89' lang='lat' dir='ltr'><strong>sed</strong></span> <span class='ocrx_word' id='word_1_24' title='bbox 611 361 778 399; x_wconf 81' lang='lat' dir='ltr'><strong>quamdam</strong></span> <span class='ocrx_word' id='word_1_25' title='bbox 799 361 917 396; x_wconf 89' lang='lat' dir='ltr'><strong>lucem,</strong></span> <span class='ocrx_word' id='word_1_26' title='bbox 933 362 962 390; x_wconf 75' lang='lat' dir='ltr'><strong>ot</strong></span> 
     </span>
     <span class='ocr_line' id='line_1_5' title="bbox 183 408 962 449; baseline -0.005 -9"><span class='ocrx_word' id='word_1_27' title='bbox 183 411 348 449; x_wconf 81' lang='lat' dir='ltr'><strong>quamdam</strong></span> <span class='ocrx_word' id='word_1_28' title='bbox 371 417 496 446; x_wconf 84' lang='lat' dir='ltr'><strong>vocem,</strong></span> <span class='ocrx_word' id='word_1_29' title='bbox 517 411 547 438; x_wconf 87' lang='lat' dir='ltr'><strong>et</strong></span> <span class='ocrx_word' id='word_1_30' title='bbox 573 409 737 447; x_wconf 85' lang='lat' dir='ltr'>quemdam</span> <span class='ocrx_word' id='word_1_31' title='bbox 760 408 907 444; x_wconf 89' lang='lat' dir='ltr'><strong>odorem,</strong></span> <span class='ocrx_word' id='word_1_32' title='bbox 933 410 962 437; x_wconf 88' lang='lat' dir='ltr'><strong>et</strong></span> 
     </span>
     <span class='ocr_line' id='line_1_6' title="bbox 182 455 960 497; baseline -0.006 -9"><span class='ocrx_word' id='word_1_33' title='bbox 182 458 346 497; x_wconf 86' lang='lat' dir='ltr'><strong>quemdam</strong></span> <span class='ocrx_word' id='word_1_34' title='bbox 364 458 480 493; x_wconf 86' lang='lat' dir='ltr'><strong>eibum,</strong></span> <span class='ocrx_word' id='word_1_35' title='bbox 495 458 524 486; x_wconf 86' lang='lat' dir='ltr'><strong>et</strong></span> <span class='ocrx_word' id='word_1_36' title='bbox 541 457 705 494; x_wconf 87' lang='lat' dir='ltr'><strong>quemdam</strong></span> <span class='ocrx_word' id='word_1_37' title='bbox 723 456 896 493; x_wconf 83' lang='lat' dir='ltr'><strong>amplexum</strong></span> <span class='ocrx_word' id='word_1_38' title='bbox 914 455 960 483; x_wconf 90' lang='lat' dir='ltr'><strong>in-</strong></span> 
     </span>
     <span class='ocr_line' id='line_1_7' title="bbox 181 503 961 541; baseline -0.005 -6"><span class='ocrx_word' id='word_1_39' title='bbox 181 505 298 535; x_wconf 83' lang='lat' dir='ltr'><strong>terioris</strong></span> <span class='ocrx_word' id='word_1_40' title='bbox 318 505 450 534; x_wconf 88' lang='lat' dir='ltr'><strong>hominis</strong></span> <span class='ocrx_word' id='word_1_41' title='bbox 472 504 551 541; x_wconf 89' lang='lat' dir='ltr'><strong>mei,</strong></span> <span class='ocrx_word' id='word_1_42' title='bbox 571 503 626 533; x_wconf 90' lang='lat' dir='ltr'><strong>ubi</strong></span> <span class='ocrx_word' id='word_1_43' title='bbox 643 503 736 540; x_wconf 76' lang='lat' dir='ltr'><strong>fulget</strong></span> <span class='ocrx_word' id='word_1_44' title='bbox 756 503 864 532; x_wconf 70' lang='lat' dir='ltr'><strong>animm</strong></span> <span class='ocrx_word' id='word_1_45' title='bbox 885 510 961 531; x_wconf 76' lang='lat' dir='ltr'><strong>meae</strong></span> 
     </span>
     <span class='ocr_line' id='line_1_8' title="bbox 181 550 959 590; baseline -0.004 -9"><span class='ocrx_word' id='word_1_46' title='bbox 181 553 285 582; x_wconf 89' lang='lat' dir='ltr'><strong>lumen</strong></span> <span class='ocrx_word' id='word_1_47' title='bbox 298 552 383 590; x_wconf 86' lang='lat' dir='ltr'><strong>quod</strong></span> <span class='ocrx_word' id='word_1_48' title='bbox 395 560 458 582; x_wconf 88' lang='lat' dir='ltr'><strong>non</strong></span> <span class='ocrx_word' id='word_1_49' title='bbox 472 551 553 588; x_wconf 81' lang='lat' dir='ltr'>capit</span> <span class='ocrx_word' id='word_1_50' title='bbox 565 551 666 586; x_wconf 89' lang='lat' dir='ltr'><strong>locus,</strong></span> <span class='ocrx_word' id='word_1_51' title='bbox 680 552 709 579; x_wconf 91' lang='lat' dir='ltr'><strong>et</strong></span> <span class='ocrx_word' id='word_1_52' title='bbox 725 550 779 579; x_wconf 86' lang='lat' dir='ltr'><strong>ubi</strong></span> <span class='ocrx_word' id='word_1_53' title='bbox 793 551 881 579; x_wconf 85' lang='lat' dir='ltr'><strong>sonat</strong></span> <span class='ocrx_word' id='word_1_54' title='bbox 893 557 959 578; x_wconf 86' lang='lat' dir='ltr'><strong>ver-</strong></span> 
     </span>
     <span class='ocr_line' id='line_1_9' title="bbox 181 596 961 637; baseline -0.005 -8"><span class='ocrx_word' id='word_1_55' title='bbox 181 600 256 629; x_wconf 88' lang='lat' dir='ltr'><strong>bum</strong></span> <span class='ocrx_word' id='word_1_56' title='bbox 281 599 366 637; x_wconf 86' lang='lat' dir='ltr'><strong>quod</strong></span> <span class='ocrx_word' id='word_1_57' title='bbox 386 607 449 628; x_wconf 91' lang='lat' dir='ltr'><strong>non</strong></span> <span class='ocrx_word' id='word_1_58' title='bbox 470 599 548 636; x_wconf 83' lang='lat' dir='ltr'><strong>rapit</strong></span> <span class='ocrx_word' id='word_1_59' title='bbox 567 600 695 634; x_wconf 88' lang='lat' dir='ltr'><strong>tempus,</strong></span> <span class='ocrx_word' id='word_1_60' title='bbox 723 597 778 626; x_wconf 90' lang='lat' dir='ltr'><strong>ubi</strong></span> <span class='ocrx_word' id='word_1_61' title='bbox 803 597 864 626; x_wconf 88' lang='lat' dir='ltr'><strong>olet</strong></span> <span class='ocrx_word' id='word_1_62' title='bbox 884 596 961 626; x_wconf 90' lang='lat' dir='ltr'><strong>odor</strong></span> 
     </span>
     <span class='ocr_line' id='line_1_10' title="bbox 182 644 960 685; baseline -0.005 -9"><span class='ocrx_word' id='word_1_63' title='bbox 182 655 274 685; x_wconf 82' lang='lat' dir='ltr'><strong>quem</strong></span> <span class='ocrx_word' id='word_1_64' title='bbox 290 654 353 676; x_wconf 89' lang='lat' dir='ltr'><strong>non</strong></span> <span class='ocrx_word' id='word_1_65' title='bbox 375 646 488 684; x_wconf 83' lang='lat' dir='ltr'><strong>spargit</strong></span> <span class='ocrx_word' id='word_1_66' title='bbox 510 647 626 681; x_wconf 78' lang='lat' dir='ltr'><strong>ventus,</strong></span> <span class='ocrx_word' id='word_1_67' title='bbox 651 646 679 674; x_wconf 89' lang='lat' dir='ltr'><strong>et</strong></span> <span class='ocrx_word' id='word_1_68' title='bbox 699 645 754 674; x_wconf 93' lang='lat' dir='ltr'><strong>ubi</strong></span> <span class='ocrx_word' id='word_1_69' title='bbox 776 644 853 681; x_wconf 87' lang='lat' dir='ltr'><strong>sapit</strong></span> <span class='ocrx_word' id='word_1_70' title='bbox 876 644 960 672; x_wconf 86' lang='lat' dir='ltr'><strong>cibus</strong></span> 
     </span>
     <span class='ocr_line' id='line_1_11' title="bbox 181 690 960 731; baseline -0.005 -8"><span class='ocrx_word' id='word_1_71' title='bbox 181 701 275 731; x_wconf 85' lang='lat' dir='ltr'><strong>quem</strong></span> <span class='ocrx_word' id='word_1_72' title='bbox 286 701 349 723; x_wconf 89' lang='lat' dir='ltr'><strong>non</strong></span> <span class='ocrx_word' id='word_1_73' title='bbox 367 693 474 722; x_wconf 87' lang='lat' dir='ltr'><strong>minuit</strong></span> <span class='ocrx_word' id='word_1_74' title='bbox 492 693 622 722; x_wconf 87' lang='lat' dir='ltr'><strong>edacitas</strong></span> <span class='ocrx_word' id='word_1_75' title='bbox 628 713 638 728; x_wconf 92' lang='lat'><strong>,</strong></span> <span class='ocrx_word' id='word_1_76' title='bbox 653 693 682 720; x_wconf 89' lang='lat' dir='ltr'><strong>et</strong></span> <span class='ocrx_word' id='word_1_77' title='bbox 699 692 752 720; x_wconf 93' lang='lat' dir='ltr'><strong>ubi</strong></span> <span class='ocrx_word' id='word_1_78' title='bbox 767 692 857 720; x_wconf 86' lang='lat' dir='ltr'><strong>haeret</strong></span> <span class='ocrx_word' id='word_1_79' title='bbox 876 690 960 728; x_wconf 86' lang='lat' dir='ltr'><strong>quod</strong></span> 
     </span>
     <span class='ocr_line' id='line_1_12' title="bbox 182 739 960 777; baseline -0.006 -7"><span class='ocrx_word' id='word_1_80' title='bbox 182 748 244 770; x_wconf 88' lang='lat' dir='ltr'><strong>non</strong></span> <span class='ocrx_word' id='word_1_81' title='bbox 265 740 379 770; x_wconf 82' lang='lat' dir='ltr'><strong>divellit</strong></span> <span class='ocrx_word' id='word_1_82' title='bbox 392 740 431 777; x_wconf 85' lang='lat' dir='ltr'><strong>(a)</strong></span> <span class='ocrx_word' id='word_1_83' title='bbox 446 740 573 769; x_wconf 76' lang='lat' dir='ltr'><strong>satietas.</strong></span> <span class='ocrx_word' id='word_1_84' title='bbox 594 740 658 768; x_wconf 81' lang='lat' dir='ltr'><strong>llaec</strong></span> <span class='ocrx_word' id='word_1_85' title='bbox 677 747 764 773; x_wconf 90' lang='lat' dir='ltr'><strong>amo,</strong></span> <span class='ocrx_word' id='word_1_86' title='bbox 783 746 853 767; x_wconf 90' lang='lat' dir='ltr'><strong>cum</strong></span> <span class='ocrx_word' id='word_1_87' title='bbox 867 739 960 766; x_wconf 89' lang='lat' dir='ltr'><strong>Deum</strong></span> 
     </span>
     <span class='ocr_line' id='line_1_13' title="bbox 182 785 958 822; baseline -0.004 -6"><span class='ocrx_word' id='word_1_88' title='bbox 182 795 284 816; x_wconf 89' lang='lat' dir='ltr'><strong>meum</strong></span> <span class='ocrx_word' id='word_1_89' title='bbox 304 795 384 816; x_wconf 83' lang='lat' dir='ltr'><strong>amo.</strong></span> <span class='ocrx_word' id='word_1_90' title='bbox 407 797 422 814; x_wconf 70' lang='lat' dir='ltr'><strong>n</strong></span> <span class='ocrx_word' id='word_1_91' title='bbox 443 787 508 816; x_wconf 81' lang='lat' dir='ltr'><strong>Haec</strong></span> <span class='ocrx_word' id='word_1_92' title='bbox 528 786 718 822; x_wconf 80' lang='lat' dir='ltr'><strong>Augustinus.</strong></span> <span class='ocrx_word' id='word_1_93' title='bbox 743 787 784 814; x_wconf 83' lang='lat' dir='ltr'><strong>Ex</strong></span> <span class='ocrx_word' id='word_1_94' title='bbox 804 785 850 813; x_wconf 89' lang='lat' dir='ltr'><strong>his</strong></span> <span class='ocrx_word' id='word_1_95' title='bbox 868 787 958 821; x_wconf 76' lang='lat' dir='ltr'><strong>patet,</strong></span> 
     </span>
     <span class='ocr_line' id='line_1_14' title="bbox 182 833 960 871; baseline -0.005 -8"><span class='ocrx_word' id='word_1_96' title='bbox 182 834 309 871; x_wconf 81' lang='lat' dir='ltr'><strong>qualiter</strong></span> <span class='ocrx_word' id='word_1_97' title='bbox 327 842 429 863; x_wconf 87' lang='lat' dir='ltr'><strong>sensus</strong></span> <span class='ocrx_word' id='word_1_98' title='bbox 450 833 606 862; x_wconf 88' lang='lat' dir='ltr'><strong>interiores</strong></span> <span class='ocrx_word' id='word_1_99' title='bbox 627 833 720 861; x_wconf 80' lang='lat' dir='ltr'><strong>nostri</strong></span> <span class='ocrx_word' id='word_1_100' title='bbox 740 834 850 861; x_wconf 82' lang='lat' dir='ltr'><strong>aeterna</strong></span> <span class='ocrx_word' id='word_1_101' title='bbox 872 839 960 868; x_wconf 85' lang='lat' dir='ltr'><strong>expe-</strong></span> 
     </span>
     <span class='ocr_line' id='line_1_15' title="bbox 181 878 960 910; baseline -0.005 0"><span class='ocrx_word' id='word_1_102' title='bbox 181 881 305 910; x_wconf 77' lang='lat' dir='ltr'><strong>riantur.</strong></span> <span class='ocrx_word' id='word_1_103' title='bbox 321 881 403 910; x_wconf 84' lang='lat' dir='ltr'><strong>Unde</strong></span> <span class='ocrx_word' id='word_1_104' title='bbox 416 883 445 910; x_wconf 85' lang='lat' dir='ltr'><strong>et</strong></span> <span class='ocrx_word' id='word_1_105' title='bbox 454 880 620 910; x_wconf 82' lang='lat' dir='ltr'><strong>Richardus</strong></span> <span class='ocrx_word' id='word_1_106' title='bbox 633 880 723 908; x_wconf 73' lang='lat' dir='ltr'><strong>dicit²</strong></span> <span class='ocrx_word' id='word_1_107' title='bbox 736 889 745 907; x_wconf 87' lang='lat'>:</span> <span class='ocrx_word' id='word_1_108' title='bbox 764 888 779 905; x_wconf 76' lang='grc' dir='ltr'>α</span> <span class='ocrx_word' id='word_1_109' title='bbox 792 881 857 908; x_wconf 89' lang='lat' dir='ltr'><strong>Non</strong></span> <span class='ocrx_word' id='word_1_110' title='bbox 871 878 960 907; x_wconf 90' lang='lat' dir='ltr'><strong>debet</strong></span> 
     </span>
     <span class='ocr_line' id='line_1_16' title="bbox 180 926 961 963; baseline -0.005 -6"><span class='ocrx_word' id='word_1_111' title='bbox 180 928 269 957; x_wconf 90' lang='lat' dir='ltr'><strong>nobis</strong></span> <span class='ocrx_word' id='word_1_112' title='bbox 283 928 416 958; x_wconf 81' lang='lat' dir='ltr'><strong>sufficere</strong></span> <span class='ocrx_word' id='word_1_113' title='bbox 434 928 487 957; x_wconf 81' lang='lat' dir='ltr'><strong>illa</strong></span> <span class='ocrx_word' id='word_1_114' title='bbox 504 930 684 957; x_wconf 84' lang='lat' dir='ltr'><strong>aeternorum</strong></span> <span class='ocrx_word' id='word_1_115' title='bbox 701 926 822 962; x_wconf 82' lang='lat' dir='ltr'><strong>notitia,</strong></span> <span class='ocrx_word' id='word_1_116' title='bbox 837 933 904 963; x_wconf 81' lang='lat' dir='ltr'><strong>quae</strong></span> <span class='ocrx_word' id='word_1_117' title='bbox 918 927 961 954; x_wconf 81' lang='lat' dir='ltr'><strong>est</strong></span> 
     </span>
     <span class='ocr_line' id='line_1_17' title="bbox 179 973 959 1013; baseline -0.004 -9"><span class='ocrx_word' id='word_1_118' title='bbox 179 984 233 1013; x_wconf 90' lang='lat' dir='ltr'><strong>per</strong></span> <span class='ocrx_word' id='word_1_119' title='bbox 246 976 339 1004; x_wconf 92' lang='lat' dir='ltr'><strong>fidem</strong></span> <span class='ocrx_word' id='word_1_120' title='bbox 351 975 460 1011; x_wconf 87' lang='lat' dir='ltr'><strong>solum,</strong></span> <span class='ocrx_word' id='word_1_121' title='bbox 476 975 533 1004; x_wconf 84' lang='lat' dir='ltr'><strong>nisi</strong></span> <span class='ocrx_word' id='word_1_122' title='bbox 547 977 577 1004; x_wconf 91' lang='lat' dir='ltr'><strong>et</strong></span> <span class='ocrx_word' id='word_1_123' title='bbox 589 974 851 1012; x_wconf 81' lang='lat' dir='ltr'><strong>apprehendamus</strong></span> <span class='ocrx_word' id='word_1_124' title='bbox 865 973 959 1008; x_wconf 89' lang='lat' dir='ltr'><strong>illam,</strong></span> 
     </span>
     <span class='ocr_line' id='line_1_18' title="bbox 180 1020 958 1060; baseline -0.005 -8"><span class='ocrx_word' id='word_1_125' title='bbox 180 1031 247 1060; x_wconf 80' lang='lat' dir='ltr'><strong>quae</strong></span> <span class='ocrx_word' id='word_1_126' title='bbox 261 1025 304 1052; x_wconf 86' lang='lat' dir='ltr'><strong>est</strong></span> <span class='ocrx_word' id='word_1_127' title='bbox 316 1030 371 1060; x_wconf 86' lang='lat' dir='ltr'><strong>per</strong></span> <span class='ocrx_word' id='word_1_128' title='bbox 390 1022 630 1058; x_wconf 81' lang='lat' dir='ltr'><strong>intelligentiam,</strong></span> <span class='ocrx_word' id='word_1_129' title='bbox 655 1022 679 1050; x_wconf 88' lang='lat' dir='ltr'><strong>si</strong></span> <span class='ocrx_word' id='word_1_130' title='bbox 698 1021 828 1050; x_wconf 85' lang='lat' dir='ltr'><strong>necdum</strong></span> <span class='ocrx_word' id='word_1_131' title='bbox 846 1020 958 1049; x_wconf 84' lang='lat' dir='ltr'><strong>suffici-</strong></span> 
     </span>
     <span class='ocr_line' id='line_1_19' title="bbox 179 1069 959 1107; baseline -0.003 -8"><span class='ocrx_word' id='word_1_132' title='bbox 179 1078 246 1099; x_wconf 91' lang='lat' dir='ltr'><strong>mus</strong></span> <span class='ocrx_word' id='word_1_133' title='bbox 261 1070 302 1099; x_wconf 86' lang='lat' dir='ltr'><strong>ad</strong></span> <span class='ocrx_word' id='word_1_134' title='bbox 310 1070 405 1106; x_wconf 86' lang='lat' dir='ltr'><strong>illam,</strong></span> <span class='ocrx_word' id='word_1_135' title='bbox 421 1078 488 1107; x_wconf 78' lang='lat' dir='ltr'><strong>quae</strong></span> <span class='ocrx_word' id='word_1_136' title='bbox 502 1072 544 1099; x_wconf 87' lang='lat' dir='ltr'><strong>est</strong></span> <span class='ocrx_word' id='word_1_137' title='bbox 556 1078 610 1107; x_wconf 88' lang='lat' dir='ltr'><strong>per</strong></span> <span class='ocrx_word' id='word_1_138' title='bbox 625 1069 847 1106; x_wconf 80' lang='lat' dir='ltr'><strong>experientiam.</strong></span> <span class='ocrx_word' id='word_1_139' title='bbox 862 1079 877 1095; x_wconf 66' lang='grc' dir='ltr'><strong>ι»</strong></span> <span class='ocrx_word' id='word_1_140' title='bbox 895 1070 959 1097; x_wconf 82' lang='lat' dir='ltr'><strong>Haec</strong></span> 
     </span>
     <span class='ocr_line' id='line_1_20' title="bbox 179 1117 239 1146; baseline 0 0"><span class='ocrx_word' id='word_1_141' title='bbox 179 1117 239 1146; x_wconf 88' lang='lat' dir='ltr'><strong>ille.</strong></span> 
     </span>
     <span class='ocr_line' id='line_1_21' title="bbox 398 1168 737 1204; baseline 0 -2"><span class='ocrx_word' id='word_1_142' title='bbox 398 1168 640 1204; x_wconf 85' lang='lat' dir='ltr'><strong>DlSTINCTIO</strong></span> <span class='ocrx_word' id='word_1_143' title='bbox 662 1168 737 1202; x_wconf 84' lang='lat' dir='ltr'><strong>VII.</strong></span> 
     </span>
    </p>
   </div>
   <div class='ocr_carea' id='block_1_3' title="bbox 181 1241 960 1322">
    <p class='ocr_par' dir='ltr' id='par_1_3' title="bbox 181 1241 960 1322">
     <span class='ocr_line' id='line_1_22' title="bbox 181 1241 960 1278; baseline -0.001 -9"><span class='ocrx_word' id='word_1_144' title='bbox 181 1241 305 1276; x_wconf 79' lang='lat' dir='ltr'><strong>Qualiter</strong></span> <span class='ocrx_word' id='word_1_145' title='bbox 329 1243 444 1277; x_wconf 76' lang='lat' dir='ltr'><strong>spiritus</strong></span> <span class='ocrx_word' id='word_1_146' title='bbox 471 1243 569 1274; x_wconf 73' lang='lat' dir='ltr'><strong>noster,</strong></span> <span class='ocrx_word' id='word_1_147' title='bbox 595 1241 631 1269; x_wconf 81' lang='lat' dir='ltr'><strong>ad</strong></span> <span class='ocrx_word' id='word_1_148' title='bbox 653 1241 813 1269; x_wconf 75' lang='lat' dir='ltr'><strong>veniendum</strong></span> <span class='ocrx_word' id='word_1_149' title='bbox 837 1250 884 1278; x_wconf 75' lang='lat' dir='ltr'><strong>per</strong></span> <span class='ocrx_word' id='word_1_150' title='bbox 907 1243 960 1269; x_wconf 80' lang='lat' dir='ltr'><strong>iter</strong></span> 
     </span>
     <span class='ocr_line' id='line_1_23' title="bbox 193 1287 943 1322; baseline -0.003 -7"><span class='ocrx_word' id='word_1_151' title='bbox 193 1288 366 1322; x_wconf 62' lang='lat' dir='ltr'><strong>experientiis</strong></span> <span class='ocrx_word' id='word_1_152' title='bbox 380 1287 417 1314; x_wconf 83' lang='lat' dir='ltr'><strong>ad</strong></span> <span class='ocrx_word' id='word_1_153' title='bbox 432 1288 604 1315; x_wconf 70' lang='lat' dir='ltr'><strong>intrinsecum</strong></span> <span class='ocrx_word' id='word_1_154' title='bbox 619 1287 738 1321; x_wconf 74' lang='lat' dir='ltr'><strong>Domini,</strong></span> <span class='ocrx_word' id='word_1_155' title='bbox 754 1288 885 1314; x_wconf 78' lang='lat' dir='ltr'><strong>invitetur</strong></span> <span class='ocrx_word' id='word_1_156' title='bbox 897 1287 943 1322; x_wconf 77' lang='grc' dir='ltr'>(ὁ).</span> 
     </span>
    </p>
   </div>
   <div class='ocr_carea' id='block_1_4' title="bbox 179 1353 967 2473">
    <p class='ocr_par' dir='ltr' id='par_1_4' title="bbox 179 1353 967 2473">
     <span class='ocr_line' id='line_1_24' title="bbox 216 1353 958 1390; baseline 0 -8"><span class='ocrx_word' id='word_1_157' title='bbox 216 1353 347 1390; x_wconf 89' lang='lat' dir='ltr'><strong>Septimo</strong></span> <span class='ocrx_word' id='word_1_158' title='bbox 361 1353 527 1382; x_wconf 85' lang='lat' dir='ltr'><strong>videndum</strong></span> <span class='ocrx_word' id='word_1_159' title='bbox 544 1355 596 1388; x_wconf 87' lang='lat' dir='ltr'><strong>est,</strong></span> <span class='ocrx_word' id='word_1_160' title='bbox 612 1353 738 1390; x_wconf 86' lang='lat' dir='ltr'><strong>qualiter</strong></span> <span class='ocrx_word' id='word_1_161' title='bbox 753 1354 872 1390; x_wconf 86' lang='lat' dir='ltr'><strong>spiritus</strong></span> <span class='ocrx_word' id='word_1_162' title='bbox 890 1361 958 1382; x_wconf 90' lang='lat' dir='ltr'><strong>nos-</strong></span> 
     </span>
     <span class='ocr_line' id='line_1_25' title="bbox 179 1400 959 1437; baseline 0 -8"><span class='ocrx_word' id='word_1_163' title='bbox 179 1403 222 1430; x_wconf 86' lang='lat' dir='ltr'><strong>ter</strong></span> <span class='ocrx_word' id='word_1_164' title='bbox 236 1401 276 1429; x_wconf 86' lang='lat' dir='ltr'><strong>ad</strong></span> <span class='ocrx_word' id='word_1_165' title='bbox 285 1400 480 1435; x_wconf 85' lang='lat' dir='ltr'><strong>veniendum,</strong></span> <span class='ocrx_word' id='word_1_166' title='bbox 492 1409 546 1437; x_wconf 89' lang='lat' dir='ltr'><strong>per</strong></span> <span class='ocrx_word' id='word_1_167' title='bbox 560 1400 614 1429; x_wconf 88' lang='lat' dir='ltr'><strong>iter</strong></span> <span class='ocrx_word' id='word_1_168' title='bbox 629 1401 867 1436; x_wconf 79' lang='lat' dir='ltr'><strong>experimentalis</strong></span> <span class='ocrx_word' id='word_1_169' title='bbox 883 1409 959 1437; x_wconf 79' lang='lat' dir='ltr'><strong>prae-</strong></span> 
     </span>
     <span class='ocr_line' id='line_1_26' title="bbox 179 1448 958 1485; baseline 0 -8"><span class='ocrx_word' id='word_1_170' title='bbox 179 1448 353 1485; x_wconf 83' lang='lat' dir='ltr'><strong>gustatiouis</strong></span> <span class='ocrx_word' id='word_1_171' title='bbox 367 1450 562 1483; x_wconf 71' lang='lat' dir='ltr'><strong>aeternorum,</strong></span> <span class='ocrx_word' id='word_1_172' title='bbox 581 1448 619 1475; x_wconf 90' lang='lat' dir='ltr'><strong>ad</strong></span> <span class='ocrx_word' id='word_1_173' title='bbox 638 1448 829 1477; x_wconf 81' lang='lat' dir='ltr'><strong>intrinsecum</strong></span> <span class='ocrx_word' id='word_1_174' title='bbox 845 1449 958 1477; x_wconf 86' lang='lat' dir='ltr'><strong>Domini</strong></span> 
     </span>
     <span class='ocr_line' id='line_1_27' title="bbox 180 1494 958 1531; baseline -0.001 -6"><span class='ocrx_word' id='word_1_175' title='bbox 180 1498 258 1531; x_wconf 71' lang='lat' dir='ltr'><strong>=lesu,</strong></span> <span class='ocrx_word' id='word_1_176' title='bbox 273 1496 412 1524; x_wconf 88' lang='lat' dir='ltr'><strong>invitetur</strong></span> <span class='ocrx_word' id='word_1_177' title='bbox 426 1495 465 1524; x_wconf 87' lang='lat' dir='ltr'><strong>ab</strong></span> <span class='ocrx_word' id='word_1_178' title='bbox 481 1495 545 1531; x_wconf 89' lang='lat' dir='ltr'><strong>ipso</strong></span> <span class='ocrx_word' id='word_1_179' title='bbox 558 1494 674 1523; x_wconf 83' lang='lat' dir='ltr'><strong>dicente</strong></span> <span class='ocrx_word' id='word_1_180' title='bbox 687 1496 713 1522; x_wconf 80' lang='lat'><strong>³:</strong></span> <span class='ocrx_word' id='word_1_181' title='bbox 726 1495 819 1531; x_wconf 67' lang='lat' dir='ltr'><strong>Surge,</strong></span> <span class='ocrx_word' id='word_1_182' title='bbox 832 1504 958 1531; x_wconf 74' lang='lat' dir='ltr'><strong>propera,</strong></span> 
     </span>
     <span class='ocr_line' id='line_1_28' title="bbox 180 1542 961 1578; baseline -0.003 -6"><span class='ocrx_word' id='word_1_183' title='bbox 180 1545 268 1572; x_wconf 82' lang='lat' dir='ltr'><strong>amica</strong></span> <span class='ocrx_word' id='word_1_184' title='bbox 281 1552 352 1578; x_wconf 86' lang='lat' dir='ltr'><strong>mea,</strong></span> <span class='ocrx_word' id='word_1_185' title='bbox 367 1543 486 1570; x_wconf 79' lang='lat' dir='ltr'><strong>columba</strong></span> <span class='ocrx_word' id='word_1_186' title='bbox 500 1551 572 1577; x_wconf 79' lang='lat' dir='ltr'><strong>mea,</strong></span> <span class='ocrx_word' id='word_1_187' title='bbox 584 1545 608 1570; x_wconf 79' lang='lat' dir='ltr'><strong>et</strong></span> <span class='ocrx_word' id='word_1_188' title='bbox 622 1543 693 1570; x_wconf 71' lang='lat' dir='ltr'><strong>reni.</strong></span> <span class='ocrx_word' id='word_1_189' title='bbox 708 1544 741 1570; x_wconf 88' lang='lat' dir='ltr'><strong>Et</strong></span> <span class='ocrx_word' id='word_1_190' title='bbox 754 1542 842 1578; x_wconf 89' lang='lat' dir='ltr'><strong>hujus</strong></span> <span class='ocrx_word' id='word_1_191' title='bbox 857 1543 961 1571; x_wconf 77' lang='lat' dir='ltr'><strong>invita-</strong></span> 
     </span>
     <span class='ocr_line' id='line_1_29' title="bbox 180 1589 960 1626; baseline -0.001 -7"><span class='ocrx_word' id='word_1_192' title='bbox 180 1591 269 1619; x_wconf 88' lang='lat' dir='ltr'><strong>tionis</strong></span> <span class='ocrx_word' id='word_1_193' title='bbox 296 1589 447 1626; x_wconf 78' lang='lat' dir='ltr'><strong>subjungit</strong></span> <span class='ocrx_word' id='word_1_194' title='bbox 474 1589 644 1617; x_wconf 84' lang='lat' dir='ltr'><strong>allectivum</strong></span> <span class='ocrx_word' id='word_1_195' title='bbox 654 1611 663 1624; x_wconf 88' lang='lat'><strong>,</strong></span> <span class='ocrx_word' id='word_1_196' title='bbox 690 1589 791 1617; x_wconf 88' lang='lat' dir='ltr'><strong>dicens</strong></span> <span class='ocrx_word' id='word_1_197' title='bbox 817 1599 824 1617; x_wconf 78' lang='lat' dir='ltr'><em>z</em></span> <span class='ocrx_word' id='word_1_198' title='bbox 853 1591 928 1624; x_wconf 82' lang='lat' dir='ltr'><strong>Quia</strong></span> <span class='ocrx_word' id='word_1_199' title='bbox 950 1591 960 1606; x_wconf 72' lang='lat'><strong>⁵</strong></span> 
     </span>
     <span class='ocr_line' id='line_1_30' title="bbox 180 1635 961 1673; baseline -0.001 -7"><span class='ocrx_word' id='word_1_200' title='bbox 180 1639 246 1672; x_wconf 73' lang='lat' dir='ltr'><strong>ficus</strong></span> <span class='ocrx_word' id='word_1_201' title='bbox 264 1638 381 1673; x_wconf 77' lang='lat' dir='ltr'><strong>protulit</strong></span> <span class='ocrx_word' id='word_1_202' title='bbox 400 1644 503 1671; x_wconf 62' lang='lat' dir='ltr'><strong>messos</strong></span> <span class='ocrx_word' id='word_1_203' title='bbox 522 1644 595 1667; x_wconf 82' lang='lat' dir='ltr'><strong>suos,</strong></span> <span class='ocrx_word' id='word_1_204' title='bbox 613 1635 644 1663; x_wconf 88' lang='lat' dir='ltr'><strong>id</strong></span> <span class='ocrx_word' id='word_1_205' title='bbox 664 1638 721 1672; x_wconf 86' lang='lat' dir='ltr'><strong>est,</strong></span> <span class='ocrx_word' id='word_1_206' title='bbox 748 1637 818 1673; x_wconf 84' lang='lat' dir='ltr'><strong>quia</strong></span> <span class='ocrx_word' id='word_1_207' title='bbox 834 1637 898 1672; x_wconf 84' lang='lat' dir='ltr'><strong>jam</strong></span> <span class='ocrx_word' id='word_1_208' title='bbox 919 1638 961 1665; x_wconf 80' lang='lat' dir='ltr'><strong>cst</strong></span> 
     </span>
     <span class='ocr_line' id='line_1_31' title="bbox 182 1683 960 1721; baseline 0 -9"><span class='ocrx_word' id='word_1_209' title='bbox 182 1684 340 1713; x_wconf 88' lang='lat' dir='ltr'><strong>desiderati</strong></span> <span class='ocrx_word' id='word_1_210' title='bbox 355 1683 453 1712; x_wconf 82' lang='lat' dir='ltr'><strong>viatici</strong></span> <span class='ocrx_word' id='word_1_211' title='bbox 469 1685 569 1720; x_wconf 83' lang='lat' dir='ltr'><strong>optata</strong></span> <span class='ocrx_word' id='word_1_212' title='bbox 581 1684 718 1712; x_wconf 81' lang='lat' dir='ltr'><strong>suavitas.</strong></span> <span class='ocrx_word' id='word_1_213' title='bbox 736 1685 815 1712; x_wconf 86' lang='lat' dir='ltr'><strong>Tunc</strong></span> <span class='ocrx_word' id='word_1_214' title='bbox 831 1692 960 1721; x_wconf 76' lang='lat' dir='ltr'><strong>namque</strong></span> 
     </span>
     <span class='ocr_line' id='line_1_32' title="bbox 183 1731 961 1766; baseline -0.001 -6"><span class='ocrx_word' id='word_1_215' title='bbox 183 1733 226 1760; x_wconf 89' lang='lat' dir='ltr'><strong>est</strong></span> <span class='ocrx_word' id='word_1_216' title='bbox 245 1731 402 1759; x_wconf 88' lang='lat' dir='ltr'><strong>itinerandi</strong></span> <span class='ocrx_word' id='word_1_217' title='bbox 423 1731 577 1764; x_wconf 73' lang='lat' dir='ltr'><strong>securitaS,</strong></span> <span class='ocrx_word' id='word_1_218' title='bbox 596 1731 718 1766; x_wconf 83' lang='lat' dir='ltr'><strong>quando</strong></span> <span class='ocrx_word' id='word_1_219' title='bbox 737 1731 876 1759; x_wconf 84' lang='lat' dir='ltr'><strong>itinerans</strong></span> <span class='ocrx_word' id='word_1_220' title='bbox 894 1740 961 1760; x_wconf 86' lang='lat' dir='ltr'><strong>sua-</strong></span> 
     </span>
     <span class='ocr_line' id='line_1_33' title="bbox 182 1777 962 1814; baseline 0 -7"><span class='ocrx_word' id='word_1_221' title='bbox 182 1779 257 1807; x_wconf 86' lang='lat' dir='ltr'><strong>viter</strong></span> <span class='ocrx_word' id='word_1_222' title='bbox 275 1778 420 1814; x_wconf 69' lang='lat' dir='ltr'><strong>reficstur,</strong></span> <span class='ocrx_word' id='word_1_223' title='bbox 444 1780 471 1806; x_wconf 88' lang='lat' dir='ltr'><strong>et</strong></span> <span class='ocrx_word' id='word_1_224' title='bbox 492 1778 653 1806; x_wconf 82' lang='lat' dir='ltr'><strong>itinerantis</strong></span> <span class='ocrx_word' id='word_1_225' title='bbox 675 1777 767 1806; x_wconf 69' lang='lat' dir='ltr'><strong>virtus</strong></span> <span class='ocrx_word' id='word_1_226' title='bbox 789 1782 962 1814; x_wconf 83' lang='lat' dir='ltr'><strong>augmenta-</strong></span> 
     </span>
     <span class='ocr_line' id='line_1_34' title="bbox 183 1827 961 1863; baseline 0.001 -8"><span class='ocrx_word' id='word_1_227' title='bbox 183 1828 242 1862; x_wconf 88' lang='lat' dir='ltr'><strong>tur,</strong></span> <span class='ocrx_word' id='word_1_228' title='bbox 253 1827 348 1855; x_wconf 87' lang='lat' dir='ltr'><strong>donec</strong></span> <span class='ocrx_word' id='word_1_229' title='bbox 363 1835 430 1855; x_wconf 86' lang='lat' dir='ltr'><strong>cum</strong></span> <span class='ocrx_word' id='word_1_230' title='bbox 444 1827 607 1863; x_wconf 68' lang='lat' dir='ltr'><strong>Propheta-&#39;¹</strong></span> <span class='ocrx_word' id='word_1_231' title='bbox 621 1827 660 1855; x_wconf 82' lang='lat' dir='ltr'><strong>ad</strong></span> <span class='ocrx_word' id='word_1_232' title='bbox 673 1830 805 1855; x_wconf 85' lang='lat' dir='ltr'><strong>montem</strong></span> <span class='ocrx_word' id='word_1_233' title='bbox 821 1827 869 1855; x_wconf 90' lang='lat' dir='ltr'><strong>Dei</strong></span> <span class='ocrx_word' id='word_1_234' title='bbox 885 1827 961 1856; x_wconf 81' lang='lat' dir='ltr'><strong>Orci&gt;</strong></span> 
     </span>
     <span class='ocr_line' id='line_1_35' title="bbox 183 1874 961 1911; baseline -0.001 -9"><span class='ocrx_word' id='word_1_235' title='bbox 183 1874 382 1911; x_wconf 85' lang='lat' dir='ltr'><strong>perveniatur.</strong></span> <span class='ocrx_word' id='word_1_236' title='bbox 401 1874 471 1902; x_wconf 82' lang='lat' dir='ltr'><strong>Dicit</strong></span> <span class='ocrx_word' id='word_1_237' title='bbox 494 1874 582 1909; x_wconf 79' lang='lat' dir='ltr'><strong>igitur</strong></span> <span class='ocrx_word' id='word_1_238' title='bbox 599 1884 605 1902; x_wconf 90' lang='grc'>;</span> <span class='ocrx_word' id='word_1_239' title='bbox 623 1874 644 1902; x_wconf 93' lang='lat'>0</span> <span class='ocrx_word' id='word_1_240' title='bbox 665 1876 751 1901; x_wconf 77' lang='grc' dir='ltr'><em>(ιηιῖσα</em></span> <span class='ocrx_word' id='word_1_241' title='bbox 773 1883 847 1909; x_wconf 81' lang='lat' dir='ltr'><strong>mea,</strong></span> <span class='ocrx_word' id='word_1_242' title='bbox 872 1883 961 1910; x_wconf 88' lang='lat' dir='ltr'><strong>prop-</strong></span> 
     </span>
     <span class='ocr_line' id='line_1_36' title="bbox 184 1921 963 1957; baseline 0 -8"><span class='ocrx_word' id='word_1_243' title='bbox 184 1922 228 1949; x_wconf 88' lang='lat' dir='ltr'><strong>ter</strong></span> <span class='ocrx_word' id='word_1_244' title='bbox 246 1921 507 1957; x_wconf 86' lang='lat' dir='ltr'><strong>experimentalem</strong></span> <span class='ocrx_word' id='word_1_245' title='bbox 521 1921 579 1948; x_wconf 86' lang='lat' dir='ltr'><strong>mei</strong></span> <span class='ocrx_word' id='word_1_246' title='bbox 594 1921 871 1956; x_wconf 83' lang='lat' dir='ltr'><strong>manducationem,</strong></span> <span class='ocrx_word' id='word_1_247' title='bbox 889 1929 963 1950; x_wconf 91' lang='lat' dir='ltr'><strong>non-</strong></span> 
     </span>
     <span class='ocr_line' id='line_1_37' title="bbox 184 1968 964 2004; baseline 0.001 -8"><span class='ocrx_word' id='word_1_248' title='bbox 184 1975 222 1996; x_wconf 91' lang='lat' dir='ltr'><strong>ne</strong></span> <span class='ocrx_word' id='word_1_249' title='bbox 236 1969 247 1986; x_wconf 83' lang='lat'>⁶</span> <span class='ocrx_word' id='word_1_250' title='bbox 263 1968 403 1996; x_wconf 77' lang='lat' dir='ltr'><strong>comedisti</strong></span> <span class='ocrx_word' id='word_1_251' title='bbox 416 1969 509 2002; x_wconf 81' lang='lat' dir='ltr'><strong>favum</strong></span> <span class='ocrx_word' id='word_1_252' title='bbox 524 1977 610 1996; x_wconf 73' lang='lat' dir='ltr'><strong>meum</strong></span> <span class='ocrx_word' id='word_1_253' title='bbox 627 1977 685 1996; x_wconf 83' lang='lat' dir='ltr'><strong>cum</strong></span> <span class='ocrx_word' id='word_1_254' title='bbox 704 1970 780 1996; x_wconf 77' lang='lat' dir='ltr'><strong>melle</strong></span> <span class='ocrx_word' id='word_1_255' title='bbox 794 1977 860 2004; x_wconf 73' lang='lat' dir='ltr'><strong>meo,</strong></span> <span class='ocrx_word' id='word_1_256' title='bbox 876 1969 906 1996; x_wconf 87' lang='lat' dir='ltr'><strong>id</strong></span> <span class='ocrx_word' id='word_1_257' title='bbox 922 1971 964 1997; x_wconf 87' lang='lat' dir='ltr'><strong>est</strong></span> 
     </span>
     <span class='ocr_line' id='line_1_38' title="bbox 186 2015 963 2052; baseline 0.001 -9"><span class='ocrx_word' id='word_1_258' title='bbox 186 2015 376 2044; x_wconf 85' lang='lat' dir='ltr'><strong>dulcedinem</strong></span> <span class='ocrx_word' id='word_1_259' title='bbox 391 2015 550 2043; x_wconf 84' lang='lat' dir='ltr'><strong>divinitatis</strong></span> <span class='ocrx_word' id='word_1_260' title='bbox 563 2024 630 2044; x_wconf 90' lang='lat' dir='ltr'><strong>cum</strong></span> <span class='ocrx_word' id='word_1_261' title='bbox 642 2024 766 2052; x_wconf 87' lang='lat' dir='ltr'><strong>corpore</strong></span> <span class='ocrx_word' id='word_1_262' title='bbox 778 2018 805 2044; x_wconf 91' lang='lat' dir='ltr'><strong>et</strong></span> <span class='ocrx_word' id='word_1_263' title='bbox 820 2017 963 2052; x_wconf 74' lang='lat' dir='ltr'><strong>sanguine</strong></span> 
     </span>
     <span class='ocr_line' id='line_1_39' title="bbox 185 2062 963 2099; baseline 0 -9"><span class='ocrx_word' id='word_1_264' title='bbox 185 2071 259 2091; x_wconf 83' lang='lat' dir='ltr'><strong>meoe</strong></span> <span class='ocrx_word' id='word_1_265' title='bbox 268 2062 458 2091; x_wconf 84' lang='lat' dir='ltr'><strong>humanitatis</strong></span> <span class='ocrx_word' id='word_1_266' title='bbox 468 2064 482 2090; x_wconf 69' lang='grc' dir='ltr'><strong>ἰ)</strong></span> <span class='ocrx_word' id='word_1_267' title='bbox 497 2064 556 2091; x_wconf 82' lang='lat' dir='ltr'><strong>Hoc</strong></span> <span class='ocrx_word' id='word_1_268' title='bbox 571 2062 650 2090; x_wconf 89' lang='lat' dir='ltr'><strong>enim</strong></span> <span class='ocrx_word' id='word_1_269' title='bbox 664 2063 819 2099; x_wconf 86' lang='lat' dir='ltr'><strong>proprium</strong></span> <span class='ocrx_word' id='word_1_270' title='bbox 835 2066 877 2090; x_wconf 83' lang='lat' dir='ltr'><strong>est</strong></span> <span class='ocrx_word' id='word_1_271' title='bbox 892 2064 963 2091; x_wconf 81' lang='lat' dir='ltr'><strong>ami-</strong></span> 
     </span>
     <span class='ocr_line' id='line_1_40' title="bbox 187 2109 964 2145; baseline 0.001 -8"><span class='ocrx_word' id='word_1_272' title='bbox 187 2110 227 2138; x_wconf 89' lang='lat' dir='ltr'><strong>eis</strong></span> <span class='ocrx_word' id='word_1_273' title='bbox 242 2109 326 2144; x_wconf 82' lang='lat' dir='ltr'><strong>meis,</strong></span> <span class='ocrx_word' id='word_1_274' title='bbox 340 2111 372 2137; x_wconf 92' lang='lat' dir='ltr'><strong>ut</strong></span> <span class='ocrx_word' id='word_1_275' title='bbox 384 2109 551 2145; x_wconf 85' lang='lat' dir='ltr'><strong>comedunt,</strong></span> <span class='ocrx_word' id='word_1_276' title='bbox 568 2112 595 2137; x_wconf 87' lang='lat' dir='ltr'><strong>et</strong></span> <span class='ocrx_word' id='word_1_277' title='bbox 609 2110 723 2144; x_wconf 78' lang='lat' dir='ltr'><strong>bibant,</strong></span> <span class='ocrx_word' id='word_1_278' title='bbox 741 2112 767 2137; x_wconf 85' lang='lat' dir='ltr'><strong>et</strong></span> <span class='ocrx_word' id='word_1_279' title='bbox 783 2110 964 2139; x_wconf 77' lang='lat' dir='ltr'><strong>inebrientur</strong></span> 
     </span>
     <span class='ocr_line' id='line_1_41' title="bbox 187 2157 962 2193; baseline 0 -9"><span class='ocrx_word' id='word_1_280' title='bbox 187 2157 349 2191; x_wconf 89' lang='lat' dir='ltr'><strong>carissimi,</strong></span> <span class='ocrx_word' id='word_1_281' title='bbox 364 2159 396 2184; x_wconf 86' lang='lat' dir='ltr'><strong>ut</strong></span> <span class='ocrx_word' id='word_1_282' title='bbox 410 2165 518 2193; x_wconf 85' lang='lat' dir='ltr'><strong>corpus</strong></span> <span class='ocrx_word' id='word_1_283' title='bbox 541 2165 641 2185; x_wconf 89' lang='lat' dir='ltr'><strong>meum</strong></span> <span class='ocrx_word' id='word_1_284' title='bbox 660 2157 831 2192; x_wconf 82' lang='lat' dir='ltr'><strong>comedant,</strong></span> <span class='ocrx_word' id='word_1_285' title='bbox 852 2159 879 2184; x_wconf 86' lang='lat' dir='ltr'><strong>et</strong></span> <span class='ocrx_word' id='word_1_286' title='bbox 894 2165 962 2186; x_wconf 85' lang='lat' dir='ltr'><strong>san-</strong></span> 
     </span>
     <span class='ocr_line' id='line_1_42' title="bbox 188 2204 964 2240; baseline 0.001 -9"><span class='ocrx_word' id='word_1_287' title='bbox 188 2204 309 2239; x_wconf 86' lang='lat' dir='ltr'><strong>guinem</strong></span> <span class='ocrx_word' id='word_1_288' title='bbox 328 2212 428 2231; x_wconf 86' lang='lat' dir='ltr'><strong>meum</strong></span> <span class='ocrx_word' id='word_1_289' title='bbox 454 2204 576 2238; x_wconf 76' lang='lat' dir='ltr'><strong>bibant,</strong></span> <span class='ocrx_word' id='word_1_290' title='bbox 599 2206 625 2231; x_wconf 87' lang='lat' dir='ltr'><strong>et</strong></span> <span class='ocrx_word' id='word_1_291' title='bbox 645 2204 824 2240; x_wconf 76' lang='lat' dir='ltr'><strong>experientia</strong></span> <span class='ocrx_word' id='word_1_292' title='bbox 845 2205 964 2239; x_wconf 84' lang='lat' dir='ltr'><strong>intima,</strong></span> 
     </span>
     <span class='ocr_line' id='line_1_43' title="bbox 188 2251 965 2287; baseline 0.001 -8"><span class='ocrx_word' id='word_1_293' title='bbox 188 2259 256 2279; x_wconf 84' lang='lat' dir='ltr'><strong>mea</strong></span> <span class='ocrx_word' id='word_1_294' title='bbox 270 2251 421 2278; x_wconf 87' lang='lat' dir='ltr'><strong>divinitate</strong></span> <span class='ocrx_word' id='word_1_295' title='bbox 435 2251 626 2278; x_wconf 80' lang='lat' dir='ltr'><strong>inebrientur.</strong></span> <span class='ocrx_word' id='word_1_296' title='bbox 640 2252 699 2278; x_wconf 80' lang='lat' dir='ltr'><strong>Hoc</strong></span> <span class='ocrx_word' id='word_1_297' title='bbox 716 2251 794 2278; x_wconf 83' lang='lat' dir='ltr'><strong>cniin</strong></span> <span class='ocrx_word' id='word_1_298' title='bbox 810 2252 965 2287; x_wconf 85' lang='lat' dir='ltr'><strong>proprium</strong></span> 
     </span>
     <span class='ocr_line' id='line_1_44' title="bbox 188 2297 963 2334; baseline 0.001 -9"><span class='ocrx_word' id='word_1_299' title='bbox 188 2297 350 2325; x_wconf 87' lang='lat' dir='ltr'><strong>electorum</strong></span> <span class='ocrx_word' id='word_1_300' title='bbox 362 2300 414 2332; x_wconf 86' lang='lat' dir='ltr'><strong>est,</strong></span> <span class='ocrx_word' id='word_1_301' title='bbox 429 2297 499 2325; x_wconf 87' lang='lat' dir='ltr'><strong>dicit</strong></span> <span class='ocrx_word' id='word_1_302' title='bbox 514 2299 627 2333; x_wconf 68' lang='lat' dir='ltr'><strong>Haymo</strong></span> <span class='ocrx_word' id='word_1_303' title='bbox 641 2306 729 2333; x_wconf 83' lang='lat' dir='ltr'><strong>super</strong></span> <span class='ocrx_word' id='word_1_304' title='bbox 742 2298 963 2334; x_wconf 57' lang='lat' dir='ltr'><strong>apocalypsim.</strong></span> 
     </span>
     <span class='ocr_line' id='line_1_45' title="bbox 188 2344 967 2380; baseline 0.001 -8"><span class='ocrx_word' id='word_1_305' title='bbox 188 2344 272 2379; x_wconf 65' lang='lat' dir='ltr'><strong>Surae</strong></span> <span class='ocrx_word' id='word_1_306' title='bbox 299 2344 338 2372; x_wconf 85' lang='lat' dir='ltr'><strong>ad</strong></span> <span class='ocrx_word' id='word_1_307' title='bbox 364 2352 462 2372; x_wconf 87' lang='lat' dir='ltr'><strong>meam</strong></span> <span class='ocrx_word' id='word_1_308' title='bbox 485 2344 743 2380; x_wconf 74' lang='lat' dir='ltr'><strong>experimentulcin</strong></span> <span class='ocrx_word' id='word_1_309' title='bbox 773 2345 967 2374; x_wconf 77' lang='lat' dir='ltr'><strong>cohabitatio-</strong></span> 
     </span>
     <span class='ocr_line' id='line_1_46' title="bbox 189 2391 965 2427; baseline 0 -7"><span class='ocrx_word' id='word_1_310' title='bbox 189 2399 258 2420; x_wconf 88' lang='lat' dir='ltr'><strong>nem</strong></span> <span class='ocrx_word' id='word_1_311' title='bbox 272 2392 296 2426; x_wconf 92' lang='lat'><strong>⁷,</strong></span> <span class='ocrx_word' id='word_1_312' title='bbox 312 2394 343 2418; x_wconf 83' lang='lat' dir='ltr'><strong>ut</strong></span> <span class='ocrx_word' id='word_1_313' title='bbox 367 2392 414 2418; x_wconf 81' lang='lat' dir='ltr'><strong>ubi</strong></span> <span class='ocrx_word' id='word_1_314' title='bbox 434 2399 490 2418; x_wconf 81' lang='lat' dir='ltr'><strong>sum</strong></span> <span class='ocrx_word' id='word_1_315' title='bbox 513 2399 573 2426; x_wconf 72' lang='lat' dir='ltr'><strong>eqo,</strong></span> <span class='ocrx_word' id='word_1_316' title='bbox 594 2395 617 2418; x_wconf 79' lang='lat' dir='ltr'><strong>ct</strong></span> <span class='ocrx_word' id='word_1_317' title='bbox 635 2394 662 2417; x_wconf 76' lang='lat' dir='ltr'><strong>tu</strong></span> <span class='ocrx_word' id='word_1_318' title='bbox 686 2393 740 2425; x_wconf 74' lang='lat' dir='ltr'><strong>Sis,</strong></span> <span class='ocrx_word' id='word_1_319' title='bbox 765 2391 836 2427; x_wconf 82' lang='lat' dir='ltr'><strong>quia</strong></span> <span class='ocrx_word' id='word_1_320' title='bbox 856 2400 889 2419; x_wconf 78' lang='lat' dir='ltr'><strong>ex</strong></span> <span class='ocrx_word' id='word_1_321' title='bbox 910 2392 965 2420; x_wconf 82' lang='lat' dir='ltr'><strong>hac</strong></span> 
     </span>
     <span class='ocr_line' id='line_1_47' title="bbox 189 2437 964 2473; baseline 0 -7"><span class='ocrx_word' id='word_1_322' title='bbox 189 2438 419 2467; x_wconf 80' lang='lat' dir='ltr'><strong>manducatione</strong></span> <span class='ocrx_word' id='word_1_323' title='bbox 434 2437 506 2473; x_wconf 86' lang='lat' dir='ltr'><strong>mei,</strong></span> <span class='ocrx_word' id='word_1_324' title='bbox 523 2439 553 2465; x_wconf 84' lang='lat' dir='ltr'><strong>tu</strong></span> <span class='ocrx_word' id='word_1_325' title='bbox 565 2437 575 2454; x_wconf 78' lang='lat'><strong>⁸</strong></span> <span class='ocrx_word' id='word_1_326' title='bbox 589 2446 677 2465; x_wconf 79' lang='lat' dir='ltr'><strong>manes</strong></span> <span class='ocrx_word' id='word_1_327' title='bbox 692 2440 720 2464; x_wconf 79' lang='lat' dir='ltr'><strong>in</strong></span> <span class='ocrx_word' id='word_1_328' title='bbox 740 2446 790 2472; x_wconf 81' lang='lat' dir='ltr'><strong>me,</strong></span> <span class='ocrx_word' id='word_1_329' title='bbox 806 2441 830 2465; x_wconf 79' lang='lat' dir='ltr'><strong>ct</strong></span> <span class='ocrx_word' id='word_1_330' title='bbox 846 2447 891 2472; x_wconf 62' lang='lat' dir='ltr'><strong>eqo</strong></span> <span class='ocrx_word' id='word_1_331' title='bbox 907 2448 964 2466; x_wconf 74' lang='lat' dir='ltr'><strong>ma-</strong></span> 
     </span>
    </p>
   </div>
   <div class='ocr_carea' id='block_1_5' title="bbox 192 2530 966 2706">
    <p class='ocr_par' dir='ltr' id='par_1_5' title="bbox 192 2530 966 2706">
     <span class='ocr_line' id='line_1_48' title="bbox 224 2530 966 2563; baseline 0 -8"><span class='ocrx_word' id='word_1_332' title='bbox 224 2534 227 2547; x_wconf 91' lang='lat'>¹</span> <span class='ocrx_word' id='word_1_333' title='bbox 244 2532 318 2563; x_wconf 54' lang='lat' dir='ltr'><strong>Aug„</strong></span> <span class='ocrx_word' id='word_1_334' title='bbox 335 2530 510 2561; x_wconf 68' lang='lat' dir='ltr'><strong>ConfhsS.,lib.</strong></span> <span class='ocrx_word' id='word_1_335' title='bbox 529 2531 560 2561; x_wconf 85' lang='lat' dir='ltr'><strong>X,</strong></span> <span class='ocrx_word' id='word_1_336' title='bbox 573 2538 595 2554; x_wconf 87' lang='lat' dir='ltr'><strong>c.</strong></span> <span class='ocrx_word' id='word_1_337' title='bbox 614 2536 646 2555; x_wconf 62' lang='lat' dir='ltr'><strong>VI.</strong></span> <span class='ocrx_word' id='word_1_338' title='bbox 663 2538 687 2554; x_wconf 87' lang='lat' dir='ltr'><strong>n.</strong></span> <span class='ocrx_word' id='word_1_339' title='bbox 705 2532 726 2555; x_wconf 82' lang='lat' dir='ltr'><strong>S.</strong></span> <span class='ocrx_word' id='word_1_340' title='bbox 741 2531 966 2563; x_wconf 51' lang='lat' dir='ltr'><strong>—2Riclmrd7tlr&#39;</strong></span> 
     </span>
     <span class='ocr_line' id='line_1_49' title="bbox 195 2566 963 2598; baseline 0.001 -8"><span class='ocrx_word' id='word_1_341' title='bbox 195 2567 350 2596; x_wconf 72' lang='lat' dir='ltr'><strong>T1·1·r11‘t.,1ib.</strong></span> <span class='ocrx_word' id='word_1_342' title='bbox 371 2568 388 2598; x_wconf 68' lang='grc' dir='ltr'><strong>Ι,</strong></span> <span class='ocrx_word' id='word_1_343' title='bbox 404 2574 426 2591; x_wconf 88' lang='lat' dir='ltr'><strong>c.</strong></span> <span class='ocrx_word' id='word_1_344' title='bbox 443 2573 482 2591; x_wconf 75' lang='lat'><strong>111.</strong></span> <span class='ocrx_word' id='word_1_345' title='bbox 495 2579 525 2583; x_wconf 90' lang='lat'>—</span> <span class='ocrx_word' id='word_1_346' title='bbox 539 2567 549 2582; x_wconf 77' lang='lat'>³</span> <span class='ocrx_word' id='word_1_347' title='bbox 565 2566 695 2597; x_wconf 79' lang='lat' dir='ltr'><strong>Cant.,11,</strong></span> <span class='ocrx_word' id='word_1_348' title='bbox 712 2568 750 2590; x_wconf 71' lang='lat'><strong>10.</strong></span> <span class='ocrx_word' id='word_1_349' title='bbox 763 2580 794 2584; x_wconf 96' lang='lat'><em>-</em></span> <span class='ocrx_word' id='word_1_350' title='bbox 808 2568 815 2581; x_wconf 80' lang='lat'><em>⁴</em></span> <span class='ocrx_word' id='word_1_351' title='bbox 833 2568 906 2596; x_wconf 74' lang='lat' dir='ltr'><strong>thid..</strong></span> <span class='ocrx_word' id='word_1_352' title='bbox 928 2571 963 2592; x_wconf 67' lang='lat'><strong>13.</strong></span> 
     </span>
     <span class='ocr_line' id='line_1_50' title="bbox 192 2602 964 2634; baseline 0.003 -8"><span class='ocrx_word' id='word_1_353' title='bbox 192 2615 222 2620; x_wconf 94' lang='lat'><strong>—</strong></span> <span class='ocrx_word' id='word_1_354' title='bbox 237 2604 245 2617; x_wconf 70' lang='lat'>⁵</span> <span class='ocrx_word' id='word_1_355' title='bbox 263 2603 294 2626; x_wconf 84' lang='lat'><strong>111</strong></span> <span class='ocrx_word' id='word_1_356' title='bbox 311 2603 379 2633; x_wconf 51' lang='lat' dir='ltr'><strong>Item,</strong></span> <span class='ocrx_word' id='word_1_357' title='bbox 395 2608 450 2633; x_wconf 81' lang='lat' dir='ltr'><strong>xix,</strong></span> <span class='ocrx_word' id='word_1_358' title='bbox 466 2603 523 2626; x_wconf 89' lang='lat'><strong>8.—</strong></span> <span class='ocrx_word' id='word_1_359' title='bbox 540 2603 549 2616; x_wconf 66' lang='grc' dir='ltr'>θ</span> <span class='ocrx_word' id='word_1_360' title='bbox 564 2602 651 2631; x_wconf 59' lang='lat' dir='ltr'><strong>Cant,</strong></span> <span class='ocrx_word' id='word_1_361' title='bbox 666 2608 690 2632; x_wconf 87' lang='lat' dir='ltr'><strong>v,</strong></span> <span class='ocrx_word' id='word_1_362' title='bbox 707 2608 762 2626; x_wconf 71' lang='grc'><strong>1,-</strong></span> <span class='ocrx_word' id='word_1_363' title='bbox 777 2603 784 2616; x_wconf 76' lang='lat'><em>⁷</em></span> <span class='ocrx_word' id='word_1_364' title='bbox 799 2604 881 2632; x_wconf 51' lang='lat' dir='ltr'><strong>down,</strong></span> <span class='ocrx_word' id='word_1_365' title='bbox 899 2610 964 2634; x_wconf 66' lang='lat' dir='ltr'><strong>xm,</strong></span> 
     </span>
     <span class='ocr_line' id='line_1_51' title="bbox 192 2637 963 2669; baseline -0.001 -7"><span class='ocrx_word' id='word_1_366' title='bbox 192 2639 231 2662; x_wconf 74' lang='lat'><strong>24.</strong></span> <span class='ocrx_word' id='word_1_367' title='bbox 249 2651 274 2655; x_wconf 84' lang='lat'><strong>—-</strong></span> <span class='ocrx_word' id='word_1_368' title='bbox 292 2638 385 2669; x_wconf 79' lang='lat' dir='ltr'><strong>¹1bid.‚</strong></span> <span class='ocrx_word' id='word_1_369' title='bbox 400 2644 434 2668; x_wconf 78' lang='lat' dir='ltr'><strong>vl,</strong></span> <span class='ocrx_word' id='word_1_370' title='bbox 450 2637 489 2662; x_wconf 76' lang='lat'><strong>57.</strong></span> <span class='ocrx_word' id='word_1_371' title='bbox 502 2651 532 2656; x_wconf 94' lang='lat'>—</span> <span class='ocrx_word' id='word_1_372' title='bbox 546 2638 556 2655; x_wconf 75' lang='lat'><strong>⁹</strong></span> <span class='ocrx_word' id='word_1_373' title='bbox 573 2638 664 2666; x_wconf 60' lang='lat' dir='ltr'><strong>Eccli„</strong></span> <span class='ocrx_word' id='word_1_374' title='bbox 694 2644 764 2669; x_wconf 69' lang='lat' dir='ltr'><strong>xxu&#39;,</strong></span> <span class='ocrx_word' id='word_1_375' title='bbox 780 2640 802 2662; x_wconf 75' lang='grc' dir='ltr'><strong>ἲ.</strong></span> <span class='ocrx_word' id='word_1_376' title='bbox 815 2652 846 2656; x_wconf 94' lang='grc'><strong>-</strong></span> <span class='ocrx_word' id='word_1_377' title='bbox 864 2640 880 2652; x_wconf 71' lang='grc'><strong>“”</strong></span> <span class='ocrx_word' id='word_1_378' title='bbox 898 2640 963 2662; x_wconf 69' lang='lat' dir='ltr'><strong>Psul.</strong></span> 
     </span>
     <span class='ocr_line' id='line_1_52' title="bbox 193 2674 965 2706; baseline 0.003 -9"><span class='ocrx_word' id='word_1_379' title='bbox 193 2680 280 2703; x_wconf 60' lang='lat' dir='ltr'><strong>xxxvi,</strong></span> <span class='ocrx_word' id='word_1_380' title='bbox 298 2676 362 2698; x_wconf 80' lang='grc'><strong>6.-</strong></span> <span class='ocrx_word' id='word_1_381' title='bbox 384 2676 401 2691; x_wconf 82' lang='lat'><strong>¹¹</strong></span> <span class='ocrx_word' id='word_1_382' title='bbox 420 2675 507 2704; x_wconf 61' lang='lat' dir='ltr'><strong>Grec„</strong></span> <span class='ocrx_word' id='word_1_383' title='bbox 524 2674 681 2706; x_wconf 74' lang='lat' dir='ltr'><strong>Mo1·al.‚hb.</strong></span> <span class='ocrx_word' id='word_1_384' title='bbox 704 2675 794 2705; x_wconf 77' lang='lat' dir='ltr'><strong>xvm,</strong></span> <span class='ocrx_word' id='word_1_385' title='bbox 811 2683 833 2698; x_wconf 81' lang='lat' dir='ltr'><strong>c,</strong></span> <span class='ocrx_word' id='word_1_386' title='bbox 851 2680 920 2699; x_wconf 61' lang='lat' dir='ltr'><strong>xnx‘.</strong></span> <span class='ocrx_word' id='word_1_387' title='bbox 935 2689 965 2693; x_wconf 95' lang='lat'><strong>—</strong></span> 
     </span>
    </p>
   </div>
   <div class='ocr_carea' id='block_1_6' title="bbox 594 194 1385 232">
    <p class='ocr_par' dir='ltr' id='par_1_6' title="bbox 594 194 1385 232">
     <span class='ocr_line' id='line_1_53' title="bbox 594 194 1385 232; baseline -0.004 0"><span class='ocrx_word' id='word_1_388' title='bbox 594 199 646 232; x_wconf 88' lang='lat' dir='ltr'><strong>DE</strong></span> <span class='ocrx_word' id='word_1_389' title='bbox 666 197 825 232; x_wconf 83' lang='lat' dir='ltr'><strong>SEPTEM</strong></span> <span class='ocrx_word' id='word_1_390' title='bbox 846 197 1073 232; x_wconf 84' lang='lat' dir='ltr'><strong>ITINERIBUS</strong></span> <span class='ocrx_word' id='word_1_391' title='bbox 1093 194 1385 230; x_wconf 79' lang='lat' dir='ltr'><strong>AETERNITATIS.</strong></span> 
     </span>
    </p>
   </div>
   <div class='ocr_carea' id='block_1_7' title="bbox 1013 263 1796 909">
    <p class='ocr_par' dir='ltr' id='par_1_7' title="bbox 1013 263 1796 909">
     <span class='ocr_line' id='line_1_54' title="bbox 1016 263 1794 304; baseline 0.004 -10"><span class='ocrx_word' id='word_1_392' title='bbox 1016 274 1065 295; x_wconf 80' lang='lat' dir='ltr'><strong>neo</strong></span> <span class='ocrx_word' id='word_1_393' title='bbox 1082 268 1115 295; x_wconf 80' lang='lat' dir='ltr'><strong>in</strong></span> <span class='ocrx_word' id='word_1_394' title='bbox 1136 268 1178 302; x_wconf 85' lang='lat' dir='ltr'><strong>te,</strong></span> <span class='ocrx_word' id='word_1_395' title='bbox 1196 267 1342 303; x_wconf 77' lang='lat' dir='ltr'><strong>tanquam</strong></span> <span class='ocrx_word' id='word_1_396' title='bbox 1356 263 1431 294; x_wconf 87' lang='lat' dir='ltr'><strong>mihi</strong></span> <span class='ocrx_word' id='word_1_397' title='bbox 1441 265 1507 301; x_wconf 82' lang='lat' dir='ltr'><strong>jam</strong></span> <span class='ocrx_word' id='word_1_398' title='bbox 1519 265 1719 303; x_wconf 80' lang='lat' dir='ltr'><strong>incorporata.</strong></span> <span class='ocrx_word' id='word_1_399' title='bbox 1736 268 1794 304; x_wconf 73' lang='lat' dir='ltr'><strong>Bao</strong></span> 
     </span>
     <span class='ocr_line' id='line_1_55' title="bbox 1018 313 1794 351; baseline 0.001 -8"><span class='ocrx_word' id='word_1_400' title='bbox 1018 313 1165 351; x_wconf 79' lang='lat' dir='ltr'><strong>quidem⁹</strong></span> <span class='ocrx_word' id='word_1_401' title='bbox 1184 315 1216 341; x_wconf 79' lang='lat' dir='ltr'><strong>in</strong></span> <span class='ocrx_word' id='word_1_402' title='bbox 1242 313 1386 342; x_wconf 78' lang='lat' dir='ltr'><strong>altissimis</strong></span> <span class='ocrx_word' id='word_1_403' title='bbox 1405 313 1515 348; x_wconf 78' lang='lat' dir='ltr'><strong>habito,</strong></span> <span class='ocrx_word' id='word_1_404' title='bbox 1539 314 1565 341; x_wconf 78' lang='lat' dir='ltr'><strong>et</strong></span> <span class='ocrx_word' id='word_1_405' title='bbox 1589 313 1702 342; x_wconf 75' lang='lat' dir='ltr'><strong>thronus</strong></span> <span class='ocrx_word' id='word_1_406' title='bbox 1719 322 1794 344; x_wconf 71' lang='lat' dir='ltr'><strong>meus</strong></span> 
     </span>
     <span class='ocr_line' id='line_1_56' title="bbox 1015 361 1795 398; baseline 0.001 -7"><span class='ocrx_word' id='word_1_407' title='bbox 1015 364 1048 391; x_wconf 81' lang='lat' dir='ltr'><strong>in</strong></span> <span class='ocrx_word' id='word_1_408' title='bbox 1069 364 1192 391; x_wconf 74' lang='lat' dir='ltr'><strong>columna</strong></span> <span class='ocrx_word' id='word_1_409' title='bbox 1210 363 1289 390; x_wconf 79' lang='lat' dir='ltr'><strong>nubis</strong></span> <span class='ocrx_word' id='word_1_410' title='bbox 1322 361 1394 390; x_wconf 87' lang='lat' dir='ltr'><strong>Ideo</strong></span> <span class='ocrx_word' id='word_1_411' title='bbox 1416 368 1514 396; x_wconf 69' lang='lat' dir='ltr'><strong>surae,</strong></span> <span class='ocrx_word' id='word_1_412' title='bbox 1535 369 1551 388; x_wconf 92' lang='grc' dir='ltr'><strong>ο</strong></span> <span class='ocrx_word' id='word_1_413' title='bbox 1573 361 1695 390; x_wconf 74' lang='lat' dir='ltr'><strong>colmnba</strong></span> <span class='ocrx_word' id='word_1_414' title='bbox 1715 369 1795 398; x_wconf 75' lang='lat' dir='ltr'><strong>mea,</strong></span> 
     </span>
     <span class='ocr_line' id='line_1_57' title="bbox 1015 406 1794 448; baseline 0.001 -10"><span class='ocrx_word' id='word_1_415' title='bbox 1015 411 1138 448; x_wconf 85' lang='lat' dir='ltr'><strong>propter</strong></span> <span class='ocrx_word' id='word_1_416' title='bbox 1152 408 1338 446; x_wconf 70' lang='lat' dir='ltr'><strong>experientiae</strong></span> <span class='ocrx_word' id='word_1_417' title='bbox 1350 410 1408 437; x_wconf 76' lang='lat' dir='ltr'><strong>tuoe</strong></span> <span class='ocrx_word' id='word_1_418' title='bbox 1421 406 1586 445; x_wconf 74' lang='lat' dir='ltr'><strong>simplicem</strong></span> <span class='ocrx_word' id='word_1_419' title='bbox 1603 407 1774 439; x_wconf 79' lang='lat' dir='ltr'><strong>fruitionem</strong></span> <span class='ocrx_word' id='word_1_420' title='bbox 1784 430 1794 444; x_wconf 89' lang='lat'><strong>,</strong></span> 
     </span>
     <span class='ocr_line' id='line_1_58' title="bbox 1017 454 1795 493; baseline -0.001 -8"><span class='ocrx_word' id='word_1_421' title='bbox 1017 458 1046 485; x_wconf 90' lang='lat' dir='ltr'><strong>et</strong></span> <span class='ocrx_word' id='word_1_422' title='bbox 1058 457 1250 493; x_wconf 81' lang='lat' dir='ltr'><strong>singularem.</strong></span> <span class='ocrx_word' id='word_1_423' title='bbox 1270 455 1373 484; x_wconf 90' lang='lat' dir='ltr'><strong>Solum</strong></span> <span class='ocrx_word' id='word_1_424' title='bbox 1393 455 1474 483; x_wconf 88' lang='lat' dir='ltr'><strong>enim</strong></span> <span class='ocrx_word' id='word_1_425' title='bbox 1487 455 1595 492; x_wconf 75' lang='lat' dir='ltr'><strong>quaeris</strong></span> <span class='ocrx_word' id='word_1_426' title='bbox 1614 454 1795 492; x_wconf 85' lang='lat' dir='ltr'><strong>experiendo</strong></span> 
     </span>
     <span class='ocr_line' id='line_1_59' title="bbox 1016 502 1796 541; baseline 0 -9"><span class='ocrx_word' id='word_1_427' title='bbox 1016 503 1074 532; x_wconf 81' lang='lat' dir='ltr'><strong>frui</strong></span> <span class='ocrx_word' id='word_1_428' title='bbox 1087 504 1244 541; x_wconf 64' lang='lat' dir='ltr'><strong>praesentia</strong></span> <span class='ocrx_word' id='word_1_429' title='bbox 1253 511 1329 531; x_wconf 85' lang='lat' dir='ltr'><strong>mea.</strong></span> <span class='ocrx_word' id='word_1_430' title='bbox 1345 502 1427 531; x_wconf 91' lang='lat' dir='ltr'><strong>Unde</strong></span> <span class='ocrx_word' id='word_1_431' title='bbox 1440 502 1540 531; x_wconf 81' lang='lat' dir='ltr'><strong>dixisti</strong></span> <span class='ocrx_word' id='word_1_432' title='bbox 1552 503 1574 520; x_wconf 85' lang='lat'><strong>¹⁰</strong></span> <span class='ocrx_word' id='word_1_433' title='bbox 1590 512 1598 531; x_wconf 73' lang='grc' dir='ltr'><strong>ε</strong></span> <span class='ocrx_word' id='word_1_434' title='bbox 1613 503 1714 531; x_wconf 76' lang='lat' dir='ltr'><strong>Renuit</strong></span> <span class='ocrx_word' id='word_1_435' title='bbox 1733 511 1796 532; x_wconf 84' lang='lat' dir='ltr'><strong>con-</strong></span> 
     </span>
     <span class='ocr_line' id='line_1_60' title="bbox 1015 549 1794 585; baseline -0.001 -5"><span class='ocrx_word' id='word_1_436' title='bbox 1015 552 1101 580; x_wconf 75' lang='lat' dir='ltr'><strong>solari</strong></span> <span class='ocrx_word' id='word_1_437' title='bbox 1114 553 1208 580; x_wconf 75' lang='lat' dir='ltr'><strong>anima</strong></span> <span class='ocrx_word' id='word_1_438' title='bbox 1214 558 1273 579; x_wconf 84' lang='lat' dir='ltr'><strong>mea</strong></span> <span class='ocrx_word' id='word_1_439' title='bbox 1284 560 1292 585; x_wconf 80' lang='lat'><em>3</em></span> <span class='ocrx_word' id='word_1_440' title='bbox 1306 558 1404 578; x_wconf 85' lang='lat' dir='ltr'><strong>memor</strong></span> <span class='ocrx_word' id='word_1_441' title='bbox 1413 551 1460 584; x_wconf 81' lang='lat' dir='ltr'><strong>fui</strong></span> <span class='ocrx_word' id='word_1_442' title='bbox 1468 551 1528 585; x_wconf 81' lang='lat' dir='ltr'><strong>Dei,</strong></span> <span class='ocrx_word' id='word_1_443' title='bbox 1539 553 1564 578; x_wconf 68' lang='lat' dir='ltr'><strong>et</strong></span> <span class='ocrx_word' id='word_1_444' title='bbox 1574 549 1794 579; x_wconf 76' lang='lat' dir='ltr'><strong>delectatussum.</strong></span> 
     </span>
     <span class='ocr_line' id='line_1_61' title="bbox 1016 596 1796 635; baseline 0 -9"><span class='ocrx_word' id='word_1_445' title='bbox 1016 597 1103 633; x_wconf 89' lang='lat' dir='ltr'><strong>Quod</strong></span> <span class='ocrx_word' id='word_1_446' title='bbox 1117 606 1270 635; x_wconf 86' lang='lat' dir='ltr'><strong>exponens</strong></span> <span class='ocrx_word' id='word_1_447' title='bbox 1280 596 1438 633; x_wconf 87' lang='lat' dir='ltr'><strong>Gregorius</strong></span> <span class='ocrx_word' id='word_1_448' title='bbox 1446 596 1694 632; x_wconf 88' lang='lat' dir='ltr'><strong>duodevigesimo</strong></span> <span class='ocrx_word' id='word_1_449' title='bbox 1701 597 1796 626; x_wconf 78' lang='lat' dir='ltr'><strong>Mora-</strong></span> 
     </span>
     <span class='ocr_line' id='line_1_62' title="bbox 1016 643 1795 685; baseline 0 -12"><span class='ocrx_word' id='word_1_450' title='bbox 1016 646 1096 680; x_wconf 80' lang='lat' dir='ltr'><strong>lium,</strong></span> <span class='ocrx_word' id='word_1_451' title='bbox 1110 645 1182 685; x_wconf 80' lang='lat' dir='ltr'><strong>dicit</strong></span> <span class='ocrx_word' id='word_1_452' title='bbox 1192 645 1234 673; x_wconf 85' lang='lat' dir='ltr'><strong>sic</strong></span> <span class='ocrx_word' id='word_1_453' title='bbox 1242 645 1260 661; x_wconf 82' lang='lat'><strong>¹¹</strong></span> <span class='ocrx_word' id='word_1_454' title='bbox 1273 654 1300 673; x_wconf 65' lang='lat' dir='ltr'><strong>:a</strong></span> <span class='ocrx_word' id='word_1_455' title='bbox 1310 644 1385 679; x_wconf 87' lang='lat' dir='ltr'><strong>Quia</strong></span> <span class='ocrx_word' id='word_1_456' title='bbox 1395 644 1433 673; x_wconf 90' lang='lat' dir='ltr'><strong>de</strong></span> <span class='ocrx_word' id='word_1_457' title='bbox 1444 643 1477 680; x_wconf 83' lang='lat' dir='ltr'><strong>(c)</strong></span> <span class='ocrx_word' id='word_1_458' title='bbox 1487 643 1697 681; x_wconf 87' lang='lat' dir='ltr'><strong>temporalium</strong></span> <span class='ocrx_word' id='word_1_459' title='bbox 1707 645 1795 673; x_wconf 82' lang='lat' dir='ltr'><strong>amis-</strong></span> 
     </span>
     <span class='ocr_line' id='line_1_63' title="bbox 1015 688 1795 728; baseline 0 -8"><span class='ocrx_word' id='word_1_460' title='bbox 1015 692 1099 720; x_wconf 88' lang='lat' dir='ltr'><strong>sione</strong></span> <span class='ocrx_word' id='word_1_461' title='bbox 1120 688 1182 720; x_wconf 81' lang='lat' dir='ltr'><strong>non</strong></span> <span class='ocrx_word' id='word_1_462' title='bbox 1199 692 1306 728; x_wconf 86' lang='lat' dir='ltr'><strong>lugeo,</strong></span> <span class='ocrx_word' id='word_1_463' title='bbox 1322 691 1360 720; x_wconf 90' lang='lat' dir='ltr'><strong>de</strong></span> <span class='ocrx_word' id='word_1_464' title='bbox 1377 690 1588 728; x_wconf 78' lang='lat' dir='ltr'><strong>temporalium</strong></span> <span class='ocrx_word' id='word_1_465' title='bbox 1610 690 1795 721; x_wconf 81' lang='lat' dir='ltr'><strong>abundantia</strong></span> 
     </span>
     <span class='ocr_line' id='line_1_64' title="bbox 1016 738 1794 775; baseline 0 -9"><span class='ocrx_word' id='word_1_466' title='bbox 1016 738 1165 767; x_wconf 82' lang='lat' dir='ltr'><strong>consolari</strong></span> <span class='ocrx_word' id='word_1_467' title='bbox 1178 745 1372 775; x_wconf 84' lang='lat' dir='ltr'><strong>nequaquam</strong></span> <span class='ocrx_word' id='word_1_468' title='bbox 1381 745 1516 774; x_wconf 84' lang='lat' dir='ltr'><strong>possum,</strong></span> <span class='ocrx_word' id='word_1_469' title='bbox 1529 740 1557 766; x_wconf 89' lang='lat' dir='ltr'><strong>et</strong></span> <span class='ocrx_word' id='word_1_470' title='bbox 1565 739 1665 766; x_wconf 82' lang='lat' dir='ltr'><strong>tamen</strong></span> <span class='ocrx_word' id='word_1_471' title='bbox 1679 745 1794 767; x_wconf 89' lang='lat' dir='ltr'><strong>memo-</strong></span> 
     </span>
     <span class='ocr_line' id='line_1_65' title="bbox 1013 784 1794 821; baseline 0 -7"><span class='ocrx_word' id='word_1_472' title='bbox 1013 786 1058 814; x_wconf 85' lang='lat' dir='ltr'><strong>ria</strong></span> <span class='ocrx_word' id='word_1_473' title='bbox 1070 786 1120 814; x_wconf 87' lang='lat' dir='ltr'><strong>Dei</strong></span> <span class='ocrx_word' id='word_1_474' title='bbox 1127 786 1228 814; x_wconf 88' lang='lat' dir='ltr'><strong>solum</strong></span> <span class='ocrx_word' id='word_1_475' title='bbox 1240 785 1404 814; x_wconf 86' lang='lat' dir='ltr'><strong>delectatus</strong></span> <span class='ocrx_word' id='word_1_476' title='bbox 1417 793 1494 813; x_wconf 80' lang='lat' dir='ltr'><strong>sum.</strong></span> <span class='ocrx_word' id='word_1_477' title='bbox 1503 784 1563 813; x_wconf 54' lang='grc' dir='ltr'><strong>»εἰ</strong></span> <span class='ocrx_word' id='word_1_478' title='bbox 1577 784 1667 821; x_wconf 81' lang='lat' dir='ltr'><strong>igitur</strong></span> <span class='ocrx_word' id='word_1_479' title='bbox 1680 787 1794 814; x_wconf 86' lang='lat' dir='ltr'><strong>tantum</strong></span> 
     </span>
     <span class='ocr_line' id='line_1_66' title="bbox 1015 830 1794 867; baseline 0.001 -7"><span class='ocrx_word' id='word_1_480' title='bbox 1015 832 1177 861; x_wconf 79' lang='lat' dir='ltr'><strong>delectatur</strong></span> <span class='ocrx_word' id='word_1_481' title='bbox 1191 832 1223 860; x_wconf 90' lang='lat' dir='ltr'><strong>in</strong></span> <span class='ocrx_word' id='word_1_482' title='bbox 1234 831 1299 861; x_wconf 87' lang='lat' dir='ltr'><strong>sola</strong></span> <span class='ocrx_word' id='word_1_483' title='bbox 1311 831 1457 861; x_wconf 87' lang='lat' dir='ltr'><strong>memoria</strong></span> <span class='ocrx_word' id='word_1_484' title='bbox 1471 831 1539 867; x_wconf 87' lang='lat' dir='ltr'><strong>Dei,</strong></span> <span class='ocrx_word' id='word_1_485' title='bbox 1553 830 1633 860; x_wconf 85' lang='lat' dir='ltr'><strong>dicat</strong></span> <span class='ocrx_word' id='word_1_486' title='bbox 1646 839 1713 860; x_wconf 84' lang='lat' dir='ltr'><strong>cum</strong></span> <span class='ocrx_word' id='word_1_487' title='bbox 1727 833 1794 862; x_wconf 81' lang='lat' dir='ltr'><strong>Ber-</strong></span> 
     </span>
     <span class='ocr_line' id='line_1_67' title="bbox 1015 879 1162 909; baseline 0 -1"><span class='ocrx_word' id='word_1_488' title='bbox 1015 879 1110 909; x_wconf 85' lang='lat' dir='ltr'><strong>nardo</strong></span> <span class='ocrx_word' id='word_1_489' title='bbox 1121 881 1162 908; x_wconf 71' lang='lat'><strong>¹²:</strong></span> 
     </span>
    </p>
   </div>
   <div class='ocr_carea' id='block_1_8' title="bbox 1171 952 1484 1021">
    <p class='ocr_par' dir='ltr' id='par_1_8' title="bbox 1171 952 1484 1021">
     <span class='ocr_line' id='line_1_68' title="bbox 1171 952 1461 985; baseline 0 -7"><span class='ocrx_word' id='word_1_490' title='bbox 1171 955 1254 985; x_wconf 87' lang='lat' dir='ltr'><strong>Super</strong></span> <span class='ocrx_word' id='word_1_491' title='bbox 1266 953 1318 978; x_wconf 90' lang='lat' dir='ltr'><strong>mel</strong></span> <span class='ocrx_word' id='word_1_492' title='bbox 1333 955 1358 978; x_wconf 87' lang='lat' dir='ltr'><strong>et</strong></span> <span class='ocrx_word' id='word_1_493' title='bbox 1373 952 1461 978; x_wconf 75' lang='lat' dir='ltr'><strong>omnia</strong></span> 
     </span>
     <span class='ocr_line' id='line_1_69' title="bbox 1171 989 1484 1021; baseline 0 -7"><span class='ocrx_word' id='word_1_494' title='bbox 1171 989 1232 1021; x_wconf 85' lang='lat' dir='ltr'><strong>Ejus</strong></span> <span class='ocrx_word' id='word_1_495' title='bbox 1242 989 1323 1014; x_wconf 87' lang='lat' dir='ltr'><strong>dulcis</strong></span> <span class='ocrx_word' id='word_1_496' title='bbox 1338 989 1484 1021; x_wconf 79' lang='lat' dir='ltr'><strong>praesentia.</strong></span> 
     </span>
    </p>
   </div>
   <div class='ocr_carea' id='block_1_9' title="bbox 1013 1066 1800 2514">
    <p class='ocr_par' dir='ltr' id='par_1_9' title="bbox 1013 1066 1800 2514">
     <span class='ocr_line' id='line_1_70' title="bbox 1050 1066 1795 1105; baseline 0 -9"><span class='ocrx_word' id='word_1_497' title='bbox 1050 1069 1168 1104; x_wconf 83' lang='lat' dir='ltr'><strong>Propera</strong></span> <span class='ocrx_word' id='word_1_498' title='bbox 1193 1070 1314 1105; x_wconf 86' lang='lat' dir='ltr'><strong>propter</strong></span> <span class='ocrx_word' id='word_1_499' title='bbox 1342 1066 1529 1104; x_wconf 81' lang='lat' dir='ltr'><strong>experientiae</strong></span> <span class='ocrx_word' id='word_1_500' title='bbox 1554 1068 1612 1095; x_wconf 75' lang='lat' dir='ltr'><strong>tuae</strong></span> <span class='ocrx_word' id='word_1_501' title='bbox 1638 1066 1795 1104; x_wconf 80' lang='lat' dir='ltr'><strong>perfectio-</strong></span> 
     </span>
     <span class='ocr_line' id='line_1_71' title="bbox 1014 1113 1795 1151; baseline -0.001 -8"><span class='ocrx_word' id='word_1_502' title='bbox 1014 1123 1095 1150; x_wconf 86' lang='lat' dir='ltr'><strong>nem,</strong></span> <span class='ocrx_word' id='word_1_503' title='bbox 1110 1117 1138 1144; x_wconf 91' lang='lat' dir='ltr'><strong>et</strong></span> <span class='ocrx_word' id='word_1_504' title='bbox 1151 1114 1387 1144; x_wconf 88' lang='lat' dir='ltr'><strong>delectationem.</strong></span> <span class='ocrx_word' id='word_1_505' title='bbox 1405 1115 1520 1148; x_wconf 82' lang='lat' dir='ltr'><strong>Quanto</strong></span> <span class='ocrx_word' id='word_1_506' title='bbox 1535 1114 1614 1142; x_wconf 91' lang='lat' dir='ltr'><strong>enim</strong></span> <span class='ocrx_word' id='word_1_507' title='bbox 1628 1113 1795 1151; x_wconf 84' lang='lat' dir='ltr'><strong>spirituales</strong></span> 
     </span>
     <span class='ocr_line' id='line_1_72' title="bbox 1014 1161 1794 1198; baseline 0 -8"><span class='ocrx_word' id='word_1_508' title='bbox 1014 1161 1135 1190; x_wconf 89' lang='lat' dir='ltr'><strong>delicias</strong></span> <span class='ocrx_word' id='word_1_509' title='bbox 1159 1162 1228 1198; x_wconf 90' lang='lat' dir='ltr'><strong>plus</strong></span> <span class='ocrx_word' id='word_1_510' title='bbox 1252 1161 1517 1198; x_wconf 78' lang='lat' dir='ltr'><strong>experiris,·tant0</strong></span> <span class='ocrx_word' id='word_1_511' title='bbox 1540 1161 1657 1189; x_wconf 87' lang='lat' dir='ltr'><strong>avidius</strong></span> <span class='ocrx_word' id='word_1_512' title='bbox 1680 1161 1794 1198; x_wconf 88' lang='lat' dir='ltr'><strong>appetis</strong></span> 
     </span>
     <span class='ocr_line' id='line_1_73' title="bbox 1015 1207 1794 1245; baseline 0 -8"><span class='ocrx_word' id='word_1_513' title='bbox 1015 1217 1063 1238; x_wconf 85' lang='lat' dir='ltr'><strong>eas</strong></span> <span class='ocrx_word' id='word_1_514' title='bbox 1080 1218 1086 1236; x_wconf 90' lang='lat'>:</span> <span class='ocrx_word' id='word_1_515' title='bbox 1109 1217 1225 1245; x_wconf 74' lang='lat' dir='ltr'><strong>propera</strong></span> <span class='ocrx_word' id='word_1_516' title='bbox 1246 1208 1334 1244; x_wconf 79' lang='lat' dir='ltr'><strong>igitur</strong></span> <span class='ocrx_word' id='word_1_517' title='bbox 1352 1207 1454 1236; x_wconf 90' lang='lat' dir='ltr'><strong>venire</strong></span> <span class='ocrx_word' id='word_1_518' title='bbox 1474 1207 1513 1236; x_wconf 88' lang='lat' dir='ltr'><strong>ad</strong></span> <span class='ocrx_word' id='word_1_519' title='bbox 1531 1215 1579 1235; x_wconf 91' lang='lat' dir='ltr'><strong>me</strong></span> <span class='ocrx_word' id='word_1_520' title='bbox 1597 1207 1711 1236; x_wconf 82' lang='lat' dir='ltr'><strong>fontem</strong></span> <span class='ocrx_word' id='word_1_521' title='bbox 1729 1215 1794 1237; x_wconf 89' lang='lat' dir='ltr'><strong>om-</strong></span> 
     </span>
     <span class='ocr_line' id='line_1_74' title="bbox 1014 1254 1796 1284; baseline -0.001 0"><span class='ocrx_word' id='word_1_522' title='bbox 1014 1256 1098 1284; x_wconf 91' lang='lat' dir='ltr'><strong>nium</strong></span> <span class='ocrx_word' id='word_1_523' title='bbox 1117 1256 1302 1284; x_wconf 85' lang='lat' dir='ltr'><strong>deliciarum.</strong></span> <span class='ocrx_word' id='word_1_524' title='bbox 1327 1256 1401 1283; x_wconf 85' lang='lat' dir='ltr'><strong>Nam</strong></span> <span class='ocrx_word' id='word_1_525' title='bbox 1422 1254 1511 1282; x_wconf 89' lang='lat' dir='ltr'><strong>ctiam</strong></span> <span class='ocrx_word' id='word_1_526' title='bbox 1527 1254 1661 1283; x_wconf 88' lang='lat' dir='ltr'><strong>celeritas</strong></span> <span class='ocrx_word' id='word_1_527' title='bbox 1675 1255 1706 1283; x_wconf 94' lang='lat' dir='ltr'><strong>in</strong></span> <span class='ocrx_word' id='word_1_528' title='bbox 1719 1254 1796 1283; x_wconf 86' lang='lat' dir='ltr'><strong>desi-</strong></span> 
     </span>
     <span class='ocr_line' id='line_1_75' title="bbox 1015 1301 1797 1337; baseline -0.001 -6"><span class='ocrx_word' id='word_1_529' title='bbox 1015 1303 1097 1332; x_wconf 88' lang='lat' dir='ltr'><strong>derio</strong></span> <span class='ocrx_word' id='word_1_530' title='bbox 1123 1311 1209 1331; x_wconf 89' lang='lat' dir='ltr'><strong>mora</strong></span> <span class='ocrx_word' id='word_1_531' title='bbox 1235 1304 1297 1337; x_wconf 86' lang='lat' dir='ltr'><strong>est,</strong></span> <span class='ocrx_word' id='word_1_532' title='bbox 1322 1304 1354 1330; x_wconf 88' lang='lat' dir='ltr'><strong>ut</strong></span> <span class='ocrx_word' id='word_1_533' title='bbox 1381 1301 1452 1330; x_wconf 82' lang='lat' dir='ltr'><strong>dicit</strong></span> <span class='ocrx_word' id='word_1_534' title='bbox 1475 1302 1596 1330; x_wconf 88' lang='lat' dir='ltr'><strong>Seneca.</strong></span> <span class='ocrx_word' id='word_1_535' title='bbox 1627 1303 1649 1331; x_wconf 93' lang='grc' dir='ltr'><strong>Ο</strong></span> <span class='ocrx_word' id='word_1_536' title='bbox 1677 1303 1797 1336; x_wconf 75' lang='lat' dir='ltr'><strong>formosa</strong></span> 
     </span>
     <span class='ocr_line' id='line_1_76' title="bbox 1014 1348 1796 1387; baseline 0 -9"><span class='ocrx_word' id='word_1_537' title='bbox 1014 1359 1090 1385; x_wconf 83' lang='lat' dir='ltr'><strong>mea,</strong></span> <span class='ocrx_word' id='word_1_538' title='bbox 1108 1352 1232 1387; x_wconf 86' lang='lat' dir='ltr'><strong>propter</strong></span> <span class='ocrx_word' id='word_1_539' title='bbox 1247 1349 1433 1386; x_wconf 64' lang='lat' dir='ltr'><strong>experientiae</strong></span> <span class='ocrx_word' id='word_1_540' title='bbox 1452 1351 1508 1377; x_wconf 85' lang='lat' dir='ltr'><strong>tuae</strong></span> <span class='ocrx_word' id='word_1_541' title='bbox 1526 1348 1678 1378; x_wconf 89' lang='lat' dir='ltr'><strong>radiosam</strong></span> <span class='ocrx_word' id='word_1_542' title='bbox 1696 1349 1796 1378; x_wconf 89' lang='lat' dir='ltr'><strong>multi-</strong></span> 
     </span>
     <span class='ocr_line' id='line_1_77' title="bbox 1015 1396 1795 1434; baseline -0.001 -8"><span class='ocrx_word' id='word_1_543' title='bbox 1015 1398 1215 1434; x_wconf 82' lang='lat' dir='ltr'><strong>plicationem.</strong></span> <span class='ocrx_word' id='word_1_544' title='bbox 1229 1397 1376 1433; x_wconf 85' lang='lat' dir='ltr'><strong>Experiris</strong></span> <span class='ocrx_word' id='word_1_545' title='bbox 1386 1396 1466 1424; x_wconf 90' lang='lat' dir='ltr'><strong>enim</strong></span> <span class='ocrx_word' id='word_1_546' title='bbox 1474 1405 1535 1431; x_wconf 89' lang='lat' dir='ltr'><strong>me,</strong></span> <span class='ocrx_word' id='word_1_547' title='bbox 1543 1398 1570 1425; x_wconf 86' lang='lat' dir='ltr'><strong>te</strong></span> <span class='ocrx_word' id='word_1_548' title='bbox 1584 1396 1751 1425; x_wconf 79' lang='lat' dir='ltr'><strong>visitantem</strong></span> <span class='ocrx_word' id='word_1_549' title='bbox 1761 1397 1795 1432; x_wconf 78' lang='lat'><strong>¹⁸,</strong></span> 
     </span>
     <span class='ocr_line' id='line_1_78' title="bbox 1013 1444 1795 1481; baseline 0 -8"><span class='ocrx_word' id='word_1_550' title='bbox 1013 1448 1074 1481; x_wconf 80' lang='lat' dir='ltr'><strong>post</strong></span> <span class='ocrx_word' id='word_1_551' title='bbox 1092 1447 1223 1480; x_wconf 76' lang='lat' dir='ltr'><strong>parietem</strong></span> <span class='ocrx_word' id='word_1_552' title='bbox 1240 1447 1381 1479; x_wconf 88' lang='lat' dir='ltr'><strong>stantem,</strong></span> <span class='ocrx_word' id='word_1_553' title='bbox 1397 1453 1445 1479; x_wconf 77' lang='lat' dir='ltr'><strong>per·</strong></span> <span class='ocrx_word' id='word_1_554' title='bbox 1465 1445 1591 1471; x_wconf 75' lang='lat' dir='ltr'><strong>cancellos</strong></span> <span class='ocrx_word' id='word_1_555' title='bbox 1614 1444 1795 1480; x_wconf 85' lang='lat' dir='ltr'><strong>prospicien-</strong></span> 
     </span>
     <span class='ocr_line' id='line_1_79' title="bbox 1015 1490 1794 1527; baseline -0.001 -8"><span class='ocrx_word' id='word_1_556' title='bbox 1015 1494 1074 1520; x_wconf 89' lang='lat' dir='ltr'><strong>tem</strong></span> <span class='ocrx_word' id='word_1_557' title='bbox 1084 1513 1093 1526; x_wconf 91' lang='lat'><em>‚</em></span> <span class='ocrx_word' id='word_1_558' title='bbox 1110 1494 1139 1519; x_wconf 78' lang='lat' dir='ltr'><strong>in</strong></span> <span class='ocrx_word' id='word_1_559' title='bbox 1157 1492 1290 1519; x_wconf 78' lang='lat' dir='ltr'><strong>montibus</strong></span> <span class='ocrx_word' id='word_1_560' title='bbox 1305 1491 1468 1519; x_wconf 73' lang='lat' dir='ltr'><strong>salientem.</strong></span> <span class='ocrx_word' id='word_1_561' title='bbox 1493 1492 1564 1519; x_wconf 89' lang='lat' dir='ltr'><strong>ltem</strong></span> <span class='ocrx_word' id='word_1_562' title='bbox 1579 1490 1721 1526; x_wconf 83' lang='lat' dir='ltr'><strong>experiris</strong></span> <span class='ocrx_word' id='word_1_563' title='bbox 1735 1498 1794 1527; x_wconf 89' lang='lat' dir='ltr'><strong>me,</strong></span> 
     </span>
     <span class='ocr_line' id='line_1_80' title="bbox 1015 1538 1797 1575; baseline -0.003 -7"><span class='ocrx_word' id='word_1_564' title='bbox 1015 1543 1042 1568; x_wconf 88' lang='lat' dir='ltr'><strong>te</strong></span> <span class='ocrx_word' id='word_1_565' title='bbox 1058 1540 1276 1575; x_wconf 72' lang='lat' dir='ltr'><strong>alloquentem,</strong></span> <span class='ocrx_word' id='word_1_566' title='bbox 1290 1541 1317 1566; x_wconf 88' lang='lat' dir='ltr'><strong>te</strong></span> <span class='ocrx_word' id='word_1_567' title='bbox 1333 1539 1426 1567; x_wconf 87' lang='lat' dir='ltr'><strong>odore</strong></span> <span class='ocrx_word' id='word_1_568' title='bbox 1441 1547 1508 1567; x_wconf 89' lang='lat' dir='ltr'><strong>meo</strong></span> <span class='ocrx_word' id='word_1_569' title='bbox 1524 1546 1640 1574; x_wconf 88' lang='lat' dir='ltr'><strong>semper</strong></span> <span class='ocrx_word' id='word_1_570' title='bbox 1655 1538 1797 1574; x_wconf 79' lang='lat' dir='ltr'><strong>attingen-</strong></span> 
     </span>
     <span class='ocr_line' id='line_1_81' title="bbox 1017 1586 1797 1622; baseline -0.001 -7"><span class='ocrx_word' id='word_1_571' title='bbox 1017 1589 1086 1622; x_wconf 86' lang='lat' dir='ltr'><strong>tem,</strong></span> <span class='ocrx_word' id='word_1_572' title='bbox 1103 1590 1129 1615; x_wconf 90' lang='lat' dir='ltr'><strong>te</strong></span> <span class='ocrx_word' id='word_1_573' title='bbox 1145 1587 1324 1615; x_wconf 81' lang='lat' dir='ltr'><strong>reficientem</strong></span> <span class='ocrx_word' id='word_1_574' title='bbox 1339 1589 1366 1614; x_wconf 88' lang='lat' dir='ltr'><strong>et</strong></span> <span class='ocrx_word' id='word_1_575' title='bbox 1376 1586 1608 1622; x_wconf 77' lang='lat' dir='ltr'><strong>amplexantem,</strong></span> <span class='ocrx_word' id='word_1_576' title='bbox 1621 1588 1688 1620; x_wconf 68' lang='lat' dir='ltr'><strong>etc„</strong></span> <span class='ocrx_word' id='word_1_577' title='bbox 1703 1588 1735 1614; x_wconf 91' lang='lat' dir='ltr'><strong>ut</strong></span> <span class='ocrx_word' id='word_1_578' title='bbox 1746 1594 1797 1622; x_wconf 87' lang='lat' dir='ltr'><strong>pa·</strong></span> 
     </span>
     <span class='ocr_line' id='line_1_82' title="bbox 1016 1632 1798 1669; baseline -0.003 -7"><span class='ocrx_word' id='word_1_579' title='bbox 1016 1637 1054 1662; x_wconf 86' lang='lat' dir='ltr'><strong>tet</strong></span> <span class='ocrx_word' id='word_1_580' title='bbox 1065 1635 1093 1661; x_wconf 87' lang='lat' dir='ltr'><strong>in</strong></span> <span class='ocrx_word' id='word_1_581' title='bbox 1104 1634 1221 1662; x_wconf 80' lang='lat' dir='ltr'><strong>Cantico</strong></span> <span class='ocrx_word' id='word_1_582' title='bbox 1233 1633 1343 1662; x_wconf 84' lang='lat' dir='ltr'><strong>amoris</strong></span> <span class='ocrx_word' id='word_1_583' title='bbox 1353 1641 1406 1669; x_wconf 87' lang='lat' dir='ltr'><strong>per</strong></span> <span class='ocrx_word' id='word_1_584' title='bbox 1416 1635 1520 1660; x_wconf 84' lang='lat' dir='ltr'><strong>totum.</strong></span> <span class='ocrx_word' id='word_1_585' title='bbox 1538 1632 1618 1660; x_wconf 89' lang='lat' dir='ltr'><strong>Unde</strong></span> <span class='ocrx_word' id='word_1_586' title='bbox 1631 1633 1798 1661; x_wconf 87' lang='lat' dir='ltr'><strong>Bernardus</strong></span> 
     </span>
     <span class='ocr_line' id='line_1_83' title="bbox 1017 1680 1796 1716; baseline -0.003 -7"><span class='ocrx_word' id='word_1_587' title='bbox 1017 1682 1087 1709; x_wconf 83' lang='lat' dir='ltr'><strong>dicit</strong></span> <span class='ocrx_word' id='word_1_588' title='bbox 1100 1681 1118 1698; x_wconf 70' lang='lat'><strong>¹⁵</strong></span> <span class='ocrx_word' id='word_1_589' title='bbox 1135 1691 1141 1709; x_wconf 72' lang='grc' dir='ltr'>ε</span> <span class='ocrx_word' id='word_1_590' title='bbox 1163 1691 1176 1706; x_wconf 76' lang='grc' dir='ltr'><strong>ιι</strong></span> <span class='ocrx_word' id='word_1_591' title='bbox 1191 1681 1335 1709; x_wconf 74' lang='lat' dir='ltr'><strong>Attendite</strong></span> <span class='ocrx_word' id='word_1_592' title='bbox 1354 1682 1473 1716; x_wconf 71' lang='lat' dir='ltr'><strong>Sponsae</strong></span> <span class='ocrx_word' id='word_1_593' title='bbox 1489 1680 1689 1714; x_wconf 79' lang='lat' dir='ltr'><strong>devotionem,</strong></span> <span class='ocrx_word' id='word_1_594' title='bbox 1709 1681 1796 1715; x_wconf 80' lang='lat' dir='ltr'><strong>atque</strong></span> 
     </span>
     <span class='ocr_line' id='line_1_84' title="bbox 1017 1726 1796 1763; baseline -0.003 -8"><span class='ocrx_word' id='word_1_595' title='bbox 1017 1728 1166 1756; x_wconf 76' lang='lat' dir='ltr'><strong>solertiam</strong></span> <span class='ocrx_word' id='word_1_596' title='bbox 1182 1728 1242 1755; x_wconf 78' lang='lat' dir='ltr'><strong>sive</strong></span> <span class='ocrx_word' id='word_1_597' title='bbox 1259 1726 1488 1763; x_wconf 80' lang='lat' dir='ltr'><strong>experientiam,</strong></span> <span class='ocrx_word' id='word_1_598' title='bbox 1504 1726 1587 1762; x_wconf 89' lang='lat' dir='ltr'><strong>quod</strong></span> <span class='ocrx_word' id='word_1_599' title='bbox 1600 1726 1680 1761; x_wconf 80' lang='lat' dir='ltr'><strong>vigili</strong></span> <span class='ocrx_word' id='word_1_600' title='bbox 1695 1726 1796 1762; x_wconf 88' lang='lat' dir='ltr'><strong>utique</strong></span> 
     </span>
     <span class='ocr_line' id='line_1_85' title="bbox 1017 1771 1796 1809; baseline -0.004 -6"><span class='ocrx_word' id='word_1_601' title='bbox 1017 1775 1104 1803; x_wconf 90' lang='lat' dir='ltr'><strong>oculo</strong></span> <span class='ocrx_word' id='word_1_602' title='bbox 1117 1796 1125 1809; x_wconf 87' lang='lat'><strong>,</strong></span> <span class='ocrx_word' id='word_1_603' title='bbox 1152 1774 1261 1801; x_wconf 73' lang='lat' dir='ltr'><strong>scilicet</strong></span> <span class='ocrx_word' id='word_1_604' title='bbox 1289 1773 1474 1809; x_wconf 69' lang='lat' dir='ltr'><strong>experientiae</strong></span> <span class='ocrx_word' id='word_1_605' title='bbox 1486 1794 1494 1807; x_wconf 84' lang='grc'>,</span> <span class='ocrx_word' id='word_1_606' title='bbox 1525 1771 1663 1800; x_wconf 80' lang='lat' dir='ltr'><strong>observat</strong></span> <span class='ocrx_word' id='word_1_607' title='bbox 1692 1773 1796 1809; x_wconf 90' lang='lat' dir='ltr'><strong>Sponsi</strong></span> 
     </span>
     <span class='ocr_line' id='line_1_86' title="bbox 1016 1820 1795 1857; baseline -0.003 -7"><span class='ocrx_word' id='word_1_608' title='bbox 1016 1823 1193 1857; x_wconf 83' lang='lat' dir='ltr'><strong>adventum,</strong></span> <span class='ocrx_word' id='word_1_609' title='bbox 1217 1824 1245 1849; x_wconf 89' lang='lat' dir='ltr'><strong>et</strong></span> <span class='ocrx_word' id='word_1_610' title='bbox 1265 1821 1405 1857; x_wconf 80' lang='lat' dir='ltr'><strong>deinceps</strong></span> <span class='ocrx_word' id='word_1_611' title='bbox 1426 1821 1528 1848; x_wconf 83' lang='lat' dir='ltr'><strong>omnia</strong></span> <span class='ocrx_word' id='word_1_612' title='bbox 1547 1820 1638 1857; x_wconf 89' lang='lat' dir='ltr'><strong>ipsius</strong></span> <span class='ocrx_word' id='word_1_613' title='bbox 1658 1820 1795 1848; x_wconf 87' lang='lat' dir='ltr'><strong>intuetur.</strong></span> 
     </span>
     <span class='ocr_line' id='line_1_87' title="bbox 1017 1866 1797 1904; baseline -0.001 -8"><span class='ocrx_word' id='word_1_614' title='bbox 1017 1870 1100 1898; x_wconf 69' lang='lat' dir='ltr'><strong>veuit</strong></span> <span class='ocrx_word' id='word_1_615' title='bbox 1119 1869 1199 1897; x_wconf 87' lang='lat' dir='ltr'><strong>enim</strong></span> <span class='ocrx_word' id='word_1_616' title='bbox 1217 1868 1283 1902; x_wconf 85' lang='lat' dir='ltr'><strong>illc,</strong></span> <span class='ocrx_word' id='word_1_617' title='bbox 1304 1868 1463 1901; x_wconf 84' lang='lat' dir='ltr'><strong>accelerat,</strong></span> <span class='ocrx_word' id='word_1_618' title='bbox 1487 1866 1661 1904; x_wconf 81' lang='lat' dir='ltr'><strong>appropiat,</strong></span> <span class='ocrx_word' id='word_1_619' title='bbox 1684 1867 1716 1895; x_wconf 91' lang='lat' dir='ltr'><strong>id</strong></span> <span class='ocrx_word' id='word_1_620' title='bbox 1739 1869 1797 1902; x_wconf 87' lang='lat' dir='ltr'><strong>est,</strong></span> 
     </span>
     <span class='ocr_line' id='line_1_88' title="bbox 1017 1914 1799 1952; baseline -0.003 -8"><span class='ocrx_word' id='word_1_621' title='bbox 1017 1916 1150 1952; x_wconf 86' lang='lat' dir='ltr'><strong>respicit,</strong></span> <span class='ocrx_word' id='word_1_622' title='bbox 1175 1915 1336 1951; x_wconf 86' lang='lat' dir='ltr'><strong>alloquitur</strong></span> <span class='ocrx_word' id='word_1_623' title='bbox 1345 1924 1353 1949; x_wconf 86' lang='lat'>;</span> <span class='ocrx_word' id='word_1_624' title='bbox 1380 1917 1407 1942; x_wconf 90' lang='lat' dir='ltr'><strong>et</strong></span> <span class='ocrx_word' id='word_1_625' title='bbox 1432 1914 1506 1942; x_wconf 87' lang='lat' dir='ltr'><strong>nihil</strong></span> <span class='ocrx_word' id='word_1_626' title='bbox 1531 1914 1640 1942; x_wconf 88' lang='lat' dir='ltr'><strong>horum</strong></span> <span class='ocrx_word' id='word_1_627' title='bbox 1665 1921 1799 1942; x_wconf 89' lang='lat' dir='ltr'><strong>momen-</strong></span> 
     </span>
     <span class='ocr_line' id='line_1_89' title="bbox 1018 1960 1797 1998; baseline -0.004 -8"><span class='ocrx_word' id='word_1_628' title='bbox 1018 1965 1117 1990; x_wconf 88' lang='lat' dir='ltr'><strong>torum</strong></span> <span class='ocrx_word' id='word_1_629' title='bbox 1145 1963 1265 1998; x_wconf 75' lang='lat' dir='ltr'><strong>Spousae</strong></span> <span class='ocrx_word' id='word_1_630' title='bbox 1293 1961 1470 1989; x_wconf 85' lang='lat' dir='ltr'><strong>industriam</strong></span> <span class='ocrx_word' id='word_1_631' title='bbox 1494 1960 1576 1996; x_wconf 83' lang='lat' dir='ltr'><strong>fugit.</strong></span> <span class='ocrx_word' id='word_1_632' title='bbox 1603 1971 1616 1987; x_wconf 74' lang='lat' dir='ltr'><strong>n</strong></span> <span class='ocrx_word' id='word_1_633' title='bbox 1644 1962 1708 1988; x_wconf 81' lang='lat' dir='ltr'><strong>Haec</strong></span> <span class='ocrx_word' id='word_1_634' title='bbox 1736 1960 1797 1989; x_wconf 86' lang='lat' dir='ltr'><strong>ille.</strong></span> 
     </span>
     <span class='ocr_line' id='line_1_90' title="bbox 1021 2008 1800 2044; baseline -0.003 -7"><span class='ocrx_word' id='word_1_635' title='bbox 1021 2011 1090 2037; x_wconf 69' lang='lat' dir='ltr'><strong>Veni</strong></span> <span class='ocrx_word' id='word_1_636' title='bbox 1114 2009 1202 2044; x_wconf 82' lang='lat' dir='ltr'><strong>igitur</strong></span> <span class='ocrx_word' id='word_1_637' title='bbox 1223 2009 1262 2036; x_wconf 85' lang='lat' dir='ltr'><strong>ad</strong></span> <span class='ocrx_word' id='word_1_638' title='bbox 1283 2008 1470 2044; x_wconf 54' lang='lat' dir='ltr'><strong>experientiae</strong></span> <span class='ocrx_word' id='word_1_639' title='bbox 1489 2010 1545 2035; x_wconf 67' lang='lat' dir='ltr'><strong>tuce</strong></span> <span class='ocrx_word' id='word_1_640' title='bbox 1569 2008 1800 2036; x_wconf 86' lang='lat' dir='ltr'><strong>consummatio·</strong></span> 
     </span>
     <span class='ocr_line' id='line_1_91' title="bbox 1018 2055 1800 2091; baseline -0.003 -7"><span class='ocrx_word' id='word_1_641' title='bbox 1018 2064 1103 2091; x_wconf 89' lang='lat' dir='ltr'><strong>nem,</strong></span> <span class='ocrx_word' id='word_1_642' title='bbox 1129 2056 1200 2091; x_wconf 87' lang='lat' dir='ltr'><strong>quia</strong></span> <span class='ocrx_word' id='word_1_643' title='bbox 1227 2058 1293 2090; x_wconf 61' lang='lat' dir='ltr'><strong>ficus</strong></span> <span class='ocrx_word' id='word_1_644' title='bbox 1317 2056 1433 2090; x_wconf 77' lang='lat' dir='ltr'><strong>protulit</strong></span> <span class='ocrx_word' id='word_1_645' title='bbox 1459 2062 1562 2089; x_wconf 62' lang='lat' dir='ltr'><strong>grossos</strong></span> <span class='ocrx_word' id='word_1_646' title='bbox 1585 2062 1656 2082; x_wconf 78' lang='lat' dir='ltr'><strong>suos.</strong></span> <span class='ocrx_word' id='word_1_647' title='bbox 1684 2055 1715 2082; x_wconf 90' lang='lat' dir='ltr'><strong>ln</strong></span> <span class='ocrx_word' id='word_1_648' title='bbox 1739 2062 1800 2090; x_wconf 79' lang='lat' dir='ltr'><strong>quo</strong></span> 
     </span>
     <span class='ocr_line' id='line_1_92' title="bbox 1019 2100 1799 2135; baseline -0.003 -5"><span class='ocrx_word' id='word_1_649' title='bbox 1019 2103 1146 2131; x_wconf 75' lang='lat' dir='ltr'><strong>ostendit</strong></span> <span class='ocrx_word' id='word_1_650' title='bbox 1159 2111 1218 2130; x_wconf 76' lang='lat' dir='ltr'><strong>suae</strong></span> <span class='ocrx_word' id='word_1_651' title='bbox 1234 2102 1413 2130; x_wconf 75' lang='lat' dir='ltr'><strong>invitationis</strong></span> <span class='ocrx_word' id='word_1_652' title='bbox 1424 2101 1510 2129; x_wconf 88' lang='lat' dir='ltr'><strong>dulce</strong></span> <span class='ocrx_word' id='word_1_653' title='bbox 1529 2101 1707 2129; x_wconf 79' lang='lat' dir='ltr'><strong>allectivum.</strong></span> <span class='ocrx_word' id='word_1_654' title='bbox 1723 2100 1799 2135; x_wconf 80' lang='lat' dir='ltr'><strong>Quid</strong></span> 
     </span>
     <span class='ocr_line' id='line_1_93' title="bbox 1019 2148 1799 2186; baseline -0.003 -9"><span class='ocrx_word' id='word_1_655' title='bbox 1019 2158 1072 2186; x_wconf 81' lang='lat' dir='ltr'><strong>per</strong></span> <span class='ocrx_word' id='word_1_656' title='bbox 1096 2150 1186 2178; x_wconf 82' lang='lat' dir='ltr'><strong>ficum</strong></span> <span class='ocrx_word' id='word_1_657' title='bbox 1212 2149 1437 2178; x_wconf 79' lang='lat' dir='ltr'><strong>convenientius</strong></span> <span class='ocrx_word' id='word_1_658' title='bbox 1466 2148 1589 2183; x_wconf 80' lang='lat' dir='ltr'><strong>intelligi</strong></span> <span class='ocrx_word' id='word_1_659' title='bbox 1614 2150 1709 2184; x_wconf 83' lang='lat' dir='ltr'><strong>potest</strong></span> <span class='ocrx_word' id='word_1_660' title='bbox 1730 2155 1799 2184; x_wconf 90' lang='lat' dir='ltr'><strong>pro-</strong></span> 
     </span>
     <span class='ocr_line' id='line_1_94' title="bbox 1020 2195 1800 2231; baseline -0.004 -6"><span class='ocrx_word' id='word_1_661' title='bbox 1020 2197 1177 2225; x_wconf 77' lang='lat' dir='ltr'><strong>ducentem</strong></span> <span class='ocrx_word' id='word_1_662' title='bbox 1195 2197 1323 2224; x_wconf 78' lang='lat' dir='ltr'><strong>fructum</strong></span> <span class='ocrx_word' id='word_1_663' title='bbox 1347 2195 1513 2223; x_wconf 82' lang='lat' dir='ltr'><strong>dulcedinis</strong></span> <span class='ocrx_word' id='word_1_664' title='bbox 1525 2215 1534 2229; x_wconf 89' lang='lat'><strong>,</strong></span> <span class='ocrx_word' id='word_1_665' title='bbox 1552 2203 1642 2231; x_wconf 88' lang='lat' dir='ltr'><strong>quam</strong></span> <span class='ocrx_word' id='word_1_666' title='bbox 1661 2197 1744 2223; x_wconf 86' lang='lat' dir='ltr'><strong>Pater</strong></span> <span class='ocrx_word' id='word_1_667' title='bbox 1761 2202 1800 2222; x_wconf 81' lang='lat' dir='ltr'><strong>ae-</strong></span> 
     </span>
     <span class='ocr_line' id='line_1_95' title="bbox 1019 2240 1799 2280; baseline -0.004 -8"><span class='ocrx_word' id='word_1_668' title='bbox 1019 2246 1129 2278; x_wconf 88' lang='lat' dir='ltr'><strong>ternus,</strong></span> <span class='ocrx_word' id='word_1_669' title='bbox 1144 2244 1322 2280; x_wconf 85' lang='lat' dir='ltr'><strong>principium</strong></span> <span class='ocrx_word' id='word_1_670' title='bbox 1343 2243 1440 2271; x_wconf 89' lang='lat' dir='ltr'><strong>omnis</strong></span> <span class='ocrx_word' id='word_1_671' title='bbox 1456 2242 1596 2277; x_wconf 81' lang='lat' dir='ltr'><strong>dulcoris,</strong></span> <span class='ocrx_word' id='word_1_672' title='bbox 1613 2242 1664 2278; x_wconf 88' lang='lat' dir='ltr'><strong>qui</strong></span> <span class='ocrx_word' id='word_1_673' title='bbox 1678 2240 1799 2278; x_wconf 89' lang='lat' dir='ltr'><strong>protulit</strong></span> 
     </span>
     <span class='ocr_line' id='line_1_96' title="bbox 1019 2287 1797 2326; baseline -0.004 -8"><span class='ocrx_word' id='word_1_674' title='bbox 1019 2291 1106 2319; x_wconf 79' lang='lat' dir='ltr'><strong>nobis</strong></span> <span class='ocrx_word' id='word_1_675' title='bbox 1121 2299 1239 2326; x_wconf 83' lang='lat' dir='ltr'><strong>grossos</strong></span> <span class='ocrx_word' id='word_1_676' title='bbox 1254 2290 1374 2317; x_wconf 84' lang='lat' dir='ltr'><strong>intinitae</strong></span> <span class='ocrx_word' id='word_1_677' title='bbox 1389 2289 1565 2324; x_wconf 82' lang='lat' dir='ltr'><strong>dulcedinis,</strong></span> <span class='ocrx_word' id='word_1_678' title='bbox 1582 2291 1609 2316; x_wconf 91' lang='lat' dir='ltr'><strong>et</strong></span> <span class='ocrx_word' id='word_1_679' title='bbox 1623 2287 1797 2321; x_wconf 81' lang='lat' dir='ltr'><strong>refectionis,</strong></span> 
     </span>
     <span class='ocr_line' id='line_1_97' title="bbox 1020 2335 1799 2371; baseline -0.004 -6"><span class='ocrx_word' id='word_1_680' title='bbox 1020 2338 1128 2366; x_wconf 78' lang='lat' dir='ltr'><strong>seilicet</strong></span> <span class='ocrx_word' id='word_1_681' title='bbox 1143 2337 1271 2365; x_wconf 72' lang='lat' dir='ltr'><strong>Verbum</strong></span> <span class='ocrx_word' id='word_1_682' title='bbox 1285 2344 1387 2370; x_wconf 73' lang='lat' dir='ltr'><strong>suum,</strong></span> <span class='ocrx_word' id='word_1_683' title='bbox 1402 2335 1541 2371; x_wconf 85' lang='lat' dir='ltr'><strong>Spiritum</strong></span> <span class='ocrx_word' id='word_1_684' title='bbox 1557 2336 1708 2369; x_wconf 86' lang='lat' dir='ltr'><strong>sanctum,</strong></span> <span class='ocrx_word' id='word_1_685' title='bbox 1728 2342 1799 2362; x_wconf 90' lang='lat' dir='ltr'><strong>con-</strong></span> 
     </span>
     <span class='ocr_line' id='line_1_98' title="bbox 1020 2381 1800 2413; baseline -0.006 0"><span class='ocrx_word' id='word_1_686' title='bbox 1020 2385 1226 2413; x_wconf 78' lang='lat' dir='ltr'><strong>substantiales</strong></span> <span class='ocrx_word' id='word_1_687' title='bbox 1244 2386 1272 2411; x_wconf 91' lang='lat' dir='ltr'><strong>et</strong></span> <span class='ocrx_word' id='word_1_688' title='bbox 1285 2384 1468 2411; x_wconf 72' lang='lat' dir='ltr'><strong>coaetcrnos‘?</strong></span> <span class='ocrx_word' id='word_1_689' title='bbox 1484 2383 1613 2410; x_wconf 86' lang='lat' dir='ltr'><strong>Verbum</strong></span> <span class='ocrx_word' id='word_1_690' title='bbox 1630 2390 1718 2409; x_wconf 90' lang='lat' dir='ltr'><strong>suum</strong></span> <span class='ocrx_word' id='word_1_691' title='bbox 1734 2381 1800 2409; x_wconf 87' lang='lat' dir='ltr'><strong>infi-</strong></span> 
     </span>
     <span class='ocr_line' id='line_1_99' title="bbox 1020 2428 1800 2467; baseline -0.006 -7"><span class='ocrx_word' id='word_1_692' title='bbox 1020 2432 1088 2460; x_wconf 45' lang='lat' dir='ltr'><strong>nita}</strong></span> <span class='ocrx_word' id='word_1_693' title='bbox 1111 2430 1277 2459; x_wconf 82' lang='lat' dir='ltr'><strong>dulcedinis</strong></span> <span class='ocrx_word' id='word_1_694' title='bbox 1295 2431 1417 2467; x_wconf 86' lang='lat' dir='ltr'><strong>protulit</strong></span> <span class='ocrx_word' id='word_1_695' title='bbox 1441 2431 1642 2463; x_wconf 78' lang='lat' dir='ltr'><strong>incarnatum,</strong></span> <span class='ocrx_word' id='word_1_696' title='bbox 1662 2431 1695 2456; x_wconf 92' lang='lat' dir='ltr'><strong>ut</strong></span> <span class='ocrx_word' id='word_1_697' title='bbox 1713 2428 1800 2456; x_wconf 86' lang='lat' dir='ltr'><strong>nobis</strong></span> 
     </span>
     <span class='ocr_line' id='line_1_100' title="bbox 1021 2475 1800 2514; baseline -0.006 -7"><span class='ocrx_word' id='word_1_698' title='bbox 1021 2481 1095 2507; x_wconf 79' lang='lat' dir='ltr'><strong>essct</strong></span> <span class='ocrx_word' id='word_1_699' title='bbox 1106 2479 1137 2507; x_wconf 87' lang='lat' dir='ltr'><strong>in</strong></span> <span class='ocrx_word' id='word_1_700' title='bbox 1149 2478 1396 2514; x_wconf 78' lang='lat' dir='ltr'><strong>redemptionem,</strong></span> <span class='ocrx_word' id='word_1_701' title='bbox 1410 2479 1437 2505; x_wconf 90' lang='lat' dir='ltr'><strong>et</strong></span> <span class='ocrx_word' id='word_1_702' title='bbox 1450 2484 1559 2513; x_wconf 87' lang='lat' dir='ltr'><strong>panem</strong></span> <span class='ocrx_word' id='word_1_703' title='bbox 1574 2475 1800 2511; x_wconf 86' lang='lat' dir='ltr'><strong>supersubstan-</strong></span> 
     </span>
    </p>
   </div>
   <div class='ocr_carea' id='block_1_10' title="bbox 1022 2558 1799 2669">
    <p class='ocr_par' dir='ltr' id='par_1_10' title="bbox 1022 2558 1799 2669">
     <span class='ocr_line' id='line_1_101' title="bbox 1023 2558 1799 2592; baseline -0.006 -6"><span class='ocrx_word' id='word_1_704' title='bbox 1023 2562 1042 2578; x_wconf 74' lang='lat'><strong>¹³</strong></span> <span class='ocrx_word' id='word_1_705' title='bbox 1068 2562 1153 2591; x_wconf 62' lang='lat' dir='ltr'><strong>Rern„</strong></span> <span class='ocrx_word' id='word_1_706' title='bbox 1175 2561 1262 2592; x_wconf 70' lang='lat' dir='ltr'><strong>hymn.</strong></span> <span class='ocrx_word' id='word_1_707' title='bbox 1289 2560 1318 2583; x_wconf 71' lang='lat' dir='ltr'><strong>r&#39;e</strong></span> <span class='ocrx_word' id='word_1_708' title='bbox 1340 2560 1438 2584; x_wconf 49' lang='lat' dir='ltr'><strong>,ime-ns.</strong></span> <span class='ocrx_word' id='word_1_709' title='bbox 1460 2571 1486 2576; x_wconf 78' lang='lat'>-</span> <span class='ocrx_word' id='word_1_710' title='bbox 1513 2558 1532 2574; x_wconf 74' lang='lat'><strong>¹³</strong></span> <span class='ocrx_word' id='word_1_711' title='bbox 1553 2558 1635 2586; x_wconf 66' lang='lat' dir='ltr'><strong>cant„</strong></span> <span class='ocrx_word' id='word_1_712' title='bbox 1663 2563 1692 2587; x_wconf 71' lang='grc' dir='ltr'><strong>ιι,</strong></span> <span class='ocrx_word' id='word_1_713' title='bbox 1720 2560 1744 2582; x_wconf 87' lang='grc'><strong>9.</strong></span> <span class='ocrx_word' id='word_1_714' title='bbox 1768 2571 1799 2577; x_wconf 91' lang='grc'>-</span> 
     </span>
     <span class='ocr_line' id='line_1_102' title="bbox 1022 2593 1593 2627; baseline -0.007 -6"><span class='ocrx_word' id='word_1_715' title='bbox 1022 2599 1041 2614; x_wconf 72' lang='lat'><strong>¹⁴</strong></span> <span class='ocrx_word' id='word_1_716' title='bbox 1059 2599 1144 2627; x_wconf 57' lang='lat' dir='ltr'><strong>Rern„</strong></span> <span class='ocrx_word' id='word_1_717' title='bbox 1159 2597 1185 2620; x_wconf 81' lang='lat' dir='ltr'><strong>in</strong></span> <span class='ocrx_word' id='word_1_718' title='bbox 1201 2596 1283 2626; x_wconf 58' lang='lat' dir='ltr'><strong>Cant„</strong></span> <span class='ocrx_word' id='word_1_719' title='bbox 1299 2602 1376 2620; x_wconf 81' lang='lat' dir='ltr'><strong>serm.</strong></span> <span class='ocrx_word' id='word_1_720' title='bbox 1393 2600 1456 2625; x_wconf 67' lang='lat' dir='ltr'><strong>wli,</strong></span> <span class='ocrx_word' id='word_1_721' title='bbox 1470 2594 1495 2618; x_wconf 89' lang='lat' dir='ltr'><strong>in</strong></span> <span class='ocrx_word' id='word_1_722' title='bbox 1510 2593 1593 2625; x_wconf 84' lang='lat' dir='ltr'><strong>princ.</strong></span> 
     </span>
     <span class='ocr_line' id='line_1_103' title="bbox 1053 2635 1798 2669; baseline 0 -9"><span class='ocrx_word' id='word_1_723' title='bbox 1053 2640 1085 2669; x_wconf 70' lang='lat' dir='ltr'><strong>(a)</strong></span> <span class='ocrx_word' id='word_1_724' title='bbox 1114 2639 1172 2662; x_wconf 56' lang='lat' dir='ltr'><strong>art.</strong></span> <span class='ocrx_word' id='word_1_725' title='bbox 1198 2638 1258 2661; x_wconf 64' lang='lat' dir='ltr'><strong>edit.</strong></span> <span class='ocrx_word' id='word_1_726' title='bbox 1284 2638 1398 2662; x_wconf 77' lang='lat' dir='ltr'><strong>divellet.</strong></span> <span class='ocrx_word' id='word_1_727' title='bbox 1421 2650 1451 2654; x_wconf 96' lang='lat'><strong>—</strong></span> <span class='ocrx_word' id='word_1_728' title='bbox 1476 2635 1507 2666; x_wconf 78' lang='grc' dir='ltr'><strong>(ὸ)</strong></span> <span class='ocrx_word' id='word_1_729' title='bbox 1531 2636 1591 2659; x_wconf 82' lang='lat' dir='ltr'><strong>Item</strong></span> <span class='ocrx_word' id='word_1_730' title='bbox 1621 2635 1750 2660; x_wconf 76' lang='lat' dir='ltr'><strong>invitatur.</strong></span> <span class='ocrx_word' id='word_1_731' title='bbox 1769 2648 1798 2655; x_wconf 88' lang='lat'>-</span> 
     </span>
    </p>
   </div>
   <div class='ocr_carea' id='block_1_11' title="bbox 1023 2674 1259 2703">
    <p class='ocr_par' dir='ltr' id='par_1_11' title="bbox 1023 2674 1259 2703">
     <span class='ocr_line' id='line_1_104' title="bbox 1023 2674 1259 2703; baseline -0.008 -4"><span class='ocrx_word' id='word_1_732' title='bbox 1023 2676 1050 2703; x_wconf 63' lang='grc' dir='ltr'><strong>(τ’)</strong></span> <span class='ocrx_word' id='word_1_733' title='bbox 1067 2676 1125 2699; x_wconf 65' lang='lat' dir='ltr'><strong>[tvm</strong></span> <span class='ocrx_word' id='word_1_734' title='bbox 1142 2674 1206 2697; x_wconf 48' lang='lat' dir='ltr'><strong>(cest</strong></span> <span class='ocrx_word' id='word_1_735' title='bbox 1219 2674 1259 2697; x_wconf 55' lang='lat' dir='ltr'><strong>dc.</strong></span> 
     </span>
    </p>
   </div>
   <div class='ocr_carea' id='block_1_12' title="bbox 1982 0 2004 282">
    <p class='ocr_par' dir='ltr' id='par_1_12' title="bbox 1982 0 2004 282">
     <span class='ocr_line' id='line_1_105' title="bbox 1982 0 2004 282; textangle 90"><span class='ocrx_word' id='word_1_736' title='bbox 1982 0 2004 282; x_wconf 41' lang='lat' dir='ltr'><strong>„nnat—‘niumm</strong></span> 
     </span>
    </p>
   </div>
  </div>
 </body>
</html>
