2004 3037
206 235 265 265 392
841 228 1174 263 CONFESSIONALE.

239 299 560 337 Vigesimumquintum
568 298 687 336 require
698 297 847 335 particula
859 305 946 327 xxxv.

241 346 382 376 Fortassis
391 346 580 384 apparebunt
590 347 619 374 et
632 345 683 374 aiii
697 353 783 373 casus
789 355 797 381 ;
809 345 863 373 sed
877 345 914 373 de
921 345 984 373 istis

203 394 312 422 dixisse
327 393 466 428 sufficiat,
479 393 533 430 qui
555 392 596 421 ad
613 400 742 429 praesens
763 391 916 420 memoriae
930 399 982 419 oc-

202 442 366 470 currerunt.
382 442 416 469 Et
430 439 574 477 quoniam

231 501 318 527 Rebus
331 501 358 526 iu
367 501 498 529 humanis.
508 500 573 525 nihii
584 499 656 525 omni
667 501 738 530 parte
750 499 872 531 beatum,

233 537 307 566 Quod
318 538 387 562 Deus
401 544 468 561 unus
477 537 564 566 habet,
577 536 618 560 cui
631 536 746 567 subjacet
759 541 837 560 omne
850 536 980 560 creatum:

233 573 310 598 Plura
322 573 428 605 quidem
444 573 514 598 dictu
528 573 607 602 bona,
622 578 680 596 cum
696 578 765 603 reor,
779 578 835 595 esse
846 571 935 596 relicta
942 589 951 602 ‚

233 609 295 633 Haec
311 616 415 641 quoque
432 615 579 641 cognos003
591 607 683 632 merito
700 607 802 631 veniam
817 607 880 631 mihi
891 614 981 639 posco.

233 644 343 676 Christe,
360 651 433 669 reum
449 651 541 676 purga,
556 644 597 668 fac
612 643 718 675 dignum
729 650 791 667 vera
803 643 908 674 Sophia.

232 680 298 711 Lux,
316 680 378 711 dux,
391 680 453 709 vita,
466 679 517 711 via,
527 680 567 704 fer
581 685 658 710 opem
669 685 753 710 prece,
767 679 847 709 Virgo
861 679 950 703 Maria.

232 716 282 741 Fac
293 715 416 748 precibus
425 718 535 747 gratum.
550 715 632 747 culpae
647 714 771 739 solvendo
783 716 892 739 reatum.

232 752 283 776 Fac
297 759 373 776 cruce
388 751 538 776 damnatum
557 751 688 783 quondam
698 769 704 779 .
722 757 791 775 nunc
807 750 980 781 clarificatum,

232 787 323 819 Virgo,
339 789 412 812 tuum
421 789 511 811 natum
526 787 580 811 siue
593 787 643 810 fine
657 785 746 810 videre
759 786 863 810 beatum
872 803 880 816 ‚

233 824 315 852 Quem
329 823 456 852 dilexisti,
467 823 540 848 molli
554 822 652 854 gremio
668 821 771 846 tenuisti
782 840 790 853 ‚

231 859 317 883 Ubere
329 859 448 891 nutristi,
462 859 503 883 cui
517 859 556 883 iac
571 865 673 883 sacrum
685 857 809 888 tribuisti,

232 895 282 920 Fac
292 894 384 919 taciem
396 894 490 919 Christi
504 901 660 926 cognoscere
672 912 679 925 ,
693 900 770 926 quem
784 891 904 925 genuisti.

237 958 277 987 De
292 965 353 994 qua
365 957 440 986 facie
455 957 587 994 loquitur
601 956 768 993 Apostolus,
784 964 852 984 cum
867 955 957 984 dicit¹
971 964 979 983 :

205 1004 335 1032 Videmus
348 1013 419 1032 nunc
433 1012 482 1040 per
497 1005 644 1040 speculum,
659 1008 683 1032 et
699 1005 730 1031 in
743 1005 901 1038 oeniqmate,
918 1005 981 1031 tunc

201 1053 291 1079 autem
309 1052 381 1086 facie
400 1051 437 1079 ad
458 1053 568 1086 taciem.
590 1051 668 1080 Nunc
686 1058 810 1087 cognosco
830 1058 864 1079 ez·
885 1052 980 1086 parte,

1039 300 1102 326 tunc
1122 299 1211 326 autem
1226 304 1381 332 cognoscam
1398 297 1469 326 sicut
1488 299 1513 325 et
1527 298 1647 333 manitus
1668 306 1737 328 sum.
1751 301 1816 330 Haec

1036 344 1127 373 facies
1137 352 1252 373 summe
1262 343 1414 373 luminosa
1425 345 1468 372 est
1481 343 1550 372 finis
1559 344 1695 373 omnium
1706 346 1817 376 studio-

1037 400 1104 420 rum
1112 401 1121 427 3
1137 400 1252 420 summe
1266 391 1406 427 gratiosa,
1419 390 1488 419 finis
1503 391 1639 419 omnium
1652 391 1816 423 desiderio-

1037 446 1119 474 rum3
1132 446 1248 466 summe
1261 437 1406 472 virtuosa,
1417 437 1486 465 finis
1500 437 1636 466 omnium
1650 446 1817 468 sacramen-

1036 486 1136 513 torum
1143 495 1151 521 ;
1161 484 1407 513 sufficientissime
1418 483 1550 520 copiosa,
1558 486 1602 512 est
1608 484 1817 515 finisomnium

1036 531 1176 560 laborum
1191 533 1219 560 et
1234 531 1385 560 dolorum.
1409 532 1447 559 ne
1467 530 1524 559 hac
1542 531 1618 559 facie
1637 532 1816 567 Augustinus

1037 579 1077 607 ait
1092 587 1100 607 ε
1118 588 1132 605 α
1147 579 1247 607 Facies
1264 578 1314 607 Dei
1327 578 1526 607 manifestatio
1544 578 1608 614 ejus
1622 578 1817 614 intelligenda

1037 627 1089 654 est.
1105 636 1119 652 »
1136 626 1216 654 Hanc
1231 625 1354 662 optabat
1372 620 1552 660 cognoscere
1578 625 1630 653 ille
1643 625 1815 654 mitissimus

1036 674 1141 707 Moses,
1156 672 1260 700 dicens
1273 670 1285 687 ¹
1300 680 1308 699 :
1323 672 1355 700 Si
1368 673 1460 700 invem·
1479 673 1600 708 qratiam
1622 673 1653 700 in
1675 675 1816 708 conspectu

1037 721 1099 753 tuo,
1114 719 1222 746 ostende
1243 719 1314 746 mihi
1332 719 1431 752 faciem
1449 720 1536 752 tuam,
1556 721 1588 746 ut
1605 721 1690 747 sciam
1712 723 1746 748 te.
1768 719 1814 748 Ad

1035 765 1113 794 hanc
1133 764 1241 795 faeiem
1262 764 1418 801 pervenire
1440 766 1484 793 est
1501 764 1570 793 finis
1590 765 1653 794 sine
1676 765 1746 794 fine.
1769 766 1814 795 Ad

1036 819 1129 848 quam
1141 811 1243 847 finem,
1253 811 1354 839 omnia
1368 810 1530 845 finientem,
1542 819 1598 839 nos
1606 812 1750 848 perducat
1760 812 1813 841 bo-

1036 858 1113 886 nitas
1121 857 1246 893 infinita,
1257 859 1351 893 Pater,
1361 859 1390 886 et
1399 857 1498 892 Filius,
1511 859 1540 886 et
1550 857 1673 894 Spiritus
1682 860 1811 893 sanctus,

1035 906 1123 933 Beata
1135 905 1258 933 Trinitas
1271 912 1348 932 unus
1365 906 1449 933 Deus.
1467 904 1522 939 Qui
1536 907 1580 934 est
1593 904 1767 933 benedictus
1780 905 1811 933 in

1035 951 1143 981 saecula
1156 951 1345 980 saeculorum.
1361 953 1463 980 Amen.

1067 1055 1073 1069 ¹
1090 1054 1097 1079 i
1114 1053 1183 1084 cor„
1201 1059 1259 1086 xm,
1275 1054 1313 1078 ¹2.
1327 1066 1359 1072 —
1375 1053 1385 1069 ²
1400 1051 1490 1082 End„
1507 1057 1603 1082 xxxin,
1622 1053 1658 1077 ¹3.
