2004 3037
185 274 224 301 66
521 263 780 298 COMPENDIUM
802 262 1064 296 THEOLOGICAE
1083 261 1309 295 VERITATIS.
1333 262 1411 294 LIB.
1435 261 1460 293 1.

183 338 305 374 Propter
322 335 440 364 tertium
460 333 567 363 dieitur
581 333 669 362 Filius
685 335 775 361 virtus
791 333 902 366 Patris;
921 331 962 360 ad

183 383 348 412 Corinthios
361 383 387 410 ¹:
402 382 459 411 Nos
471 383 560 409 autem
571 381 750 416 proedicamus
767 379 902 407 Christum
911 379 962 406 Dei

182 433 310 459 virtutem
320 449 329 463 ‚
357 431 384 457 et
411 429 462 456 Dei
488 429 662 464 sapientiam.
689 426 838 456 Invenitur
871 424 962 453 etiam

182 477 283 512 imago
293 475 438 504 Trinitatis
449 475 480 503 in
491 474 590 510 nobis,
606 473 745 502 videlieet
758 473 789 500 in
803 471 959 506 memoria,

181 522 375 558 intelligentia
394 524 423 550 et
440 521 604 556 voluntate,
618 521 666 549 vel
680 520 711 548 in
725 521 838 554 mente,
857 517 961 546 notitia

182 572 211 598 et
223 578 338 598 amore:
355 569 386 597 in
400 568 509 605 quibus
523 576 576 604 per
587 567 724 595 ordinem
736 565 823 600 Patri,
838 567 866 593 et
875 564 960 598 Filio,

182 616 338 653 etSpiritui
351 617 452 644 sancio
468 614 676 643 assimilamur.

449 709 592 744 CAPUT
616 708 690 743 VII.

374 782 450 817 Quod
467 782 586 818 Spiritus
604 782 710 808 sanctus
729 781 775 807 est.

218 853 370 882 Emanatio
394 852 506 889 duplex
531 852 574 879 est
596 850 626 878 iu
652 849 761 877 divinis
784 857 790 876 :
822 854 883 875 una
906 853 961 882 per

182 901 307 929 modum
317 901 438 934 naturae,
450 901 478 926 et
491 898 552 926 haec
565 899 607 925 est
621 895 783 932 generatio,
795 893 961 922 seeundum

182 956 273 985 quam
293 947 380 975 Filius
403 948 446 974 est
462 953 480 973 a
501 946 597 978 Patre3
616 943 675 971 alia
699 944 741 970 est
758 949 812 978 per
833 939 961 968 modum

180 995 356 1028 voluntatis,
380 994 407 1021 et
430 993 492 1020 haec
513 993 555 1019 est
578 990 728 1027 processio
758 986 958 1024 appropriata.

180 1041 299 1077 Proprie
314 1047 386 1068 vero
405 1038 512 1067 dicitur
530 1038 664 1073 spiratio,
683 1035 849 1064 seeundum
869 1040 961 1069 quam

180 1087 302 1124 Spiritus
326 1088 444 1114 sanctus
470 1087 513 1113 est
539 1093 557 1112 a
581 1085 662 1112 Patre
685 1085 712 1110 et
737 1081 819 1110 Filio.
849 1080 959 1109 Idcirco

181 1137 279 1163 autem
306 1134 370 1162 hoee
393 1132 541 1161 emanatio
565 1125 618 1167 per
646 1129 773 1158 modum
800 1127 960 1156 voluntatis

181 1190 243 1210 esse
268 1181 392 1215 dieitur,
413 1179 484 1215 quia
504 1178 627 1215 Spiritus
646 1178 764 1204 sanctus
787 1183 872 1203 amor
894 1176 958 1202 est:

181 1237 266 1256 amor
292 1229 392 1255 autem
419 1225 583 1254 secundum
609 1224 793 1252 voluntatem
817 1223 868 1250 est.
893 1223 960 1250 Pro-

181 1275 259 1304 cedit
273 1277 372 1303 autem
386 1273 508 1309 Spiritus
519 1273 637 1300 sanetus
652 1279 670 1298 a
684 1271 765 1298 Patre
776 1269 915 1302 mediate,
933 1270 961 1296 et

180 1321 369 1350 immediate:
386 1319 524 1352 mediate,
546 1319 617 1355 quia
632 1317 719 1345 Filius
742 1316 840 1352 ipsum
858 1315 959 1351 spirat,

181 1369 232 1406 qui
250 1369 308 1396 hoo
323 1368 414 1395 habet
436 1375 454 1394 a
477 1367 576 1400 Patre;
600 1364 770 1392 immediate
787 1370 872 1397 vero,
890 1362 961 1398 quia

180 1416 242 1452 ipse
259 1417 340 1444 Pater
355 1415 453 1451 ipsum
469 1413 569 1449 spirat.
943 1411 946 1413 ’

421 1506 580 1542 CAPUT
614 1505 718 1539 VIII.

238 1583 360 1619 Spiritus
378 1582 485 1608 sanctus
505 1585 582 1605 amor
602 1577 693 1604 I’atri‘s
713 1578 737 1602 et
758 1575 825 1602 Filii
844 1577 893 1601 est.

218 1652 340 1689 Spiritus
355 1652 470 1677 sanetus
491 1655 576 1675 amor
598 1646 645 1674 Dei
666 1647 708 1673 est
725 1655 730 1672 :
749 1647 776 1672 et
798 1645 854 1672 1100
870 1643 963 1679 tripli-

183 1700 264 1733 citer,
290 1697 440 1730 videlieet,
470 1693 670 1725 essentialiter,
698 1691 905 1728 personaliter,
936 1692 964 1717 et

184 1746 400 1782 exemplariter.
415 1742 612 1771 Essentialiter
626 1740 749 1776 Spiritus
764 1741 881 1766 sanetus
894 1738 964 1765 diei-

183 1797 229 1822 tur
245 1801 344 1827 amor,
362 1792 392 1818 in
408 1792 552 1826 quantum
570 1789 631 1824 ipse
651 1795 718 1814 eum
741 1788 821 1813 Patre
842 1788 869 1812 et
891 1785 963 1812 Filio

184 1848 261 1868 uuus
275 1841 349 1867 Deus
361 1840 411 1865 est.
428 1836 483 1873 Ipsi
495 1835 574 1863 enim
586 1837 654 1868 treS,
668 1833 697 1860 in
711 1835 855 1868 quantum
871 1839 964 1859 unum

185 1888 252 1914 sunt
272 1886 302 1913 in
321 1885 446 1912 essentia
459 1905 465 1917 ,
481 1882 610 1917 diligunt
632 1889 662 1908 se
678 1888 780 1907 amore
806 1877 963 1912 essentiali,

185 1934 235 1970 qui
260 1931 468 1969 appropriatur
494 1929 611 1964 Spiritui
634 1929 746 1954 sancto.
771 1925 964 1953 Personaliter

184 1989 256 2008 vero
271 1979 377 2006 dieitur
391 1977 513 2013 Spiritus
528 1976 646 2003 sauctus
661 1981 759 2007 amor,
774 1973 803 1999 in
820 1974 964 2008 quantum

184 2027 246 2063 ipse
262 2028 303 2054 est
318 2033 410 2053 nexus
421 2023 510 2051 Patris
523 2024 550 2050 01
561 2021 632 2049 Filii.
647 2022 731 2048 Pater
742 2019 820 2047 euim
836 2020 864 2046 et
876 2018 965 2045 Filius

186 2074 313 2108 diligunt
332 2080 362 2099 se
378 2079 479 2099 amore
500 2069 537 2097 ali
562 2069 603 2096 eis
623 2067 821 2103 procedente,
837 2065 965 2101 quinon

186 2123 227 2149 est
243 2122 341 2154 l’atcr,
360 2127 413 2146 nee
433 2117 538 2150 Filius,
560 2115 612 2143 sed
634 2115 757 2151 Spiritus
776 2115 902 2141 sanctus.
927 2114 965 2139 De

185 2168 242 2195 1100
254 2175 332 2194 nexu
346 2165 416 2193 dicit
428 2163 605 2199 Augustinus
618 2171 624 2189 ι
639 2172 651 2187 «
669 2163 715 2189 Est
728 2159 886 2188 ineffabilis
902 2159 966 2194 qui-

187 2214 256 2241 dam
273 2212 442 2247 complexus
465 2211 494 2237 iu
510 2210 561 2237 illa
580 2208 733 2241 'l'i-initate,
751 2215 811 2233 non
835 2206 966 2241 genitus,

186 2261 238 2289 sed
265 2259 404 2295 genitoris
429 2258 577 2292 genitique
601 2256 744 2289 suavitas,
772 2254 880 2289 ingenti
910 2254 965 2280 lar-

187 2308 274 2344 gitate
295 2305 476 2342 perfundens
501 2311 604 2331 omnes
626 2304 773 2330 creaturas
794 2310 848 2336 pro
876 2303 963 2335 captu

187 2362 298 2383 earum.
318 2363 331 2379 1)
349 2350 560 2387 Exemplaritcr
575 2357 697 2385 quoque
715 2348 820 2375 dieitur
842 2347 963 2382 Spiritus

186 2403 304 2430 sanctus
315 2408 409 2433 amor,
426 2397 569 2434 quoniam
589 2396 698 2423 amoris
713 2394 840 2429 gratuiti,
858 2393 907 2429 qui
923 2396 965 2420 est

187 2450 216 2478 in
242 2448 347 2480 nobis,
372 2445 494 2481 Spiritus
523 2445 640 2471 sanctus
670 2449 730 2469 nou
755 2441 854 2468 solum
878 2448 966 2467 causa

187 2499 229 2524 est
248 2495 394 2528 officinm,
417 2492 469 2519 sed
495 2490 582 2518 etiam
605 2489 755 2524 exemplar
779 2490 867 2523 atque
887 2487 963 2514 linis.

187 2545 276 2571 Amor
291 2541 369 2569 enim
381 2539 431 2575 qui
448 2536 639 2570 05110001115,
655 2538 697 2563 est
711 2544 727 2562 a
742 2534 848 2570 Spiritu
863 2535 964 2561 saneto

188 2589 366 2616 etlieieuter:
393 2588 420 2614 et
441 2586 516 2618 1100,
540 2584 569 2611 iu
590 2585 734 2619 quantum
760 2581 822 2617 ipse
843 2580 965 2615 Spiritus

187 2638 304 2663 sanctus
326 2636 368 2662 est
392 2635 475 2661 Deus,
507 2629 718 2665 Exemplariter
742 2630 840 2656 autem
865 2629 909 2654 est
935 2627 965 2653 iu

222 2735 334 2759 ·1[·ω-.,
350 2739 366 2756 1.
382 2733 409 2754 25

1017 330 1116 365 nobis,
1141 330 1173 358 in
1199 330 1346 367 quantum
1369 329 1434 365 ipse
1459 328 1582 365 Spiritus
1611 331 1728 358 sanetus
1754 332 1799 360 est

1017 377 1182 414 procedens
1196 385 1250 413 per
1263 376 1390 404 modum
1409 375 1520 403 amoris
1539 383 1557 403 a
1575 377 1656 404 Patre
1671 378 1700 404 et
1712 375 1796 406 Filio.

1017 424 1075 453 Sed
1087 423 1215 452 finaliter
1230 425 1272 451 est
1285 423 1316 451 in
1330 422 1418 451 nobis
1431 425 1530 450 noster
1545 430 1640 458 amor,
1656 423 1688 450 in
1700 431 1798 459 quan·

1017 474 1080 500 tum
1097 471 1220 508 Spiritus
1239 472 1375 505 sanetus,
1394 478 1412 498 a
1434 479 1496 507 quo
1518 478 1603 499 amor
1622 473 1723 499 noster
1743 473 1796 508 est,

1016 519 1107 548 habet
1119 519 1265 548 rationem
1274 519 1362 555 primi
1374 519 1458 553 boni,
1471 519 1503 546 in
1515 519 1599 555 quod
1609 519 1703 547 tendit
1712 527 1799 548 amor

1017 568 1127 594 noster.
1143 566 1312 595 Notandum
1338 566 1421 602 quod
1442 574 1528 594 amor
1545 565 1597 602 qui
1621 568 1664 594 est
1676 566 1798 602 Spiritus

1017 615 1151 648 sanctus,
1173 621 1210 641 ex
1229 613 1322 641 modo
1339 612 1522 649 procedendi
1546 615 1589 641 est
1611 620 1725 647 nexus,
1745 612 1799 642 sed

1017 662 1139 696 propter
1163 659 1259 696 ipsam
1282 659 1504 696 processionem
1531 661 1573 687 est
1600 659 1753 688 distinctus
1781 668 1799 688 a

1018 708 1100 734 Patre
1115 708 1143 734 et
1158 706 1230 734 Filio
1243 716 1250 741 3
1265 710 1388 743 propter
1401 708 1513 734 naturae
1527 713 1598 734 vero
1613 706 1719 734 divinae
1733 714 1799 743 per-

1016 752 1192 786 fectionem,
1215 755 1258 780 est
1285 760 1415 789 persona
1443 755 1470 780 et
1483 753 1670 789 suppositum
1686 762 1693 780 :
1711 761 1799 790 prop-

1016 801 1060 827 ter
1071 799 1205 828 dlvinam
1220 807 1291 828 vero
1305 799 1542 836 simplicitatem,
1557 801 1600 828 est
1613 799 1676 836 ipse
1705 801 1780 828 Deus
1789 822 1797 835 ‚

1017 849 1045 874 et
1071 854 1186 874 summe
1211 846 1319 874 bonus.
1351 845 1439 881 igitur
1465 846 1588 883 Spir'rtus
1615 849 1733 875 sanctus
1757 849 1800 875 est

1017 901 1118 926 amor,
1141 900 1202 929 quo
1223 894 1306 921 Pater
1333 894 1362 921 et
1384 892 1473 920 Filius
1496 900 1528 920 se
1557 892 1695 928 diligunt.
1725 894 1799 922 Cum

1017 942 1117 967 autem
1131 939 1238 967 dicitur
1251 949 1257 967 z
1276 950 1290 965 α
1306 941 1389 967 Pater
1401 941 1429 967 et
1442 939 1531 967 Filius
1545 939 1673 975 diligunt
1686 947 1717 968 se
1734 939 1799 976 Spi-

1016 987 1074 1014 ritu
1092 989 1209 1021 saneto,
1225 998 1238 1012 υ
1266 986 1425 1022 dupliciter
1443 986 1552 1022 exponi
1573 989 1678 1022 potest.
1702 986 1799 1015 PrImo

1017 1033 1058 1061 sic
1074 1043 1080 1061 :
1107 1033 1235 1068 Diligunt
1254 1041 1285 1061 se
1309 1033 1417 1069 Spiritu
1440 1035 1542 1061 sancto
1553 1055 1561 1068 ‚
1578 1033 1609 1061 id
1624 1035 1681 1068 est,
1697 1041 1799 1061 amore

1017 1079 1069 1116 qui
1085 1081 1127 1108 est
1141 1079 1265 1116 Spiritus
1279 1082 1397 1107 sanetus
1413 1089 1419 1107 ι
1437 1082 1465 1107 et
1479 1079 1644 1107 secundum
1660 1079 1716 1107 hoe
1730 1087 1799 1116 pro-

1016 1126 1125 1162 positio
1138 1128 1180 1154 est
1194 1134 1274 1154 vera.
1287 1126 1424 1155 Secundo
1435 1126 1490 1154 sic:
1508 1126 1635 1162 Diligunt
1646 1134 1676 1153 se
1691 1126 1799 1163 Spiritu

1016 1175 1134 1208 sancto,
1155 1173 1186 1200 id
1202 1175 1262 1207 est,
1278 1181 1330 1209 per
1346 1173 1486 1209 Spiritum
1508 1175 1663 1207 sanctum,
1678 1173 1727 1200 vel
1745 1181 1799 1209 per

1018 1228 1153 1248 amorem
1168 1220 1220 1256 qui
1232 1221 1275 1248 est
1287 1219 1410 1256 Spiritus
1425 1221 1544 1247 sanctus
1561 1229 1567 1247 :
1580 1221 1608 1247 et
1627 1219 1667 1247 sic
1680 1227 1742 1247 non
1757 1221 1799 1247 est

1017 1267 1225 1301 concedenda,
1255 1267 1326 1303 quia
1340 1275 1402 1295 non
1417 1269 1459 1295 est
1472 1266 1514 1295 ibi
1536 1266 1651 1303 aliquid
1665 1268 1799 1302 respectu

1017 1315 1101 1350 eujus
1115 1315 1178 1342 haee
1195 1314 1286 1342 dictio
1301 1316 1351 1342 Per
1365 1314 1444 1342 dicat
1455 1314 1644 1350 principium.
1660 1315 1705 1341 Est
1719 1314 1799 1341 enim

1017 1361 1130 1398 regula,
1146 1361 1229 1398 quod
1243 1361 1307 1389 haec
1323 1361 1413 1389 dictio
1430 1362 1480 1388 Per
1495 1369 1613 1397 semper
1626 1361 1697 1389 dicit
1710 1361 1799 1389 ratio-

1018 1417 1086 1436 nem
1108 1408 1244 1444 principii
1265 1411 1399 1444 respectu
1421 1408 1545 1448 alicujus
1566 1408 1653 1444 positi
1670 1408 1699 1435 in
1714 1408 1798 1436 1000-

1020 1456 1097 1483 tione
1115 1465 1120 1482 :
1143 1456 1219 1483 sicut
1235 1455 1357 1491 quando
1380 1454 1486 1482 dicitur
1505 1464 1511 1482 :
1531 1465 1544 1481 α
1560 1456 1642 1483 Pater
1661 1457 1800 1491 operatur

1019 1504 1167 1530 creaturas
1181 1511 1234 1538 per
1250 1502 1372 1537 Filium3
1389 1512 1402 1528 »
1428 1501 1469 1529 ibi
1491 1501 1569 1529 enim
1588 1503 1706 1529 notatur
1724 1501 1798 1529 ratio

1018 1549 1154 1585 principii
1171 1549 1200 1576 iu
1221 1549 1292 1577 Filio
1309 1551 1444 1585 respectu
1465 1549 1570 1584 operis.
1587 1549 1722 1576 Similiter
1737 1548 1798 1576 haec

1019 1596 1213 1624 conceditur:
1244 1607 1256 1621 α
1281 1596 1368 1623 Filius
1392 1598 1531 1632 operatur
1555 1604 1606 1631 per
1631 1597 1765 1623 Patrem:
1783 1605 1796 1620 »

1019 1651 1088 1670 nam
1104 1642 1143 1669 ibi
1161 1642 1235 1670 ratio
1250 1642 1385 1678 principii
1407 1642 1436 1669 iu
1455 1644 1536 1670 Patre
1555 1644 1616 1676 est,
1631 1644 1658 1670 et
1672 1641 1729 1669 1100
1744 1641 1799 1669 (10-

1019 1689 1086 1724 plici
1102 1692 1246 1725 respectu,
1262 1689 1371 1717 scilicet
1385 1692 1518 1726 respectu
1533 1689 1606 1724 Filii,
1623 1691 1651 1717 01
1665 1690 1799 1725 respectu

1019 1744 1126 1771 operis.

1265 1788 1289 1821 C
1300 1789 1329 1820 A
1341 1788 1366 1820 P
1378 1788 1407 1821 U
1418 1788 1444 1820 T
1480 1788 1546 1820 lx.

1033 1857 1153 1893 Spiritus
1166 1859 1272 1884 sanctus
1288 1857 1408 1884 charitas
1422 1860 1448 1884 et
1463 1858 1561 1884 donum
1575 1859 1723 1884 sanctorum
1739 1859 1786 1884 est.

1056 1926 1128 1952 Cum
1156 1924 1322 1952 inveniatur
1357 1932 1432 1960 saepe
1466 1924 1497 1951 in
1529 1924 1684 1960 Scripturis
1717 1924 1801 1960 quod

1019 1971 1142 2007 Spiritus
1157 1973 1274 1998 sanctus
1289 1971 1408 1998 charitas
1431 1974 1459 1998 et
1478 1971 1575 1998 donum
1592 1970 1699 1998 dicitur
1710 1991 1718 2005 ‚
1736 1970 1801 1998 dili·

1020 2021 1121 2053 genter
1142 2017 1309 2045 notandum
1330 2020 1389 2051 est,
1413 2017 1539 2054 qualiter
1560 2017 1616 2045 hoc
1637 2017 1803 2045 (101100110-

1020 2065 1127 2100 telligi,
1149 2067 1177 2092 et
1199 2067 1299 2092 utrum
1314 2064 1437 2100 Spiritus
1460 2066 1577 2092 sanetus
1600 2064 1635 2091 sit
1654 2064 1797 2098 charitas,

1021 2120 1081 2148 qua
1105 2120 1158 2139 nos
1181 2114 1271 2139 Deum
1293 2114 1320 2139 et
1343 2111 1514 2147 proximum
1540 2111 1700 2145 diligimus.
1719 2111 1798 2138 Unde

1020 2158 1187 2186 notandum
1200 2161 1256 2192 est,
1273 2158 1355 2194 quod
1371 2166 1470 2192 amor,
1481 2158 1541 2185 sive
1553 2157 1689 2190 charitas,
1705 2157 1797 2184 tribus

1022 2207 1120 2235 modis
1135 2207 1268 2234 sumitur.
1284 2208 1345 2233 l'no
1361 2206 1453 2233 modo
1470 2205 1618 2238 effective,
1632 2207 1659 2231 et
1674 2203 1714 2231 sic
1729 2204 1797 2231 abs-

1021 2262 1078 2289 que
1101 2253 1194 2280 dubio
1219 2261 1323 2280 verum
1348 2254 1405 2285 est,
1429 2251 1510 2287 quod
1535 2250 1656 2286 Spiritus
1679 2252 1796 2278 sanctus

1021 2303 1063 2328 cst
1085 2307 1184 2330 amor.
1200 2307 1260 2335 quo
1282 2298 1434 2333 diligimus
1456 2299 1560 2331 Deum,
1579 2297 1649 2333 quia
1673 2297 1795 2333 Spiritus

1021 2349 1137 2374 sanctus
1156 2347 1294 2381 operatur
1315 2345 1344 2372 in
1369 2344 1456 2372 nobis
1478 2344 1611 2372 habitum
1634 2346 1661 2371 et
1681 2345 1794 2371 motum

1023 2393 1178 2421 charitatis
1205 2392 1268 2420 Alio
1295 2391 1386 2418 modo
1417 2391 1541 2418 sumitur
1565 2390 1770 2426 exemplariter
1786 2399 1791 2417 ι

1020 2440 1060 2466 510
1077 2439 1164 2466 etiam
1179 2438 1301 2474 Spiritus
1315 2440 1433 2465 sanctus
1448 2439 1490 2465 est
1505 2437 1630 2465 charitas
1650 2445 1710 2472 qua
1729 2436 1795 2464 dili-

1022 2487 1118 2521 gimus
1135 2487 1224 2512 Deum
1241 2487 1267 2512 01
1282 2484 1452 2519 proximum
1469 2493 1475 2511 z
1492 2484 1616 2511 charitas
1631 2483 1711 2511 enim
1729 2491 1794 2518 quae

1021 2535 1063 2560 cst
1078 2532 1199 2568 Spiritus
1214 2532 1346 2564 5000105,
1361 2533 1402 2558 est
1423 2530 1576 2566 exemplar
1596 2532 1702 2558 nostrie
1727 2530 1794 2557 0110-

1020 2579 1120 2606 ritatis.
1137 2578 1231 2606 Tertio
1247 2577 1339 2604 modo
1355 2577 1479 2604 sumitur
1493 2577 1618 2604 charitas
1633 2576 1795 2604 formaliter

1021 2634 1074 2661 per
1088 2625 1213 2653 modum
1229 2623 1403 2652 inhierentiae
1418 2633 1423 2651 z
1442 2626 1469 2651 et
1483 2623 1524 2651 510
1541 2624 1667 2651 charitas
1689 2623 1795 2651 dicitur

1020 2672 1134 2700 virtutis
1149 2671 1267 2699 habitus
1282 2671 1311 2698 in
1326 2671 1439 2704 anima,
1454 2678 1515 2706 quo
1537 2670 1688 2705 diligimus
1704 2671 1795 2698 Deum

1021 2722 1048 2746 et
1063 2719 1233 2754 proximum
1249 2728 1254 2745 1
1273 2720 1299 2745 et
1313 2717 1478 2745 seeundum
1497 2717 1576 2744 huuc
1596 2716 1721 2744 modum
1735 2716 1795 2751 Spi-
