2004 3037
626 170 744 203 INDEX
765 168 941 202 CAPITUM
961 168 1276 202 ALPHABETICUS.
1289 144 1297 148 -

148 240 187 268 De
208 239 415 269 Benedictione
438 247 500 277 qua
520 239 614 269 homo
634 238 785 269 benedicit
811 239 924 273 Deum,

182 294 248 324 cap.
262 294 314 316 vu.

147 334 187 363 De
209 333 417 364 Benedictione
438 342 499 371 qua
511 333 604 364 homo
623 332 738 363 homini
760 330 924 368 benedicit,

184 389 249 418 cap.
266 389 327 410 vm.

149 428 235 463 Quod
249 436 306 466 pro
320 427 470 458 Beneficiis
483 427 554 464 Dei,
569 428 625 466 ipsi
640 427 741 464 gratim
754 427 822 455 sunt
836 433 926 463 agen-

186 475 246 511 doe,
260 483 326 512 cap.
341 483 421 504 Lxui.

151 522 237 558 Quod
258 523 290 551 in
311 522 462 552 Beneficiis
479 521 618 551 humanis
637 521 730 551 homo
751 520 841 550 debet
863 527 926 549 esse

186 572 302 607 gratus,
318 577 384 606 cap.
395 577 471 599 inv.

150 618 189 646 De
204 617 383 653 Benignitate
398 616 448 645 Dei
462 616 502 645 ad
511 623 612 645 servos
627 623 714 652 suos,
730 623 795 652 cap.
811 623 854 645 ιιι.

151 665 190 693 De
203 663 390 700 Blasphemia
404 665 506 692 contra
521 665 624 698 Deum,
638 671 704 700 cap.
719 670 804 691 xxm.

151 712 189 739 De
203 711 289 739 Bonis
299 711 458 739 latentibus
471 710 547 739 inter
557 710 668 745 malm,
684 717 749 747 cap.
766 717 845 739 cxm.

151 759 190 786 De
203 759 352 786 Bonorum
367 758 571 795 oppressione,
587 766 653 794 cap.
670 766 716 786 cx.

151 806 189 833 De
203 805 291 833 Bonis
304 805 491 842 principibus
505 807 533 834 et
545 805 682 842 praelatis,
699 813 766 842 cap.
781 813 818 834 ci.

151 852 189 880 De
201 853 351 881 Bonorum
363 851 513 888 societate,
529 860 595 889 cap.
609 860 687 881 cxsx.

529 929 554 963 C

151 996 190 1023 De
205 994 368 1023 calliditate
384 995 412 1022 et
426 993 548 1029 astutia,
564 1001 630 1030 cap.
647 1002 704 1023 uv-

153 1043 191 1070 De
203 1041 318 1070 carnali
333 1041 450 1076 affectu,
465 1049 530 1078 cap.
546 1049 623 1070 xnv.

151 1089 190 1116 De
204 1088 355 1124 castitate,
371 1096 436 1125 cap.
452 1095 497 1117 xc.

151 1137 191 1164 De
207 1135 417 1172 compassione
434 1134 575 1164 habenda
594 1135 634 1164 ad
652 1135 841 1172 proximum,
861 1144 927 1174 cap.

187 1190 264 1211 xnv.

153 1232 191 1258 De
205 1229 371 1258 Concordia
386 1231 413 1258 et
425 1238 499 1267 pace
509 1251 516 1264 ‚
532 1238 596 1267 cap.
613 1238 711 1259 xcviii.

153 1278 191 1305 De
206 1276 395 1305 consessione
409 1277 537 1314 peccati,
552 1285 617 1314 cap.
630 1285 684 1306 cvr.

153 1325 190 1352 Dc
205 1323 390 1352 Confidentia
405 1326 433 1353 et
450 1325 708 1360 magnanimitate,
725 1332 790 1362 cap.
810 1332 929 1354 Lxxvur.

153 1371 191 1398 De
205 1372 355 1399 consensu
365 1371 517 1400 communi
529 1373 557 1399 et
570 1371 691 1407 unitate,
704 1380 769 1408 cap.
785 1379 862 1400 xmx.

154 1419 192 1446 De
205 1418 338 1446 Consiliis
352 1418 455 1453 bonis,
472 1427 536 1455 cap.
553 1426 610 1447 rvr.

153 1466 191 1493 De
223 1465 358 1493 Consiliis
389 1465 474 1494 malis
509 1468 537 1494 et
569 1465 827 1502 persuasionibus,
862 1473 928 1502 cap.

188 1520 291 1541 xxvm.

154 1561 192 1587 De
206 1559 413 1588 Consolatione
428 1559 544 1595 divina,
556 1567 620 1596 cap.
637 1568 677 1588 iv.

154 1608 193 1635 De
208 1607 377 1635 Constantia
392 1608 420 1635 et
433 1608 662 1643 perseverantia,
677 1615 742 1644 cap.
759 1615 843 1636 Lxxx.

154 1654 192 1682 De
221 1653 474 1689 Contemplatione
483 1674 492 1689 ,
523 1656 550 1682 et
579 1654 685 1683 mentis
715 1654 909 1684 illustratione
919 1676 929 1690 ,

189 1708 255 1737 cap.
269 1708 368 1728 xxxvr.

154 1749 192 1775 De
207 1747 347 1776 convitiis
363 1749 390 1775 et
405 1747 568 1783 derisione,
584 1755 650 1784 cap.
665 1756 731 1777 Lxx.

152 1796 190 1822 De
205 1795 392 1823 Correctione
405 1794 550 1830 fraterna,
566 1804 630 1831 cap.
647 1804 724 1824 xmu.

153 1843 191 1870 De
206 1842 381 1870 Credulitate
393 1841 467 1870 falsa
482 1844 510 1870 et
524 1842 702 1879 suspicione,
715 1851 781 1880 cap.
797 1852 864 1873 Lvn.

153 1889 191 1915 De
207 1888 291 1916 Cultu
305 1888 366 1922 Dei⁷
381 1890 409 1916 et
423 1888 614 1924 adoratione,
631 1898 695 1926 cap.
713 1898 772 1918 xxx.

153 1936 192 1963 De
207 1934 377 1964 Curiositate
393 1935 539 1971 humana,
553 1944 618 1973 cap.
635 1945 720 1965 cxxu.

528 2012 556 2045 D

154 2079 191 2105 De
206 2076 422 2105 Detractoribus
437 2078 465 2105 et
478 2076 647 2111 maledicis,
662 2084 727 2113 cap.
743 2084 820 2106 Lxxr.

154 2125 192 2151 De
208 2124 365 2152 Dilectione
381 2124 438 2158 Dei,
455 2132 519 2160 cap.
534 2132 578 2152 XL.

153 2172 191 2198 De
207 2170 364 2199 Dilectione
378 2171 522 2207 proximi,
534 2179 599 2206 cap.
612 2178 671 2199 xm.

153 2220 192 2246 De
209 2218 371 2253 Discordia,
388 2218 437 2246 lite
448 2239 457 2253 ,
470 2218 518 2246 vel
533 2218 611 2253 rixa,
629 2226 693 2255 cap.
712 2226 739 2246 L.

154 2267 192 2293 De
208 2265 383 2293 Discretione
396 2268 423 2293 et
436 2265 608 2301 prudentia,
625 2273 689 2302 cap.
706 2273 765 2294 Lm.

154 2313 192 2340 De
209 2312 316 2340 DuritIa
330 2314 357 2340 et
375 2312 570 2341 obstinatione
590 2313 756 2348 malorum,
773 2320 839 2349 cap.
860 2321 926 2341 cvu.

529 2389 555 2422 E

154 2455 192 2481 De
206 2453 350 2482 Ebrietate
365 2455 393 2481 et
405 2453 491 2489 gula,
507 2461 572 2490 cap.
587 2461 724 2483 Lxxxvm.

154 2501 191 2528 De
203 2500 412 2535 Electionibus,
427 2508 492 2536 cap.
508 2508 533 2529 c.

155 2547 193 2574 De
208 2547 377 2575 Eruditione
391 2547 533 2582 filiorum,
549 2555 614 2584 cap.
631 2556 676 2576 ιν.

155 2595 192 2621 De
216 2593 422 2622 Exhortatione
449 2594 530 2622 bona
554 2596 582 2622 et
608 2595 817 2631 praedicatione
827 2617 835 2631 ‚
861 2605 926 2633 cap.

188 2647 277 2669 xxvn.

1701 171 1761 202 485

1299 265 1303 269 '
1358 264 1384 298 F

980 332 1018 360 De
1031 330 1164 360 Fallaciis
1178 331 1356 366 mulierum,
1371 339 1437 368 cap.
1451 339 1570 361 cxxvm.

980 379 1019 407 De
1033 379 1117 407 Falsa
1131 379 1303 408 credulitate
1317 380 1347 407 et
1358 378 1538 415 suspicione,
1554 386 1620 416 cap.
1636 387 1705 408 nvn.

979 427 1018 454 De
1029 426 1098 454 Fide
1114 426 1255 455 habenda
1269 425 1309 454 ad
1324 427 1433 459 Deum,
1444 433 1510 462 cap.
1526 433 1626 454 xxxiv.

980 474 1019 501 De
1032 473 1182 501 Fidelitate
1196 472 1344 502 servanda
1356 472 1488 507 homiui,
1503 480 1569 509 cap.
1583 481 1674 502 xxxv.

981 521 1019 549 De
1034 520 1104 548 Fide
1117 528 1228 555 magna
1242 519 1402 548 mulierum
1413 540 1422 554 ,
1438 527 1503 556 cap.
1519 527 1618 549 cxxur.

981 568 1020 595 De
1034 567 1176 595 Filiorum
1191 567 1375 602 erudItione,
1386 575 1453 604 cap.
1469 575 1516 596 ιν.

980 615 1019 643 De
1034 613 1208 649 Fletu,·sive
1222 613 1378 651 lacrymis,
1393 621 1458 650 cap.
1474 621 1545 642 xvu.

982 662 1021 689 De
1035 660 1217 689 Fortitudine
1232 663 1260 688 et
1274 661 1458 696 strenuitate,
1475 668 1540 698 cap.
1557 668 1664 690 Lxxvn.

983 709 1021 736 De
1035 707 1218 736 Fortitudine
1232 708 1409 743 mulierum,
1423 715 1488 744 cap.
1505 715 1602 736 cxxvr.

984 755 1022 782 De
1040 754 1223 783 Fortitudine
1239 754 1278 782 ad
1292 754 1424 790 malum,
1440 762 1506 791 cap.
1520 762 1637 784 Lxxxrv.

983 802 1022 829 De
1036 802 1177 830 Fraterna
1192 801 1388 836 correctione,
1407 809 1472 838 cap.
1489 809 1566 831 Χιιιι.

982 849 1022 877 De
1036 849 1163 884 Furore,
1176 848 1226 877 vel
1240 848 1284 877 ira
1298 848 1366 884 Dei,
1382 856 1448 885 cap.
1464 856 1496 877 ιι.

1360 925 1388 959 G

984 991 1023 1018 De
1039 989 1142 1019 Gratiis
1158 990 1282 1026 agendis
1291 998 1346 1027 pro
1361 990 1514 1020 beneficiis
1524 990 1585 1027 Dei,
1603 999 1668 1028 cap.
1684 998 1764 1020 Lxm.

984 1040 1023 1067 De
1038 1038 1220 1067 Gratitudine
1248 1047 1304 1075 pro
1332 1039 1486 1068 beneficiis
1512 1039 1651 1068 humanis
1661 1061 1670 1076 ,
1699 1047 1764 1077 cap.

1019 1095 1097 1116 Lm.

1360 1122 1391 1155 H

984 1183 1023 1210 De
1036 1180 1222 1216 HomicidiiS,
1237 1188 1302 1217 cap.
1315 1188 1422 1209 [xxxv.

984 1229 1023 1256 De
1038 1230 1154 1257 Honore
1168 1229 1343 1264 parentum,
1359 1235 1427 1264 cap.
1443 1234 1514 1255 an.

984 1276 1024 1303 De
1038 1275 1238 1311 Hospitalitate
1259 1275 1387 1303 libenter
1409 1273 1596 1309 exhibenda,
1616 1282 1681 1311 cap.
1697 1283 1766 1304 xiv.

984 1324 1026 1351 Do
1041 1322 1208 1351 Humilitate
1217 1343 1225 1357 ,
1237 1330 1303 1358 cap.
1317 1329 1404 1350 xcvu.

984 1371 1023 1398 De
1038 1369 1192 1406 Hypocrisi
1205 1371 1232 1398 et
1246 1369 1446 1404 simulatione,
1461 1377 1526 1406 cap.
1541 1376 1627 1398 uxv.

1371 1446 1385 1478 I

985 1513 1025 1540 De
1039 1510 1221 1546 Idololatria,
1238 1518 1303 1547 cap.
1319 1518 1391 1539 xxii.

985 1559 1023 1587 De
1038 1558 1234 1587 Illustratione
1255 1557 1361 1586 mentis
1378 1559 1406 1586 et
1420 1557 1685 1594 contemplatione,
1701 1567 1767 1596 cap.

1021 1613 1122 1634 xxxvr

986 1655 1025 1683 De
1039 1652 1260 1683 ImmortaIItate
1274 1652 1427 1681 rationalis
1441 1652 1547 1680 animae
1557 1673 1566 1688 ,
1583 1661 1648 1690 cap.
1664 1660 1766 1681 xxxin.

985 1703 1023 1730 De
1038 1700 1222 1737 impatientia
1234 1701 1261 1728 et
1275 1708 1442 1734 murmure,
1457 1708 1522 1736 cap.
1533 1708 1629 1729 Lxxxr.

985 1750 1022 1777 De
1038 1747 1250 1777 lncontinentia
1260 1749 1287 1775 et
1302 1747 1439 1781 luxuria,
1454 1755 1519 1783 cap.
1537 1755 1593 1776 xm.

985 1798 1024 1825 De
1037 1794 1261 1831 ingratitudine,
1277 1802 1343 1830 cap.
1359 1802 1423 1822 va.

985 1845 1024 1872 De
1039 1842 1207 1876 Inimicitia,
1223 1844 1250 1870 et
1262 1841 1332 1869 odio
1342 1862 1351 1876 ,
1363 1849 1429 1878 cap.
1442 1849 1531 1870 xrvn.

985 1891 1023 1918 De
1038 1890 1201 1918 Intentione
1226 1891 1307 1917 recta
1329 1888 1360 1916 in
1389 1896 1479 1925 opere
1507 1888 1667 1924 habenda,
1698 1897 1763 1926 cap.

1020 1945 1096 1966 cxvr.

985 1984 1023 2012 De
1036 1983 1166 2018 Invidia,
1183 1990 1248 2018 cap.
1264 1989 1332 2010 xm.

985 2033 1023 2060 De
1037 2033 1082 2059 Ira
1096 2031 1145 2058 vel
1159 2030 1258 2058 furore
1273 2029 1334 2062 Dei,
1351 2036 1416 2064 cap.
1432 2037 1477 2057 ιιι,

984 2080 1022 2106 De
1037 2080 1082 2106 Ira
1095 2076 1224 2105 hominis
1237 2084 1291 2112 per
1304 2076 1411 2111 zelum,
1427 2084 1491 2112 cap.
1507 2084 1572 2105 xcv.

985 2127 1023 2153 De
1039 2126 1082 2153 Ira
1096 2124 1225 2152 hominis
1239 2132 1292 2160 per
1306 2124 1426 2160 vitium,
1443 2132 1508 2160 cap.
1524 2132 1580 2153 xer.

1365 2200 1384 2234 J

985 2269 1023 2296 De
1038 2265 1191 2300 Jactantia,
1207 2273 1272 2301 cap.
1288 2272 1364 2293 xcrx.

984 2315 1023 2342 De
1036 2312 1157 2342 Judiciis
1171 2312 1220 2340 Dei
1236 2311 1372 2346 occultis,
1389 2319 1454 2348 cap.
1471 2320 1500 2340 ιι.

984 2362 1022 2389 De
1036 2359 1156 2389 Judiciis
1170 2358 1337 2393 hominum,
1352 2366 1416 2394 cap.
1433 2367 1477 2387 Lx.

986 2409 1023 2435 De
1038 2408 1226 2439 Juramento,
1242 2413 1306 2441 cap.
1323 2413 1403 2433 xvm.

985 2455 1023 2482 De
1039 2453 1151 2482 lustitia
1165 2454 1192 2481 et
1206 2453 1352 2488 aequitate,
1368 2459 1432 2488 cap.
1449 2460 1505 2480 mx.

1361 2529 1388 2562 L

985 2599 1023 2625 De
1038 2597 1186 2633 Laerymis
1201 2597 1262 2625 sive
1276 2597 1357 2631 fletu,
1373 2604 1437 2632 cap.
1452 2604 1522 2624 xvn.

986 2646 1024 2672 De
1039 2644 1126 2672 bonis
1140 2644 1306 2672 Latentibus
1321 2643 1395 2671 inter
1409 2643 1515 2678 malos,
1532 2651 1596 2679 cap.
1613 2651 1688 2673 exul.
