2004 3037
172 2560 233 2586 Jeju-

146 2591 207 2612 nium
217 2591 252 2612 tri-

269 237 329 268 272

265 303 375 339 junans
397 301 502 339 quierit
524 308 562 329 ex
589 300 647 329 hoc
665 298 788 328 laudem
811 299 994 335 humanam,
1019 301 1048 328 et

267 349 371 386 gloriae
393 347 569 377 transitoriae
591 346 704 376 famam
726 355 734 375 :
759 354 832 375 nam
854 347 907 384 qui
929 347 1048 382 jejunat

267 398 389 433 propter
401 396 566 424 humanam
579 394 702 422 laudem
713 414 722 428 ‚
737 393 775 421 de
789 393 863 428 hoc,
878 393 964 430 quod
977 393 1048 421 sub-

266 443 356 472 trahit
368 443 421 471 uni
434 442 522 477 hosti,
537 441 631 478 pascit
645 440 796 477 duplicem
807 440 924 468 hostem
937 449 945 468 :
961 439 1047 476 quod

267 480 348 519 enim
366 490 456 518 unico
475 487 662 522 adversario,
684 486 796 515 scilicet
813 487 913 521 carni,
932 487 1050 515 subtra-

266 537 346 566 hitur
359 545 413 574 per
431 536 598 573 jejunium,
618 534 656 563 de
673 534 731 562 hoc
745 534 840 570 pascit
853 533 930 565 alios
950 533 1047 569 duos,

267 584 376 613 scilicet
399 583 560 612 diabolum
573 584 602 611 et
624 581 782 611 mundum.
801 580 869 608 Tale
889 582 953 608 erat
973 581 1049 616 jeju-

266 631 351 660 nium
365 631 577 660 Pharisaeorum
589 651 598 664 ,
615 628 652 657 de
669 628 779 665 quibus
802 627 911 655 dicitur
926 633 932 646 ¹
949 636 956 655 :
981 628 1047 656 Cum

263 679 396 714 jejunatis
408 700 415 712 ‚
431 679 515 706 nolite
533 678 595 712 fieri
614 678 685 704 sicut
706 676 854 710 hypocrita>
867 677 980 708 tristes3
1002 682 1048 702 ea·-

268 728 417 755 rerminant
431 727 502 753 enim
522 726 607 759 facies
621 731 685 751 suas
694 744 703 757 ,
717 726 749 750 ut
764 724 916 758 appareant
931 722 1048 749 homini-

268 774 315 801 bus
327 768 499 808 'iejtmantes,
515 773 569 800 etc.
585 773 632 799 Est
645 769 731 798 tertio
746 768 972 805 reprobandum
986 767 1048 796 val-

268 820 306 848 de
328 820 359 847 in
374 819 504 855 jejunio,
530 817 652 854 quando
674 817 812 853 jejunans
829 815 898 844 ideo
915 815 1047 850 jeJunat,

267 869 300 895 ut
315 869 418 903 parcat
436 866 547 900 bursae;
564 865 630 893 talis
646 864 725 892 enim
746 862 820 891 nihil
834 861 917 890 aliud
932 861 1047 889 videtur

267 914 379 949 facere,
394 914 450 941 nisi
465 912 549 949 quod
564 911 709 940 subtrahit
724 910 792 944 sibi,
808 911 837 938 et
850 908 935 944 ponit
949 908 979 935 in
995 915 1046 936 ore

268 961 401 996 diaboli,
417 960 448 988 id
469 959 557 988 estin
571 959 683 992 bursa,
708 965 775 994 quae
798 959 841 984 est
861 964 895 984 os
920 954 1044 983 diaboli.

267 1008 349 1037 Unde
367 1015 473 1036 avarus
495 1006 613 1034 videtur
637 1004 765 1032 multum
789 1003 914 1038 diligere
937 1001 1045 1030 diabo-

267 1056 347 1090 lum,
363 1054 486 1092 quando
504 1053 649 1082 subtrahit
662 1052 707 1081 ori
723 1051 845 1088 proprio
855 1072 863 1085 ,
880 1050 961 1078 unde
976 1057 1045 1086 pas-

267 1105 313 1131 cat
325 1104 353 1131 et
366 1102 531 1138 impinguet
548 1101 656 1137 ipsum.
676 1099 745 1127 Tale
763 1097 911 1134 jejunium
930 1097 1048 1133 reputat

267 1150 388 1186 Sapiens
403 1148 653 1182 infelicissimum,
666 1147 800 1174 dieens²:
816 1146 867 1173 Vir
882 1146 927 1172 cui
941 1144 1047 1172 dederit

267 1199 337 1225 Deus
352 1198 478 1231 divitias,
489 1196 668 1223 substantiam
680 1197 704 1221 et
718 1194 858 1227 honorem,
873 1195 898 1219 ec
913 1192 985 1218 nihil
1000 1191 1044 1218 de-

267 1248 305 1272 est
318 1245 416 1272 animae
429 1252 485 1271 suoe
500 1252 533 1271 ex
550 1242 673 1270 omnibus
687 1249 747 1276 quae
763 1240 899 1268 desiderat
908 1249 916 1272 ;
933 1247 979 1266 nec
996 1240 1046 1265 tri-

268 1293 326 1319 buit
341 1293 365 1319 ei
380 1293 448 1319 Deus
470 1292 650 1326 potestatem,
676 1291 706 1315 ut
729 1287 849 1314 comedat
874 1295 906 1314 ea:
931 1293 979 1318 eo;
999 1285 1046 1312 sed

267 1340 341 1367 homo
354 1341 498 1366 extraneus
512 1336 615 1364 rorabit
626 1335 706 1367 π’ῖιιιτίς
722 1335 769 1361 hoc
781 1335 890 1361 vanitas
905 1336 932 1360 ec
946 1341 1046 1367 magna

266 1387 377 1414 miseria
387 1387 434 1413 est.
448 1386 494 1411 Est
505 1383 628 1419 insuper
638 1380 862 1418 reprobandum
878 1380 908 1407 in
919 1379 1044 1415 jejunio,

266 1432 389 1469 quando
404 1431 539 1467 jejunans
553 1429 621 1457 ideo
635 1429 768 1464 jejunat,
783 1430 815 1455 ut
830 1429 888 1454 Deo
903 1435 958 1454 suo
970 1448 977 1461 ‚
992 1426 1045 1453 sci-

265 1480 333 1508 licet
347 1478 422 1514 gulae
437 1477 544 1506 serviat
564 1479 592 1504 et
608 1475 718 1508 ventri,
739 1474 823 1511 quod
841 1474 874 1501 fit
896 1473 1044 1509 praecipue

266 1527 359 1555 tribus
373 1525 480 1553 modis.
497 1523 624 1558 Quidam
645 1522 723 1550 enim
743 1524 825 1556 sunt,
841 1520 894 1557 qui
911 1520 979 1548 ideo
997 1520 1043 1554 je—

263 1575 382 1610 junant,
397 1575 429 1600 ut
444 1574 545 1608 postea
559 1570 666 1598 melius
681 1569 840 1597 comedant
857 1577 863 1596 z
883 1567 955 1596 tales
970 1567 1045 1594 nihil

266 1621 348 1649 aliud
362 1620 487 1654 faciunt,
504 1618 558 1646 nisi
575 1617 658 1654 quod
680 1616 898 1644 solemnitatem
914 1614 962 1642 Dei
978 1614 1043 1648 sui,

266 1668 376 1695 scilicet
391 1666 499 1694 ventris
510 1686 519 1700 ,
539 1664 724 1701 praeveniunt
740 1662 840 1698 vigilia
861 1661 966 1697 Jejunii
991 1660 1043 1688 dc-

267 1714 417 1742 testabilis.
434 1714 504 1741 Sunt
518 1713 606 1740 ctiam
622 1711 689 1744 alii,
706 1710 757 1746 qui
773 1712 906 1745 tempore
919 1707 1043 1743 jejunii,

268 1763 403 1798 quaeruut
417 1760 510 1795 magis
525 1759 651 1786 delicata
666 1757 794 1790 cibaria,
809 1758 837 1783 ct
856 1758 923 1783 tunc
939 1754 1045 1782 volunt

268 1808 424 1836 comedere
440 1806 625 1843 splendidius
639 1807 666 1832 et
680 1803 799 1836 lautius,
813 1805 839 1830 et
854 1804 967 1830 tantum
984 1809 1044 1828 una

267 1856 331 1883 viee
346 1854 520 1887 comedunt,
538 1854 680 1888 quantum
708 1851 737 1878 iu
762 1850 897 1882 duabus,
920 1848 1042 1884 quando

267 1911 329 1931 non
355 1902 490 1938 jejunant
510 1910 516 1928 ε
545 1903 572 1927 et
592 1899 664 1927 tales
683 1898 770 1925 talem
795 1897 921 1931 gratiam
945 1896 1043 1923 solum

266 1950 377 1978 faciunt
390 1951 459 1982 Deo,
471 1947 581 1975 scilicet
596 1945 678 1982 quod
693 1945 768 1972 duos
781 1943 888 1971 obolos
900 1943 969 1971 dent
986 1943 1042 1970 sibi

265 2005 321 2034 pro
336 2004 397 2024 uno
413 1994 551 2028 denario,
567 1995 595 2021 et
616 1992 754 2020 eanulem
769 1990 893 2025 gratiam
915 1990 1044 2017 facerent

265 2044 367 2072 Judaeo
383 2042 430 2070 vel
450 2043 603 2070 Saraceno.
624 2040 694 2067 Sunt
713 2038 907 2066 nihilominus
930 2036 1043 2072 aliqui,

266 2091 318 2127 qui
333 2090 426 2118 tribus
440 2088 547 2116 diebus
562 2087 627 2123 plus
642 2085 823 2114 manducant
838 2092 893 2120 pro
909 2092 969 2111 uno
984 2083 1042 2111 mi-

266 2138 389 2166 serrimo
402 2137 515 2173 jejunio
527 2158 535 2170 ,
552 2135 635 2172 quod
655 2135 799 2169 jejunant.
816 2134 888 2160 Nam
908 2132 955 2159 die
970 2139 1043 2167 prae-

267 2185 380 2213 cedenti
402 2184 524 2212 dicunt:
544 2193 557 2209 «
572 2184 640 2210 Cras
660 2180 901 2216 jejunabimus.»
927 2179 975 2206 DIe
997 2186 1041 2205 se-

266 2232 368 2269 quenti
384 2232 485 2258 dicunt
501 2240 507 2258 z
530 2241 542 2255 «
559 2229 623 2257 Heri
637 2228 871 2263 jejunavimus.»
889 2227 937 2253 Die
953 2225 1042 2261 ipsius

264 2279 367 2314 jejunii
383 2278 485 2304 dicunt
501 2286 507 2303 :
529 2287 542 2301 α
556 2275 646 2303 nodie
660 2275 840 2309 jejunamus.
856 2284 869 2299 n
881 2275 921 2300 ⁴Et
936 2273 976 2300 ita
992 2272 1042 2299 de-

266 2325 405 2353 fraudant
431 2326 521 2350 Dcnm
534 2344 540 2356 .-
567 2322 636 2358 quia
664 2330 718 2356 pro
744 2322 836 2348 tribus
862 2320 959 2348 obolis
981 2327 1042 2347 non

267 2372 400 2405 solvunt,
418 2370 472 2397 nisi
489 2378 581 2396 unum
596 2369 762 2395 denarium.
786 2370 821 2395 lte
841 2368 949 2395 talibus
971 2375 1041 2394 con-

268 2420 399 2457 queritur
415 2419 555 2446 Dominus
571 2418 580 2432 ⁸
597 2426 602 2443 :
621 2417 800 2443 Circum-enit
818 2424 857 2442 rne
873 2417 901 2441 in
924 2417 1043 2449 neqotiu-

268 2469 339 2494 tione
351 2475 399 2494 sua
414 2466 452 2502 (o)
467 2465 608 2499 Ephraim.
636 2465 673 2489 De
689 2462 737 2489 tali
750 2462 863 2496 jejunio
881 2464 977 2497 potest
996 2462 1041 2488 in-

269 2514 360 2549 telligi
371 2512 465 2540 illud*
479 2521 485 2539 :
498 2512 589 2539 Nolae
599 2511 735 2544 jejunare,
750 2510 820 2535 sicut
834 2509 944 2535 adhunc
958 2509 1040 2535 diem.

304 2563 374 2589 Item
388 2559 495 2596 triplex
510 2557 656 2593 jejunium
675 2556 705 2583 in
725 2563 808 2583 sacro
824 2555 944 2590 eloquio
960 2563 1041 2583 eom-

301 2636 305 2648 ¹
320 2633 400 2657 Mansa
415 2652 421 2663 ,
437 2632 585 2661 vx,16.—⁰
597 2630 702 2661 Eccles.‚
719 2636 753 2661 vt,
768 2631 790 2653 2.
803 2642 833 2647 ·—
847 2629 857 2645 ³
869 2628 934 2658 Osa,
949 2634 986 2659 51,
1004 2630 1040 2653 12.

270 2684 294 2687 ἡ
311 2671 320 2686 ⁴
337 2672 395 2699 lxm,
412 2675 483 2699 ινιιι,
501 2671 522 2693 t.
538 2682 568 2686 —
582 2667 778 2696 ⁶1c0r..x1÷1,
794 2667 816 2688 2.
829 2679 860 2683 —
874 2665 884 2681 θ
902 2665 976 2691 Rom..
994 2671 1040 2693 xix,

269 2709 331 2730 ¹.—
343 2706 352 2722 ⁷
371 2705 469 2730 Matth..
485 2710 520 2734 vs,
537 2706 612 2728 t'1.-
629 2702 640 2719 θ
652 2702 720 2732 isid„
736 2701 765 2724 de
776 2702 845 2725 Sum.
862 2700 934 2730 Bon„
948 2700 992 2724 lib.
1010 2701 1040 2730 Η,

829 230 972 277 mAETAE
992 229 1162 264 SALUTIS
1181 227 1258 263 Tl'l'.
1281 229 1321 262 11.

1101 298 1276 333 mendatur,
1287 297 1398 327 scilicet
1409 297 1542 332 bonum,
1551 297 1672 334 melius,
1684 299 1714 326 et
1721 296 1879 335 optimum.
1923 298 1974 326 1³1⁹*

1101 347 1216 374 Bonum
1227 347 1280 379 est,
1289 345 1412 382 quando
1425 344 1494 381 quis
1498 344 1615 380 jeJunat
1620 351 1676 381 pro
1684 343 1880 373 satisfactione
1903 335 1994 382 ἓξὲξ,

1100 392 1230 429 peccati3
1239 392 1359 426 melius,
1368 391 1491 428 quando
1498 391 1566 427 quis
1568 391 1683 427 jejunat
1689 390 1880 419 adhonorem
1908 393 1944 412 tur
1953 390 1988 426 ⁴5¹¹

1101 439 1152 467 Dei
1158 449 1167 475 ;
1180 439 1328 476 optimum
1338 460 1348 475 ,
1365 439 1488 476 quando
1505 438 1573 475 quis
1587 437 1702 474 jejunat
1717 445 1882 466 cum-exer—
1908 423 1984 474 33⁸¹?-

1101 485 1171 515 citio
1184 486 1258 514 boni
1273 486 1380 523 operis.
1397 488 1512 514 Bonum
1525 485 1614 521 igitur
1629 484 1746 518 dicitur,
1758 483 1882 520 quando

1102 533 1170 570 quis
1181 533 1244 569 Jam
1253 554 1262 568 ,
1275 535 1343 570 post
1356 535 1485 561 mortem
1505 532 1637 569 peccati,
1651 539 1706 568 per
1729 530 1882 559 contritio·

1101 587 1172 608 nem
1186 582 1214 608 et
1227 579 1446 608 confessionem
1464 579 1638 614 resurrexit,
1653 580 1682 607 et
1694 578 1727 606 in
1741 577 1882 606 charitate

1101 627 1214 662 existit,
1231 629 1260 655 et
1271 627 1387 663 jejunat
1399 635 1455 664 pro
1469 627 1596 663 peccatis
1611 634 1678 662 quae
1691 625 1776 660 fecit3
1791 625 1816 653 si
1831 633 1882 653 au-

1101 676 1161 702 tem
1175 673 1348 702 charitatem
1359 682 1421 702 non
1434 674 1541 709 hahet,
1552 674 1668 701 bonum
1683 672 1789 700 amittit
1798 671 1882 709 quod

1100 720 1212 755 habet,
1227 721 1299 757 quia
1310 721 1436 749 dicitur¹⁵
1449 730 1456 748 :
1471 722 1503 749 Si
1517 721 1657 748 tradidero
1673 727 1768 755 corpus
1782 727 1878 751 meum,

1101 771 1144 797 ita
1158 773 1189 797 ut
1203 770 1328 802 ardeam,
1344 770 1506 798 charitatem
1520 771 1610 796 autem
1628 776 1681 797 non
1696 768 1825 802 habeam,
1840 769 1882 795 ni-

1102 815 1142 842 hil
1155 816 1225 843 mihi
1240 816 1351 851 prodest
1358 825 1368 848 ,·
1385 817 1413 843 et
1434 815 1521 843 offert
1542 816 1628 851 quasi
1650 815 1779 843 cadaver
1800 822 1881 842 mor-

1102 863 1186 890 tuum
1214 863 1288 897 Deo,
1318 862 1368 898 qui
1396 862 1512 898 jejunat
1535 861 1567 890 in
1593 863 1715 898 peccato
1741 861 1880 896 mortali,

1104 916 1172 936 cum
1186 908 1348 936 debeamus
1368 910 1426 936 Deo
1442 908 1549 936 offerre
1562 908 1573 925 ⁶
1587 916 1700 944 corpora
1713 909 1807 936 nostra
1821 908 1881 936 hos-

1102 957 1156 983 tias
1170 957 1289 983 viventes
1298 977 1305 989 ,
1319 957 1351 983 ut
1366 955 1437 983 dicit
1451 955 1608 992 Apostolus
1622 955 1660 983 ad
1671 957 1812 983 Romanos.
1825 955 1881 983 Me-

1101 1001 1159 1030 lius
1173 1011 1245 1030 vero
1256 1003 1405 1038 jejunium
1419 1005 1554 1037 vocatur,
1569 1002 1652 1039 quod
1666 1002 1705 1030 ad
1722 1002 1770 1030 Dei
1783 1002 1880 1030 hono-

1101 1057 1164 1077 rem
1179 1052 1207 1077 et
1222 1053 1392 1078 sanctorum
1407 1058 1531 1078 suorum
1550 1050 1640 1085 gratis
1659 1052 1686 1078 et
1703 1058 1772 1077 cum
1787 1049 1880 1078 devo-

1102 1095 1181 1124 tione
1202 1096 1378 1124 celebratur.
1406 1098 1444 1124 De
1471 1104 1532 1133 quo
1559 1096 1732 1132 intelligitur
1754 1096 1830 1124 illud
1844 1096 1878 1123 ⁷:

1104 1145 1143 1171 Tu
1158 1146 1245 1171 autem
1261 1152 1320 1171 cum
1329 1144 1453 1179 jejunas,
1468 1152 1537 1178 unqe
1561 1145 1643 1178 caput
1658 1146 1747 1178 tuum,
1770 1142 1880 1171 scilicet

1101 1191 1169 1218 oleo
1198 1192 1349 1219 unctuosae
1374 1190 1590 1226 compassionis
1604 1211 1612 1224 ‚
1633 1194 1658 1218 et
1685 1191 1784 1223 faciem
1806 1193 1880 1217 tuam

1101 1239 1163 1265 lava
1191 1246 1271 1273 aqua
1299 1238 1474 1274 lacrymosae
1507 1237 1692 1265 contritionis
1709 1257 1717 1270 ‚
1746 1239 1778 1264 ut
1810 1235 1881 1264 dicit

1101 1284 1211 1312 Glossa.
1244 1286 1302 1312 Deo
1329 1285 1464 1320 jejunat,
1488 1284 1539 1320 qui
1561 1292 1616 1320 pro
1641 1284 1704 1319 ejus
1727 1290 1829 1311 amore
1849 1291 1880 1311 se

1100 1333 1244 1366 macerat,
1262 1334 1289 1359 ct
1307 1330 1358 1367 qui
1372 1353 1380 1365 ,
1396 1330 1479 1367 quod
1494 1331 1549 1359 sibi
1565 1330 1722 1365 subtrahit,
1739 1329 1879 1366 pauperi-

1101 1378 1158 1405 bus
1173 1377 1325 1413 elargitur.
1337 1378 1487 1414 Optimum
1499 1378 1647 1420 jejynium
1657 1377 1774 1412 dicitur,
1788 1385 1879 1413 quan-

1101 1425 1141 1452 do
1164 1425 1256 1452 homo
1280 1425 1407 1452 exterior
1426 1425 1560 1459 jejunat,
1585 1427 1614 1452 et
1639 1424 1730 1452 homo
1757 1424 1880 1452 interior

1101 1475 1183 1507 orat,
1198 1475 1230 1501 ut
1251 1473 1322 1501 dicit
1341 1472 1469 1501 isidorus
1482 1473 1513 1507 ⁸5
1531 1474 1559 1500 et
1577 1472 1700 1508 quando
1718 1472 1768 1508 qui
1785 1473 1820 1507 (b)
1833 1472 1878 1507 je-

1098 1519 1199 1555 junat,
1213 1528 1248 1548 ex
1264 1528 1324 1547 una
1339 1521 1421 1555 parte
1433 1519 1600 1555 jejunando
1616 1521 1746 1547 macerat
1759 1527 1878 1555 corpus,

1101 1569 1129 1594 et
1143 1575 1178 1594 ex
1193 1567 1285 1595 altera
1299 1569 1381 1603 parte
1400 1567 1480 1594 bona
1499 1575 1584 1602 agere
1607 1574 1668 1594 non
1688 1568 1793 1601 cessat,
1810 1574 1880 1594 con-

1101 1617 1143 1642 tra
1166 1614 1300 1650 aliquos,
1317 1614 1368 1650 qui
1389 1613 1462 1641 nihil
1486 1615 1609 1649 possunt
1624 1613 1734 1648 facere,
1751 1621 1818 1641 cum
1831 1613 1877 1648 je-

1098 1662 1213 1696 junant;
1230 1661 1290 1688 imo
1306 1663 1375 1689 tunc
1394 1661 1501 1688 ludunt
1517 1661 1555 1688 ad
1568 1668 1680 1694 ScacOS,
1693 1663 1723 1688 ut
1733 1660 1878 1696 jejunium

1101 1716 1161 1735 non
1186 1708 1312 1735 sentiant
1327 1718 1334 1742 ;
1360 1709 1387 1735 et
1411 1707 1451 1734 sio
1480 1707 1618 1741 otiando,
1641 1707 1734 1734 otium
1765 1707 1857 1734 vitant
1870 1729 1878 1741 ,

1101 1757 1203 1782 eontra
1218 1755 1292 1788 hoc,
1308 1754 1390 1790 quod
1407 1754 1477 1781 dicit
1499 1754 1632 1787 Boetius,
1649 1753 1732 1789 quod
1748 1761 1802 1789 pro
1817 1753 1877 1782 otio

1099 1801 1232 1835 vitando,
1252 1801 1311 1829 otia
1323 1800 1426 1828 sectari
1442 1800 1636 1828 ridiculosum
1656 1802 1706 1827 est.
1729 1800 1877 1835 Jejunium

1100 1848 1214 1875 bonum
1237 1848 1418 1883 significatur
1440 1855 1493 1883 per
1516 1847 1664 1881 jejunium
1688 1847 1780 1883 Mosyi
1795 1847 1804 1864 ²
1819 1867 1828 1880 ‚
1846 1849 1878 1874 ut

1099 1895 1225 1922 habetur
1239 1894 1269 1921 in
1285 1894 1394 1929 Eae0d03
1407 1894 1554 1929 jejunium
1575 1893 1681 1920 melius
1696 1892 1878 1928 significatur

1099 1949 1152 1977 per
1163 1941 1310 1976 jejunium
1326 1941 1394 1968 Eliae
1408 1942 1440 1975 ¹⁰,
1457 1940 1532 1967 sicut
1553 1940 1659 1967 dicitur
1679 1940 1707 1967 in
1729 1940 1812 1968 libris
1828 1941 1877 1968 Re·

1099 1997 1180 2022 911m5
1193 1988 1340 2023 jejunium
1365 1987 1510 2023 optimum
1533 1987 1715 2022 significatur
1735 1995 1788 2023 per
1802 1987 1877 2022 jeju-

1099 2035 1182 2063 nium
1198 2035 1302 2063 Christi
1319 2035 1351 2069 ¹¹,
1363 2037 1395 2062 ut
1409 2034 1536 2062 habetur
1547 2034 1576 2061 in
1592 2034 1732 2062 Matthoeo.

1333 2130 1511 2163 CAPUT
1551 2129 1642 2162 Vll.

1370 2203 1407 2228 De
1421 2202 1444 2228 E
1448 2202 1602 2234 leemosyna.

1135 2274 1173 2300 De
1193 2273 1383 2307 eleemosyna
1406 2273 1534 2307 quatuor
1549 2272 1617 2297 sunt
1638 2269 1802 2306 specialiter
1824 2277 1877 2297 no-

1099 2320 1204 2354 tanda,
1219 2319 1329 2347 scilicet
1343 2322 1430 2354 typus
1447 2318 1580 2352 elegam,
1597 2320 1695 2345 motus
1710 2316 1874 2351 stimulanS,

1098 2367 1207 2394 modus
1221 2365 1378 2401 regulans,
1395 2368 1421 2393 et
1439 2365 1548 2392 fructus
1564 2364 1731 2392 abundans.

1134 2413 1225 2441 Habet
1243 2420 1315 2447 ergo
1335 2412 1524 2448 eleemosyna
1544 2414 1647 2447 typum
1671 2410 1717 2437 vel
1741 2408 1873 2436 similitu·
1890 2409 1990 2444 Eleemoy

1099 2460 1200 2488 dinem
1214 2459 1393 2493 elegantem,
1411 2461 1437 2485 et
1459 2458 1625 2494 specialiter
1646 2456 1791 2492 triplicem
1809 2465 1814 2482 :
1833 2458 1875 2482 est
1889 2446 1994 2490 {35:³¹-

1099 2507 1178 2535 enim
1194 2506 1385 2542 eleemosyna
1407 2506 1481 2533 sicut
1496 2505 1597 2532 lumen
1610 2503 1763 2531 radiosum
1777 2524 1785 2537 ,
1801 2502 1874 2530 sieut

1098 2589 1121 2605 c.
1137 2586 1207 2611 κων,
1223 2582 1287 2604 sent.
1307 2583 1326 2603 ¹.
1344 2593 1373 2597 —
1393 2580 1403 2596 ⁹
1424 2579 1514 2609 Eroti„
1532 2584 1604 2608 xmv,
1622 2579 1658 2602 18.
1677 2591 1706 2596 —
1722 2578 1743 2594 ¹⁰
1758 2577 1788 2600 ΗΙ
1806 2577 1872 2608 Κεφ,

1098 2623 1154 2647 xix,
1169 2617 1192 2640 8.
1205 2629 1235 2633 —
1251 2617 1268 2632 ¹¹
1282 2616 1384 2645 Malim,
1399 2621 1435 2646 lv,
1449 2617 1473 2639 2.

1130 2664 1162 2695 (a)
1174 2663 1248 2694 Vulg.
1263 2662 1435 2687 circunzdeclft
1447 2669 1483 2685 me
1494 2662 1519 2685 ιἰι
1530 2662 1667 2692 ησῃαίίοιιρ,
1682 2660 1759 2685 nebr.
1769 2656 1871 2688 mma,

1098 2699 1123 2722 id
1137 2700 1185 2729 est,
1203 2699 1230 2721 in
1244 2698 1379 2722 mendacio.
1394 2711 1419 2715 -
1436 2697 1470 2727 (b)
1487 2697 1547 2720 Caet.
1563 2696 1623 2720 etl-1.
1641 2696 1706 2727 quis.
