2004 3037
201 288 259 318 324

199 352 271 391 quia
289 351 402 380 dictum
425 351 488 379 erat
510 349 552 377 eis
565 356 584 377 a
597 348 709 377 Christo
723 349 732 365 ¹
749 356 756 376 :
772 348 805 375 In
819 353 975 383 quamcum-

198 407 249 436 que
262 399 369 427 domum
382 398 572 431 intraveritis,
587 395 671 423 dicite
688 403 695 422 :
710 396 770 422 Paa-
789 394 852 422 huic
870 393 973 421 domui.

197 445 331 474 secundo
341 453 402 482 pax
416 447 458 473 est
468 443 633 472 encaenium
646 441 765 477 Christi,
777 443 805 469 et
817 439 975 478 pretiosius

196 492 272 521 inter
286 492 389 520 omnia
403 491 462 520 alia
476 490 595 526 Jocalia.
612 489 700 524 Cujus
723 495 813 516 causa
831 488 881 519 est,
904 486 976 522 quia

194 539 276 568 istud
288 539 452 576 pretiosum
463 537 560 574 jocale
579 535 688 572 legavit
705 534 834 563 Christus
855 534 975 570 aposto-

195 586 231 615 lis
245 586 276 614 in
289 587 394 614 morte.
415 584 508 614 Amici
522 591 654 620 namque
669 581 772 611 amicis
797 581 868 609 dant
886 582 915 608 et
933 579 975 607 le-

195 635 267 670 gant
280 633 375 669 magis
392 631 523 669 pretiosa
536 631 567 659 in
582 630 650 658 fine.

231 682 263 709 Et
276 681 362 715 nota,
377 679 461 716 quod
476 678 606 707 Christus
627 677 710 706 dedit
724 684 830 713 pacem
846 674 975 709 discipu-

194 727 230 755 lis
249 727 309 755 suis
328 729 356 755 et
379 725 482 754 amicis
495 746 504 760 ,
526 724 635 761 triplici
656 724 723 760 jure
738 745 747 759 ,
774 722 884 751 scilicet
907 722 974 757 jure

194 773 364 803 donationis
379 773 452 802 inter
468 773 567 807 v1v0s‚
583 772 650 807 jure
669 770 766 799 ultimi
789 768 973 802 testamenti,

191 821 258 857 jure
273 821 492 849 codicillorum.
503 821 571 848 Jure
584 818 754 847 donationis
767 818 795 845 et
810 814 974 845 testamenti

194 867 277 896 dedit
290 876 396 905 pacem
407 889 415 903 ‚
432 866 555 904 quando
579 865 653 894 dixit
665 866 676 883 ¹
692 874 699 892 z
717 867 811 893 Pacem
832 871 918 890 meam
940 861 973 888 do

193 916 283 948 vobis,
301 922 394 951 pacem
415 915 536 949 relinquo
558 913 650 944 vobis,-
663 912 729 947 jure
746 909 954 938 codicillorum
965 929 973 942 ,

195 962 318 999 quando
332 964 401 999 post
422 960 668 990 resurrectionem
684 980 692 993 ,
717 957 801 994 quasi
822 955 973 984 firmando

194 1011 417 1043 testamentum,
433 1007 508 1036 dixit
519 1007 529 1024 ³
546 1016 552 1035 :
570 1008 629 1034 Paae
641 1006 724 1033 vobis.
747 1004 842 1032 Tertio
857 1011 915 1039 pax
932 1004 975 1030 est

193 1056 352 1092 vestigium
372 1055 438 1089 Dei,
460 1056 488 1082 et
511 1053 673 1081 certissima
707 1051 828 1084 semita,
853 1050 890 1077 de
913 1057 974 1086 qua

194 1102 322 1131 dicitur*
339 1111 346 1130 ε
363 1102 457 1130 Omnes
479 1103 581 1129 semz'toe
596 1101 673 1127 illius
687 1100 815 1134 pacificoe.
833 1098 865 1125 Et
883 1098 954 1124 nota
965 1117 974 1130 ‚

194 1149 278 1186 quod
291 1149 466 1185 hujusmodi
481 1149 536 1175 viae
557 1147 666 1175 divinae
689 1147 757 1173 suut
781 1148 837 1173 tres
858 1144 973 1177 diaetae,

193 1196 242 1225 vel
257 1196 381 1231 semitae,
397 1195 507 1224 scilicet
529 1203 589 1231 pax
615 1194 729 1221 interna
745 1214 752 1227 ,
778 1200 844 1228 quae
869 1191 975 1218 dicitur

194 1251 254 1280 pax
276 1243 423 1280 pectoris3
447 1251 507 1278 pax
531 1245 671 1275 externa,
694 1248 760 1276 quae
783 1239 890 1267 dicitur
914 1245 974 1273 pax

194 1291 365 1326 temporis;
391 1292 418 1318 et
445 1297 505 1325 pax
531 1295 674 1324 superna,
698 1295 764 1323 quoe
790 1286 896 1313 dicitur
915 1292 975 1320 pax

194 1337 371 1366 aeternitatis.
397 1338 435 1364 De
460 1336 545 1364 diaeta
568 1334 650 1371 pacis
673 1334 793 1361 interum
816 1332 922 1360 dicitur
940 1331 973 1359 ¹⁵:

195 1386 255 1414 Paa:
270 1385 372 1413 Christi
385 1385 486 1411 eaeuttet
506 1384 536 1409 in
554 1382 677 1409 cordibus
699 1382 806 1408 vestris.
829 1381 867 1407 De
889 1379 974 1406 diaeta

194 1432 276 1468 pacis
292 1433 418 1459 externae
433 1430 538 1458 dicitur
553 1429 580 1456 ⁸:
600 1428 631 1456 Si
645 1429 705 1462 fieri
725 1429 827 1462 potest,
843 1429 975 1461 quantam

196 1487 229 1508 eae
236 1479 310 1507 vobis
321 1481 370 1512 est,
384 1486 443 1505 cum
454 1477 575 1504 omnibus
589 1483 681 1510 pacem
690 1475 827 1501 habentes.
841 1475 878 1500 Dc
889 1472 976 1500 dizeta

194 1525 276 1562 pacis
291 1532 426 1562 supernoe
441 1523 567 1551 dicitur⁷
582 1531 588 1550 :
605 1522 713 1550 Sedebit
727 1521 843 1556 populas
854 1527 925 1547 meus
944 1520 975 1546 in

193 1573 399 1609 pulchritudine
411 1573 496 1607 pacis.

231 1620 313 1649 Unde
327 1622 398 1648 nota
410 1619 465 1647 tria
479 1617 560 1655 pacis
575 1615 708 1644 subsidia
718 1636 726 1649 ,
745 1615 783 1643 ad
796 1622 901 1651 pacem
920 1613 975 1640 du·

196 1667 291 1696 centia
307 1687 316 1701 ,
339 1666 388 1694 vel
415 1663 599 1697 inducentia,
621 1662 732 1690 scilicet
760 1661 974 1693 conformitaS,

195 1714 346 1743 humilitas
357 1715 383 1741 et
395 1711 591 1747 tranquillitas
604 1719 610 1737 ς
624 1708 814 1737 conformitas
826 1716 894 1735 cum
905 1709 973 1741 Deo,

195 1761 347 1790 humilitas
362 1768 429 1787 cum
445 1758 600 1795 proximo,
618 1759 645 1784 ct
664 1755 861 1791 tranquillitas
877 1755 906 1781 in
930 1762 975 1780 se-

196 1808 271 1844 ipso.
288 1807 385 1835 Primo
409 1813 480 1840 crgo
495 1805 579 1840 juvat
603 1804 641 1830 ad
662 1810 767 1838 pacem
784 1801 954 1828 habendam
967 1821 975 1834 ,

198 1854 388 1883 conformitas
402 1852 562 1880 voluntatis
592 1851 698 1877 nostrae
725 1849 763 1876 ad
792 1848 975 1875 voluntatem

198 1901 340 1929 divinam.
357 1901 436 1928 Sicut
451 1899 531 1927 enim
547 1905 662 1933 semper
679 1899 721 1924 est
742 1896 771 1923 in
786 1903 908 1930 guerra,
925 1893 975 1929 qui

196 1948 297 1976 nititur
319 1947 381 1982 regi
403 1945 552 1979 resistere,
566 1944 612 1971 cui
638 1951 698 1971 non
718 1944 813 1978 potest
836 1941 978 1977 aliquate-

196 2003 253 2023 nus
267 1994 447 2031 praevalere3
465 1993 505 2020 sic
527 1991 666 2019 continua
685 1998 758 2026 pace
783 1989 909 2024 gaudet,
925 1988 976 2023 qui

197 2042 381 2070 voluntatem
398 2048 483 2067 suam
498 2038 640 2066 voluntati
664 2037 770 2064 (livinae
789 2035 976 2063 conformare

198 2089 310 2123 studet,
328 2088 374 2116 cui
390 2087 464 2115 nihil
478 2086 556 2114 valet
573 2085 716 2113 resistcre.
734 2083 802 2111 ldeo
821 2082 927 2109 dicitur
942 2082 951 2098 ⁸
969 2090 975 2108 t

199 2137 266 2170 Quis
282 2137 386 2163 restitit
405 2136 444 2167 ei,
462 2136 486 2161 et
506 2141 597 2168 pacem
613 2133 706 2158 hahuit
719 2132 732 2157 ?
748 2130 831 2166 quasi
851 2129 975 2156 diceret:

199 2182 309 2212 Nullus,
333 2180 468 2209 Secundo
488 2180 572 2215 juvat
594 2178 631 2206 ad
654 2186 759 2214 pacem
783 2176 976 2209 habendam,

200 2238 267 2257 cum
284 2229 350 2265 quis
365 2228 455 2255 habet
466 2235 567 2254 veram
581 2225 787 2257 lmmilitatcm3
802 2232 869 2250 nain
884 2222 976 2257 vulgo

201 2276 326 2304 dicitur:
346 2278 406 2302 Duo
427 2274 521 2309 grossi
544 2273 573 2299 in
589 2280 649 2300 uno
670 2280 755 2299 sacco
775 2278 835 2298 non
855 2271 979 2305 possunt

199 2323 277 2351 bene
301 2321 390 2357 capi3
414 2322 441 2348 et
460 2328 513 2355 per
535 2318 716 2346 contrarium
740 2317 889 2344 humilitas
911 2316 979 2344 facit

201 2371 314 2397 mentes
328 2367 462 2395 modicas
477 2369 504 2393 et
519 2365 658 2400 graciles,
675 2366 702 2392 ct
721 2372 774 2399 per
794 2372 978 2399 consequens

201 2416 241 2445 ad
266 2415 393 2444 invicem
417 2422 550 2450 capaceS.
574 2412 654 2439 Unde
678 2411 748 2439 dicit
772 2411 928 2446 Apostolus
944 2412 976 2438 ⁹:

202 2464 321 2491 Solliciti
335 2469 440 2489 servare
455 2462 586 2488 unitatem
603 2461 719 2494 spiritus
736 2459 976 2493 1'11vi11t·ul0p‹1‹is.

236 2550 240 2562 ¹
256 2547 323 2576 Luc..
339 2553 363 2577 x,
380 2548 402 2569 5.
418 2559 449 2564 —
466 2545 568 2573 ²Joan.,
584 2549 635 2573 xiv,
652 2543 690 2567 27.
702 2555 732 2559 -
751 2542 761 2558 ³
781 2542 860 2569 Joan..
879 2549 921 2572 xx,
939 2544 977 2566 dl.

202 2597 233 2603 -
250 2585 354 2613 ‘Pr-ov„
370 2588 409 2613 ιιι,
426 2583 505 2606 17.-
518 2581 527 2597 ⁵
540 2579 646 2609 coloss„
664 2585 702 2607 ιιι,
722 2580 759 2602 15.
773 2591 803 2596 —
818 2578 827 2593 ὓ
840 2578 914 2605 Rom,
933 2584 978 2608 xii,

205 2621 241 2644 18.
258 2632 290 2637 —-
307 2620 317 2636 ⁷
334 2620 495 2648 1xa.‚xxx11,
514 2618 549 2640 tS.
565 2629 596 2633 —
615 2618 624 2629 ι’
637 2614 690 2643 Jnh,
708 2620 747 2644 ix,
763 2615 786 2638 4.
802 2626 831 2631 —
852 2615 861 2628 ²²
877 2614 978 2644 Ephes„

204 2661 239 2685 ιν,
255 2657 278 2680 3.
290 2668 320 2673 -
334 2656 352 2669 ¹⁰
365 2654 433 2678 I’sal.
451 2659 487 2683 iv,
501 2652 566 2676 9.-
584 2652 599 2668 '¹
619 2651 686 2674 I’sal.
703 2656 780 2680 Lxxv,
797 2652 819 2674 3.
832 2664 860 2668 —-
877 2651 896 2665 ¹¹
912 2650 978 2673 μιαί,

743 277 889 311 mAE'rAE
910 273 1076 309 SALUTlS
1098 274 1175 307 TIT.
1198 274 1266 307 vn.

1030 343 1125 372 Tertio
1138 343 1224 379 juvat
1238 342 1354 370 bonum
1372 340 1454 377 pacis
1474 340 1673 377 tranquillitas
1689 342 1806 372 mentis.

1029 390 1108 419 Sicut
1121 390 1153 418 in
1171 390 1248 418 lecto
1268 389 1389 426 spinoso
1407 387 1508 416 nullus
1521 389 1617 424 potest
1638 388 1716 418 bene
1735 397 1809 426 pau·

1029 446 1111 473 sare,
1128 438 1169 466 sic
1184 445 1236 465 cor
1253 435 1421 472 inquietum
1440 443 1502 463 non
1523 437 1620 472 potest
1639 443 1740 464 veram
1752 444 1808 473 pa-

1030 492 1095 513 cem
1116 484 1237 513 habere.
1261 485 1294 512 Et
1312 491 1328 510 e
1349 490 1493 510 converso
1520 481 1594 510 sicut
1614 481 1707 510 homo
1731 482 1809 512 bene

1028 533 1134 568 pausat
1152 530 1184 559 in
1208 530 1292 558 molli
1316 529 1456 562 culcitra,
1482 528 1524 556 sic
1546 530 1620 556 Deus
1640 528 1765 565 quiescit
1778 529 1809 557 in

1029 580 1126 607 mente
1142 577 1314 613 tranquilla.
1330 575 1412 604 Unde
1428 575 1534 604 dicitur
1547 574 1567 592 ¹⁰
1582 585 1588 603 :
1601 577 1635 603 In
1648 583 1713 611 pace
1722 577 1752 604 in
1765 576 1810 604 id-

1028 626 1118 660 ipsum
1130 625 1274 658 dormiam,
1284 626 1310 651 et
1318 624 1492 658 requiescam.
1505 624 1538 650 Et
1545 630 1648 650 rursus
1657 623 1675 640 ¹¹
1685 631 1692 650 t
1701 623 1735 651 In
1741 630 1810 658 pace

1028 673 1118 706 factus
1132 675 1170 699 est
1186 673 1257 699 locus
1272 671 1338 705 eJ'us.
1355 672 1388 699 Et
1399 670 1506 698 iterum
1519 669 1537 685 ¹²
1552 679 1558 697 :
1576 671 1715 698 Mansueti
1723 671 1808 700 haere-

1029 719 1160 747 ditabunt
1174 722 1285 747 terram.
1299 719 1332 746 Et
1346 717 1460 746 ibidem
1476 718 1505 745 iu
1521 717 1621 745 multis
1632 717 1706 745 locis
1718 719 1808 754 patet.

1062 766 1157 794 Tertio
1177 764 1310 793 notanda
1329 766 1397 792 sunt
1416 765 1484 801 paci
1499 765 1534 800 (α)
1555 765 1711 792 contrarIa.
1727 764 1808 792 Unde

1028 815 1114 848 nota,
1132 812 1215 849 quod
1229 811 1337 848 triplex
1352 813 1394 839 est
1407 819 1468 848 pax
1483 811 1578 847 mala,
1594 819 1660 848 quoe
1675 814 1718 840 est
1731 820 1808 840 verae

1027 860 1094 897 paci
1111 859 1273 894 contraria,
1296 858 1406 886 scilicet
1423 866 1481 894 pax
1503 858 1673 894 inquinata,
1693 866 1753 894 pax
1766 858 1807 886 si-

1028 906 1151 940 mulata,
1167 908 1195 934 et
1208 914 1265 942 pax
1280 905 1460 949 inordinata.
1476 904 1573 933 Primo
1589 912 1661 940 ergo
1676 907 1718 933 est
1730 913 1808 934 verae

1027 954 1095 990 paci
1109 953 1257 981 contraria
1269 961 1328 989 pax
1343 952 1513 988 inquinata;
1529 953 1558 979 et
1572 951 1679 979 dicitur
1692 959 1750 988 pax
1765 952 1808 980 in-

1029 1001 1162 1037 quinata,
1177 999 1300 1037 quando
1315 999 1406 1028 corda
1421 1001 1489 1026 sunt
1502 999 1541 1027 ad
1556 999 1669 1027 malum
1684 1007 1807 1028 concor·

1029 1047 1096 1083 dia3
1114 1047 1202 1075 talem
1222 1055 1328 1083 pacem
1349 1046 1454 1074 habuit
1468 1046 1575 1074 Pilatus
1591 1054 1659 1073 cum
1678 1046 1806 1082 Herode,

1029 1095 1080 1130 qui
1096 1103 1164 1123 cum
1178 1095 1274 1122 essent
1286 1095 1352 1121 ante
1367 1093 1488 1127 inimici,
1504 1091 1572 1120 facti
1586 1095 1654 1120 sunt
1667 1093 1698 1120 in
1712 1094 1808 1122 morte

1028 1141 1131 1170 Christi
1150 1141 1252 1175 amici,
1272 1142 1305 1168 ut
1321 1140 1428 1168 dicitur
1441 1140 1471 1167 in
1486 1140 1555 1167 Luca
1572 1140 1600 1167 ¹³.
1618 1141 1656 1168 De
1671 1139 1721 1167 tali
1734 1147 1808 1176 pace

1029 1188 1136 1216 dicitur
1152 1188 1170 1204 ¹¹*
1183 1197 1189 1215 ε
1206 1189 1296 1215 ΖσΙαυί
1311 1195 1392 1222 super
1407 1188 1524 1222 iniquos,
1535 1195 1627 1221 pacem
1639 1190 1809 1222 peccatorum

1029 1236 1131 1263 videns.
1155 1234 1290 1263 Secundo
1311 1236 1354 1262 est
1373 1242 1448 1262 verae
1465 1233 1531 1269 paci
1551 1233 1676 1261 adversa
1695 1241 1753 1269 pax
1770 1233 1809 1261 si-

1029 1282 1156 1315 mulata,
1173 1281 1270 1318 qualis
1286 1281 1339 1308 fuit
1353 1280 1533 1308 simulatoris
1546 1280 1643 1315 Judae,
1660 1280 1711 1316 qui
1726 1288 1810 1308 oscu-

1029 1329 1106 1357 latus
1121 1331 1163 1356 est
1183 1329 1328 1356 Christum
1345 1328 1373 1355 in
1397 1328 1514 1362 signum
1534 1327 1630 1364 pacis,
1645 1329 1673 1355 et
1690 1327 1811 1356 tradidit

1030 1376 1128 1412 ipsum
1149 1375 1270 1410 Judaeis,
1286 1377 1318 1402 ut
1333 1370 1439 1402 dicitur
1460 1375 1490 1402 in
1512 1375 1640 1402 Matthoeo
1657 1374 1685 1402 ¹⁵.
1703 1375 1741 1402 De
1761 1374 1810 1402 tali

1029 1431 1102 1459 pace
1112 1423 1218 1451 dieitur
1232 1423 1250 1439 ¹⁵
1264 1432 1270 1450 :
1283 1423 1337 1456 Qut
1348 1424 1495 1457 loquuntur
1506 1431 1598 1458 pacem
1613 1431 1672 1450 cum
1685 1424 1810 1458 promimo

1031 1477 1093 1503 suo,
1108 1471 1181 1497 mala
1197 1473 1286 1498 autem
1303 1472 1332 1497 in
1352 1470 1475 1497 cordibus
1489 1478 1588 1497 eorum.
1603 1469 1698 1497 Tertio
1717 1471 1746 1497 et
1764 1468 1810 1497 ul-

1031 1518 1102 1545 timo
1119 1520 1160 1545 est
1175 1525 1232 1553 pax
1254 1517 1438 1552 inordinata,
1460 1516 1582 1553 quaudo
1599 1517 1695 1550 maior
1710 1516 1812 1546 obedit

1031 1564 1154 1599 minori,
1173 1567 1205 1592 ut
1223 1564 1361 1600 praelatus
1377 1564 1518 1599 interiori,
1531 1563 1579 1591 vel
1597 1564 1671 1592 ratio
1691 1571 1811 1592 sensua-

1031 1610 1103 1639 litati
1117 1621 1121 1638 :
1141 1611 1206 1638 talis
1228 1619 1286 1647 pax
1306 1614 1349 1639 est
1365 1610 1504 1645 deterior,
1520 1619 1611 1647 quam
1626 1618 1744 1647 guerra.
1759 1611 1812 1639 Ta-

1031 1657 1090 1686 lem
1110 1666 1215 1695 pacem
1233 1658 1336 1686 habuit
1355 1658 1449 1686 Adam
1468 1666 1536 1685 cum
1556 1660 1615 1686 Eva
1635 1666 1727 1686 uxore
1742 1665 1810 1693 sua;

1032 1706 1083 1741 qui
1100 1705 1232 1733 obedivit
1247 1705 1332 1733 uxori
1346 1714 1415 1739 suae,
1435 1713 1500 1740 quae
1514 1706 1575 1732 erat
1590 1705 1646 1732 sibi
1661 1705 1759 1741 potius
1773 1704 1812 1732 ad

1032 1752 1245 1786 obediendum,
1257 1754 1283 1779 et
1299 1753 1331 1786 (b)
1343 1751 1381 1779 ad
1393 1751 1558 1786 regendum
1573 1751 1745 1779 commissa:
1760 1759 1812 1779 no-

1032 1798 1085 1827 luit
1104 1799 1183 1826 enim
1199 1798 1369 1825 contristare
1388 1797 1509 1825 delicias
1528 1805 1609 1829 suaS,
1626 1800 1656 1825 ut
1671 1797 1741 1825 dicit
1755 1799 1812 1825 Ma-

1032 1846 1120 1879 gister
1134 1845 1332 1872 historiarum.
1346 1845 1383 1872 De
1396 1843 1443 1871 tali
1457 1852 1529 1880 pace
1540 1844 1609 1872 dicit
1624 1844 1758 1872 Salvator
1774 1845 1791 1862 '⁷
1803 1855 1811 1872 .-

1032 1893 1091 1919 Non
1110 1893 1171 1919 reni
1189 1900 1280 1926 pacem
1298 1893 1404 1918 mittere
1427 1894 1455 1918 in
1478 1895 1590 1923 terram,
1614 1891 1660 1919 sed
1679 1891 1811 1926 yladium.

1033 1940 1103 1966 Item
1119 1941 1207 1972 nota,
1229 1938 1311 1974 quod
1327 1938 1517 1974 quadruplex
1538 1937 1652 1966 bellum
1668 1938 1698 1965 in
1717 1937 1813 1973 Scrip-

1033 1988 1098 2014 tura
1113 1985 1311 2021 distinguitur,
1328 1985 1410 2021 quod
1429 1985 1495 2021 paci
1517 1985 1701 2019 adversatur,
1717 1987 1744 2012 et
1759 1991 1812 2019 per

1032 2041 1138 2069 pacem
1160 2032 1288 2060 sedatur.
1303 2032 1415 2060 Bellum
1435 2033 1514 2060 enim
1536 2034 1578 2059 est
1598 2033 1672 2059 inter
1694 2039 1813 2060 carnem

1034 2083 1061 2107 et
1080 2080 1215 2115 spiritum
1226 2101 1233 2113 ,
1250 2079 1333 2115 quod
1352 2079 1488 2115 pacificat
1505 2079 1686 2115 peonitentia.
1701 2078 1813 2107 Bellum

1035 2128 1076 2154 est
1091 2127 1165 2154 inter
1180 2127 1332 2154 homiuem
1349 2129 1376 2154 ct
1394 2128 1495 2161 Deum,
1512 2126 1593 2162 quod
1606 2125 1742 2162 pacificat
1753 2125 1814 2160 jus-

1035 2173 1106 2201 titia.
1123 2173 1235 2201 Bellum
1252 2173 1339 2200 etiam
1355 2173 1409 2200 fnit
1424 2173 1497 2200 inter
1513 2173 1665 2200 homiuem
1679 2175 1706 2200 et
1721 2180 1812 2207 ange-

1034 2220 1107 2252 lum,
1118 2221 1200 2256 quod
1214 2220 1378 2255 pacificavit
1388 2219 1450 2247 Filii
1468 2219 1630 2246 incarnatio
1645 2219 1809 2246 benedicta.

1036 2268 1067 2294 Et
1095 2266 1208 2293 bellum
1235 2268 1277 2293 est
1304 2265 1378 2292 inter
1406 2264 1558 2292 hominem
1587 2267 1614 2292 et
1642 2265 1812 2300 proximum

1035 2321 1136 2345 suum,
1153 2312 1233 2348 quod
1246 2311 1381 2347 pacificat
1398 2311 1549 2347 patientia.
1566 2313 1598 2338 Et
1612 2310 1682 2346 quia
1696 2318 1755 2346 pax
1770 2311 1812 2336 est

1035 2360 1075 2388 ita
1096 2359 1244 2387 fructuosa
1265 2361 1291 2386 et
1311 2358 1492 2391 neccssaria,
1513 2358 1582 2385 ideo
1600 2357 1638 2384 ad
1657 2365 1722 2384 eam
1739 2356 1812 2383 obti-

1035 2407 1166 2434 nendam
1190 2406 1276 2433 docet
1298 2413 1353 2432 nos
1369 2413 1453 2432 orare
1475 2405 1634 2440 Propheta,
1653 2403 1753 2430 dicens
1774 2403 1809 2431 ¹⁸:

1035 2456 1136 2488 Roqate
1150 2461 1208 2488 qum
1223 2453 1259 2479 ad
1273 2461 1361 2487 pacem
1376 2455 1438 2479 sunt
1456 2452 1630 2479 Hierusalem.

1036 2528 1253 2558 xxxv1‚12.—¹³
1266 2525 1634 2555 L11e.,xx111‚¹2.-¹⁴1¹sal.
1651 2531 1733 2554 Lxxu,
1746 2527 1769 2550 3.
1781 2538 1812 2544 -

1038 2565 1058 2580 ¹⁶
1080 2563 1181 2593 Matlqu
1206 2569 1280 2592 xxvi,
1304 2564 1347 2592 48,
1374 2564 1412 2586 49.
1433 2575 1463 2580 --
1487 2563 1506 2578 ¹⁴³
1534 2561 1600 2586 Psal.
1627 2567 1714 2592 xxvii,
1737 2563 1759 2584 3.
1781 2573 1812 2579 -

1038 2600 1056 2616 ¹⁷
1069 2599 1171 2627 Mutila,
1187 2605 1212 2628 x,
1229 2600 1267 2622 :z-i.
1285 2611 1314 2616 —-
1331 2597 1429 2622 ¹⁸1’sal.
1445 2603 1515 2625 (3131,
1531 2599 1554 2621 G.

1070 2647 1101 2677 (a)
1118 2647 1178 2671 Coet.
1193 2646 1253 2670 edit.
1270 2646 1348 2676 pacis.
1365 2658 1394 2662 —
1413 2645 1445 2674 (ta)
1461 2645 1535 2668 Forte
1549 2643 1644 2675 leyend.
1661 2651 1747 2675 quam.
