2004 3037
112 1973 179 2000 Spiri-

100 2006 158 2024 tuate

77 2036 181 2062 gaudium

78 2077 90 2089 a
100 2071 182 2090 ‹wi-testi

93 2101 174 2125 gaudio

84 2138 175 2158 quomo-

88 2164 115 2183 tlu
127 2164 162 2190 pig
169 2175 175 2179 .

87 2198 172 2215 monta<

79 2228 125 2247 tum
135 2227 170 2247 sit.

181 158 240 191 328

179 223 344 260 Iniquitates
358 230 412 251 suoe
426 223 539 258 capiunt
559 224 686 258 impium.
705 223 763 252 Sed
783 221 961 252 adveniente

180 269 289 308 Spiritu
302 270 416 304 sancto,
425 269 548 298 libertas
558 272 696 299 causatur
708 269 742 298 in
754 269 867 305 anima,
876 269 963 306 juxta

180 317 258 346 illud
269 315 402 353 Apostoli
413 317 422 334 ¹
435 325 443 344 :
462 317 512 344 Ubi
523 318 640 352 spiritus
652 318 772 352 Domini,
785 317 826 345 ibi
840 317 960 345 libertas.

181 365 324 399 Quartum
342 371 361 391 a
383 371 444 400 quo
465 363 617 400 spirituale
638 363 784 399 gaudium
807 365 962 399 causatur,

181 413 224 440 est
238 409 398 448 spiritualis
412 410 620 447 tranquillitas.
638 411 740 447 Itaque
754 410 785 438 in
802 411 860 439 hoc
874 418 963 438 mun-

182 458 262 487 dano
292 456 404 494 gaudio
433 460 503 486 sunt
535 457 722 486 diversarum
750 457 964 493 cogitationum

181 504 335 540 tumultus,
350 505 379 533 et
393 504 581 533 diversarum
594 504 787 533 affectionum
805 505 962 540 cruciatuS,

182 554 210 580 et
225 551 412 580 eonscientiae
427 559 587 580 remorsus.
604 551 730 586 Quidam
743 559 816 580 vero
831 551 964 580 crucian-

181 600 229 628 tur
248 598 407 635 cupiditate
431 597 464 626 in
482 598 689 635 acquirendo;
713 598 839 634 quidam
858 599 963 627 timore

182 646 214 674 in
236 645 432 674 custodiendo
444 654 452 681 ς
473 644 598 681 quidam
619 645 724 673 dolore
747 645 779 673 in
802 645 965 674 amittendo

183 693 238 721 isto
260 691 372 728 gaudio
391 691 525 720 humano
539 701 547 727 ;
574 691 699 728 quidam
714 693 881 721 cruciantur
905 693 965 728 ira,

184 739 309 776 quidam
328 738 452 767 invidia.
476 738 534 767 Sed
549 738 666 767 animus
685 739 831 776 spirituali
852 739 965 775 gaudio

183 786 292 823 plenus
315 786 433 822 quietus
447 787 508 821 est,
529 788 558 814 et
573 785 741 821 jucundus,
756 788 784 814 ct
803 786 888 822 quasi
903 786 966 823 qui-

185 833 258 862 dam
270 833 363 862 lectus
376 832 571 862 mollissimus
594 833 828 862 Videmusenim
837 833 922 870 quod
936 833 967 861 in

185 879 262 909 lecto
284 879 370 908 molli
391 882 420 908 et
437 879 537 916 quieto
558 879 699 908 libentius
721 880 813 908 homo
832 879 966 916 quiescit,

187 935 279 964 quam
293 926 325 954 in
338 926 415 955 lecto
430 926 561 963 spinoso.
578 928 632 955 Iste
648 928 691 954 est
705 928 788 955 lectus
797 927 921 962 floridus,
937 927 968 954 in

188 982 250 1011 quo
275 974 400 1011 quiescit
422 981 549 1010 sponsus
568 975 596 1001 et
619 981 749 1009 sponsa,
764 976 797 1002 ut
817 973 923 1002 dicitur
937 974 968 1001 in

189 1022 320 1050 canticis.
341 1022 380 1049 De
399 1021 454 1049 ista
475 1020 572 1057 quiete
592 1020 693 1056 gaudii
717 1020 878 1056 spiritualis
899 1020 970 1049 dicit

188 1067 346 1104 Gregorius
360 1069 370 1085 ²
387 1077 394 1096 ε
415 1077 428 1093 (ι
448 1067 544 1096 Sancti
559 1067 632 1095 nihil
646 1067 735 1103 hujus
750 1067 855 1095 mundi
875 1075 969 1104 appe-

188 1117 262 1150 tunt,
279 1114 369 1142 nullis
383 1114 473 1142 corde
489 1114 664 1142 tumultibus
685 1115 931 1151 comprimuntur.
954 1126 967 1140 »

188 1162 220 1190 Et
239 1161 419 1198 Augustinus
434 1161 524 1197 dicit,
546 1162 629 1198 quod
653 1161 704 1198 qui
725 1162 834 1190 biberit
855 1161 891 1189 dc
913 1162 970 1190 ssu-

188 1208 268 1237 mine
284 1208 430 1245 paradisi,
446 1209 530 1245 cujus
544 1217 604 1237 una
618 1211 700 1244 gutta
716 1212 759 1237 est
773 1210 869 1245 major
883 1210 971 1237 Ocea-

189 1264 240 1292 no,
255 1257 344 1284 rcstat
358 1256 441 1292 quod
457 1256 487 1284 in
499 1265 534 1284 eo
550 1257 610 1285 sitis
620 1257 708 1292 hujus
723 1258 828 1286 mundi
843 1259 971 1287 extincta

189 1303 233 1331 sit.
250 1303 390 1338 Quintum
403 1312 420 1331 a
431 1312 491 1339 quo
503 1306 640 1332 causatur
650 1305 801 1340 spirituale
814 1305 969 1341 gaudium,

190 1352 233 1378 cst
251 1349 410 1386 spiritualis
430 1350 621 1379 conformitas
632 1373 641 1386 ,
661 1351 770 1380 scilicet
785 1360 853 1380 cum
869 1352 972 1380 volun-

190 1398 247 1425 tate
263 1397 327 1432 Dei,
344 1397 414 1434 quia
431 1405 500 1425 cum
521 1398 659 1426 voluntas
681 1399 811 1426 humana
827 1399 971 1427 voluntati

191 1444 297 1472 divinae
317 1444 539 1480 conformatur,
556 1445 629 1472 nihil
651 1446 677 1473 ci
702 1449 865 1482 repugnat,
882 1449 910 1474 ct
931 1446 972 1474 sic

190 1491 328 1519 voluntas
339 1491 387 1519 nei
400 1491 431 1519 in
447 1492 587 1520 omnibus
601 1492 750 1528 impletur,
763 1493 933 1528 juxtaillud
945 1494 971 1521 3;

191 1539 289 1567 Omnia
304 1546 473 1573 quaecumque
488 1540 584 1571 voluit,
605 1541 746 1573 fecit.lltrc
762 1543 861 1568 autem
877 1541 974 1576 major

192 1586 310 1614 dilectio
339 1588 367 1613 ct
390 1586 486 1621 majus
513 1587 656 1621 gaudium
684 1589 744 1622 cst,
769 1588 853 1624 quod
881 1589 974 1623 possit

192 1641 263 1666 esse,
281 1633 383 1660 omnia
402 1633 441 1660 ad
462 1636 566 1661 nutum
587 1634 712 1669 habere,
736 1637 764 1662 ct
787 1635 859 1663 nihil
880 1637 906 1664 ei
928 1646 973 1665 re-

192 1688 336 1716 pugnare.
358 1680 450 1707 Etiam
470 1680 546 1715 iguis
568 1682 710 1716 gehennae
733 1682 826 1710 l'acilis
842 1686 936 1718 osset,
952 1685 975 1712 si

192 1727 331 1756 voluntas
341 1727 426 1755 illum
438 1730 609 1764 acceptaret.
622 1730 676 1762 Qui
688 1729 776 1764 igitur
789 1732 856 1757 sunt
868 1731 975 1759 volun-

193 1774 244 1802 tati
260 1774 368 1801 divinae
389 1775 572 1809 conformes,
589 1778 656 1803 sunt
676 1776 760 1811 quasi
777 1776 834 1811 dii,
850 1787 906 1805 suae
922 1786 974 1805 vo-

194 1821 313 1849 luntatis
332 1822 484 1856 compotes
508 1821 556 1857 (11).
577 1822 751 1857 Exemplum
781 1823 816 1851 tic
841 1824 975 1860 quodum

196 1871 296 1897 sancto
311 1871 410 1905 patre,
427 1869 477 1905 qui
492 1869 603 1897 sciebat
618 1869 686 1897 tlcre
696 1890 704 1904 ,
721 1870 975 1907 quandocumque

196 1916 326 1944 volebat.

231 1963 325 1991 Tertio
349 1965 376 1991 ct
402 1963 527 1996 ultimo,
549 1963 699 1999 spirituale
723 1965 867 1999 gaudium
890 1967 932 1993 est
959 1975 977 1994 a

197 2010 305 2038 effllcsti
328 2009 438 2045 gaudio
460 2010 696 2046 pigmentatum:
723 2012 876 2039 conficitur
897 2013 976 2041 onim

199 2058 288 2085 instar
306 2057 444 2092 nectaris,
465 2058 621 2093 speciebus
643 2058 811 2086 coelestibus
829 2062 857 2086 et
876 2061 976 2095 gario-

197 2104 295 2140 philis.
314 2104 393 2132 l'nde
407 2104 573 2132 notandum
589 2107 631 2132 est
645 2104 750 2133 devote
766 2108 794 2133 ct
810 2106 977 2142 diligenter,

199 2151 282 2187 quod
303 2151 408 2187 triplex
426 2153 468 2179 est
484 2159 577 2186 genus
596 2153 731 2186 nectaris,
752 2153 860 2181 scilicet
879 2158 977 2183 nectar

200 2198 355 2225 dominica*
376 2198 536 2233 passionis,
556 2200 654 2226 nectar
675 2199 811 2227 virtuosa*
831 2202 978 2237 operatio·

200 2245 254 2279 nis,
275 2247 302 2272 et
324 2246 422 2272 nectar
443 2247 555 2272 mternae
576 2245 732 2279 fruitionis,
754 2246 800 2274 vel
822 2247 974 2276 felicitatis.

201 2291 332 2320 Primum
355 2294 397 2318 cst
419 2294 517 2318 nectar
541 2292 696 2319 dominicae
717 2293 871 2329 passionis,
894 2296 977 2331 quod

202 2341 243 2366 est
265 2337 486 2370 dulcissimum,
513 2340 539 2364 ct
563 2337 668 2364 animm
692 2339 806 2367 ‹lex-otte
831 2341 979 2370 int-briati-

201 2394 282 2412 vum.
301 2386 332 2412 Et
350 2384 515 2411 notandum
531 2384 611 2419 quotl
633 2384 661 2410 in
682 2385 736 2412 hoc
756 2390 872 2415 nectare
891 2388 978 2416 brne-

203 2432 280 2460 dicto
299 2434 427 2468 quatuor
445 2432 645 2466 apponuntur,
662 2432 770 2459 scilicet
786 2433 887 2461 vinum
903 2435 977 2463 illud

202 2479 399 2516 myrrhatum,
419 2485 478 2514 quo
497 2477 625 2505 Christus
642 2477 695 2505 suit
713 2481 839 2513 potatus⁴
860 2482 913 2508 Pro
929 2490 978 2517 ga-

236 2555 241 2568 ¹
268 2555 284 2577 ΙΙ
312 2553 379 2581 Corn,
406 2558 449 2582 111,
477 2553 511 2576 17.
537 2565 563 2569 -
591 2552 599 2565 ²
624 2553 709 2582 (ἶπες,
736 2553 836 2584 Momm,
863 2554 905 2578 lib⁴
935 2557 976 2586 tv,

203 2597 226 2614 c.
244 2595 344 2619 xxviii,
362 2589 430 2612 circa
447 2589 516 2612 med.
530 2601 560 2606 -
579 2588 588 2604 ³
603 2588 670 2612 Psal.
688 2594 765 2618 cxiii,
783 2592 805 2613 3.
820 2603 850 2608 —
867 2592 872 2605 ¹
892 2592 976 2622 Cant„

203 2630 262 2655 viii,
285 2626 307 2649 2.
330 2638 355 2642 —
375 2625 385 2641 ⁵
401 2625 484 2655 Cant„
507 2630 531 2654 v,
556 2626 576 2648 t.
596 2637 625 2642 -
648 2625 656 2638 ⁰
684 2624 775 2655 Ecclz„
799 2632 868 2657 xxx,
894 2628 929 2652 lu.
948 2642 977 2646 —

701 175 706 185 t
723 153 866 188 DLAETAE
887 151 1054 203 SALu‘tfis
1073 152 1151 186 Tl'r.
1174 153 1257 186 vlit.

1015 220 1152 258 riophilis
1169 223 1239 250 sunt
1256 221 1334 251 clavi
1351 222 1451 260 positi,
1471 223 1583 260 quihus
1596 224 1727 255 Christus
1742 226 1800 256 fuit

1017 268 1180 297 confossus.
1199 270 1255 298 Pro
1275 269 1468 299 cinnamomo
1490 272 1535 299 est
1554 270 1672 307 lignum
1692 273 1798 309 crucis,

1017 315 1049 343 in
1069 323 1131 352 quo
1153 315 1208 344 tuit
1229 324 1400 353 suspensus,
1421 318 1478 345 Pro
1497 325 1619 358 saccaro
1634 318 1672 355 (b)
1693 321 1738 348 est
1755 319 1799 350 ihi

1017 362 1190 392 dulcissima
1212 363 1337 392 charitas
1359 365 1388 391 et
1408 363 1623 400 misericordia,
1648 365 1720 402 quia
1740 374 1798 403 pro

1017 409 1105 439 nobis
1122 412 1266 439 mactatus
1283 413 1313 445 (c)
1333 410 1402 445 fuit,
1421 418 1528 447 passus
1546 413 1575 440 et
1593 413 1739 441 mortuus.
1759 414 1799 442 De

1016 456 1073 486 isto
1095 459 1212 485 nectare
1233 457 1304 486 dicit
1324 465 1435 494 sponsa
1448 458 1459 475 ⁴
1475 467 1482 486 :
1502 459 1576 486 Dabo
1599 459 1654 487 tibi
1672 460 1799 495 poculum

1018 511 1052 532 ea:
1071 505 1134 532 vino
1155 505 1274 532 condtto.
1294 505 1463 533 Secundum
1481 507 1580 534 nectar
1600 507 1643 534 est
1660 506 1799 535 virtuose

1019 551 1198 587 operationis
1215 560 1221 579 :
1240 551 1331 580 habet
1347 559 1403 588 pro
1422 551 1493 580 vino
1513 552 1686 581 charitatem
1704 552 1754 581 Dei
1771 555 1801 582 et

1017 597 1166 634 proximi,
1185 600 1214 626 et
1231 606 1286 634 pro
1304 599 1490 635 gariophiliS,
1511 599 1612 628 clavos
1630 599 1801 636 pungitivus

1020 644 1212 673 confessionis
1223 645 1334 681 peccati
1341 655 1350 681 ς
1363 653 1417 682 pro
1430 646 1634 682 cinnamomo,
1647 646 1800 683 planctum

1020 691 1203 720 ostensivum
1210 692 1422 728 recognitionis
1429 693 1540 729 peccati
1547 702 1555 728 3
1563 701 1618 730 pro
1627 701 1746 722 saccaro
1753 694 1800 730 (b),

1019 738 1111 768 habet
1131 738 1321 767 dulcedinem
1339 739 1470 776 pietatis,
1494 741 1522 768 et
1541 740 1615 768 boni
1634 740 1742 777 operis.
1764 741 1801 769 De

1020 785 1076 814 isto
1097 787 1216 814 nectare
1239 785 1310 814 dicit
1332 786 1466 822 sponsa⁵
1483 795 1489 815 :
1512 787 1578 827 Bitu}
1598 788 1691 815 vinum
1714 795 1802 816 meum

1021 841 1081 860 cum
1095 833 1162 860 lacte
1175 841 1241 860 meo.
1260 833 1367 860 Vinum
1383 835 1426 861 est
1439 833 1537 868 dulce,
1553 835 1582 862 et
1593 833 1640 862 lac
1656 835 1701 862 est
1714 842 1802 863 mun-

1023 879 1111 914 dum,
1130 879 1202 916 quia
1219 879 1302 907 bona
1321 879 1460 908 voluntas
1477 880 1568 908 habet
1587 880 1642 909 ista
1661 880 1730 916 duo,
1748 881 1803 909 sci-

1022 926 1090 954 licet
1102 925 1293 954 dulcedinem
1306 927 1445 962 veritatis,
1461 927 1509 955 vel
1522 927 1638 964 pietatis
1650 930 1679 956 et
1693 928 1803 964 gratim,

1023 975 1052 1001 ct
1066 973 1244 1001 munditiam
1261 974 1455 1002 conscientiae.
1477 975 1515 1002 lte
1535 975 1590 1003 isto
1605 974 1716 1010 gaudio
1733 975 1805 1003 dici-

1025 1021 1070 1048 tur
1080 1021 1106 1048 ⁶:
1118 1021 1179 1050 Non
1190 1024 1228 1048 est
1240 1021 1458 1049 oblectamentum
1470 1029 1550 1057 super
1561 1022 1648 1050 cordis
1661 1022 1804 1056 qaudium.

1023 1067 1151 1095 Tertium
1170 1069 1212 1095 est
1230 1070 1330 1096 nectar
1343 1070 1458 1096 aeternae
1476 1068 1633 1103 fruitionis,
1651 1068 1700 1096 vel
1713 1068 1805 1096 felici-

1025 1114 1101 1149 tatis,
1116 1114 1200 1150 quod
1214 1114 1382 1150 angelicum
1396 1118 1425 1143 et
1439 1115 1687 1150 jucundissimum
1701 1116 1762 1150 est,
1778 1116 1806 1144 et

1025 1160 1093 1189 idco
1121 1160 1191 1189 facit
1218 1161 1321 1190 beatos
1347 1162 1485 1190 continue
1513 1164 1630 1190 cantare
1647 1171 1655 1190 z
1675 1161 1806 1196 Sanctus,

1025 1208 1147 1240 Sanctus.
1167 1208 1292 1243 sanctus,
1310 1210 1439 1236 Dominus
1454 1210 1524 1237 Deus
1538 1208 1668 1243 Sabaoth,
1683 1210 1737 1236 etc.
1746 1217 1754 1243 ;
1770 1208 1808 1236 si-

1027 1257 1074 1283 cut
1089 1255 1225 1283 videmus
1241 1255 1323 1291 quod
1336 1257 1435 1283 nectar
1449 1255 1481 1283 in
1495 1255 1640 1284 conviviis
1653 1255 1722 1283 facit
1738 1262 1808 1283 con-

1027 1302 1110 1330 vivas
1125 1302 1247 1330 choreas
1262 1302 1371 1330 ducere
1385 1305 1413 1330 et
1428 1305 1546 1330 cantare
1559 1303 1599 1337 (r).
1615 1302 1694 1330 Istud
1708 1304 1808 1330 nectar

1028 1349 1181 1378 coniicitur
1204 1358 1240 1377 cx
1262 1351 1392 1385 quatuor
1408 1349 1525 1377 :thahet
1544 1350 1624 1377 enim
1646 1357 1701 1385 pro
1726 1349 1807 1384 vino,

1027 1397 1185 1432 puritatem
1200 1396 1307 1424 divina:
1327 1396 1464 1431 visionis3
1484 1404 1539 1432 pro
1557 1395 1741 1432 gariophilis,
1757 1396 1809 1424 ha-

1029 1445 1078 1472 bet
1093 1445 1275 1472 venustatem
1292 1443 1448 1471 dominicae
1463 1443 1623 1479 passionis;
1639 1451 1695 1479 pro
1710 1443 1810 1470 cinna-

1029 1500 1130 1520 momo
1147 1491 1236 1520 habet
1252 1490 1420 1518 firmitatem
1436 1493 1550 1518 mternae
1565 1489 1746 1523 donationis,
1761 1489 1809 1517 vel

1029 1539 1191 1572 fruitionis3
1208 1546 1263 1574 pro
1278 1546 1398 1565 saccaro
1410 1538 1456 1573 (b),
1472 1537 1520 1564 vel
1538 1544 1592 1573 pro
1607 1536 1706 1571 melle,
1720 1536 1810 1564 habet

1031 1586 1219 1613 dulcedinem
1231 1585 1277 1612 vel
1289 1584 1463 1612 suavitatem
1475 1586 1589 1612 aeternae
1603 1583 1758 1611 fruitionis.
1772 1584 1810 1611 De

1030 1633 1084 1661 isto
1100 1635 1217 1660 ncctarc
1233 1632 1356 1660 dicitur7
1369 1641 1375 1659 :
1389 1632 1478 1659 Bibc'te
1493 1635 1517 1659 et
1533 1632 1716 1662 inebriamini,
1728 1631 1811 1658 amici

1031 1682 1083 1707 met
1107 1681 1252 1707 carissimi.
1279 1678 1357 1707 lstud
1376 1681 1418 1706 est
1435 1678 1586 1714 spirituale
1609 1677 1768 1713 gaudium,
1793 1684 1811 1705 a

1031 1727 1140 1755 coelesti
1156 1726 1267 1761 gaudio
1283 1726 1509 1761 pigmentatum,
1526 1724 1563 1752 de
1579 1732 1640 1760 quo
1656 1724 1764 1752 dicitur
1775 1723 1786 1740 ⁸
1801 1733 1808 1752 :

1031 1775 1110 1801 Intra
1125 1776 1153 1800 in
1169 1773 1301 1807 guadium
1316 1773 1423 1799 Domini
1439 1774 1490 1804 tui,
1507 1774 1561 1799 etc.

1066 1820 1176 1848 Tertius
1196 1819 1305 1847 fructus
1320 1821 1362 1846 cst
1376 1819 1485 1846 fructus
1500 1818 1601 1854 pacis3
1617 1817 1670 1845 sed
1686 1817 1758 1853 quia
1772 1816 1810 1846 de

1031 1869 1085 1897 isto
1096 1868 1190 1896 fructu
1201 1870 1355 1895 tractatum
1365 1868 1408 1894 cst
1420 1866 1450 1893 in
1462 1865 1644 1894 beatitudine
1657 1866 1808 1902 septima',

1031 1915 1100 1943 ideo
1123 1915 1160 1943 dc
1182 1915 1246 1950 ipso
1267 1914 1339 1941 nihil
1361 1913 1489 1949 amplius
1509 1915 1550 1940 est
1569 1913 1616 1940 liic
1637 1912 1808 1940 dicendum.

1032 1965 1156 1996 Quartus
1175 1962 1285 1988 fructus
1305 1963 1347 1987 cst
1363 1959 1522 1996 patientia3
1544 1959 1580 1987 dc
1601 1968 1661 1995 qua
1678 1959 1810 1987 similiter

1032 2011 1144 2037 dictum
1159 2011 1201 2036 cst
1215 2008 1244 2035 in
1261 2010 1381 2035 tractatu
1396 2007 1428 2034 dc
1444 2008 1666 2039 beatitudinibus,
1683 2014 1751 2034 cum
1767 2006 1810 2034 di-

1032 2058 1153 2085 cebatur
1168 2056 1205 2084 dc
1220 2059 1325 2084 octava
1339 2053 1521 2082 beatitudine
1536 2054 1563 2081 ¹⁰.

1317 2170 1458 2204 CAPUT
1483 2170 1524 2202 ΙΙ.

1277 2258 1313 2284 De
1342 2256 1565 2290 Longanimz'tate.

1069 2343 1190 2377 Quintus
1204 2341 1313 2368 fructus
1327 2341 1369 2368 est
1382 2338 1603 2374 longaminitas,
1613 2338 1660 2366 vel
1675 2344 1809 2373 perseve-

1033 2390 1136 2418 rantia.
1150 2391 1187 2416 lie
1200 2396 1260 2424 qua
1272 2388 1360 2415 etiam
1372 2386 1504 2414 notanda
1515 2388 1582 2413 sunt
1596 2385 1666 2413 tria:
1680 2384 1809 2420 primum

1034 2440 1085 2471 est,
1095 2445 1186 2472 quam
1196 2434 1384 2463 laudabiliter
1395 2432 1633 2466 commendatum
1645 2430 1809 2458 secundum

1033 2512 1042 2527 ⁷
1059 2512 1140 2538 sumt..
1157 2516 1182 2539 v,
1203 2512 1221 2533 t.
1235 2522 1265 2526 —
1280 2509 1289 2525 8
1306 2509 1404 2535 Matth„
1421 2513 1481 2538 MV,
1497 2509 1536 2531 23.
1548 2519 1579 2524 —-
1593 2506 1603 2523 ⁹
1617 2507 1690 2535 sup„
1707 2505 1745 2529 tit.
1763 2509 1808 2535 vu,

1035 2553 1056 2570 c.
1074 2552 1108 2576 ii,
1125 2552 1182 2576 pugn
1197 2546 1251 2568 324.
1264 2557 1295 2561 —
1310 2545 1330 2561 ¹⁰
1345 2546 1417 2576 sup„
1433 2543 1493 2567 ibid.
1510 2549 1532 2566 c.
1551 2547 1597 2570 vii,
1612 2546 1670 2571 pag.
1687 2541 1742 2563 325.

1066 2593 1097 2622 (a)
1116 2593 1176 2617 Coet.
1196 2591 1254 2615 edit.
1278 2592 1464 2622 competentes.
1479 2603 1510 2608 —
1529 2588 1563 2619 (b)
1581 2588 1642 2612 Item
1666 2593 1810 2610 zucam.—

1036 2631 1064 2658 tvi
1077 2629 1137 2653 Item
1151 2630 1315 2652 tractatus.—
1331 2627 1364 2656 til)
1380 2628 1443 2651 caet.
1458 2625 1521 2650 edit.
1536 2624 1596 2648 adri.
1613 2623 1663 2654 sic,
1681 2624 1731 2647 etc.
