2004 3037
651 299 702 332 DE
724 299 890 333 NATURA
911 302 988 334 DEI.
1013 302 1100 335 CAP.
1123 303 1214 336 XXX.
1700 309 1739 341 83

130 367 262 404 potentia
276 375 345 396 cum
359 367 551 405 dispositione
563 367 735 405 propinqua
744 389 753 404 ‚
769 368 843 397 sicut
856 377 910 405 pa·

131 415 172 442 tet
186 414 216 442 in
230 414 368 450 materia,
384 413 506 451 quando
522 416 566 443 est
579 414 611 443 in
626 415 732 443 ultima
746 415 792 444 sui
807 415 908 452 dispo-

131 460 251 496 sitione,
266 462 298 489 ut
309 460 437 489 formam
451 460 574 498 recipiat
587 470 594 489 :
609 462 636 490 et
650 461 816 490 secundum
829 462 908 490 hunc

131 507 257 536 modum
277 510 319 536 est
338 507 414 536 ratio
435 507 578 536 naturalis
593 507 623 536 in
647 516 741 544 grano
761 508 906 538 seminato

131 553 171 582 ad
184 553 413 590 productionem
425 553 532 591 segetis
548 563 555 583 :
572 556 600 583 et
613 554 671 583 hoc
686 563 748 583 non
762 556 805 584 est
819 554 909 584 mira-

132 600 243 630 culum.

335 679 516 713 CAPUT
553 679 703 714 XXIX.

395 763 433 790 De
448 762 570 790 Scientz‘a
584 763 644 790 Dei.

167 840 225 870 soit
237 841 312 869 Deus
326 840 428 868 omnia
441 840 673 877 praesentialiter,
687 841 714 867 et
729 839 827 874 simul,
843 847 910 875 per-

131 887 204 916 fecte
225 895 365 923 quoque,
382 889 410 915 et
432 886 665 915 immutabiliter.
691 885 911 914 Praesentialiter

132 934 217 969 dico,
232 934 290 962 hoc
305 937 367 970 est,
382 935 422 962 ita
435 934 575 971 limpide,
602 942 636 962 ac
650 934 675 962 si
689 935 795 962 cuncta
816 935 912 961 essent

131 981 354 1017 proesentialitcr
368 981 531 1010 existentia.
548 978 642 1009 Simul
664 981 753 1008 eliam
777 980 830 1008 scit
848 988 910 1008 om-

131 1027 195 1063 nia,
211 1028 282 1063 quia
295 1027 427 1056 videndo
442 1035 484 1062 se,
500 1028 552 1064 qui
565 1027 622 1055 sibi
637 1035 766 1063 praesens
780 1029 833 1061 est,
849 1035 911 1055 om-

131 1073 182 1102 nia
194 1074 285 1102 videt.
305 1074 431 1102 perfecte
451 1082 592 1110 quoque,
611 1073 683 1110 quia
697 1073 827 1109 cognitio
848 1072 911 1108 ejus

131 1128 187 1149 nec
199 1122 296 1157 potest
310 1121 430 1156 augeri,
453 1129 508 1149 nec
522 1121 626 1149 minui.
644 1121 700 1149 Scit
719 1122 747 1148 et
773 1121 911 1148 immuta-

130 1166 238 1202 biliter,
263 1167 333 1203 quia
347 1167 442 1196 noscit
456 1167 558 1196 omnia
572 1176 625 1203 per
639 1169 778 1195 naturam
801 1166 848 1194 sui
863 1166 911 1193 in«

130 1213 277 1249 tellectus,
293 1214 345 1250 qui
365 1216 407 1242 est
428 1214 632 1242 immutabilis.
658 1213 822 1242 Dicendum
839 1221 910 1248 ergo

131 1260 215 1297 quod
242 1262 318 1288 Deus
344 1261 497 1296 cognoscit
519 1260 698 1297 temporalia
722 1260 909 1294 aeternaliter‚

130 1306 287 1335 mutabilia
304 1307 536 1343 immutabiliter,
553 1307 754 1343 contingentia
769 1306 910 1335 infallibi-

130 1353 206 1388 liter,
225 1353 323 1381 futura
342 1354 574 1389 praesentialiter,
602 1354 803 1390 dependentia
825 1353 910 1381 inde-

130 1399 305 1437 pendenter,
325 1402 422 1428 creata
440 1401 569 1429 increate
576 1410 584 1436 3
606 1401 664 1429 alia
687 1409 756 1429 vero
778 1409 796 1429 a
815 1408 861 1434 se,
880 1400 911 1428 in

131 1454 179 1481 se,
195 1448 223 1474 ct
239 1454 294 1482 per
309 1455 349 1475 se.
365 1448 440 1475 Nota
454 1447 651 1475 differentiam
665 1447 740 1475 inter
757 1447 911 1475 scientiam

132 1493 194 1528 Dei,
210 1493 330 1528 Christi,
348 1494 456 1529 angeli,
472 1495 500 1521 et
513 1494 643 1522 hominis
658 1503 666 1521 :
683 1494 754 1530 quia
770 1495 844 1521 Deus
859 1494 911 1521 scit

132 1540 234 1569 omnia
247 1540 336 1568 simul
352 1549 358 1568 :
375 1540 456 1568 videt
470 1541 550 1568 enim
562 1541 656 1569 multa
671 1541 701 1568 in
715 1549 777 1569 uuo
788 1563 797 1575 ,
814 1541 845 1568 id
858 1543 910 1574 est,

131 1587 163 1615 in
176 1586 295 1622 seipso:
312 1587 392 1615 unde
406 1586 438 1614 in
460 1587 574 1615 visione
599 1588 649 1615 Dei
673 1595 735 1615 non
759 1587 858 1615 differt
879 1587 911 1614 id

132 1633 216 1669 quod
229 1633 326 1668 videt,
343 1634 370 1661 et
388 1641 442 1669 per
466 1634 550 1670 quod
564 1633 660 1668 videt,
686 1633 756 1670 quia
779 1633 859 1661 videt
879 1641 909 1661 se

131 1686 185 1716 per
199 1687 247 1714 se,
263 1681 291 1707 et
303 1679 334 1707 in
357 1688 387 1707 se
404 1679 486 1707 videt
509 1680 620 1708 omnia.
643 1680 772 1708 Christus
794 1681 908 1713 autem,

132 1726 297 1754 secundum
318 1726 401 1762 quod
419 1726 511 1754 homo
525 1747 535 1760 ,
557 1726 610 1754 scit
630 1727 732 1754 omnia
745 1748 753 1761 ,
771 1735 837 1762 quae
858 1726 910 1754 scit

132 1772 206 1800 Deus
220 1772 340 1800 seientia
352 1773 494 1807 visionis;
512 1773 579 1801 licet
593 1781 656 1801 non
676 1773 717 1801 ita
736 1773 860 1809 limpide
875 1773 910 1800 si-

132 1819 180 1846 eut
195 1819 280 1846 Deus.
297 1819 426 1854 Angelus
441 1827 513 1847 vero
530 1819 707 1847 deiformem
717 1819 807 1847 hahet
822 1819 908 1847 intel-

131 1864 259 1900 lectum,
275 1865 308 1893 id
322 1867 380 1900 est,
400 1866 452 1894 illa
467 1874 533 1902 quoe
548 1866 600 1894 scit
609 1866 667 1894 >illa
682 1866 802 1894 scientIa
812 1888 820 1901 ,
842 1875 908 1902 quae

132 1912 174 1938 est
187 1911 218 1939 in
230 1912 326 1940 Verbo
336 1932 346 1945 ,
361 1911 414 1939 scit
435 1912 524 1940 simul
542 1914 625 1947 actu,
642 1913 716 1940 sicut
731 1914 825 1948 Deus,
841 1913 909 1940 licet

131 1957 241 1985 neseiat
261 1958 363 1986 omnia
378 1967 445 1994 quae
459 1958 513 1986 scit
528 1960 613 1987 Dens.
630 1959 686 1986 Sed
701 1959 794 1987 homo
813 1968 908 1987 unum

132 2004 230 2032 solum
248 2004 301 2032 scit
321 2006 408 2039 actu,
425 2005 495 2040 quia
518 2005 587 2033 licet
601 2005 700 2033 videat
720 2006 814 2033 multa
826 2027 834 2041 ,
858 2006 908 2033 illa

131 2051 231 2077 tamen
243 2058 304 2078 non
317 2050 399 2078 videt
412 2059 473 2078 uno
489 2053 556 2079 actu
570 2051 713 2086 videndi,
730 2052 782 2079 sed
796 2052 906 2087 multis,

131 2095 162 2123 id
176 2098 234 2130 est,
248 2104 302 2132 per
316 2097 426 2124 multas
439 2105 540 2124 rerum
555 2097 769 2125 similitudines.

167 2142 314 2178 Sapientia
328 2143 393 2177 Dei,
409 2143 477 2171 licet
490 2144 521 2170 in
537 2144 633 2179 seipsa
651 2151 712 2171 non
730 2144 908 2172 diversifice-

130 2190 188 2224 tur,
210 2189 328 2217 diversa
346 2191 445 2218 tamen
469 2190 587 2218 sortitur
608 2190 746 2218 nomina:
764 2190 794 2218 in
818 2199 909 2226 quan-

129 2237 194 2263 tum
209 2236 288 2263 enim
303 2236 446 2272 sapientia
460 2236 510 2264 Dei
532 2237 731 2271 cognoscitiva
752 2238 794 2264 est
816 2238 909 2273 possi-

132 2282 249 2317 bilium,
265 2282 372 2310 dicitur
386 2283 517 2317 scientia,
539 2283 599 2310 sive
624 2283 763 2318 cognitio5
788 2283 857 2311 item
878 2283 908 2311 in

131 2331 277 2365 quantum
303 2331 345 2358 est
365 2330 566 2365 cognoscitiva
590 2330 725 2358 omnium
746 2339 812 2367 quae
834 2331 909 2359 fiunt

131 2375 162 2403 iu
180 2376 314 2411 mundo,
332 2376 438 2404 dieitur
458 2385 519 2405 esse
534 2376 630 2412 visi03
650 2377 681 2404 in
701 2379 846 2413 quantum
867 2380 909 2405 cst

132 2424 332 2459 cognoscitiva
344 2433 447 2452 eorum
462 2433 528 2460 quoe
540 2424 618 2452 bene
630 2424 721 2458 fiunt,
738 2424 843 2452 dicitur
858 2433 908 2460 ap-

130 2470 284 2506 probati03
300 2471 331 2498 in
351 2473 497 2507 quantum
516 2472 559 2498 cst
573 2471 776 2505 cognoscitiva
798 2471 908 2498 futuro-

131 2523 217 2551 rum,
233 2516 339 2544 dicitur
352 2517 508 2552 praevisio;
525 2517 556 2544 in
576 2519 720 2552 quantum
744 2519 786 2544 est
801 2525 908 2552 cogno-

132 2561 233 2590 scitiva
248 2570 351 2590 eorum
373 2571 440 2599 quae
455 2563 493 2591 ab
507 2563 573 2598 ipso
595 2564 653 2590 Deo
670 2563 806 2591 facienda
821 2566 888 2591 sunt
898 2586 907 2599 ,

134 2608 240 2637 dieitur
253 2610 422 2646 dispositio3
438 2611 469 2638 in
488 2612 632 2646 quantum
647 2613 690 2638 est
707 2613 909 2647 cognoscitiva

132 2655 394 2692 praemiandorum,
408 2657 515 2685 dicitur
526 2657 761 2694 praedestinatim
775 2659 806 2687 in
817 2668 908 2695 quan-

133 2704 196 2732 tum
209 2704 252 2732 est
266 2705 465 2740 cognoscitiva
477 2705 730 2741 damnandorum,
746 2706 852 2734 dicitur
866 2715 909 2735 re-

133 2749 284 2785 probatio:

999 370 1133 406 cognitio
1150 371 1252 399 divina
1266 379 1334 400 cum
1348 372 1384 400 sit
1395 373 1621 411 perfectissima,
1638 377 1740 406 omnia

964 417 1116 453 cognoscit
1130 418 1347 447 distinctissime
1363 419 1418 448 sub
1439 421 1577 450 omuibus
1593 423 1740 452 conditio-

963 463 1067 498 nibus,
1091 473 1166 501 quas
1180 473 1227 493 res
1240 465 1367 500 habent3
1385 467 1412 494 et
1426 469 1547 503 propter
1571 469 1628 497 hoc
1642 469 1741 499 futura

963 510 1016 538 scit
1033 510 1149 546 futura,
1173 512 1326 548 praesentia
1348 514 1519 548 praesentia,
1539 516 1568 543 et
1587 515 1670 545 bona
1689 525 1741 553 ap-

962 557 1122 592 probanda
1141 579 1150 593 ,
1186 559 1326 595 malaque
1354 560 1555 596 reprobanda.
1580 562 1608 590 Si
1641 565 1740 592 autem

964 604 1036 632 scire
1060 604 1191 632 volucris
1216 606 1341 641 qualiter
1369 608 1443 635 Deus
1466 609 1619 643 cognoscit
1645 610 1739 646 mala,

963 651 1130 679 notandum
1145 652 1226 688 quod
1244 653 1386 688 contingit
1400 654 1516 690 aliquid
1530 657 1671 691 cognosci
1688 657 1742 685 du-

963 697 1079 733 pliciter
1097 707 1103 726 :
1126 700 1177 727 aut
1201 707 1254 735 per
1273 701 1402 736 speciem
1424 702 1592 738 propriam;
1616 705 1666 731 aut
1688 712 1742 740 per

964 745 1094 780 speciem
1129 745 1267 775 alienam.
1305 747 1402 776 Primo
1429 749 1521 777 modo
1554 751 1743 786 cognoscitur

964 790 1102 828 habitusg
1119 793 1249 822 secundo
1262 795 1371 830 modo,
1396 795 1534 831 privatio.
1550 798 1623 825 ltem
1644 797 1742 833 primo

964 838 1057 866 modo
1079 841 1266 875 cognoscitur
1287 841 1355 877 lux3
1376 843 1507 871 secundo
1531 844 1643 878 modo,
1663 846 1744 873 tene-

964 885 1035 914 brae.
1057 887 1169 914 Eodem
1188 887 1280 916 modo
1296 888 1457 917 dicendum
1473 891 1531 924 est,
1547 891 1631 926 quod
1644 891 1742 928 primo

965 932 1058 961 modo
1080 934 1269 968 cognoscitur
1292 935 1407 963 bonum
1434 946 1442 972 ;
1469 937 1601 965 secundo
1627 939 1743 974 modo,

965 979 1079 1007 malum
1090 1000 1099 1014 ,
1122 981 1230 1009 seilicet
1245 990 1298 1018 per
1319 983 1447 1018 speciem
1463 984 1602 1020 oppositi*
1612 985 1743 1014 habitus.

966 1026 1041 1054 Nihil
1074 1027 1153 1054 enim
1175 1030 1218 1055 cst
1249 1029 1363 1057 malum
1381 1051 1389 1064 ,
1422 1030 1478 1057 nisi
1509 1031 1581 1058 boni
1606 1032 1743 1068 privatio.

966 1073 1047 1100 Unde
1068 1074 1228 1102 dicendum
1247 1077 1300 1109 est,
1322 1077 1405 1111 quod
1424 1078 1497 1105 Deus
1519 1079 1670 1113 cognoscit
1692 1079 1747 1107 bo-

965 1127 1038 1147 num
1062 1128 1115 1156 per
1137 1121 1259 1149 unicum
1282 1123 1438 1158 medium,
1460 1124 1570 1152 scilicet
1596 1133 1650 1161 per
1675 1133 1745 1161 pro-

965 1167 1063 1202 priam
1088 1169 1260 1204 essentiam3
1289 1170 1370 1197 mala
1404 1172 1514 1206 autem,
1545 1179 1599 1207 per
1634 1172 1745 1208 duplex

966 1214 1100 1242 medium
1117 1224 1123 1242 :
1146 1223 1218 1243 nam
1241 1224 1294 1252 per
1314 1217 1470 1244 essentiam
1492 1226 1577 1245 suam
1594 1220 1746 1254 cognoscit

965 1260 1102 1288 habitum
1118 1262 1287 1298 oppositum
1301 1262 1436 1297 mahtim,
1457 1266 1485 1291 ct
1498 1264 1550 1291 illo
1565 1265 1669 1293 habitu
1683 1274 1745 1294 me-

967 1307 1066 1335 diante
1076 1329 1085 1343 ,
1101 1309 1133 1335 ut
1148 1310 1190 1335 est
1203 1309 1234 1336 in
1249 1309 1314 1345 ipso
1330 1311 1389 1338 Deo
1404 1313 1617 1346 cognoscente,
1635 1320 1746 1347 eogno-

967 1354 1020 1382 scit
1033 1354 1180 1383 defectum
1196 1356 1257 1391 ejus
1271 1365 1277 1383 :
1294 1359 1321 1385 et
1335 1356 1402 1384 ideo
1423 1357 1529 1386 dicitur
1541 1358 1621 1387 mala
1641 1366 1660 1386 a
1677 1359 1744 1387 lon-

967 1409 1003 1435 ge
1019 1409 1207 1437 cognoscere.

1217 1494 1358 1527 CAPUT
1383 1495 1489 1529 XXX.

1204 1568 1238 1593 De
1264 1568 1510 1596 Praeclesmzattone.

1004 1638 1270 1666 Praedestinationis
1296 1640 1487 1668 diffinitiones
1502 1642 1689 1676 assignantur
1705 1644 1742 1673 ab

966 1685 1129 1720 Augustino
1155 1688 1294 1720 quatuor.
1321 1687 1417 1715 Prima
1432 1690 1474 1716 est
1496 1697 1502 1716 :
1527 1690 1744 1719 praedestinatio

967 1733 1009 1758 est
1022 1732 1203 1767 praescientia
1219 1732 1434 1762 beneficiorum
1450 1735 1509 1762 Dei.
1530 1736 1664 1764 Secunda
1680 1739 1740 1765 est:

966 1778 1183 1807 Praedestinatio
1199 1782 1242 1807 est
1257 1780 1381 1814 alicujus
1397 1782 1435 1808 ad
1457 1782 1584 1817 gloriam
1598 1784 1740 1819 praeordi-

966 1824 1056 1852 natio.
1073 1825 1168 1853 Tertia
1183 1829 1225 1853 cst
1242 1836 1247 1853 :
1265 1827 1483 1855 Praedestinatio
1500 1831 1543 1856 est
1556 1830 1742 1866 propositum

965 1871 1135 1899 miserendi.
1152 1874 1259 1905 Quarta
1274 1876 1316 1901 est
1332 1883 1338 1901 ε
1363 1875 1580 1904 Ρ1·11ῖ(105111131110
1601 1879 1643 1904 est
1666 1885 1741 1913 prae-

964 1918 1080 1953 paratio
1097 1920 1197 1953 gratiae
1211 1920 1242 1947 in
1255 1921 1389 1956 praesenti
1402 1943 1409 1955 ,
1427 1924 1454 1950 et
1470 1922 1571 1958 gloriae
1585 1923 1616 1951 in
1630 1923 1739 1953 futuro.

965 1965 996 1991 In
1018 1966 1115 2000 prima
1135 1966 1310 1994 diffinitione
1332 1970 1451 1996 notatur
1469 1969 1570 1997 divina
1590 1971 1741 2006 cognitio,

965 2011 996 2039 in
1018 2013 1167 2048 secunda,
1193 2014 1311 2049 electi03
1348 2016 1377 2042 111
1405 2017 1505 2051 tertia,
1531 2017 1683 2052 volunta53
1712 2018 1743 2045 in

966 2061 1082 2093 quarta,
1095 2059 1215 2087 directio
1227 2061 1257 2087 in
1268 2061 1369 2089 finem.
1383 2063 1646 2091 Praedestinationis
1654 2072 1742 2092 causa

966 2105 1095 2132 efficiens
1111 2108 1184 2133 Deus
1200 2109 1241 2134 est
1263 2111 1406 2143 quantum
1426 2109 1465 2136 ad
1488 2109 1607 2137 effectus
1626 2112 1742 2138 notatos

966 2151 997 2178 in
1023 2152 1143 2179 nominc
1163 2154 1438 2188 prwdestinatmnis.
1466 2156 1619 2184 Materialis
1643 2159 1742 2185 autem

967 2205 1055 2225 causa
1070 2200 1111 2225 est
1134 2198 1183 2226 ille
1200 2200 1250 2235 qui
1272 2202 1511 2237 praedestinatum
1535 2203 1587 2230 sed
1610 2203 1742 2231 formans

967 2246 1008 2271 est
1032 2245 1160 2281 modus,
1184 2247 1232 2274 vel
1257 2248 1331 2275 ordo
1355 2249 1620 2284 praedestinationis
1638 2272 1646 2285 ,
1671 2252 1743 2286 quia

965 2291 1063 2325 primo
1079 2292 1167 2320 datur
1181 2294 1290 2329 gratia,
1305 2297 1332 2322 et
1352 2298 1419 2330 post
1441 2296 1498 2324 1100
1522 2297 1627 2331 gloria.
1650 2298 1744 2325 Causa

965 2337 1062 2365 finalis
1078 2341 1119 2367 est
1143 2340 1270 2376 duplex,
1290 2342 1399 2370 scilicet
1415 2344 1434 2377 ¹,
1462 2346 1493 2370 ut
1510 2345 1594 2371 simus
1608 2347 1698 2372 sancti
1717 2348 1743 2372 et

966 2385 1136 2413 immaculati
1153 2389 1182 2413 z'n
1204 2391 1345 2423 conspectu
1367 2390 1428 2416 Dei.
1449 2391 1522 2417 Nota
1547 2390 1743 2419 differentiam

966 2430 1040 2458 inter
1054 2432 1133 2466 haic,
1150 2441 1215 2469 quae
1230 2435 1315 2469 ponit
1328 2436 1502 2471 Apostolus,
1525 2437 1635 2465 scilicet
1658 2445 1744 2465 voca·
1792 2463 1795 2465 .

966 2476 1093 2512 tionem,
1106 2480 1344 2513 justificationem
1355 2502 1365 2515 ,
1386 2483 1676 2517 prmdestinationem
1687 2505 1696 2518 ,
1716 2486 1745 2512 et

967 2525 1250 2559 magnificationem.
1275 2529 1395 2556 Vocatio
1411 2530 1491 2558 enim
1512 2530 1632 2558 retrahit
1653 2538 1670 2558 a
1684 2539 1744 2558 ma-

967 2569 1015 2605 103
1030 2571 1199 2605 justificatio
1220 2574 1337 2609 respicit
1358 2575 1469 2604 initiale
1484 2576 1599 2604 donum
1624 2577 1742 2612 gratiae3

970 2617 1190 2652 praedestinatio
1224 2621 1342 2656 respicit
1367 2623 1467 2657 gratioe
1495 2623 1611 2651 bonum
1636 2623 1743 2657 finale3

966 2665 1166 2699 magnificatio
1182 2675 1254 2695 vcro
1266 2670 1308 2695 est
1322 2669 1437 2697 bonum
1450 2669 1553 2704 gloriae
1567 2669 1680 2698 futurae.
1693 2670 1744 2698 Vel

1000 2763 1008 2779 ¹
1022 2764 1156 2796 Ephes.,1‚
1173 2767 1195 2789 4.
