<?xml version="1.0" encoding="UTF-8"?>
<!DOCTYPE html PUBLIC "-//W3C//DTD XHTML 1.0 Transitional//EN"
    "http://www.w3.org/TR/xhtml1/DTD/xhtml1-transitional.dtd">
<html xmlns="http://www.w3.org/1999/xhtml" xml:lang="en" lang="en">
 <head>
  <title>
</title>
<meta http-equiv="Content-Type" content="text/html;charset=utf-8" />
  <meta name='ocr-system' content='tesseract 3.04.00' />
  <meta name='ocr-capabilities' content='ocr_page ocr_carea ocr_par ocr_line ocrx_word'/>
</head>
<body>
  <div class='ocr_page' id='page_1' title='image "./operaomniasixtiv08bonauoft/operaomniasixtiv08bonauoft_0423.png"; bbox 0 0 2004 3037; ppageno 0'>
   <div class='ocr_carea' id='block_1_1' title="bbox 742 236 1123 271">
    <p class='ocr_par' dir='ltr' id='par_1_1' title="bbox 742 236 1123 271">
     <span class='ocr_line' id='line_1_1' title="bbox 742 236 1123 271; baseline 0.003 -2"><span class='ocrx_word' id='word_1_1' title='bbox 742 236 908 270; x_wconf 88' lang='lat' dir='ltr'>PROLOG.</span> <span class='ocrx_word' id='word_1_2' title='bbox 931 237 1032 270; x_wconf 90' lang='lat' dir='ltr'><strong>DIST.</strong></span> <span class='ocrx_word' id='word_1_3' title='bbox 1056 238 1123 271; x_wconf 87' lang='lat' dir='ltr'><strong>VII.</strong></span> 
     </span>
    </p>
   </div>
   <div class='ocr_carea' id='block_1_2' title="bbox 126 304 915 2599">
    <p class='ocr_par' dir='ltr' id='par_1_2' title="bbox 127 304 908 620">
     <span class='ocr_line' id='line_1_2' title="bbox 127 304 906 344; baseline -0.006 -7"><span class='ocrx_word' id='word_1_4' title='bbox 127 307 323 344; x_wconf 81' lang='lat' dir='ltr'>Augustinum</span> <span class='ocrx_word' id='word_1_5' title='bbox 333 308 354 343; x_wconf 86' lang='lat'>¹,</span> <span class='ocrx_word' id='word_1_6' title='bbox 367 307 438 344; x_wconf 84' lang='lat' dir='ltr'>quia</span> <span class='ocrx_word' id='word_1_7' title='bbox 447 305 560 342; x_wconf 83' lang='lat' dir='ltr'>Angeli,</span> <span class='ocrx_word' id='word_1_8' title='bbox 571 312 640 334; x_wconf 86' lang='lat' dir='ltr'>cum</span> <span class='ocrx_word' id='word_1_9' title='bbox 649 304 826 334; x_wconf 70' lang='lat' dir='ltr'>inhaeremus</span> <span class='ocrx_word' id='word_1_10' title='bbox 833 305 906 340; x_wconf 87' lang='lat' dir='ltr'>Deo,</span> 
     </span>
     <span class='ocr_line' id='line_1_3' title="bbox 127 352 905 390; baseline -0.004 -7"><span class='ocrx_word' id='word_1_11' title='bbox 127 362 190 383; x_wconf 91' lang='lat' dir='ltr'>non</span> <span class='ocrx_word' id='word_1_12' title='bbox 210 356 276 383; x_wconf 89' lang='lat' dir='ltr'>sunt</span> <span class='ocrx_word' id='word_1_13' title='bbox 300 356 399 383; x_wconf 89' lang='lat' dir='ltr'>mente</span> <span class='ocrx_word' id='word_1_14' title='bbox 420 355 521 383; x_wconf 83' lang='lat' dir='ltr'>nostra</span> <span class='ocrx_word' id='word_1_15' title='bbox 541 352 737 390; x_wconf 81' lang='lat' dir='ltr'>potentiores,</span> <span class='ocrx_word' id='word_1_16' title='bbox 760 352 822 381; x_wconf 90' lang='lat' dir='ltr'>imo</span> <span class='ocrx_word' id='word_1_17' title='bbox 843 353 905 381; x_wconf 91' lang='lat' dir='ltr'>toto</span> 
     </span>
     <span class='ocr_line' id='line_1_4' title="bbox 127 399 908 438; baseline -0.004 -8"><span class='ocrx_word' id='word_1_18' title='bbox 127 401 242 430; x_wconf 90' lang='lat' dir='ltr'>mundo</span> <span class='ocrx_word' id='word_1_19' title='bbox 257 402 393 438; x_wconf 83' lang='lat' dir='ltr'>superior</span> <span class='ocrx_word' id='word_1_20' title='bbox 407 402 450 430; x_wconf 80' lang='lat' dir='ltr'>est</span> <span class='ocrx_word' id='word_1_21' title='bbox 463 408 548 430; x_wconf 88' lang='lat' dir='ltr'>mens</span> <span class='ocrx_word' id='word_1_22' title='bbox 567 399 712 428; x_wconf 70' lang='lat' dir='ltr'><strong>inhaerens</strong></span> <span class='ocrx_word' id='word_1_23' title='bbox 727 401 785 428; x_wconf 90' lang='lat' dir='ltr'>Deo</span> <span class='ocrx_word' id='word_1_24' title='bbox 796 420 805 434; x_wconf 90' lang='lat'>‚</span> <span class='ocrx_word' id='word_1_25' title='bbox 819 401 852 427; x_wconf 92' lang='lat' dir='ltr'>ut</span> <span class='ocrx_word' id='word_1_26' title='bbox 866 399 908 428; x_wconf 90' lang='lat' dir='ltr'>ait</span> 
     </span>
     <span class='ocr_line' id='line_1_5' title="bbox 128 447 906 486; baseline -0.003 -8"><span class='ocrx_word' id='word_1_27' title='bbox 128 449 324 486; x_wconf 80' lang='lat' dir='ltr'>Augustinus,</span> <span class='ocrx_word' id='word_1_28' title='bbox 349 450 382 478; x_wconf 86' lang='lat' dir='ltr'>de</span> <span class='ocrx_word' id='word_1_29' title='bbox 408 449 529 478; x_wconf 79' lang='lat' dir='ltr'>Moribus</span> <span class='ocrx_word' id='word_1_30' title='bbox 552 449 678 476; x_wconf 82' lang='lat' dir='ltr'>Ecclesioe</span> <span class='ocrx_word' id='word_1_31' title='bbox 697 447 717 476; x_wconf 74' lang='lat'>².</span> <span class='ocrx_word' id='word_1_32' title='bbox 747 447 906 482; x_wconf 86' lang='lat' dir='ltr'>Quomodo</span> 
     </span>
     <span class='ocr_line' id='line_1_6' title="bbox 128 495 907 533; baseline -0.005 -7"><span class='ocrx_word' id='word_1_33' title='bbox 128 505 198 533; x_wconf 85' lang='lat' dir='ltr'>ergo</span> <span class='ocrx_word' id='word_1_34' title='bbox 227 497 407 533; x_wconf 85' lang='lat' dir='ltr'>separabunt</span> <span class='ocrx_word' id='word_1_35' title='bbox 434 504 490 525; x_wconf 87' lang='lat' dir='ltr'>nos</span> <span class='ocrx_word' id='word_1_36' title='bbox 515 503 532 524; x_wconf 88' lang='lat' dir='ltr'>a</span> <span class='ocrx_word' id='word_1_37' title='bbox 558 495 698 524; x_wconf 81' lang='lat' dir='ltr'>charitate</span> <span class='ocrx_word' id='word_1_38' title='bbox 724 495 842 530; x_wconf 75' lang='lat' dir='ltr'>Christi,</span> <span class='ocrx_word' id='word_1_39' title='bbox 867 495 907 523; x_wconf 84' lang='lat' dir='ltr'>ad</span> 
     </span>
     <span class='ocr_line' id='line_1_7' title="bbox 128 543 908 581; baseline -0.003 -9"><span class='ocrx_word' id='word_1_40' title='bbox 128 553 220 581; x_wconf 87' lang='lat' dir='ltr'>quam</span> <span class='ocrx_word' id='word_1_41' title='bbox 238 553 294 573; x_wconf 90' lang='lat' dir='ltr'>nos</span> <span class='ocrx_word' id='word_1_42' title='bbox 313 544 402 573; x_wconf 85' lang='lat' dir='ltr'>etiam</span> <span class='ocrx_word' id='word_1_43' title='bbox 423 544 596 572; x_wconf 77' lang='lat' dir='ltr'>hortantur?</span> <span class='ocrx_word' id='word_1_44' title='bbox 610 544 687 579; x_wconf 87' lang='lat' dir='ltr'>Ergo</span> <span class='ocrx_word' id='word_1_45' title='bbox 707 551 763 572; x_wconf 86' lang='lat' dir='ltr'>nec</span> <span class='ocrx_word' id='word_1_46' title='bbox 781 550 836 572; x_wconf 90' lang='lat' dir='ltr'>nos</span> <span class='ocrx_word' id='word_1_47' title='bbox 855 543 908 578; x_wconf 89' lang='lat' dir='ltr'>eji-</span> 
     </span>
     <span class='ocr_line' id='line_1_8' title="bbox 128 592 213 620; baseline 0 0"><span class='ocrx_word' id='word_1_48' title='bbox 128 592 213 620; x_wconf 85' lang='lat' dir='ltr'>cient.</span> 
     </span>
    </p>

    <p class='ocr_par' dir='ltr' id='par_1_3' title="bbox 127 637 908 958">
     <span class='ocr_line' id='line_1_9' title="bbox 164 637 907 675; baseline -0.003 -8"><span class='ocrx_word' id='word_1_49' title='bbox 164 640 273 674; x_wconf 79' lang='lat' dir='ltr'>Quarto</span> <span class='ocrx_word' id='word_1_50' title='bbox 287 638 384 675; x_wconf 85' lang='lat' dir='ltr'>inquit</span> <span class='ocrx_word' id='word_1_51' title='bbox 403 637 562 674; x_wconf 80' lang='lat' dir='ltr'>Apostolus</span> <span class='ocrx_word' id='word_1_52' title='bbox 578 647 585 666; x_wconf 79' lang='grc' dir='ltr'><strong>ι</strong></span> <span class='ocrx_word' id='word_1_53' title='bbox 601 639 694 674; x_wconf 80' lang='lat' dir='ltr'>Neque</span> <span class='ocrx_word' id='word_1_54' title='bbox 708 639 858 672; x_wconf 76' lang='lat' dir='ltr'>instantia,</span> <span class='ocrx_word' id='word_1_55' title='bbox 874 637 907 665; x_wconf 92' lang='lat' dir='ltr'>id</span> 
     </span>
     <span class='ocr_line' id='line_1_10' title="bbox 128 685 905 722; baseline -0.003 -8"><span class='ocrx_word' id='word_1_56' title='bbox 128 688 170 714; x_wconf 90' lang='lat' dir='ltr'>est</span> <span class='ocrx_word' id='word_1_57' title='bbox 191 686 330 715; x_wconf 78' lang='lat' dir='ltr'>instantes</span> <span class='ocrx_word' id='word_1_58' title='bbox 345 685 498 719; x_wconf 77' lang='lat' dir='ltr'>molestiae,</span> <span class='ocrx_word' id='word_1_59' title='bbox 523 693 579 713; x_wconf 91' lang='lat' dir='ltr'>nos</span> <span class='ocrx_word' id='word_1_60' title='bbox 594 693 612 713; x_wconf 87' lang='lat' dir='ltr'>a</span> <span class='ocrx_word' id='word_1_61' title='bbox 626 686 685 713; x_wconf 91' lang='lat' dir='ltr'>Deo</span> <span class='ocrx_word' id='word_1_62' title='bbox 707 685 905 722; x_wconf 78' lang='lat' dir='ltr'>separabunt3</span> 
     </span>
     <span class='ocr_line' id='line_1_11' title="bbox 128 732 907 770; baseline -0.003 -8"><span class='ocrx_word' id='word_1_63' title='bbox 128 733 199 770; x_wconf 84' lang='lat' dir='ltr'>quia</span> <span class='ocrx_word' id='word_1_64' title='bbox 218 741 253 761; x_wconf 90' lang='lat' dir='ltr'>eo</span> <span class='ocrx_word' id='word_1_65' title='bbox 272 733 337 770; x_wconf 89' lang='lat' dir='ltr'>ipso</span> <span class='ocrx_word' id='word_1_66' title='bbox 359 740 410 762; x_wconf 87' lang='lat' dir='ltr'>eas</span> <span class='ocrx_word' id='word_1_67' title='bbox 431 732 559 761; x_wconf 85' lang='lat' dir='ltr'>leviores</span> <span class='ocrx_word' id='word_1_68' title='bbox 576 732 734 767; x_wconf 86' lang='lat' dir='ltr'>sentimus,</span> <span class='ocrx_word' id='word_1_69' title='bbox 757 740 817 768; x_wconf 89' lang='lat' dir='ltr'>quo</span> <span class='ocrx_word' id='word_1_70' title='bbox 830 732 873 767; x_wconf 92' lang='lat' dir='ltr'>ei,</span> <span class='ocrx_word' id='word_1_71' title='bbox 889 740 907 760; x_wconf 87' lang='lat' dir='ltr'>a</span> 
     </span>
     <span class='ocr_line' id='line_1_12' title="bbox 127 779 908 817; baseline -0.003 -8"><span class='ocrx_word' id='word_1_72' title='bbox 127 789 188 817; x_wconf 89' lang='lat' dir='ltr'>quo</span> <span class='ocrx_word' id='word_1_73' title='bbox 212 788 267 809; x_wconf 92' lang='lat' dir='ltr'>nos</span> <span class='ocrx_word' id='word_1_74' title='bbox 290 788 429 816; x_wconf 86' lang='lat' dir='ltr'>separare</span> <span class='ocrx_word' id='word_1_75' title='bbox 449 780 628 814; x_wconf 87' lang='lat' dir='ltr'>moliuntur,</span> <span class='ocrx_word' id='word_1_76' title='bbox 653 779 761 808; x_wconf 86' lang='lat' dir='ltr'>arctius</span> <span class='ocrx_word' id='word_1_77' title='bbox 784 779 908 807; x_wconf 80' lang='lat' dir='ltr'>inhaere-</span> 
     </span>
     <span class='ocr_line' id='line_1_13' title="bbox 127 825 908 860; baseline -0.001 -5"><span class='ocrx_word' id='word_1_78' title='bbox 127 835 193 855; x_wconf 90' lang='lat' dir='ltr'>mus</span> <span class='ocrx_word' id='word_1_79' title='bbox 210 836 216 855; x_wconf 76' lang='lat' dir='ltr'>z</span> <span class='ocrx_word' id='word_1_80' title='bbox 232 828 354 855; x_wconf 76' lang='lat' dir='ltr'>charitas</span> <span class='ocrx_word' id='word_1_81' title='bbox 364 827 443 855; x_wconf 88' lang='lat' dir='ltr'>enim</span> <span class='ocrx_word' id='word_1_82' title='bbox 454 828 464 845; x_wconf 75' lang='lat'>³</span> <span class='ocrx_word' id='word_1_83' title='bbox 477 829 567 855; x_wconf 82' lang='lat' dir='ltr'>omnia</span> <span class='ocrx_word' id='word_1_84' title='bbox 582 828 711 860; x_wconf 79' lang='lat' dir='ltr'>sustinet,</span> <span class='ocrx_word' id='word_1_85' title='bbox 725 827 752 854; x_wconf 88' lang='lat' dir='ltr'>et</span> <span class='ocrx_word' id='word_1_86' title='bbox 769 835 781 852; x_wconf 89' lang='lat'>«</span> <span class='ocrx_word' id='word_1_87' title='bbox 793 828 834 854; x_wconf 84' lang='lat' dir='ltr'>est</span> <span class='ocrx_word' id='word_1_88' title='bbox 848 825 908 854; x_wconf 82' lang='lat' dir='ltr'>vita</span> 
     </span>
     <span class='ocr_line' id='line_1_14' title="bbox 127 873 908 910; baseline -0.003 -7"><span class='ocrx_word' id='word_1_89' title='bbox 127 874 328 909; x_wconf 88' lang='lat' dir='ltr'>morientium,</span> <span class='ocrx_word' id='word_1_90' title='bbox 335 884 347 900; x_wconf 64' lang='lat' dir='ltr'>u</span> <span class='ocrx_word' id='word_1_91' title='bbox 358 874 398 903; x_wconf 88' lang='lat' dir='ltr'>ait</span> <span class='ocrx_word' id='word_1_92' title='bbox 407 874 587 910; x_wconf 84' lang='lat' dir='ltr'>Augustinus</span> <span class='ocrx_word' id='word_1_93' title='bbox 597 874 630 901; x_wconf 84' lang='lat' dir='ltr'>de</span> <span class='ocrx_word' id='word_1_94' title='bbox 639 873 731 901; x_wconf 86' lang='lat' dir='ltr'>Laude</span> <span class='ocrx_word' id='word_1_95' title='bbox 741 873 908 901; x_wconf 76' lang='lat' dir='ltr'>charitatis:</span> 
     </span>
     <span class='ocr_line' id='line_1_15' title="bbox 129 921 576 958; baseline -0.002 -9"><span class='ocrx_word' id='word_1_96' title='bbox 129 929 199 957; x_wconf 87' lang='lat' dir='ltr'>ergo</span> <span class='ocrx_word' id='word_1_97' title='bbox 216 929 276 950; x_wconf 92' lang='lat' dir='ltr'>non</span> <span class='ocrx_word' id='word_1_98' title='bbox 291 923 419 958; x_wconf 88' lang='lat' dir='ltr'>separat,</span> <span class='ocrx_word' id='word_1_99' title='bbox 435 921 489 949; x_wconf 88' lang='lat' dir='ltr'>sed</span> <span class='ocrx_word' id='word_1_100' title='bbox 502 921 576 950; x_wconf 90' lang='lat' dir='ltr'>unit.</span> 
     </span>
    </p>

    <p class='ocr_par' dir='ltr' id='par_1_4' title="bbox 127 967 910 1332">
     <span class='ocr_line' id='line_1_16' title="bbox 164 967 910 1004; baseline 0 -8"><span class='ocrx_word' id='word_1_101' title='bbox 164 968 270 1002; x_wconf 87' lang='lat' dir='ltr'>Quinto</span> <span class='ocrx_word' id='word_1_102' title='bbox 280 968 377 1004; x_wconf 87' lang='lat' dir='ltr'>inquit</span> <span class='ocrx_word' id='word_1_103' title='bbox 391 967 549 1004; x_wconf 89' lang='lat' dir='ltr'>Apostolus</span> <span class='ocrx_word' id='word_1_104' title='bbox 565 977 572 996; x_wconf 91' lang='lat'>:</span> <span class='ocrx_word' id='word_1_105' title='bbox 587 969 681 1003; x_wconf 78' lang='lat' dir='ltr'>Neque</span> <span class='ocrx_word' id='word_1_106' title='bbox 695 969 804 1002; x_wconf 81' lang='lat' dir='ltr'>futura,</span> <span class='ocrx_word' id='word_1_107' title='bbox 819 967 852 996; x_wconf 90' lang='lat' dir='ltr'>id</span> <span class='ocrx_word' id='word_1_108' title='bbox 867 969 910 996; x_wconf 87' lang='lat' dir='ltr'>est</span> 
     </span>
     <span class='ocr_line' id='line_1_17' title="bbox 129 1014 906 1051; baseline 0 -8"><span class='ocrx_word' id='word_1_109' title='bbox 129 1015 288 1051; x_wconf 81' lang='lat' dir='ltr'>promissio</span> <span class='ocrx_word' id='word_1_110' title='bbox 295 1015 463 1043; x_wconf 90' lang='lat' dir='ltr'>futurorum</span> <span class='ocrx_word' id='word_1_111' title='bbox 472 1022 528 1043; x_wconf 89' lang='lat' dir='ltr'>nos</span> <span class='ocrx_word' id='word_1_112' title='bbox 537 1023 555 1043; x_wconf 82' lang='lat' dir='ltr'>a</span> <span class='ocrx_word' id='word_1_113' title='bbox 566 1014 706 1042; x_wconf 80' lang='lat' dir='ltr'>charitate</span> <span class='ocrx_word' id='word_1_114' title='bbox 716 1015 906 1051; x_wconf 82' lang='lat' dir='ltr'>separabunt.</span> 
     </span>
     <span class='ocr_line' id='line_1_18' title="bbox 129 1061 907 1097; baseline -0.001 -7"><span class='ocrx_word' id='word_1_115' title='bbox 129 1062 216 1097; x_wconf 85' lang='lat' dir='ltr'>Cujus</span> <span class='ocrx_word' id='word_1_116' title='bbox 234 1062 310 1090; x_wconf 85' lang='lat' dir='ltr'>ratio</span> <span class='ocrx_word' id='word_1_117' title='bbox 332 1063 374 1090; x_wconf 88' lang='lat' dir='ltr'>est</span> <span class='ocrx_word' id='word_1_118' title='bbox 393 1061 559 1090; x_wconf 87' lang='lat' dir='ltr'>secundum</span> <span class='ocrx_word' id='word_1_119' title='bbox 572 1061 783 1097; x_wconf 84' lang='lat' dir='ltr'>Augustinum,</span> <span class='ocrx_word' id='word_1_120' title='bbox 800 1063 832 1089; x_wconf 80' lang='lat' dir='ltr'>cle</span> <span class='ocrx_word' id='word_1_121' title='bbox 847 1063 907 1090; x_wconf 87' lang='grc' dir='ltr'>Μο-</span> 
     </span>
     <span class='ocr_line' id='line_1_19' title="bbox 127 1109 908 1146; baseline 0.001 -10"><span class='ocrx_word' id='word_1_122' title='bbox 127 1109 205 1136; x_wconf 80' lang='lat' dir='ltr'>ribus</span> <span class='ocrx_word' id='word_1_123' title='bbox 221 1110 354 1142; x_wconf 75' lang='lat' dir='ltr'>Ecclesiae,</span> <span class='ocrx_word' id='word_1_124' title='bbox 370 1119 383 1136; x_wconf 91' lang='lat'>«</span> <span class='ocrx_word' id='word_1_125' title='bbox 396 1110 468 1146; x_wconf 90' lang='lat' dir='ltr'>quia</span> <span class='ocrx_word' id='word_1_126' title='bbox 478 1109 628 1146; x_wconf 86' lang='lat' dir='ltr'>quidquid</span> <span class='ocrx_word' id='word_1_127' title='bbox 641 1109 716 1137; x_wconf 91' lang='lat' dir='ltr'>boni</span> <span class='ocrx_word' id='word_1_128' title='bbox 727 1109 860 1138; x_wconf 87' lang='lat' dir='ltr'>futurum</span> <span class='ocrx_word' id='word_1_129' title='bbox 873 1110 908 1146; x_wconf 89' lang='grc' dir='ltr'>(α)</span> 
     </span>
     <span class='ocr_line' id='line_1_20' title="bbox 128 1155 909 1192; baseline 0.003 -9"><span class='ocrx_word' id='word_1_130' title='bbox 128 1157 180 1190; x_wconf 89' lang='lat' dir='ltr'>est,</span> <span class='ocrx_word' id='word_1_131' title='bbox 197 1155 300 1184; x_wconf 85' lang='lat' dir='ltr'>certius</span> <span class='ocrx_word' id='word_1_132' title='bbox 314 1156 459 1192; x_wconf 90' lang='lat' dir='ltr'>promittit</span> <span class='ocrx_word' id='word_1_133' title='bbox 473 1158 559 1191; x_wconf 85' lang='lat' dir='ltr'>Deus,</span> <span class='ocrx_word' id='word_1_134' title='bbox 582 1158 611 1184; x_wconf 91' lang='lat' dir='ltr'>et</span> <span class='ocrx_word' id='word_1_135' title='bbox 625 1156 699 1184; x_wconf 87' lang='lat' dir='ltr'>nihil</span> <span class='ocrx_word' id='word_1_136' title='bbox 715 1158 757 1184; x_wconf 89' lang='lat' dir='ltr'>est</span> <span class='ocrx_word' id='word_1_137' title='bbox 771 1156 836 1192; x_wconf 84' lang='lat' dir='ltr'>ipso</span> <span class='ocrx_word' id='word_1_138' title='bbox 850 1158 909 1185; x_wconf 89' lang='lat' dir='ltr'>Deo</span> 
     </span>
     <span class='ocr_line' id='line_1_21' title="bbox 128 1202 909 1240; baseline 0.001 -10"><span class='ocrx_word' id='word_1_139' title='bbox 128 1202 244 1238; x_wconf 86' lang='lat' dir='ltr'>melius,</span> <span class='ocrx_word' id='word_1_140' title='bbox 261 1203 313 1239; x_wconf 87' lang='lat' dir='ltr'>qui</span> <span class='ocrx_word' id='word_1_141' title='bbox 323 1203 451 1239; x_wconf 81' lang='lat' dir='ltr'>perfecte</span> <span class='ocrx_word' id='word_1_142' title='bbox 466 1204 680 1232; x_wconf 74' lang='lat' dir='ltr'>inhaerentibus</span> <span class='ocrx_word' id='word_1_143' title='bbox 691 1203 747 1232; x_wconf 91' lang='lat' dir='ltr'>sibi</span> <span class='ocrx_word' id='word_1_144' title='bbox 757 1204 819 1239; x_wconf 79' lang='lat' dir='ltr'>jam</span> <span class='ocrx_word' id='word_1_145' title='bbox 833 1211 909 1240; x_wconf 70' lang='lat' dir='ltr'>pree-</span> 
     </span>
     <span class='ocr_line' id='line_1_22' title="bbox 128 1251 908 1287; baseline 0.004 -11"><span class='ocrx_word' id='word_1_146' title='bbox 128 1257 194 1277; x_wconf 89' lang='lat' dir='ltr'>sens</span> <span class='ocrx_word' id='word_1_147' title='bbox 209 1252 252 1277; x_wconf 85' lang='lat' dir='ltr'>est</span> <span class='ocrx_word' id='word_1_148' title='bbox 267 1259 274 1277; x_wconf 85' lang='lat'><strong>:</strong></span> <span class='ocrx_word' id='word_1_149' title='bbox 292 1261 306 1277; x_wconf 83' lang='lat'>»</span> <span class='ocrx_word' id='word_1_150' title='bbox 324 1258 395 1286; x_wconf 83' lang='lat' dir='ltr'>ergo</span> <span class='ocrx_word' id='word_1_151' title='bbox 410 1259 466 1278; x_wconf 88' lang='lat' dir='ltr'>nec</span> <span class='ocrx_word' id='word_1_152' title='bbox 477 1251 549 1279; x_wconf 89' lang='lat' dir='ltr'>talia</span> <span class='ocrx_word' id='word_1_153' title='bbox 563 1252 701 1287; x_wconf 86' lang='lat' dir='ltr'>separant</span> <span class='ocrx_word' id='word_1_154' title='bbox 715 1259 733 1279; x_wconf 90' lang='lat' dir='ltr'>a</span> <span class='ocrx_word' id='word_1_155' title='bbox 748 1251 888 1280; x_wconf 79' lang='lat' dir='ltr'>charitate</span> <span class='ocrx_word' id='word_1_156' title='bbox 900 1260 908 1287; x_wconf 87' lang='lat'>;</span> 
     </span>
     <span class='ocr_line' id='line_1_23' title="bbox 128 1297 518 1332; baseline 0.003 -8"><span class='ocrx_word' id='word_1_157' title='bbox 128 1305 198 1332; x_wconf 83' lang='lat' dir='ltr'>ergo</span> <span class='ocrx_word' id='word_1_158' title='bbox 213 1305 267 1325; x_wconf 88' lang='lat' dir='ltr'>nec</span> <span class='ocrx_word' id='word_1_159' title='bbox 282 1297 402 1332; x_wconf 89' lang='lat' dir='ltr'>ejiciunt</span> <span class='ocrx_word' id='word_1_160' title='bbox 416 1306 434 1325; x_wconf 88' lang='lat' dir='ltr'>a</span> <span class='ocrx_word' id='word_1_161' title='bbox 448 1299 518 1325; x_wconf 91' lang='lat' dir='ltr'>Deo.</span> 
     </span>
    </p>

    <p class='ocr_par' dir='ltr' id='par_1_5' title="bbox 126 1344 915 2599">
     <span class='ocr_line' id='line_1_24' title="bbox 164 1344 909 1381; baseline 0.003 -9"><span class='ocrx_word' id='word_1_162' title='bbox 164 1344 250 1372; x_wconf 81' lang='lat' dir='ltr'>Sexto</span> <span class='ocrx_word' id='word_1_163' title='bbox 271 1344 368 1381; x_wconf 88' lang='lat' dir='ltr'>inquit</span> <span class='ocrx_word' id='word_1_164' title='bbox 386 1345 566 1381; x_wconf 87' lang='lat' dir='ltr'>Apostolus:</span> <span class='ocrx_word' id='word_1_165' title='bbox 588 1346 680 1380; x_wconf 81' lang='lat' dir='ltr'>Neque</span> <span class='ocrx_word' id='word_1_166' title='bbox 703 1345 856 1380; x_wconf 79' lang='lat' dir='ltr'>fortitudo,</span> <span class='ocrx_word' id='word_1_167' title='bbox 876 1345 909 1374; x_wconf 88' lang='lat' dir='ltr'>id</span> 
     </span>
     <span class='ocr_line' id='line_1_25' title="bbox 128 1391 909 1428; baseline 0.003 -10"><span class='ocrx_word' id='word_1_168' title='bbox 128 1392 171 1419; x_wconf 87' lang='lat' dir='ltr'>est</span> <span class='ocrx_word' id='word_1_169' title='bbox 179 1391 321 1419; x_wconf 88' lang='lat' dir='ltr'>violentia</span> <span class='ocrx_word' id='word_1_170' title='bbox 332 1391 465 1427; x_wconf 89' lang='lat' dir='ltr'>alicujus,</span> <span class='ocrx_word' id='word_1_171' title='bbox 476 1394 579 1427; x_wconf 78' lang='lat' dir='ltr'>poterit</span> <span class='ocrx_word' id='word_1_172' title='bbox 590 1400 637 1420; x_wconf 77' lang='lat' dir='ltr'>nos</span> <span class='ocrx_word' id='word_1_173' title='bbox 651 1400 777 1428; x_wconf 79' lang='lat' dir='ltr'>separare</span> <span class='ocrx_word' id='word_1_174' title='bbox 789 1401 805 1420; x_wconf 90' lang='lat' dir='ltr'>a</span> <span class='ocrx_word' id='word_1_175' title='bbox 820 1393 909 1420; x_wconf 81' lang='lat' dir='ltr'>chari-</span> 
     </span>
     <span class='ocr_line' id='line_1_26' title="bbox 129 1438 910 1475; baseline 0.003 -10"><span class='ocrx_word' id='word_1_176' title='bbox 129 1440 185 1465; x_wconf 82' lang='lat' dir='ltr'>tate</span> <span class='ocrx_word' id='word_1_177' title='bbox 197 1439 258 1472; x_wconf 86' lang='lat' dir='ltr'>Dei,</span> <span class='ocrx_word' id='word_1_178' title='bbox 273 1447 357 1473; x_wconf 78' lang='lat' dir='ltr'>aeque</span> <span class='ocrx_word' id='word_1_179' title='bbox 373 1439 503 1474; x_wconf 76' lang='lat' dir='ltr'>altitudo,</span> <span class='ocrx_word' id='word_1_180' title='bbox 519 1438 551 1466; x_wconf 94' lang='lat' dir='ltr'>id</span> <span class='ocrx_word' id='word_1_181' title='bbox 566 1440 607 1466; x_wconf 83' lang='lat' dir='ltr'>est</span> <span class='ocrx_word' id='word_1_182' title='bbox 619 1439 811 1475; x_wconf 79' lang='lat' dir='ltr'>prosperitas,</span> <span class='ocrx_word' id='word_1_183' title='bbox 825 1448 910 1474; x_wconf 78' lang='lat' dir='ltr'>neque</span> 
     </span>
     <span class='ocr_line' id='line_1_27' title="bbox 126 1485 910 1522; baseline 0.003 -10"><span class='ocrx_word' id='word_1_184' title='bbox 126 1485 306 1520; x_wconf 76' lang='lat' dir='ltr'>profundum,</span> <span class='ocrx_word' id='word_1_185' title='bbox 322 1485 354 1513; x_wconf 92' lang='lat' dir='ltr'>id</span> <span class='ocrx_word' id='word_1_186' title='bbox 369 1487 411 1512; x_wconf 86' lang='lat' dir='ltr'>est</span> <span class='ocrx_word' id='word_1_187' title='bbox 424 1485 586 1513; x_wconf 83' lang='lat' dir='ltr'>adversitas</span> <span class='ocrx_word' id='word_1_188' title='bbox 601 1487 742 1521; x_wconf 86' lang='lat' dir='ltr'>poterunt</span> <span class='ocrx_word' id='word_1_189' title='bbox 755 1493 811 1514; x_wconf 91' lang='lat' dir='ltr'>nos</span> <span class='ocrx_word' id='word_1_190' title='bbox 825 1494 910 1522; x_wconf 85' lang='lat' dir='ltr'>sepa-</span> 
     </span>
     <span class='ocr_line' id='line_1_28' title="bbox 127 1531 909 1568; baseline 0.003 -9"><span class='ocrx_word' id='word_1_191' title='bbox 127 1539 193 1559; x_wconf 76' lang='lat' dir='ltr'>rare</span> <span class='ocrx_word' id='word_1_192' title='bbox 205 1539 222 1559; x_wconf 88' lang='lat' dir='ltr'>a</span> <span class='ocrx_word' id='word_1_193' title='bbox 237 1531 376 1560; x_wconf 84' lang='lat' dir='ltr'>charitate</span> <span class='ocrx_word' id='word_1_194' title='bbox 384 1532 497 1566; x_wconf 80' lang='lat' dir='ltr'>Christi,</span> <span class='ocrx_word' id='word_1_195' title='bbox 512 1540 595 1567; x_wconf 75' lang='lat' dir='ltr'>neque</span> <span class='ocrx_word' id='word_1_196' title='bbox 605 1533 662 1560; x_wconf 80' lang='lat' dir='ltr'>alia</span> <span class='ocrx_word' id='word_1_197' title='bbox 673 1536 808 1560; x_wconf 79' lang='lat' dir='ltr'>creatura.</span> <span class='ocrx_word' id='word_1_198' title='bbox 821 1533 909 1568; x_wconf 88' lang='lat' dir='ltr'>Cujus</span> 
     </span>
     <span class='ocr_line' id='line_1_29' title="bbox 128 1578 910 1616; baseline 0.003 -10"><span class='ocrx_word' id='word_1_199' title='bbox 128 1578 275 1606; x_wconf 89' lang='lat' dir='ltr'>rationem</span> <span class='ocrx_word' id='word_1_200' title='bbox 290 1579 386 1607; x_wconf 89' lang='lat' dir='ltr'>innuit</span> <span class='ocrx_word' id='word_1_201' title='bbox 400 1579 558 1615; x_wconf 89' lang='lat' dir='ltr'>Apostolus</span> <span class='ocrx_word' id='word_1_202' title='bbox 574 1579 605 1607; x_wconf 89' lang='lat' dir='ltr'>in</span> <span class='ocrx_word' id='word_1_203' title='bbox 621 1579 729 1607; x_wconf 91' lang='lat' dir='ltr'>eodem</span> <span class='ocrx_word' id='word_1_204' title='bbox 743 1580 848 1616; x_wconf 88' lang='lat' dir='ltr'>capite,</span> <span class='ocrx_word' id='word_1_205' title='bbox 865 1580 910 1608; x_wconf 91' lang='lat' dir='ltr'>di-</span> 
     </span>
     <span class='ocr_line' id='line_1_30' title="bbox 129 1625 909 1661; baseline 0.003 -9"><span class='ocrx_word' id='word_1_206' title='bbox 129 1632 198 1652; x_wconf 88' lang='lat' dir='ltr'>cens</span> <span class='ocrx_word' id='word_1_207' title='bbox 212 1625 233 1660; x_wconf 49' lang='grc'>4,</span> <span class='ocrx_word' id='word_1_208' title='bbox 249 1625 320 1661; x_wconf 85' lang='lat' dir='ltr'>quia</span> <span class='ocrx_word' id='word_1_209' title='bbox 340 1626 428 1653; x_wconf 89' lang='lat' dir='ltr'>bonis</span> <span class='ocrx_word' id='word_1_210' title='bbox 443 1628 534 1654; x_wconf 81' lang='lat' dir='ltr'>omnia</span> <span class='ocrx_word' id='word_1_211' title='bbox 549 1630 727 1661; x_wconf 79' lang='lat' dir='ltr'>cooperantur</span> <span class='ocrx_word' id='word_1_212' title='bbox 742 1628 772 1653; x_wconf 81' lang='lat' dir='ltr'>in</span> <span class='ocrx_word' id='word_1_213' title='bbox 788 1628 883 1654; x_wconf 81' lang='lat' dir='ltr'>bouum</span> <span class='ocrx_word' id='word_1_214' title='bbox 899 1636 909 1655; x_wconf 91' lang='grc'>.·</span> 
     </span>
     <span class='ocr_line' id='line_1_31' title="bbox 129 1673 908 1708; baseline 0.003 -8"><span class='ocrx_word' id='word_1_215' title='bbox 129 1679 200 1707; x_wconf 81' lang='lat' dir='ltr'>ergo</span> <span class='ocrx_word' id='word_1_216' title='bbox 212 1680 274 1700; x_wconf 90' lang='lat' dir='ltr'>non</span> <span class='ocrx_word' id='word_1_217' title='bbox 288 1675 436 1708; x_wconf 87' lang='lat' dir='ltr'>separant,</span> <span class='ocrx_word' id='word_1_218' title='bbox 450 1673 507 1701; x_wconf 91' lang='lat' dir='ltr'>nisi</span> <span class='ocrx_word' id='word_1_219' title='bbox 521 1681 577 1701; x_wconf 93' lang='lat' dir='ltr'>nos</span> <span class='ocrx_word' id='word_1_220' title='bbox 590 1673 727 1701; x_wconf 66' lang='lat' dir='ltr'>velimus</span> <span class='ocrx_word' id='word_1_221' title='bbox 744 1675 797 1701; x_wconf 90' lang='lat' dir='ltr'>Per</span> <span class='ocrx_word' id='word_1_222' title='bbox 813 1674 908 1702; x_wconf 86' lang='lat' dir='ltr'>chari-</span> 
     </span>
     <span class='ocr_line' id='line_1_32' title="bbox 128 1720 910 1757; baseline 0.003 -11"><span class='ocrx_word' id='word_1_223' title='bbox 128 1720 218 1747; x_wconf 90' lang='lat' dir='ltr'>tatem</span> <span class='ocrx_word' id='word_1_224' title='bbox 233 1727 315 1755; x_wconf 86' lang='lat' dir='ltr'>ergo,</span> <span class='ocrx_word' id='word_1_225' title='bbox 328 1728 403 1756; x_wconf 78' lang='lat' dir='ltr'>quae,</span> <span class='ocrx_word' id='word_1_226' title='bbox 415 1721 448 1747; x_wconf 89' lang='lat' dir='ltr'>ut</span> <span class='ocrx_word' id='word_1_227' title='bbox 463 1720 535 1748; x_wconf 88' lang='lat' dir='ltr'>dicit</span> <span class='ocrx_word' id='word_1_228' title='bbox 549 1720 708 1757; x_wconf 86' lang='lat' dir='ltr'>Apostolus</span> <span class='ocrx_word' id='word_1_229' title='bbox 718 1721 739 1755; x_wconf 81' lang='lat'>⁵,</span> <span class='ocrx_word' id='word_1_230' title='bbox 756 1723 847 1748; x_wconf 81' lang='lat' dir='ltr'>omnia</span> <span class='ocrx_word' id='word_1_231' title='bbox 861 1729 910 1756; x_wconf 85' lang='lat' dir='ltr'>po-</span> 
     </span>
     <span class='ocr_line' id='line_1_33' title="bbox 129 1769 909 1806; baseline 0.005 -12"><span class='ocrx_word' id='word_1_232' title='bbox 129 1769 189 1801; x_wconf 80' lang='lat' dir='ltr'>test,</span> <span class='ocrx_word' id='word_1_233' title='bbox 208 1769 299 1794; x_wconf 83' lang='lat' dir='ltr'>omnia</span> <span class='ocrx_word' id='word_1_234' title='bbox 313 1769 437 1799; x_wconf 81' lang='lat' dir='ltr'>sustinet,</span> <span class='ocrx_word' id='word_1_235' title='bbox 457 1769 485 1795; x_wconf 87' lang='lat' dir='ltr'>et</span> <span class='ocrx_word' id='word_1_236' title='bbox 498 1776 636 1803; x_wconf 77' lang='lat' dir='ltr'>nunquam</span> <span class='ocrx_word' id='word_1_237' title='bbox 652 1769 770 1804; x_wconf 71' lang='lat' dir='ltr'>excidit,</span> <span class='ocrx_word' id='word_1_238' title='bbox 789 1770 909 1806; x_wconf 87' lang='lat' dir='ltr'>spiritus</span> 
     </span>
     <span class='ocr_line' id='line_1_34' title="bbox 128 1813 909 1850; baseline 0.005 -10"><span class='ocrx_word' id='word_1_239' title='bbox 128 1816 227 1841; x_wconf 87' lang='lat' dir='ltr'>noster</span> <span class='ocrx_word' id='word_1_240' title='bbox 250 1814 281 1841; x_wconf 91' lang='lat' dir='ltr'>in</span> <span class='ocrx_word' id='word_1_241' title='bbox 302 1813 354 1842; x_wconf 91' lang='lat' dir='ltr'>illo</span> <span class='ocrx_word' id='word_1_242' title='bbox 378 1814 548 1850; x_wconf 88' lang='lat' dir='ltr'>intrinseco,</span> <span class='ocrx_word' id='word_1_243' title='bbox 571 1815 624 1843; x_wconf 89' lang='lat' dir='ltr'>ubi</span> <span class='ocrx_word' id='word_1_244' title='bbox 648 1817 690 1844; x_wconf 86' lang='lat' dir='ltr'>est</span> <span class='ocrx_word' id='word_1_245' title='bbox 709 1816 777 1844; x_wconf 84' lang='lat' dir='ltr'>fons</span> <span class='ocrx_word' id='word_1_246' title='bbox 799 1816 866 1844; x_wconf 83' lang='lat' dir='ltr'>vitae</span> <span class='ocrx_word' id='word_1_247' title='bbox 881 1819 909 1845; x_wconf 91' lang='lat' dir='ltr'>et</span> 
     </span>
     <span class='ocr_line' id='line_1_35' title="bbox 129 1860 908 1898; baseline 0.005 -11"><span class='ocrx_word' id='word_1_248' title='bbox 129 1860 269 1894; x_wconf 82' lang='lat' dir='ltr'>charitas,</span> <span class='ocrx_word' id='word_1_249' title='bbox 284 1863 380 1897; x_wconf 88' lang='lat' dir='ltr'>potest</span> <span class='ocrx_word' id='word_1_250' title='bbox 393 1869 515 1889; x_wconf 87' lang='lat' dir='ltr'>manere</span> <span class='ocrx_word' id='word_1_251' title='bbox 541 1870 669 1898; x_wconf 83' lang='lat' dir='ltr'>semper,</span> <span class='ocrx_word' id='word_1_252' title='bbox 693 1863 824 1891; x_wconf 76' lang='lat' dir='ltr'>maxime</span> <span class='ocrx_word' id='word_1_253' title='bbox 840 1872 908 1892; x_wconf 89' lang='lat' dir='ltr'>cum</span> 
     </span>
     <span class='ocr_line' id='line_1_36' title="bbox 129 1907 908 1947; baseline 0.006 -13"><span class='ocrx_word' id='word_1_254' title='bbox 129 1907 255 1935; x_wconf 83' lang='lat' dir='ltr'>charitas</span> <span class='ocrx_word' id='word_1_255' title='bbox 269 1907 435 1936; x_wconf 87' lang='lat' dir='ltr'>voluntates</span> <span class='ocrx_word' id='word_1_256' title='bbox 449 1910 565 1936; x_wconf 88' lang='lat' dir='ltr'>nostras</span> <span class='ocrx_word' id='word_1_257' title='bbox 580 1909 620 1937; x_wconf 81' lang='lat' dir='ltr'>ad</span> <span class='ocrx_word' id='word_1_258' title='bbox 641 1910 749 1944; x_wconf 87' lang='lat' dir='ltr'>Deum,</span> <span class='ocrx_word' id='word_1_259' title='bbox 766 1911 851 1947; x_wconf 84' lang='lat' dir='ltr'>quasi</span> <span class='ocrx_word' id='word_1_260' title='bbox 872 1911 908 1939; x_wconf 88' lang='lat' dir='ltr'>ad</span> 
     </span>
     <span class='ocr_line' id='line_1_37' title="bbox 130 1955 909 1991; baseline 0.008 -11"><span class='ocrx_word' id='word_1_261' title='bbox 130 1955 263 1981; x_wconf 83' lang='lat' dir='ltr'>centrum</span> <span class='ocrx_word' id='word_1_262' title='bbox 284 1962 373 1982; x_wconf 89' lang='lat' dir='ltr'>suum</span> <span class='ocrx_word' id='word_1_263' title='bbox 393 1955 561 1991; x_wconf 89' lang='lat' dir='ltr'>proprium,</span> <span class='ocrx_word' id='word_1_264' title='bbox 579 1956 708 1990; x_wconf 86' lang='lat' dir='ltr'>inclinet,</span> <span class='ocrx_word' id='word_1_265' title='bbox 735 1959 762 1985; x_wconf 89' lang='lat' dir='ltr'>et</span> <span class='ocrx_word' id='word_1_266' title='bbox 780 1966 836 1985; x_wconf 91' lang='lat' dir='ltr'>nos</span> <span class='ocrx_word' id='word_1_267' title='bbox 851 1958 909 1986; x_wconf 92' lang='lat' dir='ltr'>sibi</span> 
     </span>
     <span class='ocr_line' id='line_1_38' title="bbox 129 2001 910 2041; baseline 0.006 -13"><span class='ocrx_word' id='word_1_268' title='bbox 129 2001 309 2037; x_wconf 86' lang='lat' dir='ltr'>incorporet,</span> <span class='ocrx_word' id='word_1_269' title='bbox 322 2002 349 2030; x_wconf 90' lang='lat' dir='ltr'>et</span> <span class='ocrx_word' id='word_1_270' title='bbox 363 2001 503 2029; x_wconf 83' lang='lat' dir='ltr'>voluntas</span> <span class='ocrx_word' id='word_1_271' title='bbox 517 2002 647 2038; x_wconf 82' lang='lat' dir='ltr'>perfecte</span> <span class='ocrx_word' id='word_1_272' title='bbox 661 2004 831 2040; x_wconf 86' lang='lat' dir='ltr'>concordet,</span> <span class='ocrx_word' id='word_1_273' title='bbox 843 2013 910 2041; x_wconf 82' lang='lat' dir='ltr'>quae</span> 
     </span>
     <span class='ocr_line' id='line_1_39' title="bbox 129 2047 911 2081; baseline 0.006 -6"><span class='ocrx_word' id='word_1_274' title='bbox 129 2047 259 2075; x_wconf 82' lang='lat' dir='ltr'>maxime</span> <span class='ocrx_word' id='word_1_275' title='bbox 276 2048 439 2076; x_wconf 89' lang='lat' dir='ltr'>amantium</span> <span class='ocrx_word' id='word_1_276' title='bbox 454 2048 645 2077; x_wconf 78' lang='lat' dir='ltr'>refectionem</span> <span class='ocrx_word' id='word_1_277' title='bbox 662 2054 871 2079; x_wconf 88' lang='lat' dir='ltr'>consummant</span> <span class='ocrx_word' id='word_1_278' title='bbox 884 2054 911 2081; x_wconf 87' lang='lat' dir='ltr'>et</span> 
     </span>
     <span class='ocr_line' id='line_1_40' title="bbox 130 2095 910 2133; baseline 0.005 -11"><span class='ocrx_word' id='word_1_279' title='bbox 130 2097 316 2131; x_wconf 86' lang='lat' dir='ltr'>perpetuant.</span> <span class='ocrx_word' id='word_1_280' title='bbox 328 2095 410 2123; x_wconf 82' lang='lat' dir='ltr'>Unde</span> <span class='ocrx_word' id='word_1_281' title='bbox 426 2095 497 2123; x_wconf 86' lang='lat' dir='ltr'>dicit</span> <span class='ocrx_word' id='word_1_282' title='bbox 512 2096 673 2124; x_wconf 69' lang='lat' dir='ltr'>Dominus⁶</span> <span class='ocrx_word' id='word_1_283' title='bbox 691 2107 697 2124; x_wconf 91' lang='lat'>:</span> <span class='ocrx_word' id='word_1_284' title='bbox 713 2099 784 2125; x_wconf 85' lang='lat' dir='ltr'>Eum</span> <span class='ocrx_word' id='word_1_285' title='bbox 804 2100 852 2133; x_wconf 85' lang='lat' dir='ltr'>qui</span> <span class='ocrx_word' id='word_1_286' title='bbox 866 2108 910 2126; x_wconf 87' lang='lat' dir='ltr'>ve-</span> 
     </span>
     <span class='ocr_line' id='line_1_41' title="bbox 131 2143 911 2180; baseline 0.006 -11"><span class='ocrx_word' id='word_1_287' title='bbox 131 2144 173 2169; x_wconf 77' lang='lat' dir='ltr'>uit</span> <span class='ocrx_word' id='word_1_288' title='bbox 190 2143 227 2169; x_wconf 83' lang='lat' dir='ltr'>ad</span> <span class='ocrx_word' id='word_1_289' title='bbox 244 2151 300 2177; x_wconf 84' lang='lat' dir='ltr'>me,</span> <span class='ocrx_word' id='word_1_290' title='bbox 320 2151 373 2170; x_wconf 78' lang='lat' dir='ltr'>non</span> <span class='ocrx_word' id='word_1_291' title='bbox 395 2143 501 2177; x_wconf 73' lang='lat' dir='ltr'>ejiciam</span> <span class='ocrx_word' id='word_1_292' title='bbox 520 2145 605 2177; x_wconf 78' lang='lat' dir='ltr'>foras.</span> <span class='ocrx_word' id='word_1_293' title='bbox 627 2144 713 2177; x_wconf 83' lang='lat' dir='ltr'>Quod</span> <span class='ocrx_word' id='word_1_294' title='bbox 734 2146 911 2180; x_wconf 83' lang='lat' dir='ltr'>Augustinus</span> 
     </span>
     <span class='ocr_line' id='line_1_42' title="bbox 132 2189 911 2226; baseline 0.004 -9"><span class='ocrx_word' id='word_1_295' title='bbox 132 2189 263 2225; x_wconf 85' lang='lat' dir='ltr'>exponit,</span> <span class='ocrx_word' id='word_1_296' title='bbox 279 2189 396 2218; x_wconf 87' lang='lat' dir='ltr'>dicens:</span> <span class='ocrx_word' id='word_1_297' title='bbox 413 2190 591 2218; x_wconf 85' lang='lat' dir='ltr'>«Veniamus</span> <span class='ocrx_word' id='word_1_298' title='bbox 603 2191 641 2218; x_wconf 87' lang='lat' dir='ltr'>ad</span> <span class='ocrx_word' id='word_1_299' title='bbox 653 2192 755 2226; x_wconf 83' lang='lat' dir='ltr'>Deum,</span> <span class='ocrx_word' id='word_1_300' title='bbox 769 2192 911 2220; x_wconf 85' lang='lat' dir='ltr'>intremus</span> 
     </span>
     <span class='ocr_line' id='line_1_43' title="bbox 132 2236 913 2273; baseline 0.004 -9"><span class='ocrx_word' id='word_1_301' title='bbox 132 2236 172 2264; x_wconf 82' lang='lat' dir='ltr'>ad</span> <span class='ocrx_word' id='word_1_302' title='bbox 186 2238 288 2272; x_wconf 85' lang='lat' dir='ltr'>Deum,</span> <span class='ocrx_word' id='word_1_303' title='bbox 305 2238 333 2264; x_wconf 90' lang='lat' dir='ltr'>et</span> <span class='ocrx_word' id='word_1_304' title='bbox 347 2237 574 2273; x_wconf 87' lang='lat' dir='ltr'>incorporemur</span> <span class='ocrx_word' id='word_1_305' title='bbox 589 2237 626 2272; x_wconf 89' lang='lat' dir='ltr'>ei,</span> <span class='ocrx_word' id='word_1_306' title='bbox 643 2239 676 2266; x_wconf 94' lang='lat' dir='ltr'>ut</span> <span class='ocrx_word' id='word_1_307' title='bbox 684 2246 739 2266; x_wconf 87' lang='lat' dir='ltr'>nos</span> <span class='ocrx_word' id='word_1_308' title='bbox 749 2247 811 2267; x_wconf 93' lang='lat' dir='ltr'>non</span> <span class='ocrx_word' id='word_1_309' title='bbox 825 2239 913 2268; x_wconf 82' lang='lat' dir='ltr'>sacia-</span> 
     </span>
     <span class='ocr_line' id='line_1_44' title="bbox 133 2283 910 2322; baseline 0.006 -13"><span class='ocrx_word' id='word_1_310' title='bbox 133 2291 199 2310; x_wconf 90' lang='lat' dir='ltr'>mus</span> <span class='ocrx_word' id='word_1_311' title='bbox 216 2283 400 2311; x_wconf 83' lang='lat' dir='ltr'>voluntatem</span> <span class='ocrx_word' id='word_1_312' title='bbox 421 2286 563 2320; x_wconf 83' lang='lat' dir='ltr'>nostram,</span> <span class='ocrx_word' id='word_1_313' title='bbox 578 2285 631 2312; x_wconf 86' lang='lat' dir='ltr'>sed</span> <span class='ocrx_word' id='word_1_314' title='bbox 645 2285 830 2314; x_wconf 86' lang='lat' dir='ltr'>voluntatem</span> <span class='ocrx_word' id='word_1_315' title='bbox 848 2286 910 2322; x_wconf 83' lang='lat' dir='ltr'>Dei3</span> 
     </span>
     <span class='ocr_line' id='line_1_45' title="bbox 134 2330 913 2366; baseline 0.006 -10"><span class='ocrx_word' id='word_1_316' title='bbox 134 2331 162 2357; x_wconf 89' lang='lat' dir='ltr'>et</span> <span class='ocrx_word' id='word_1_317' title='bbox 174 2337 236 2358; x_wconf 89' lang='lat' dir='ltr'>non</span> <span class='ocrx_word' id='word_1_318' title='bbox 251 2330 346 2365; x_wconf 89' lang='lat' dir='ltr'>ejiciet</span> <span class='ocrx_word' id='word_1_319' title='bbox 362 2339 417 2358; x_wconf 90' lang='lat' dir='ltr'>nos</span> <span class='ocrx_word' id='word_1_320' title='bbox 431 2331 521 2366; x_wconf 85' lang='lat' dir='ltr'>foras,</span> <span class='ocrx_word' id='word_1_321' title='bbox 532 2331 642 2360; x_wconf 87' lang='lat' dir='ltr'>scilicet</span> <span class='ocrx_word' id='word_1_322' title='bbox 652 2333 683 2360; x_wconf 91' lang='lat' dir='ltr'>in</span> <span class='ocrx_word' id='word_1_323' title='bbox 698 2332 820 2361; x_wconf 78' lang='lat' dir='ltr'>exilium</span> <span class='ocrx_word' id='word_1_324' title='bbox 835 2335 913 2362; x_wconf 87' lang='lat' dir='ltr'>tene-</span> 
     </span>
     <span class='ocr_line' id='line_1_46' title="bbox 134 2376 913 2417; baseline 0.008 -13"><span class='ocrx_word' id='word_1_325' title='bbox 134 2376 257 2404; x_wconf 85' lang='lat' dir='ltr'>brarum</span> <span class='ocrx_word' id='word_1_326' title='bbox 284 2380 461 2407; x_wconf 77' lang='lat' dir='ltr'>aeternarum</span> <span class='ocrx_word' id='word_1_327' title='bbox 478 2388 486 2414; x_wconf 83' lang='lat'><em>3</em></span> <span class='ocrx_word' id='word_1_328' title='bbox 517 2379 570 2407; x_wconf 86' lang='lat' dir='ltr'>sed</span> <span class='ocrx_word' id='word_1_329' title='bbox 599 2380 660 2408; x_wconf 84' lang='lat' dir='ltr'>sive</span> <span class='ocrx_word' id='word_1_330' title='bbox 689 2380 893 2416; x_wconf 83' lang='lat' dir='ltr'>ingrediamur</span> <span class='ocrx_word' id='word_1_331' title='bbox 903 2403 913 2417; x_wconf 95' lang='lat'>,</span> 
     </span>
     <span class='ocr_line' id='line_1_47' title="bbox 136 2423 914 2462; baseline 0.009 -11"><span class='ocrx_word' id='word_1_332' title='bbox 136 2423 197 2451; x_wconf 90' lang='lat' dir='ltr'>sive</span> <span class='ocrx_word' id='word_1_333' title='bbox 219 2425 418 2460; x_wconf 82' lang='lat' dir='ltr'>egrediamur,</span> <span class='ocrx_word' id='word_1_334' title='bbox 434 2434 545 2462; x_wconf 86' lang='lat' dir='ltr'>pascua</span> <span class='ocrx_word' id='word_1_335' title='bbox 569 2427 756 2456; x_wconf 89' lang='lat' dir='ltr'>inveniemus</span> <span class='ocrx_word' id='word_1_336' title='bbox 782 2431 914 2458; x_wconf 87' lang='lat' dir='ltr'>nostram</span> 
     </span>
     <span class='ocr_line' id='line_1_48' title="bbox 136 2471 915 2512; baseline 0.01 -15"><span class='ocrx_word' id='word_1_337' title='bbox 136 2471 294 2499; x_wconf 87' lang='lat' dir='ltr'>nutrientia</span> <span class='ocrx_word' id='word_1_338' title='bbox 317 2472 506 2508; x_wconf 85' lang='lat' dir='ltr'>charitatem,</span> <span class='ocrx_word' id='word_1_339' title='bbox 537 2482 603 2509; x_wconf 83' lang='lat' dir='ltr'>quae</span> <span class='ocrx_word' id='word_1_340' title='bbox 626 2482 680 2502; x_wconf 88' lang='lat' dir='ltr'>nos</span> <span class='ocrx_word' id='word_1_341' title='bbox 703 2478 858 2512; x_wconf 86' lang='lat' dir='ltr'>perpetuat</span> <span class='ocrx_word' id='word_1_342' title='bbox 884 2477 915 2505; x_wconf 91' lang='lat' dir='ltr'>in</span> 
     </span>
     <span class='ocr_line' id='line_1_49' title="bbox 137 2517 914 2559; baseline 0.01 -15"><span class='ocrx_word' id='word_1_343' title='bbox 137 2517 263 2553; x_wconf 87' lang='lat' dir='ltr'>Christo,</span> <span class='ocrx_word' id='word_1_344' title='bbox 288 2519 359 2554; x_wconf 89' lang='lat' dir='ltr'>quia</span> <span class='ocrx_word' id='word_1_345' title='bbox 387 2522 435 2554; x_wconf 83' lang='lat' dir='ltr'>qui</span> <span class='ocrx_word' id='word_1_346' title='bbox 459 2523 549 2548; x_wconf 77' lang='lat' dir='ltr'>manet</span> <span class='ocrx_word' id='word_1_347' title='bbox 576 2523 607 2548; x_wconf 83' lang='lat' dir='ltr'>in</span> <span class='ocrx_word' id='word_1_348' title='bbox 633 2522 783 2559; x_wconf 81' lang='lat' dir='ltr'>charitate,</span> <span class='ocrx_word' id='word_1_349' title='bbox 807 2525 837 2551; x_wconf 79' lang='lat' dir='ltr'>in</span> <span class='ocrx_word' id='word_1_350' title='bbox 859 2525 914 2552; x_wconf 88' lang='lat' dir='ltr'>Deo</span> 
     </span>
     <span class='ocr_line' id='line_1_50' title="bbox 136 2565 627 2599; baseline 0.01 -8"><span class='ocrx_word' id='word_1_351' title='bbox 136 2567 241 2599; x_wconf 82' lang='lat' dir='ltr'>manet,</span> <span class='ocrx_word' id='word_1_352' title='bbox 269 2565 343 2593; x_wconf 90' lang='lat' dir='ltr'>sicut</span> <span class='ocrx_word' id='word_1_353' title='bbox 367 2566 441 2594; x_wconf 79' lang='lat' dir='ltr'>dixit</span> <span class='ocrx_word' id='word_1_354' title='bbox 464 2568 591 2596; x_wconf 79' lang='lat' dir='ltr'>Joannes</span> <span class='ocrx_word' id='word_1_355' title='bbox 607 2569 627 2596; x_wconf 82' lang='lat'>⁷.</span> 
     </span>
    </p>
   </div>
   <div class='ocr_carea' id='block_1_3' title="bbox 171 2639 914 2678">
    <p class='ocr_par' dir='ltr' id='par_1_6' title="bbox 171 2639 914 2678">
     <span class='ocr_line' id='line_1_51' title="bbox 171 2639 914 2678; baseline 0.011 -16"><span class='ocrx_word' id='word_1_356' title='bbox 171 2639 263 2671; x_wconf 80' lang='lat' dir='ltr'>¹Aug.,</span> <span class='ocrx_word' id='word_1_357' title='bbox 278 2639 339 2664; x_wconf 88' lang='lat' dir='ltr'>ibid.</span> <span class='ocrx_word' id='word_1_358' title='bbox 350 2653 380 2658; x_wconf 89' lang='lat'>—</span> <span class='ocrx_word' id='word_1_359' title='bbox 392 2641 518 2667; x_wconf 85' lang='lat' dir='ltr'>²1bid.—</span> <span class='ocrx_word' id='word_1_360' title='bbox 531 2642 540 2659; x_wconf 81' lang='lat'>³</span> <span class='ocrx_word' id='word_1_361' title='bbox 557 2643 564 2666; x_wconf 95' lang='grc'>1</span> <span class='ocrx_word' id='word_1_362' title='bbox 578 2642 646 2674; x_wconf 59' lang='lat' dir='ltr'>Corn,</span> <span class='ocrx_word' id='word_1_363' title='bbox 663 2649 721 2675; x_wconf 79' lang='lat' dir='ltr'>xm,</span> <span class='ocrx_word' id='word_1_364' title='bbox 737 2645 759 2668; x_wconf 86' lang='lat'>7.</span> <span class='ocrx_word' id='word_1_365' title='bbox 772 2658 803 2664; x_wconf 88' lang='lat'>-—</span> <span class='ocrx_word' id='word_1_366' title='bbox 818 2646 825 2659; x_wconf 83' lang='lat'><strong>⁴</strong></span> <span class='ocrx_word' id='word_1_367' title='bbox 838 2647 914 2678; x_wconf 82' lang='lat' dir='ltr'>Rom„</span> 
     </span>
    </p>
   </div>
   <div class='ocr_carea' id='block_1_4' title="bbox 137 2676 916 2789">
    <p class='ocr_par' dir='ltr' id='par_1_7' title="bbox 137 2676 916 2789">
     <span class='ocr_line' id='line_1_52' title="bbox 138 2676 913 2712; baseline 0.009 -13"><span class='ocrx_word' id='word_1_368' title='bbox 138 2680 198 2706; x_wconf 82' lang='lat' dir='ltr'>v111,</span> <span class='ocrx_word' id='word_1_369' title='bbox 215 2676 253 2699; x_wconf 78' lang='lat'>28.</span> <span class='ocrx_word' id='word_1_370' title='bbox 268 2688 300 2693; x_wconf 92' lang='lat'>—</span> <span class='ocrx_word' id='word_1_371' title='bbox 319 2676 327 2690; x_wconf 77' lang='lat'><strong>⁵</strong></span> <span class='ocrx_word' id='word_1_372' title='bbox 346 2676 353 2699; x_wconf 93' lang='grc'>1</span> <span class='ocrx_word' id='word_1_373' title='bbox 373 2676 520 2708; x_wconf 75' lang='lat' dir='ltr'>Cor.‚x111,</span> <span class='ocrx_word' id='word_1_374' title='bbox 537 2679 563 2709; x_wconf 89' lang='lat'>7,</span> <span class='ocrx_word' id='word_1_375' title='bbox 578 2679 602 2702; x_wconf 87' lang='lat'>8.</span> <span class='ocrx_word' id='word_1_376' title='bbox 617 2691 648 2696; x_wconf 91' lang='lat'>—</span> <span class='ocrx_word' id='word_1_377' title='bbox 664 2680 674 2695; x_wconf 81' lang='lat'><strong>⁶</strong></span> <span class='ocrx_word' id='word_1_378' title='bbox 687 2680 769 2710; x_wconf 61' lang='lat' dir='ltr'>Joan.y</span> <span class='ocrx_word' id='word_1_379' title='bbox 788 2687 814 2712; x_wconf 86' lang='lat' dir='ltr'>V,</span> <span class='ocrx_word' id='word_1_380' title='bbox 833 2683 873 2706; x_wconf 75' lang='lat'>47.</span> <span class='ocrx_word' id='word_1_381' title='bbox 887 2697 913 2700; x_wconf 98' lang='lat'><strong>—</strong></span> 
     </span>
     <span class='ocr_line' id='line_1_53' title="bbox 137 2711 916 2747; baseline 0.01 -12"><span class='ocrx_word' id='word_1_382' title='bbox 137 2711 146 2728; x_wconf 80' lang='lat'>&#39;¹</span> <span class='ocrx_word' id='word_1_383' title='bbox 169 2711 176 2735; x_wconf 91' lang='lat'>1</span> <span class='ocrx_word' id='word_1_384' title='bbox 195 2711 279 2742; x_wconf 60' lang='lat' dir='ltr'>Joan„</span> <span class='ocrx_word' id='word_1_385' title='bbox 297 2717 332 2741; x_wconf 77' lang='grc' dir='ltr'>ιν,</span> <span class='ocrx_word' id='word_1_386' title='bbox 354 2713 392 2735; x_wconf 79' lang='grc'><strong>16.</strong></span> <span class='ocrx_word' id='word_1_387' title='bbox 410 2725 442 2731; x_wconf 91' lang='lat'>—</span> <span class='ocrx_word' id='word_1_388' title='bbox 463 2712 473 2729; x_wconf 77' lang='lat'>⁸</span> <span class='ocrx_word' id='word_1_389' title='bbox 493 2713 528 2737; x_wconf 86' lang='lat' dir='ltr'>De</span> <span class='ocrx_word' id='word_1_390' title='bbox 548 2715 616 2745; x_wconf 78' lang='lat' dir='ltr'>sz&#39;r.</span> <span class='ocrx_word' id='word_1_391' title='bbox 636 2715 661 2738; x_wconf 80' lang='lat' dir='ltr'>et</span> <span class='ocrx_word' id='word_1_392' title='bbox 678 2715 773 2747; x_wconf 78' lang='lat' dir='ltr'>Anim.,</span> <span class='ocrx_word' id='word_1_393' title='bbox 793 2724 816 2742; x_wconf 86' lang='grc'><strong>0.</strong></span> <span class='ocrx_word' id='word_1_394' title='bbox 837 2724 916 2742; x_wconf 74' lang='lat' dir='ltr'>vx.—</span> 
     </span>
     <span class='ocr_line' id='line_1_54' title="bbox 262 2765 431 2789; baseline 0.006 -2"><span class='ocrx_word' id='word_1_395' title='bbox 262 2765 338 2789; x_wconf 83' lang='grc' dir='ltr'><strong>ΤΟΜ.</strong></span> <span class='ocrx_word' id='word_1_396' title='bbox 361 2765 431 2789; x_wconf 76' lang='lat' dir='ltr'>viu.</span> 
     </span>
    </p>
   </div>
   <div class='ocr_carea' id='block_1_5' title="bbox 1684 247 1739 278">
    <p class='ocr_par' dir='ltr' id='par_1_8' title="bbox 1684 247 1739 278">
     <span class='ocr_line' id='line_1_55' title="bbox 1684 247 1739 278; baseline 0.036 -2"><span class='ocrx_word' id='word_1_397' title='bbox 1684 247 1739 278; x_wconf 80' lang='lat'>401</span> 
     </span>
    </p>
   </div>
   <div class='ocr_carea' id='block_1_6' title="bbox 1183 354 1521 392">
    <p class='ocr_par' dir='ltr' id='par_1_9' title="bbox 1183 354 1521 392">
     <span class='ocr_line' id='line_1_56' title="bbox 1183 354 1521 392; baseline 0.012 -5"><span class='ocrx_word' id='word_1_398' title='bbox 1183 354 1424 390; x_wconf 89' lang='lat' dir='ltr'>DISTINCTIO</span> <span class='ocrx_word' id='word_1_399' title='bbox 1448 356 1521 392; x_wconf 89' lang='lat' dir='ltr'>VH.</span> 
     </span>
    </p>
   </div>
   <div class='ocr_carea' id='block_1_7' title="bbox 982 425 1726 511">
    <p class='ocr_par' dir='ltr' id='par_1_10' title="bbox 982 425 1726 511">
     <span class='ocr_line' id='line_1_57' title="bbox 982 425 1726 467; baseline 0.012 -13"><span class='ocrx_word' id='word_1_400' title='bbox 982 425 1046 460; x_wconf 83' lang='lat' dir='ltr'>Quae</span> <span class='ocrx_word' id='word_1_401' title='bbox 1063 429 1089 455; x_wconf 82' lang='lat' dir='ltr'>et</span> <span class='ocrx_word' id='word_1_402' title='bbox 1107 431 1171 463; x_wconf 78' lang='lat' dir='ltr'>quot</span> <span class='ocrx_word' id='word_1_403' title='bbox 1188 430 1242 457; x_wconf 81' lang='lat' dir='ltr'>sint</span> <span class='ocrx_word' id='word_1_404' title='bbox 1261 429 1295 466; x_wconf 80' lang='lat' dir='ltr'>(a)</span> <span class='ocrx_word' id='word_1_405' title='bbox 1317 431 1433 464; x_wconf 80' lang='lat' dir='ltr'>itinera,</span> <span class='ocrx_word' id='word_1_406' title='bbox 1450 439 1502 467; x_wconf 79' lang='lat' dir='ltr'>per</span> <span class='ocrx_word' id='word_1_407' title='bbox 1519 440 1578 467; x_wconf 81' lang='lat' dir='ltr'>quae</span> <span class='ocrx_word' id='word_1_408' title='bbox 1596 434 1634 461; x_wconf 82' lang='lat' dir='ltr'>ad</span> <span class='ocrx_word' id='word_1_409' title='bbox 1654 435 1726 464; x_wconf 83' lang='lat' dir='ltr'>illud</span> 
     </span>
     <span class='ocr_line' id='line_1_58' title="bbox 1088 474 1615 511; baseline 0.011 -11"><span class='ocrx_word' id='word_1_410' title='bbox 1088 474 1261 502; x_wconf 80' lang='lat' dir='ltr'>intrinsecum</span> <span class='ocrx_word' id='word_1_411' title='bbox 1273 477 1431 511; x_wconf 79' lang='lat' dir='ltr'>pervenitur</span> <span class='ocrx_word' id='word_1_412' title='bbox 1445 478 1469 504; x_wconf 89' lang='lat' dir='ltr'>et</span> <span class='ocrx_word' id='word_1_413' title='bbox 1483 478 1615 506; x_wconf 78' lang='lat' dir='ltr'>intratur.</span> 
     </span>
    </p>
   </div>
   <div class='ocr_carea' id='block_1_8' title="bbox 961 541 1755 2571">
    <p class='ocr_par' dir='ltr' id='par_1_11' title="bbox 961 541 1755 2571">
     <span class='ocr_line' id='line_1_59' title="bbox 997 541 1743 584; baseline 0.013 -15"><span class='ocrx_word' id='word_1_414' title='bbox 997 541 1128 577; x_wconf 86' lang='lat' dir='ltr'>Septimo</span> <span class='ocrx_word' id='word_1_415' title='bbox 1139 564 1148 578; x_wconf 94' lang='lat'>‚</span> <span class='ocrx_word' id='word_1_416' title='bbox 1164 546 1327 581; x_wconf 81' lang='lat' dir='ltr'>postquam</span> <span class='ocrx_word' id='word_1_417' title='bbox 1344 545 1442 574; x_wconf 90' lang='lat' dir='ltr'>visum</span> <span class='ocrx_word' id='word_1_418' title='bbox 1457 548 1513 582; x_wconf 85' lang='lat' dir='ltr'>est,</span> <span class='ocrx_word' id='word_1_419' title='bbox 1528 548 1602 584; x_wconf 87' lang='lat' dir='ltr'>quid</span> <span class='ocrx_word' id='word_1_420' title='bbox 1617 549 1653 577; x_wconf 91' lang='lat' dir='ltr'>sit</span> <span class='ocrx_word' id='word_1_421' title='bbox 1667 549 1743 579; x_wconf 90' lang='lat' dir='ltr'>illud</span> 
     </span>
     <span class='ocr_line' id='line_1_60' title="bbox 961 587 1744 628; baseline 0.014 -13"><span class='ocrx_word' id='word_1_422' title='bbox 961 587 1153 618; x_wconf 86' lang='lat' dir='ltr'>intrinsecum</span> <span class='ocrx_word' id='word_1_423' title='bbox 1172 593 1340 628; x_wconf 87' lang='lat' dir='ltr'>secretum,</span> <span class='ocrx_word' id='word_1_424' title='bbox 1363 594 1391 620; x_wconf 89' lang='lat' dir='ltr'>et</span> <span class='ocrx_word' id='word_1_425' title='bbox 1416 594 1553 622; x_wconf 78' lang='lat' dir='ltr'>aeternale</span> <span class='ocrx_word' id='word_1_426' title='bbox 1576 597 1744 626; x_wconf 87' lang='lat' dir='ltr'>manerium</span> 
     </span>
     <span class='ocr_line' id='line_1_61' title="bbox 961 634 1744 675; baseline 0.014 -13"><span class='ocrx_word' id='word_1_427' title='bbox 961 634 992 662; x_wconf 91' lang='lat' dir='ltr'>in</span> <span class='ocrx_word' id='word_1_428' title='bbox 1007 635 1139 672; x_wconf 88' lang='lat' dir='ltr'>Christo,</span> <span class='ocrx_word' id='word_1_429' title='bbox 1160 639 1188 665; x_wconf 90' lang='lat' dir='ltr'>et</span> <span class='ocrx_word' id='word_1_430' title='bbox 1208 638 1335 675; x_wconf 88' lang='lat' dir='ltr'>qualiter</span> <span class='ocrx_word' id='word_1_431' title='bbox 1354 639 1385 667; x_wconf 91' lang='lat' dir='ltr'>in</span> <span class='ocrx_word' id='word_1_432' title='bbox 1404 639 1457 668; x_wconf 91' lang='lat' dir='ltr'>illo</span> <span class='ocrx_word' id='word_1_433' title='bbox 1476 641 1635 671; x_wconf 89' lang='lat' dir='ltr'>intrinseco</span> <span class='ocrx_word' id='word_1_434' title='bbox 1654 644 1744 673; x_wconf 84' lang='lat' dir='ltr'>variae</span> 
     </span>
     <span class='ocr_line' id='line_1_62' title="bbox 961 682 1744 727; baseline 0.014 -18"><span class='ocrx_word' id='word_1_435' title='bbox 961 682 1132 711; x_wconf 87' lang='lat' dir='ltr'>mansiones</span> <span class='ocrx_word' id='word_1_436' title='bbox 1147 683 1364 720; x_wconf 84' lang='lat' dir='ltr'>distinguantur</span> <span class='ocrx_word' id='word_1_437' title='bbox 1379 686 1425 723; x_wconf 82' lang='lat' dir='ltr'>(c),</span> <span class='ocrx_word' id='word_1_438' title='bbox 1443 689 1470 715; x_wconf 90' lang='lat' dir='ltr'>et</span> <span class='ocrx_word' id='word_1_439' title='bbox 1486 689 1651 718; x_wconf 88' lang='lat' dir='ltr'>secundum</span> <span class='ocrx_word' id='word_1_440' title='bbox 1670 691 1744 727; x_wconf 84' lang='lat' dir='ltr'>quid</span> 
     </span>
     <span class='ocr_line' id='line_1_63' title="bbox 961 729 1742 776; baseline 0.014 -19"><span class='ocrx_word' id='word_1_441' title='bbox 961 729 1054 758; x_wconf 90' lang='lat' dir='ltr'>homo</span> <span class='ocrx_word' id='word_1_442' title='bbox 1065 730 1095 758; x_wconf 91' lang='lat' dir='ltr'>in</span> <span class='ocrx_word' id='word_1_443' title='bbox 1105 731 1183 760; x_wconf 91' lang='lat' dir='ltr'>illud</span> <span class='ocrx_word' id='word_1_444' title='bbox 1195 733 1415 770; x_wconf 81' lang='lat' dir='ltr'>intromittatur3</span> <span class='ocrx_word' id='word_1_445' title='bbox 1425 735 1490 764; x_wconf 89' lang='lat' dir='ltr'>viso</span> <span class='ocrx_word' id='word_1_446' title='bbox 1499 737 1587 765; x_wconf 86' lang='lat' dir='ltr'>etiam</span> <span class='ocrx_word' id='word_1_447' title='bbox 1599 738 1672 774; x_wconf 89' lang='lat' dir='ltr'>quid</span> <span class='ocrx_word' id='word_1_448' title='bbox 1682 740 1742 776; x_wconf 89' lang='lat' dir='ltr'>spi-</span> 
     </span>
     <span class='ocr_line' id='line_1_64' title="bbox 961 776 1744 820; baseline 0.014 -16"><span class='ocrx_word' id='word_1_449' title='bbox 961 776 1034 805; x_wconf 88' lang='lat' dir='ltr'>ritus</span> <span class='ocrx_word' id='word_1_450' title='bbox 1045 777 1076 805; x_wconf 91' lang='lat' dir='ltr'>in</span> <span class='ocrx_word' id='word_1_451' title='bbox 1087 777 1209 807; x_wconf 90' lang='lat' dir='ltr'>homine</span> <span class='ocrx_word' id='word_1_452' title='bbox 1221 780 1346 817; x_wconf 88' lang='lat' dir='ltr'>dicatur,</span> <span class='ocrx_word' id='word_1_453' title='bbox 1364 784 1392 810; x_wconf 88' lang='lat' dir='ltr'>et</span> <span class='ocrx_word' id='word_1_454' title='bbox 1402 783 1511 819; x_wconf 86' lang='lat' dir='ltr'>quihus</span> <span class='ocrx_word' id='word_1_455' title='bbox 1524 785 1653 820; x_wconf 86' lang='lat' dir='ltr'>pedibus</span> <span class='ocrx_word' id='word_1_456' title='bbox 1668 786 1744 815; x_wconf 87' lang='lat' dir='ltr'>illud</span> 
     </span>
     <span class='ocr_line' id='line_1_65' title="bbox 962 823 1745 866; baseline 0.014 -15"><span class='ocrx_word' id='word_1_457' title='bbox 962 823 1154 854; x_wconf 81' lang='lat' dir='ltr'>intrinsecum</span> <span class='ocrx_word' id='word_1_458' title='bbox 1180 826 1376 864; x_wconf 82' lang='lat' dir='ltr'>ingrediatur,</span> <span class='ocrx_word' id='word_1_459' title='bbox 1397 832 1425 858; x_wconf 89' lang='lat' dir='ltr'>et</span> <span class='ocrx_word' id='word_1_460' title='bbox 1448 831 1575 866; x_wconf 86' lang='lat' dir='ltr'>qualiter</span> <span class='ocrx_word' id='word_1_461' title='bbox 1595 832 1745 862; x_wconf 88' lang='lat' dir='ltr'>humanus</span> 
     </span>
     <span class='ocr_line' id='line_1_66' title="bbox 963 873 1744 917; baseline 0.014 -18"><span class='ocrx_word' id='word_1_462' title='bbox 963 873 1081 908; x_wconf 87' lang='lat' dir='ltr'>spiritus</span> <span class='ocrx_word' id='word_1_463' title='bbox 1096 873 1127 901; x_wconf 90' lang='lat' dir='ltr'>in</span> <span class='ocrx_word' id='word_1_464' title='bbox 1142 874 1194 902; x_wconf 89' lang='lat' dir='ltr'>illo</span> <span class='ocrx_word' id='word_1_465' title='bbox 1209 875 1336 912; x_wconf 82' lang='lat' dir='ltr'>dicatur,</span> <span class='ocrx_word' id='word_1_466' title='bbox 1360 877 1525 907; x_wconf 86' lang='lat' dir='ltr'>stabiliatur</span> <span class='ocrx_word' id='word_1_467' title='bbox 1541 881 1569 907; x_wconf 92' lang='lat' dir='ltr'>et</span> <span class='ocrx_word' id='word_1_468' title='bbox 1588 883 1744 917; x_wconf 87' lang='lat' dir='ltr'>perpetue-</span> 
     </span>
     <span class='ocr_line' id='line_1_67' title="bbox 962 921 1743 967; baseline 0.015 -20"><span class='ocrx_word' id='word_1_469' title='bbox 962 922 1011 948; x_wconf 90' lang='lat' dir='ltr'>tur</span> <span class='ocrx_word' id='word_1_470' title='bbox 1019 921 1066 956; x_wconf 79' lang='lat' dir='ltr'>(d);</span> <span class='ocrx_word' id='word_1_471' title='bbox 1082 921 1247 951; x_wconf 82' lang='lat' dir='ltr'>videndum</span> <span class='ocrx_word' id='word_1_472' title='bbox 1258 925 1309 958; x_wconf 90' lang='lat' dir='ltr'>est,</span> <span class='ocrx_word' id='word_1_473' title='bbox 1322 932 1388 961; x_wconf 81' lang='lat' dir='ltr'>quae</span> <span class='ocrx_word' id='word_1_474' title='bbox 1397 927 1425 953; x_wconf 87' lang='lat' dir='ltr'>et</span> <span class='ocrx_word' id='word_1_475' title='bbox 1434 928 1508 962; x_wconf 88' lang='lat' dir='ltr'>quot</span> <span class='ocrx_word' id='word_1_476' title='bbox 1516 927 1573 955; x_wconf 89' lang='lat' dir='ltr'>sint</span> <span class='ocrx_word' id='word_1_477' title='bbox 1583 929 1616 964; x_wconf 86' lang='lat' dir='ltr'>(b)</span> <span class='ocrx_word' id='word_1_478' title='bbox 1627 929 1743 967; x_wconf 88' lang='lat' dir='ltr'>itinera,</span> 
     </span>
     <span class='ocr_line' id='line_1_68' title="bbox 963 969 1746 1010; baseline 0.017 -16"><span class='ocrx_word' id='word_1_479' title='bbox 963 975 1017 1003; x_wconf 90' lang='lat' dir='ltr'>per</span> <span class='ocrx_word' id='word_1_480' title='bbox 1032 976 1099 1004; x_wconf 82' lang='lat' dir='ltr'>quae</span> <span class='ocrx_word' id='word_1_481' title='bbox 1110 969 1148 996; x_wconf 84' lang='lat' dir='ltr'>ad</span> <span class='ocrx_word' id='word_1_482' title='bbox 1160 969 1235 998; x_wconf 85' lang='lat' dir='ltr'>iilud</span> <span class='ocrx_word' id='word_1_483' title='bbox 1250 971 1443 1001; x_wconf 86' lang='lat' dir='ltr'>intrinsecum</span> <span class='ocrx_word' id='word_1_484' title='bbox 1454 977 1609 1010; x_wconf 87' lang='lat' dir='ltr'>secretum,</span> <span class='ocrx_word' id='word_1_485' title='bbox 1626 978 1653 1005; x_wconf 90' lang='lat' dir='ltr'>et</span> <span class='ocrx_word' id='word_1_486' title='bbox 1664 980 1746 1007; x_wconf 84' lang='lat' dir='ltr'>aeter-</span> 
     </span>
     <span class='ocr_line' id='line_1_69' title="bbox 964 1015 1747 1054; baseline 0.015 -12"><span class='ocrx_word' id='word_1_487' title='bbox 964 1015 1031 1042; x_wconf 85' lang='lat' dir='ltr'>nale</span> <span class='ocrx_word' id='word_1_488' title='bbox 1053 1016 1239 1052; x_wconf 86' lang='lat' dir='ltr'>manerium,</span> <span class='ocrx_word' id='word_1_489' title='bbox 1263 1018 1383 1054; x_wconf 85' lang='lat' dir='ltr'>spiritus</span> <span class='ocrx_word' id='word_1_490' title='bbox 1404 1020 1554 1050; x_wconf 89' lang='lat' dir='ltr'>humanus</span> <span class='ocrx_word' id='word_1_491' title='bbox 1575 1024 1698 1053; x_wconf 86' lang='lat' dir='ltr'>accedat</span> <span class='ocrx_word' id='word_1_492' title='bbox 1719 1028 1747 1054; x_wconf 91' lang='lat' dir='ltr'>et</span> 
     </span>
     <span class='ocr_line' id='line_1_70' title="bbox 963 1061 1743 1109; baseline 0.017 -21"><span class='ocrx_word' id='word_1_493' title='bbox 963 1061 1156 1097; x_wconf 81' lang='lat' dir='ltr'>ingrediatur.</span> <span class='ocrx_word' id='word_1_494' title='bbox 1174 1064 1256 1093; x_wconf 85' lang='lat' dir='ltr'>Circa</span> <span class='ocrx_word' id='word_1_495' title='bbox 1278 1066 1361 1101; x_wconf 88' lang='lat' dir='ltr'>quod</span> <span class='ocrx_word' id='word_1_496' title='bbox 1383 1067 1537 1097; x_wconf 83' lang='lat' dir='ltr'>sciendum</span> <span class='ocrx_word' id='word_1_497' title='bbox 1557 1072 1616 1107; x_wconf 87' lang='lat' dir='ltr'>est,</span> <span class='ocrx_word' id='word_1_498' title='bbox 1640 1073 1743 1109; x_wconf 90' lang='lat' dir='ltr'>quod,</span> 
     </span>
     <span class='ocr_line' id='line_1_71' title="bbox 964 1109 1744 1155; baseline 0.017 -19"><span class='ocrx_word' id='word_1_499' title='bbox 964 1109 1038 1137; x_wconf 85' lang='lat' dir='ltr'>sicut</span> <span class='ocrx_word' id='word_1_500' title='bbox 1053 1109 1160 1138; x_wconf 84' lang='lat' dir='ltr'>dicitur</span> <span class='ocrx_word' id='word_1_501' title='bbox 1172 1110 1203 1138; x_wconf 91' lang='lat' dir='ltr'>in</span> <span class='ocrx_word' id='word_1_502' title='bbox 1217 1111 1295 1140; x_wconf 89' lang='lat' dir='ltr'>libro</span> <span class='ocrx_word' id='word_1_503' title='bbox 1312 1113 1344 1140; x_wconf 85' lang='lat' dir='ltr'>de</span> <span class='ocrx_word' id='word_1_504' title='bbox 1359 1114 1468 1149; x_wconf 76' lang='lat' dir='ltr'>Spiritu</span> <span class='ocrx_word' id='word_1_505' title='bbox 1487 1119 1513 1143; x_wconf 84' lang='lat' dir='ltr'>et</span> <span class='ocrx_word' id='word_1_506' title='bbox 1526 1118 1629 1146; x_wconf 78' lang='lat' dir='ltr'>Anima</span> <span class='ocrx_word' id='word_1_507' title='bbox 1644 1120 1665 1155; x_wconf 78' lang='lat'>⁸,</span> <span class='ocrx_word' id='word_1_508' title='bbox 1683 1120 1744 1149; x_wconf 90' lang='lat' dir='ltr'>duo</span> 
     </span>
     <span class='ocr_line' id='line_1_72' title="bbox 965 1157 1745 1204; baseline 0.017 -21"><span class='ocrx_word' id='word_1_509' title='bbox 965 1159 1032 1184; x_wconf 85' lang='lat' dir='ltr'>sunt</span> <span class='ocrx_word' id='word_1_510' title='bbox 1046 1157 1113 1185; x_wconf 91' lang='lat' dir='ltr'>loca</span> <span class='ocrx_word' id='word_1_511' title='bbox 1127 1157 1202 1186; x_wconf 87' lang='lat' dir='ltr'>inter</span> <span class='ocrx_word' id='word_1_512' title='bbox 1217 1167 1284 1194; x_wconf 80' lang='lat' dir='ltr'>quae</span> <span class='ocrx_word' id='word_1_513' title='bbox 1303 1160 1422 1196; x_wconf 90' lang='lat' dir='ltr'>spiritus</span> <span class='ocrx_word' id='word_1_514' title='bbox 1436 1162 1586 1192; x_wconf 88' lang='lat' dir='ltr'>humanus</span> <span class='ocrx_word' id='word_1_515' title='bbox 1602 1166 1745 1204; x_wconf 82' lang='lat' dir='ltr'>existens,</span> 
     </span>
     <span class='ocr_line' id='line_1_73' title="bbox 965 1203 1742 1244; baseline 0.017 -14"><span class='ocrx_word' id='word_1_516' title='bbox 965 1203 1005 1231; x_wconf 85' lang='lat' dir='ltr'>ad</span> <span class='ocrx_word' id='word_1_517' title='bbox 1018 1205 1178 1240; x_wconf 87' lang='lat' dir='ltr'>utrumque</span> <span class='ocrx_word' id='word_1_518' title='bbox 1194 1213 1224 1233; x_wconf 86' lang='lat' dir='ltr'>se</span> <span class='ocrx_word' id='word_1_519' title='bbox 1240 1214 1361 1235; x_wconf 89' lang='lat' dir='ltr'>movere</span> <span class='ocrx_word' id='word_1_520' title='bbox 1376 1210 1488 1244; x_wconf 89' lang='lat' dir='ltr'>potest,</span> <span class='ocrx_word' id='word_1_521' title='bbox 1511 1211 1571 1239; x_wconf 88' lang='lat' dir='ltr'>sive</span> <span class='ocrx_word' id='word_1_522' title='bbox 1594 1213 1742 1243; x_wconf 87' lang='lat' dir='ltr'>itinerare.</span> 
     </span>
     <span class='ocr_line' id='line_1_74' title="bbox 965 1251 1743 1291; baseline 0.017 -14"><span class='ocrx_word' id='word_1_523' title='bbox 965 1251 1041 1278; x_wconf 88' lang='lat' dir='ltr'>Deus</span> <span class='ocrx_word' id='word_1_524' title='bbox 1056 1251 1136 1279; x_wconf 89' lang='lat' dir='ltr'>enim</span> <span class='ocrx_word' id='word_1_525' title='bbox 1152 1253 1235 1280; x_wconf 89' lang='lat' dir='ltr'>estin</span> <span class='ocrx_word' id='word_1_526' title='bbox 1249 1262 1379 1290; x_wconf 87' lang='lat' dir='ltr'>summo,</span> <span class='ocrx_word' id='word_1_527' title='bbox 1392 1257 1523 1285; x_wconf 88' lang='lat' dir='ltr'>mundus</span> <span class='ocrx_word' id='word_1_528' title='bbox 1538 1266 1610 1288; x_wconf 84' lang='lat' dir='ltr'>vero</span> <span class='ocrx_word' id='word_1_529' title='bbox 1625 1260 1656 1288; x_wconf 92' lang='lat' dir='ltr'>in</span> <span class='ocrx_word' id='word_1_530' title='bbox 1670 1261 1743 1291; x_wconf 89' lang='lat' dir='ltr'>imo.</span> 
     </span>
     <span class='ocr_line' id='line_1_75' title="bbox 965 1297 1745 1337; baseline 0.015 -12"><span class='ocrx_word' id='word_1_531' title='bbox 965 1297 1029 1333; x_wconf 88' lang='lat' dir='ltr'>Ille,</span> <span class='ocrx_word' id='word_1_532' title='bbox 1049 1299 1160 1327; x_wconf 87' lang='lat' dir='ltr'>scilicet</span> <span class='ocrx_word' id='word_1_533' title='bbox 1178 1302 1274 1335; x_wconf 89' lang='lat' dir='ltr'>Deus,</span> <span class='ocrx_word' id='word_1_534' title='bbox 1296 1301 1327 1329; x_wconf 91' lang='lat' dir='ltr'>in</span> <span class='ocrx_word' id='word_1_535' title='bbox 1349 1302 1457 1331; x_wconf 86' lang='lat' dir='ltr'>eodem</span> <span class='ocrx_word' id='word_1_536' title='bbox 1477 1305 1554 1333; x_wconf 82' lang='lat' dir='ltr'>statu</span> <span class='ocrx_word' id='word_1_537' title='bbox 1578 1308 1745 1337; x_wconf 66' lang='lat' dir='ltr'>aeternitatis</span> 
     </span>
     <span class='ocr_line' id='line_1_76' title="bbox 965 1345 1746 1387; baseline 0.015 -15"><span class='ocrx_word' id='word_1_538' title='bbox 965 1353 1024 1373; x_wconf 60' lang='lat' dir='ltr'>sure</span> <span class='ocrx_word' id='word_1_539' title='bbox 1038 1345 1202 1374; x_wconf 89' lang='lat' dir='ltr'>immobilis</span> <span class='ocrx_word' id='word_1_540' title='bbox 1219 1348 1327 1384; x_wconf 76' lang='lat' dir='ltr'>existit3</span> <span class='ocrx_word' id='word_1_541' title='bbox 1345 1349 1414 1378; x_wconf 89' lang='lat' dir='ltr'>ideo</span> <span class='ocrx_word' id='word_1_542' title='bbox 1430 1350 1492 1387; x_wconf 91' lang='lat' dir='ltr'>ipse</span> <span class='ocrx_word' id='word_1_543' title='bbox 1508 1353 1589 1381; x_wconf 86' lang='lat' dir='ltr'>solus</span> <span class='ocrx_word' id='word_1_544' title='bbox 1609 1357 1650 1382; x_wconf 86' lang='lat' dir='ltr'>est</span> <span class='ocrx_word' id='word_1_545' title='bbox 1664 1358 1746 1384; x_wconf 80' lang='lat' dir='ltr'>aeter·-</span> 
     </span>
     <span class='ocr_line' id='line_1_77' title="bbox 965 1392 1747 1438; baseline 0.017 -19"><span class='ocrx_word' id='word_1_546' title='bbox 965 1392 1054 1420; x_wconf 86' lang='lat' dir='ltr'>nitate</span> <span class='ocrx_word' id='word_1_547' title='bbox 1069 1394 1288 1423; x_wconf 87' lang='lat' dir='ltr'>mensurabilis.</span> <span class='ocrx_word' id='word_1_548' title='bbox 1303 1397 1391 1432; x_wconf 89' lang='lat' dir='ltr'>Cujus</span> <span class='ocrx_word' id='word_1_549' title='bbox 1406 1398 1481 1426; x_wconf 85' lang='lat' dir='ltr'>ratio</span> <span class='ocrx_word' id='word_1_550' title='bbox 1495 1401 1554 1433; x_wconf 85' lang='lat' dir='ltr'>est,</span> <span class='ocrx_word' id='word_1_551' title='bbox 1570 1401 1655 1438; x_wconf 85' lang='lat' dir='ltr'>quia,</span> <span class='ocrx_word' id='word_1_552' title='bbox 1672 1402 1747 1432; x_wconf 85' lang='lat' dir='ltr'>sicut</span> 
     </span>
     <span class='ocr_line' id='line_1_78' title="bbox 965 1440 1747 1479; baseline 0.018 -13"><span class='ocrx_word' id='word_1_553' title='bbox 965 1440 1080 1468; x_wconf 90' lang='lat' dir='ltr'>Boetius</span> <span class='ocrx_word' id='word_1_554' title='bbox 1095 1441 1126 1468; x_wconf 89' lang='lat' dir='ltr'>in</span> <span class='ocrx_word' id='word_1_555' title='bbox 1139 1440 1218 1469; x_wconf 88' lang='lat' dir='ltr'>libro</span> <span class='ocrx_word' id='word_1_556' title='bbox 1235 1443 1267 1470; x_wconf 84' lang='lat' dir='ltr'>de</span> <span class='ocrx_word' id='word_1_557' title='bbox 1284 1444 1472 1474; x_wconf 78' lang='lat' dir='ltr'>Consolatione</span> <span class='ocrx_word' id='word_1_558' title='bbox 1487 1447 1558 1475; x_wconf 86' lang='lat' dir='ltr'>dicit</span> <span class='ocrx_word' id='word_1_559' title='bbox 1572 1448 1582 1465; x_wconf 83' lang='lat'>⁹</span> <span class='ocrx_word' id='word_1_560' title='bbox 1599 1458 1605 1477; x_wconf 91' lang='lat'>:</span> <span class='ocrx_word' id='word_1_561' title='bbox 1626 1458 1640 1475; x_wconf 89' lang='lat'>«</span> <span class='ocrx_word' id='word_1_562' title='bbox 1655 1451 1747 1479; x_wconf 89' lang='lat' dir='ltr'>AEter-</span> 
     </span>
     <span class='ocr_line' id='line_1_79' title="bbox 965 1486 1746 1533; baseline 0.018 -21"><span class='ocrx_word' id='word_1_563' title='bbox 965 1486 1041 1514; x_wconf 86' lang='lat' dir='ltr'>nitas</span> <span class='ocrx_word' id='word_1_564' title='bbox 1057 1489 1099 1515; x_wconf 89' lang='lat' dir='ltr'>est</span> <span class='ocrx_word' id='word_1_565' title='bbox 1118 1487 1348 1518; x_wconf 88' lang='lat' dir='ltr'>interminabilis</span> <span class='ocrx_word' id='word_1_566' title='bbox 1365 1492 1431 1520; x_wconf 82' lang='lat' dir='ltr'>vitae</span> <span class='ocrx_word' id='word_1_567' title='bbox 1446 1494 1507 1521; x_wconf 87' lang='lat' dir='ltr'>tota</span> <span class='ocrx_word' id='word_1_568' title='bbox 1525 1494 1615 1524; x_wconf 89' lang='lat' dir='ltr'>simul</span> <span class='ocrx_word' id='word_1_569' title='bbox 1630 1499 1658 1525; x_wconf 89' lang='lat' dir='ltr'>et</span> <span class='ocrx_word' id='word_1_570' title='bbox 1676 1506 1746 1533; x_wconf 84' lang='lat' dir='ltr'>per-</span> 
     </span>
     <span class='ocr_line' id='line_1_80' title="bbox 964 1533 1745 1580; baseline 0.015 -19"><span class='ocrx_word' id='word_1_571' title='bbox 964 1533 1039 1562; x_wconf 88' lang='lat' dir='ltr'>fecta</span> <span class='ocrx_word' id='word_1_572' title='bbox 1052 1535 1201 1570; x_wconf 86' lang='lat' dir='ltr'>possessio</span> <span class='ocrx_word' id='word_1_573' title='bbox 1214 1544 1220 1564; x_wconf 93' lang='lat'>:</span> <span class='ocrx_word' id='word_1_574' title='bbox 1234 1546 1247 1563; x_wconf 86' lang='lat'>»</span> <span class='ocrx_word' id='word_1_575' title='bbox 1267 1545 1333 1572; x_wconf 77' lang='lat' dir='ltr'>quae</span> <span class='ocrx_word' id='word_1_576' title='bbox 1348 1538 1423 1566; x_wconf 88' lang='lat' dir='ltr'>nulli</span> <span class='ocrx_word' id='word_1_577' title='bbox 1439 1543 1578 1570; x_wconf 82' lang='lat' dir='ltr'>creaturae</span> <span class='ocrx_word' id='word_1_578' title='bbox 1591 1545 1745 1580; x_wconf 76' lang='lat' dir='ltr'>convenit,</span> 
     </span>
     <span class='ocr_line' id='line_1_81' title="bbox 965 1580 1747 1625; baseline 0.018 -18"><span class='ocrx_word' id='word_1_579' title='bbox 965 1580 1018 1608; x_wconf 92' lang='lat' dir='ltr'>sed</span> <span class='ocrx_word' id='word_1_580' title='bbox 1032 1581 1088 1608; x_wconf 85' lang='lat' dir='ltr'>soli</span> <span class='ocrx_word' id='word_1_581' title='bbox 1103 1583 1161 1609; x_wconf 89' lang='lat' dir='ltr'>Deo</span> <span class='ocrx_word' id='word_1_582' title='bbox 1171 1603 1181 1617; x_wconf 95' lang='lat'>,</span> <span class='ocrx_word' id='word_1_583' title='bbox 1202 1584 1234 1610; x_wconf 90' lang='lat' dir='ltr'>ut</span> <span class='ocrx_word' id='word_1_584' title='bbox 1247 1585 1328 1619; x_wconf 86' lang='lat' dir='ltr'>patet</span> <span class='ocrx_word' id='word_1_585' title='bbox 1343 1586 1542 1616; x_wconf 82' lang='lat' dir='ltr'>consideranti</span> <span class='ocrx_word' id='word_1_586' title='bbox 1561 1589 1650 1625; x_wconf 82' lang='lat' dir='ltr'>hujus</span> <span class='ocrx_word' id='word_1_587' title='bbox 1669 1591 1747 1620; x_wconf 77' lang='lat' dir='ltr'>diffi-</span> 
     </span>
     <span class='ocr_line' id='line_1_82' title="bbox 965 1628 1745 1667; baseline 0.018 -13"><span class='ocrx_word' id='word_1_588' title='bbox 965 1628 1085 1655; x_wconf 86' lang='lat' dir='ltr'>nitionis</span> <span class='ocrx_word' id='word_1_589' title='bbox 1100 1631 1208 1664; x_wconf 83' lang='lat' dir='ltr'>partes.</span> <span class='ocrx_word' id='word_1_590' title='bbox 1233 1632 1287 1659; x_wconf 85' lang='lat' dir='ltr'>Iste</span> <span class='ocrx_word' id='word_1_591' title='bbox 1302 1634 1401 1660; x_wconf 88' lang='lat' dir='ltr'>autem</span> <span class='ocrx_word' id='word_1_592' title='bbox 1424 1635 1556 1663; x_wconf 88' lang='lat' dir='ltr'>mundus</span> <span class='ocrx_word' id='word_1_593' title='bbox 1578 1645 1666 1666; x_wconf 90' lang='lat' dir='ltr'>cursu</span> <span class='ocrx_word' id='word_1_594' title='bbox 1682 1647 1745 1667; x_wconf 91' lang='lat' dir='ltr'>mu-</span> 
     </span>
     <span class='ocr_line' id='line_1_83' title="bbox 964 1674 1744 1719; baseline 0.018 -18"><span class='ocrx_word' id='word_1_595' title='bbox 964 1674 1114 1703; x_wconf 80' lang='lat' dir='ltr'>tabilitatis</span> <span class='ocrx_word' id='word_1_596' title='bbox 1128 1684 1188 1704; x_wconf 76' lang='lat' dir='ltr'>suae</span> <span class='ocrx_word' id='word_1_597' title='bbox 1214 1686 1330 1714; x_wconf 89' lang='lat' dir='ltr'>semper</span> <span class='ocrx_word' id='word_1_598' title='bbox 1353 1679 1499 1710; x_wconf 85' lang='lat' dir='ltr'>instabilis</span> <span class='ocrx_word' id='word_1_599' title='bbox 1517 1682 1572 1711; x_wconf 87' lang='lat' dir='ltr'>fuit</span> <span class='ocrx_word' id='word_1_600' title='bbox 1588 1706 1597 1719; x_wconf 96' lang='lat'>,</span> <span class='ocrx_word' id='word_1_601' title='bbox 1625 1687 1654 1713; x_wconf 88' lang='lat' dir='ltr'>et</span> <span class='ocrx_word' id='word_1_602' title='bbox 1674 1685 1744 1715; x_wconf 89' lang='lat' dir='ltr'>ideo</span> 
     </span>
     <span class='ocr_line' id='line_1_84' title="bbox 965 1722 1746 1765; baseline 0.015 -16"><span class='ocrx_word' id='word_1_603' title='bbox 965 1722 1098 1758; x_wconf 87' lang='lat' dir='ltr'>tempore</span> <span class='ocrx_word' id='word_1_604' title='bbox 1113 1727 1310 1761; x_wconf 87' lang='lat' dir='ltr'>mensuratur,</span> <span class='ocrx_word' id='word_1_605' title='bbox 1327 1727 1398 1762; x_wconf 80' lang='lat' dir='ltr'>qula</span> <span class='ocrx_word' id='word_1_606' title='bbox 1413 1729 1531 1765; x_wconf 88' lang='lat' dir='ltr'>tempus</span> <span class='ocrx_word' id='word_1_607' title='bbox 1546 1732 1589 1759; x_wconf 87' lang='lat' dir='ltr'>est</span> <span class='ocrx_word' id='word_1_608' title='bbox 1606 1739 1746 1762; x_wconf 89' lang='lat' dir='ltr'>mensura</span> 
     </span>
     <span class='ocr_line' id='line_1_85' title="bbox 965 1771 1744 1818; baseline 0.017 -22"><span class='ocrx_word' id='word_1_609' title='bbox 965 1772 1063 1797; x_wconf 90' lang='lat' dir='ltr'>motus</span> <span class='ocrx_word' id='word_1_610' title='bbox 1076 1771 1269 1800; x_wconf 87' lang='lat' dir='ltr'>mutabilium</span> <span class='ocrx_word' id='word_1_611' title='bbox 1282 1781 1382 1801; x_wconf 88' lang='lat' dir='ltr'>rerum</span> <span class='ocrx_word' id='word_1_612' title='bbox 1393 1796 1401 1810; x_wconf 93' lang='lat'><em>‚</em></span> <span class='ocrx_word' id='word_1_613' title='bbox 1418 1783 1479 1804; x_wconf 90' lang='lat' dir='ltr'>non</span> <span class='ocrx_word' id='word_1_614' title='bbox 1494 1780 1744 1818; x_wconf 81' lang='lat' dir='ltr'>permanentium,</span> 
     </span>
     <span class='ocr_line' id='line_1_86' title="bbox 965 1817 1745 1857; baseline 0.015 -13"><span class='ocrx_word' id='word_1_615' title='bbox 965 1817 1018 1845; x_wconf 89' lang='lat' dir='ltr'>sed</span> <span class='ocrx_word' id='word_1_616' title='bbox 1030 1818 1271 1854; x_wconf 87' lang='lat' dir='ltr'>succedentium,</span> <span class='ocrx_word' id='word_1_617' title='bbox 1286 1822 1318 1848; x_wconf 91' lang='lat' dir='ltr'>ut</span> <span class='ocrx_word' id='word_1_618' title='bbox 1332 1821 1378 1857; x_wconf 88' lang='lat' dir='ltr'>fit,</span> <span class='ocrx_word' id='word_1_619' title='bbox 1395 1824 1423 1850; x_wconf 89' lang='lat' dir='ltr'>et</span> <span class='ocrx_word' id='word_1_620' title='bbox 1435 1823 1504 1852; x_wconf 91' lang='lat' dir='ltr'>ideo</span> <span class='ocrx_word' id='word_1_621' title='bbox 1520 1825 1591 1854; x_wconf 87' lang='lat' dir='ltr'>talia</span> <span class='ocrx_word' id='word_1_622' title='bbox 1606 1826 1745 1856; x_wconf 86' lang='lat' dir='ltr'>dicuntur</span> 
     </span>
     <span class='ocr_line' id='line_1_87' title="bbox 964 1865 1745 1910; baseline 0.017 -19"><span class='ocrx_word' id='word_1_623' title='bbox 964 1865 1151 1900; x_wconf 85' lang='lat' dir='ltr'>temporalia.</span> <span class='ocrx_word' id='word_1_624' title='bbox 1172 1867 1334 1896; x_wconf 85' lang='lat' dir='ltr'>Rationalis</span> <span class='ocrx_word' id='word_1_625' title='bbox 1353 1871 1453 1897; x_wconf 84' lang='lat' dir='ltr'>autem</span> <span class='ocrx_word' id='word_1_626' title='bbox 1472 1872 1591 1907; x_wconf 89' lang='lat' dir='ltr'>spiritus</span> <span class='ocrx_word' id='word_1_627' title='bbox 1606 1875 1692 1910; x_wconf 82' lang='lat' dir='ltr'>quasi</span> <span class='ocrx_word' id='word_1_628' title='bbox 1714 1875 1745 1904; x_wconf 90' lang='lat' dir='ltr'>in</span> 
     </span>
     <span class='ocr_line' id='line_1_88' title="bbox 966 1912 1743 1951; baseline 0.017 -13"><span class='ocrx_word' id='word_1_629' title='bbox 966 1912 1100 1947; x_wconf 85' lang='lat' dir='ltr'>quodam</span> <span class='ocrx_word' id='word_1_630' title='bbox 1121 1913 1222 1942; x_wconf 89' lang='lat' dir='ltr'>medio</span> <span class='ocrx_word' id='word_1_631' title='bbox 1250 1917 1292 1942; x_wconf 90' lang='lat' dir='ltr'>est</span> <span class='ocrx_word' id='word_1_632' title='bbox 1318 1916 1514 1946; x_wconf 86' lang='lat' dir='ltr'>constitutus:</span> <span class='ocrx_word' id='word_1_633' title='bbox 1542 1920 1595 1948; x_wconf 89' lang='lat' dir='ltr'>sed</span> <span class='ocrx_word' id='word_1_634' title='bbox 1608 1921 1743 1951; x_wconf 90' lang='lat' dir='ltr'>medium</span> 
     </span>
     <span class='ocr_line' id='line_1_89' title="bbox 967 1960 1746 2005; baseline 0.015 -20"><span class='ocrx_word' id='word_1_635' title='bbox 967 1960 1083 1995; x_wconf 87' lang='lat' dir='ltr'>oportet</span> <span class='ocrx_word' id='word_1_636' title='bbox 1092 1960 1269 1997; x_wconf 83' lang='lat' dir='ltr'>participare</span> <span class='ocrx_word' id='word_1_637' title='bbox 1280 1964 1417 1992; x_wconf 86' lang='lat' dir='ltr'>naturam</span> <span class='ocrx_word' id='word_1_638' title='bbox 1434 1967 1645 2003; x_wconf 80' lang='lat' dir='ltr'>extremorum,</span> <span class='ocrx_word' id='word_1_639' title='bbox 1654 1977 1746 2005; x_wconf 87' lang='lat' dir='ltr'>prop-</span> 
     </span>
     <span class='ocr_line' id='line_1_90' title="bbox 967 2007 1746 2051; baseline 0.017 -19"><span class='ocrx_word' id='word_1_640' title='bbox 967 2007 1009 2033; x_wconf 83' lang='lat' dir='ltr'>ter</span> <span class='ocrx_word' id='word_1_641' title='bbox 1021 2007 1240 2036; x_wconf 77' lang='lat' dir='ltr'>connexionem</span> <span class='ocrx_word' id='word_1_642' title='bbox 1251 2010 1396 2038; x_wconf 88' lang='lat' dir='ltr'>universi:</span> <span class='ocrx_word' id='word_1_643' title='bbox 1407 2013 1434 2039; x_wconf 91' lang='lat' dir='ltr'>ct</span> <span class='ocrx_word' id='word_1_644' title='bbox 1443 2011 1512 2040; x_wconf 85' lang='lat' dir='ltr'>ideo</span> <span class='ocrx_word' id='word_1_645' title='bbox 1525 2016 1651 2049; x_wconf 84' lang='lat' dir='ltr'>oportet,</span> <span class='ocrx_word' id='word_1_646' title='bbox 1663 2018 1746 2051; x_wconf 83' lang='lat' dir='ltr'>quod</span> 
     </span>
     <span class='ocr_line' id='line_1_91' title="bbox 967 2053 1746 2092; baseline 0.014 -12"><span class='ocrx_word' id='word_1_647' title='bbox 967 2053 1085 2088; x_wconf 83' lang='lat' dir='ltr'>spiritus</span> <span class='ocrx_word' id='word_1_648' title='bbox 1103 2056 1203 2082; x_wconf 86' lang='lat' dir='ltr'>noster</span> <span class='ocrx_word' id='word_1_649' title='bbox 1221 2056 1252 2084; x_wconf 90' lang='lat' dir='ltr'>in</span> <span class='ocrx_word' id='word_1_650' title='bbox 1265 2056 1366 2092; x_wconf 88' lang='lat' dir='ltr'>aliquo</span> <span class='ocrx_word' id='word_1_651' title='bbox 1392 2060 1550 2088; x_wconf 86' lang='lat' dir='ltr'>conveniat</span> <span class='ocrx_word' id='word_1_652' title='bbox 1571 2069 1639 2089; x_wconf 87' lang='lat' dir='ltr'>cum</span> <span class='ocrx_word' id='word_1_653' title='bbox 1662 2065 1746 2091; x_wconf 84' lang='lat' dir='ltr'>aeter-</span> 
     </span>
     <span class='ocr_line' id='line_1_92' title="bbox 966 2100 1748 2142; baseline 0.015 -15"><span class='ocrx_word' id='word_1_654' title='bbox 966 2100 1027 2135; x_wconf 87' lang='lat' dir='ltr'>nis,</span> <span class='ocrx_word' id='word_1_655' title='bbox 1043 2103 1071 2129; x_wconf 90' lang='lat' dir='ltr'>et</span> <span class='ocrx_word' id='word_1_656' title='bbox 1089 2101 1120 2129; x_wconf 88' lang='lat' dir='ltr'>in</span> <span class='ocrx_word' id='word_1_657' title='bbox 1135 2102 1237 2138; x_wconf 85' lang='lat' dir='ltr'>aliquo</span> <span class='ocrx_word' id='word_1_658' title='bbox 1254 2112 1323 2131; x_wconf 91' lang='lat' dir='ltr'>cum</span> <span class='ocrx_word' id='word_1_659' title='bbox 1336 2106 1564 2142; x_wconf 83' lang='lat' dir='ltr'>temporalibus.</span> <span class='ocrx_word' id='word_1_660' title='bbox 1581 2110 1655 2137; x_wconf 92' lang='lat' dir='ltr'>Cum</span> <span class='ocrx_word' id='word_1_661' title='bbox 1666 2113 1748 2139; x_wconf 82' lang='lat' dir='ltr'>aeter-</span> 
     </span>
     <span class='ocr_line' id='line_1_93' title="bbox 967 2148 1748 2187; baseline 0.015 -13"><span class='ocrx_word' id='word_1_662' title='bbox 967 2148 1013 2174; x_wconf 85' lang='lat' dir='ltr'>nis</span> <span class='ocrx_word' id='word_1_663' title='bbox 1024 2149 1163 2177; x_wconf 87' lang='lat' dir='ltr'>convenit</span> <span class='ocrx_word' id='word_1_664' title='bbox 1173 2149 1277 2185; x_wconf 88' lang='lat' dir='ltr'>inhoc,</span> <span class='ocrx_word' id='word_1_665' title='bbox 1286 2151 1369 2187; x_wconf 89' lang='lat' dir='ltr'>quod</span> <span class='ocrx_word' id='word_1_666' title='bbox 1380 2153 1547 2182; x_wconf 88' lang='lat' dir='ltr'>secundum</span> <span class='ocrx_word' id='word_1_667' title='bbox 1553 2155 1748 2187; x_wconf 87' lang='lat' dir='ltr'>substantiam</span> 
     </span>
     <span class='ocr_line' id='line_1_94' title="bbox 970 2195 1749 2235; baseline 0.017 -14"><span class='ocrx_word' id='word_1_668' title='bbox 970 2195 1092 2223; x_wconf 90' lang='lat' dir='ltr'>omnino</span> <span class='ocrx_word' id='word_1_669' title='bbox 1109 2198 1150 2224; x_wconf 89' lang='lat' dir='ltr'>est</span> <span class='ocrx_word' id='word_1_670' title='bbox 1165 2196 1278 2224; x_wconf 87' lang='lat' dir='ltr'>stabilis</span> <span class='ocrx_word' id='word_1_671' title='bbox 1292 2201 1453 2235; x_wconf 87' lang='lat' dir='ltr'>perpetuo,</span> <span class='ocrx_word' id='word_1_672' title='bbox 1477 2201 1508 2228; x_wconf 90' lang='lat' dir='ltr'>in</span> <span class='ocrx_word' id='word_1_673' title='bbox 1528 2204 1671 2232; x_wconf 78' lang='lat' dir='ltr'>aeternum</span> <span class='ocrx_word' id='word_1_674' title='bbox 1685 2213 1749 2234; x_wconf 83' lang='lat' dir='ltr'>ma·</span> 
     </span>
     <span class='ocr_line' id='line_1_95' title="bbox 970 2243 1749 2281; baseline 0.017 -13"><span class='ocrx_word' id='word_1_675' title='bbox 970 2249 1062 2277; x_wconf 70' lang='lat' dir='ltr'>nens,</span> <span class='ocrx_word' id='word_1_676' title='bbox 1079 2244 1106 2270; x_wconf 86' lang='lat' dir='ltr'>et</span> <span class='ocrx_word' id='word_1_677' title='bbox 1120 2243 1189 2272; x_wconf 90' lang='lat' dir='ltr'>ideo</span> <span class='ocrx_word' id='word_1_678' title='bbox 1207 2245 1310 2280; x_wconf 83' lang='lat' dir='ltr'>quoad</span> <span class='ocrx_word' id='word_1_679' title='bbox 1323 2246 1381 2274; x_wconf 85' lang='lat' dir='ltr'>hoc</span> <span class='ocrx_word' id='word_1_680' title='bbox 1396 2254 1459 2275; x_wconf 92' lang='lat' dir='ltr'>non</span> <span class='ocrx_word' id='word_1_681' title='bbox 1473 2253 1661 2279; x_wconf 85' lang='lat' dir='ltr'>mensuratur</span> <span class='ocrx_word' id='word_1_682' title='bbox 1675 2254 1749 2281; x_wconf 90' lang='lat' dir='ltr'>tem-</span> 
     </span>
     <span class='ocr_line' id='line_1_96' title="bbox 971 2291 1752 2333; baseline 0.015 -16"><span class='ocrx_word' id='word_1_683' title='bbox 971 2297 1043 2325; x_wconf 88' lang='lat' dir='ltr'>pore</span> <span class='ocrx_word' id='word_1_684' title='bbox 1056 2291 1241 2327; x_wconf 83' lang='lat' dir='ltr'>transeunte,</span> <span class='ocrx_word' id='word_1_685' title='bbox 1257 2294 1328 2330; x_wconf 88' lang='lat' dir='ltr'>quia</span> <span class='ocrx_word' id='word_1_686' title='bbox 1342 2294 1395 2323; x_wconf 91' lang='lat' dir='ltr'>illo</span> <span class='ocrx_word' id='word_1_687' title='bbox 1412 2298 1617 2333; x_wconf 84' lang='lat' dir='ltr'>corruptibilia</span> <span class='ocrx_word' id='word_1_688' title='bbox 1631 2308 1752 2330; x_wconf 88' lang='lat' dir='ltr'>mensu-</span> 
     </span>
     <span class='ocr_line' id='line_1_97' title="bbox 970 2339 1753 2383; baseline 0.018 -20"><span class='ocrx_word' id='word_1_689' title='bbox 970 2339 1089 2373; x_wconf 85' lang='lat' dir='ltr'>rantur;</span> <span class='ocrx_word' id='word_1_690' title='bbox 1114 2346 1169 2366; x_wconf 89' lang='lat' dir='ltr'>nec</span> <span class='ocrx_word' id='word_1_691' title='bbox 1191 2343 1380 2370; x_wconf 85' lang='lat' dir='ltr'>mensuratur</span> <span class='ocrx_word' id='word_1_692' title='bbox 1403 2344 1582 2381; x_wconf 79' lang='lat' dir='ltr'>aeternitate,</span> <span class='ocrx_word' id='word_1_693' title='bbox 1609 2347 1680 2383; x_wconf 85' lang='lat' dir='ltr'>quia</span> <span class='ocrx_word' id='word_1_694' title='bbox 1701 2348 1753 2378; x_wconf 84' lang='lat' dir='ltr'>illa</span> 
     </span>
     <span class='ocr_line' id='line_1_98' title="bbox 972 2384 1752 2424; baseline 0.017 -13"><span class='ocrx_word' id='word_1_695' title='bbox 972 2384 1027 2411; x_wconf 92' lang='lat' dir='ltr'>soli</span> <span class='ocrx_word' id='word_1_696' title='bbox 1042 2386 1102 2413; x_wconf 91' lang='lat' dir='ltr'>Deo</span> <span class='ocrx_word' id='word_1_697' title='bbox 1119 2388 1277 2415; x_wconf 90' lang='lat' dir='ltr'>convenit:</span> <span class='ocrx_word' id='word_1_698' title='bbox 1295 2397 1365 2424; x_wconf 80' lang='lat' dir='ltr'>ergo</span> <span class='ocrx_word' id='word_1_699' title='bbox 1381 2391 1549 2420; x_wconf 84' lang='lat' dir='ltr'>necessario</span> <span class='ocrx_word' id='word_1_700' title='bbox 1564 2397 1752 2424; x_wconf 86' lang='lat' dir='ltr'>mensuratur</span> 
     </span>
     <span class='ocr_line' id='line_1_99' title="bbox 971 2433 1754 2476; baseline 0.015 -18"><span class='ocrx_word' id='word_1_701' title='bbox 971 2438 1112 2460; x_wconf 88' lang='lat' dir='ltr'>mensura</span> <span class='ocrx_word' id='word_1_702' title='bbox 1126 2433 1237 2470; x_wconf 86' lang='lat' dir='ltr'>media,</span> <span class='ocrx_word' id='word_1_703' title='bbox 1250 2435 1361 2464; x_wconf 88' lang='lat' dir='ltr'>scilicet</span> <span class='ocrx_word' id='word_1_704' title='bbox 1369 2444 1444 2472; x_wconf 79' lang='lat' dir='ltr'>aevo,</span> <span class='ocrx_word' id='word_1_705' title='bbox 1459 2438 1543 2473; x_wconf 89' lang='lat' dir='ltr'>quod</span> <span class='ocrx_word' id='word_1_706' title='bbox 1559 2442 1601 2468; x_wconf 85' lang='lat' dir='ltr'>est</span> <span class='ocrx_word' id='word_1_707' title='bbox 1615 2441 1754 2476; x_wconf 68' lang='lat' dir='ltr'>quaedam</span> 
     </span>
     <span class='ocr_line' id='line_1_100' title="bbox 971 2478 1755 2522; baseline 0.014 -16"><span class='ocrx_word' id='word_1_708' title='bbox 971 2478 1159 2516; x_wconf 85' lang='lat' dir='ltr'>participatio</span> <span class='ocrx_word' id='word_1_709' title='bbox 1170 2482 1347 2510; x_wconf 78' lang='lat' dir='ltr'>aeternitatis.</span> <span class='ocrx_word' id='word_1_710' title='bbox 1360 2484 1442 2512; x_wconf 90' lang='lat' dir='ltr'>Unde</span> <span class='ocrx_word' id='word_1_711' title='bbox 1451 2485 1617 2522; x_wconf 87' lang='lat' dir='ltr'>Dionysius,</span> <span class='ocrx_word' id='word_1_712' title='bbox 1631 2488 1664 2516; x_wconf 82' lang='lat' dir='ltr'>de</span> <span class='ocrx_word' id='word_1_713' title='bbox 1675 2490 1755 2517; x_wconf 82' lang='lat' dir='ltr'>Divi-</span> 
     </span>
     <span class='ocr_line' id='line_1_101' title="bbox 973 2527 1740 2571; baseline 0.016 -19"><span class='ocrx_word' id='word_1_714' title='bbox 973 2527 1016 2553; x_wconf 79' lang='lat' dir='ltr'>nis</span> <span class='ocrx_word' id='word_1_715' title='bbox 1026 2527 1200 2563; x_wconf 78' lang='lat' dir='ltr'>Nominibus,</span> <span class='ocrx_word' id='word_1_716' title='bbox 1214 2528 1284 2557; x_wconf 87' lang='lat' dir='ltr'>dicit</span> <span class='ocrx_word' id='word_1_717' title='bbox 1298 2530 1328 2565; x_wconf 82' lang='lat'>¹0,</span> <span class='ocrx_word' id='word_1_718' title='bbox 1341 2530 1425 2567; x_wconf 81' lang='lat' dir='ltr'>quod</span> <span class='ocrx_word' id='word_1_719' title='bbox 1439 2539 1537 2560; x_wconf 86' lang='lat' dir='ltr'>aevum</span> <span class='ocrx_word' id='word_1_720' title='bbox 1552 2533 1658 2563; x_wconf 88' lang='lat' dir='ltr'>dicitur</span> <span class='ocrx_word' id='word_1_721' title='bbox 1672 2536 1740 2571; x_wconf 86' lang='lat' dir='ltr'>quie</span> 
     </span>
    </p>
   </div>
   <div class='ocr_carea' id='block_1_9' title="bbox 973 2613 1758 2682">
    <p class='ocr_par' dir='ltr' id='par_1_12' title="bbox 973 2613 1758 2682">
     <span class='ocr_line' id='line_1_102' title="bbox 974 2613 1756 2653; baseline 0.014 -18"><span class='ocrx_word' id='word_1_722' title='bbox 974 2613 982 2625; x_wconf 63' lang='lat'>⁹</span> <span class='ocrx_word' id='word_1_723' title='bbox 1000 2613 1080 2643; x_wconf 82' lang='lat' dir='ltr'>Boct.,</span> <span class='ocrx_word' id='word_1_724' title='bbox 1096 2613 1125 2637; x_wconf 75' lang='lat' dir='ltr'>cle</span> <span class='ocrx_word' id='word_1_725' title='bbox 1139 2614 1238 2638; x_wconf 70' lang='lat' dir='ltr'>Consul.</span> <span class='ocrx_word' id='word_1_726' title='bbox 1256 2615 1351 2639; x_wconf 57' lang='lat' dir='ltr'>Plrilos.</span> <span class='ocrx_word' id='word_1_727' title='bbox 1368 2616 1420 2646; x_wconf 34' lang='lat' dir='ltr'>,libi</span> <span class='ocrx_word' id='word_1_728' title='bbox 1433 2618 1465 2648; x_wconf 90' lang='lat' dir='ltr'>V,</span> <span class='ocrx_word' id='word_1_729' title='bbox 1481 2625 1549 2649; x_wconf 86' lang='lat' dir='ltr'>pros.</span> <span class='ocrx_word' id='word_1_730' title='bbox 1562 2622 1623 2644; x_wconf 79' lang='lat' dir='ltr'>G,--—</span> <span class='ocrx_word' id='word_1_731' title='bbox 1639 2622 1656 2637; x_wconf 90' lang='lat'>¹⁰</span> <span class='ocrx_word' id='word_1_732' title='bbox 1668 2622 1756 2653; x_wconf 62' lang='lat' dir='ltr'>Dion„</span> 
     </span>
     <span class='ocr_line' id='line_1_103' title="bbox 973 2647 1758 2682; baseline 0.014 -11"><span class='ocrx_word' id='word_1_733' title='bbox 973 2647 1005 2671; x_wconf 76' lang='lat' dir='ltr'>de</span> <span class='ocrx_word' id='word_1_734' title='bbox 1021 2649 1077 2672; x_wconf 78' lang='lat' dir='ltr'>Diu.</span> <span class='ocrx_word' id='word_1_735' title='bbox 1094 2649 1177 2679; x_wconf 84' lang='lat' dir='ltr'>Nom.‚</span> <span class='ocrx_word' id='word_1_736' title='bbox 1194 2658 1215 2674; x_wconf 85' lang='lat' dir='ltr'>c.</span> <span class='ocrx_word' id='word_1_737' title='bbox 1233 2656 1248 2673; x_wconf 79' lang='lat' dir='ltr'>v</span> <span class='ocrx_word' id='word_1_738' title='bbox 1263 2653 1287 2674; x_wconf 91' lang='lat' dir='ltr'>et</span> <span class='ocrx_word' id='word_1_739' title='bbox 1303 2657 1327 2674; x_wconf 86' lang='lat' dir='ltr'>x.</span> <span class='ocrx_word' id='word_1_740' title='bbox 1347 2665 1377 2669; x_wconf 85' lang='lat'>—-</span> <span class='ocrx_word' id='word_1_741' title='bbox 1394 2653 1428 2682; x_wconf 75' lang='lat' dir='ltr'>(a)</span> <span class='ocrx_word' id='word_1_742' title='bbox 1447 2655 1506 2677; x_wconf 77' lang='lat' dir='ltr'>soet.</span> <span class='ocrx_word' id='word_1_743' title='bbox 1524 2655 1584 2678; x_wconf 71' lang='lat' dir='ltr'>edit.</span> <span class='ocrx_word' id='word_1_744' title='bbox 1603 2656 1758 2682; x_wconf 79' lang='lat' dir='ltr'>futurorum.</span> 
     </span>
    </p>
   </div>
   <div class='ocr_carea' id='block_1_10' title="bbox 972 2683 1757 2754">
    <p class='ocr_par' dir='ltr' id='par_1_13' title="bbox 972 2683 1757 2754">
     <span class='ocr_line' id='line_1_104' title="bbox 972 2683 1757 2723; baseline 0.017 -17"><span class='ocrx_word' id='word_1_745' title='bbox 972 2696 1003 2701; x_wconf 89' lang='lat'><strong>—</strong></span> <span class='ocrx_word' id='word_1_746' title='bbox 1016 2683 1049 2714; x_wconf 83' lang='lat' dir='ltr'>(b)</span> <span class='ocrx_word' id='word_1_747' title='bbox 1066 2685 1127 2709; x_wconf 76' lang='lat' dir='ltr'>Caet.</span> <span class='ocrx_word' id='word_1_748' title='bbox 1140 2686 1201 2710; x_wconf 84' lang='lat' dir='ltr'>edit.</span> <span class='ocrx_word' id='word_1_749' title='bbox 1222 2688 1287 2710; x_wconf 69' lang='lat' dir='ltr'>sunl.</span> <span class='ocrx_word' id='word_1_750' title='bbox 1306 2700 1332 2704; x_wconf 81' lang='lat'>——</span> <span class='ocrx_word' id='word_1_751' title='bbox 1350 2688 1379 2718; x_wconf 82' lang='lat' dir='ltr'>(c)</span> <span class='ocrx_word' id='word_1_752' title='bbox 1392 2689 1454 2712; x_wconf 78' lang='lat' dir='ltr'>Caet.</span> <span class='ocrx_word' id='word_1_753' title='bbox 1470 2689 1531 2714; x_wconf 71' lang='lat' dir='ltr'>edit.</span> <span class='ocrx_word' id='word_1_754' title='bbox 1554 2691 1757 2723; x_wconf 78' lang='lat' dir='ltr'>distinguuntur.</span> 
     </span>
     <span class='ocr_line' id='line_1_105' title="bbox 975 2719 1479 2754; baseline 0.012 -11"><span class='ocrx_word' id='word_1_755' title='bbox 975 2731 1004 2737; x_wconf 89' lang='lat'>-</span> <span class='ocrx_word' id='word_1_756' title='bbox 1014 2719 1047 2750; x_wconf 80' lang='lat' dir='ltr'>(cl)</span> <span class='ocrx_word' id='word_1_757' title='bbox 1057 2721 1118 2745; x_wconf 78' lang='lat' dir='ltr'>Item</span> <span class='ocrx_word' id='word_1_758' title='bbox 1128 2722 1253 2747; x_wconf 75' lang='lat' dir='ltr'>stabilitur</span> <span class='ocrx_word' id='word_1_759' title='bbox 1268 2724 1292 2746; x_wconf 83' lang='lat' dir='ltr'>et</span> <span class='ocrx_word' id='word_1_760' title='bbox 1306 2726 1479 2754; x_wconf 84' lang='lat' dir='ltr'>perpetuatur.</span> 
     </span>
    </p>
   </div>
   <div class='ocr_carea' id='block_1_11' title="bbox 1575 2774 1614 2803">
    <p class='ocr_par' dir='ltr' id='par_1_14' title="bbox 1575 2774 1614 2803">
     <span class='ocr_line' id='line_1_106' title="bbox 1575 2774 1614 2803; baseline 0.026 -1"><span class='ocrx_word' id='word_1_761' title='bbox 1575 2774 1614 2803; x_wconf 75' lang='lat'>26</span> 
     </span>
    </p>
   </div>
   <div class='ocr_carea' id='block_1_12' title="bbox 1759 1651 1868 1892">
    <p class='ocr_par' dir='ltr' id='par_1_15' title="bbox 1759 1651 1868 1892">
     <span class='ocr_line' id='line_1_107' title="bbox 1759 1651 1852 1678; baseline 0.022 -8"><span class='ocrx_word' id='word_1_762' title='bbox 1759 1651 1852 1678; x_wconf 77' lang='lat' dir='ltr'>Triplex</span> 
     </span>
     <span class='ocr_line' id='line_1_108' title="bbox 1760 1688 1866 1704; baseline 0.028 -2"><span class='ocrx_word' id='word_1_763' title='bbox 1760 1688 1866 1704; x_wconf 82' lang='lat' dir='ltr'>mensura</span> 
     </span>
     <span class='ocr_line' id='line_1_109' title="bbox 1760 1714 1852 1738; baseline 0.011 -4"><span class='ocrx_word' id='word_1_764' title='bbox 1760 1714 1852 1738; x_wconf 83' lang='lat' dir='ltr'>entium.</span> 
     </span>
     <span class='ocr_line' id='line_1_110' title="bbox 1772 1746 1855 1767; baseline 0.012 -1"><span class='ocrx_word' id='word_1_765' title='bbox 1772 1746 1855 1767; x_wconf 80' lang='lat' dir='ltr'>scilieet</span> 
     </span>
     <span class='ocr_line' id='line_1_111' title="bbox 1770 1779 1867 1804; baseline 0.01 -7"><span class='ocrx_word' id='word_1_766' title='bbox 1770 1779 1867 1804; x_wconf 81' lang='lat' dir='ltr'>tempus.</span> 
     </span>
     <span class='ocr_line' id='line_1_112' title="bbox 1761 1811 1868 1829; baseline 0.009 -1"><span class='ocrx_word' id='word_1_767' title='bbox 1761 1814 1831 1828; x_wconf 69' lang='lat' dir='ltr'>aevum</span> <span class='ocrx_word' id='word_1_768' title='bbox 1846 1811 1868 1829; x_wconf 81' lang='lat' dir='ltr'>et</span> 
     </span>
     <span class='ocr_line' id='line_1_113' title="bbox 1773 1839 1855 1860; baseline 0.012 -1"><span class='ocrx_word' id='word_1_769' title='bbox 1773 1839 1855 1860; x_wconf 63' lang='lat' dir='ltr'>aeviter-</span> 
     </span>
     <span class='ocr_line' id='line_1_114' title="bbox 1783 1878 1844 1892; baseline 0 0"><span class='ocrx_word' id='word_1_770' title='bbox 1783 1878 1844 1892; x_wconf 87' lang='lat' dir='ltr'>num.</span> 
     </span>
    </p>
   </div>
  </div>
 </body>
</html>
