2004 3037
738 241 1072 276 CONFESSIONALE.
1096 242 1182 276 CAP.
1206 244 1242 276 V.

183 309 296 348 primas
316 311 435 348 regulas
453 312 544 348 duas,
559 311 617 341 nisi
631 318 768 348 expresse
784 310 841 339 sibi
857 310 960 347 prohi-

182 357 289 387 beatur
305 366 323 387 a
338 359 422 395 jure,
440 359 537 396 potest
550 359 582 387 in
601 358 684 388 omni
698 357 822 386 crimine
837 357 959 394 dispen-

183 413 261 434 sare.

218 452 301 481 Unde
324 453 496 488 sciendum,
523 453 606 490 quod
631 452 778 489 episeopis
800 452 832 480 in
854 451 960 488 viginti

183 500 316 537 quinque
335 501 452 529 casibus
467 501 638 537 dispensare
657 500 841 537 prohibetur.

219 547 332 575 Primus
348 547 385 575 de
401 547 564 576 homicidio
587 547 730 585 (distinct.
758 555 789 582 L,
807 554 832 574 c.
849 545 959 582 Miror),

182 594 267 631 quod
277 594 444 630 intelligunt
454 595 579 633 quidqm
590 594 767 629 indistincte,
779 595 840 622 tam
854 593 891 621 de
902 602 957 621 vo-

182 641 323 677 luntario,
334 650 427 678 quam
439 642 476 671 de
488 641 610 677 casuali,
627 641 710 679 quod
725 641 815 670 etiam
827 641 959 676 generali

181 688 316 717 Ecclesiae
331 689 544 718 consuetudine
557 689 717 718 roboratur
725 698 733 726 3
746 689 796 718 alii
811 689 849 717 de
863 688 961 718 homi-

182 735 248 764 cida
262 736 441 765 voluntario.

218 783 369 812 Secundus
388 791 473 812 casus
495 784 532 812 de
553 784 733 818 simoniaco,
751 792 821 812 cum
841 783 960 812 distinc-

181 830 329 866 tionibus,
355 839 429 868 quus
452 831 566 868 require
581 840 687 868 supra,
709 839 735 860 c.
757 831 838 866 eod„
854 831 959 868 partic.

182 886 281 907 vam.

218 925 328 953 Tertius
350 933 435 954 casus
464 926 500 954 de
528 934 581 961 eo,
611 926 663 962 qui
688 926 962 955 excommunicatus

182 972 290 1008 majori
305 973 613 1001 excommunicatione
623 973 671 1001 vel
681 981 735 1009 per
744 973 891 1008 judicium
901 980 962 1000 sus·

181 1027 292 1056 pensus
307 1019 346 1048 ab
361 1019 471 1055 officio,
485 1020 617 1048 celebrat
631 1019 791 1048 officiendo
804 1021 898 1057 (caus.
910 1028 962 1055 vu,

183 1074 213 1103 q.
230 1074 250 1101 1,
265 1075 289 1094 c.
300 1067 331 1095 Si
341 1069 400 1102 quis
412 1068 570 1101 Presbyter,·
582 1075 662 1095 cauS.
673 1075 712 1101 x1,
725 1069 826 1103 quaest.
838 1075 881 1102 111,
893 1075 918 1095 e.
931 1068 963 1095 Si

182 1115 243 1149 quis
259 1115 424 1149 Episcopus,
441 1114 553 1149 prim03
570 1116 678 1149 Extra„
700 1115 737 1142 de
756 1115 899 1142 sententia
914 1123 963 1143 ex-

183 1161 471 1195 communicationis,
483 1169 507 1189 c.
526 1162 711 1189 Camillorum
724 1162 877 1198 absolutio).
892 1162 962 1195 Qui-

183 1202 254 1230 dam
276 1202 378 1230 dicunt
397 1203 578 1231 contrarium
599 1203 630 1231 in
649 1204 707 1231 hoc
729 1211 815 1238 casu,
839 1203 962 1238 scilieet,

183 1249 266 1285 quod
286 1251 386 1285 posset
407 1250 564 1286 episcopus
585 1250 756 1287 dispensare
775 1250 857 1287 (Arg.
880 1258 961 1278 eauS.

182 1304 214 1331 11,
225 1297 327 1333 quaest.
339 1305 380 1331 xv,
391 1305 416 1325 c.
427 1298 490 1329 Quoe
500 1297 532 1326 de
542 1300 644 1331 causa).
658 1298 712 1325 Sed
720 1306 781 1325 000
789 1299 895 1333 tutum,
908 1306 963 1326 nce

183 1344 368 1378 consuetum,
384 1343 439 1371 nisi
454 1344 485 1371 in
500 1352 580 1379 casu,
593 1344 703 1373 scilicet
719 1345 742 1372 si
759 1353 810 1373 005
824 1345 964 1373 redderet

182 1389 349 1425 ignorantia
365 1390 434 1418 sacti
455 1391 650 1427 probabiliter
666 1394 818 1420 excusatos
834 1392 961 1428 (Extra,

183 1437 220 1464 de
236 1437 342 1465 elerico
358 1438 657 1473 excommunicato,e.
668 1440 775 1466 Minist.
787 1440 961 1475 apostoticae.)

218 1484 343 1517 Quartus
362 1493 446 1512 casus
466 1487 508 1513 est
525 1485 562 1513 de
583 1485 690 1513 elerico
706 1487 962 1516 excommunicato

183 1530 214 1558 in
229 1531 371 1566 concilio,
394 1532 445 1567 qui
466 1533 579 1560 accedit
599 1533 638 1560 ad
655 1533 802 1568 judiciuin
821 1534 963 1570 principis

183 1578 213 1605 in
227 1586 297 1606 casu
311 1586 372 1606 non
387 1587 526 1607 concesso
537 1601 546 1613 ,
561 1582 731 1616 contempto
743 1580 844 1615 judice
869 1581 963 1609 eccle-

183 1625 298 1653 siastico
313 1626 401 1661 (cauS.
412 1634 491 1661 xxvt,
504 1628 638 1662 quaest.v,
650 1635 674 1654 c.
691 1627 722 1654 St
732 1629 792 1662 quis
802 1628 961 1664 episcopus.)

219 1672 341 1706 Quintus
359 1681 444 1701 casus
464 1675 506 1702 est
525 1674 562 1701 (10
581 1673 705 1709 bigamo
721 1673 846 1710 (Extra,
862 1674 899 1702 de
921 1675 963 1702 Bi-

182 1719 287 1753 gamis,
300 1727 325 1747 c.
340 1719 424 1755 Super
438 1728 476 1752 eo,
497 1728 521 1748 c.
539 1721 643 1756 Nuper,
656 1722 684 1749 et
695 1720 812 1756 require
822 1729 922 1757 supra,
935 1730 960 1750 c.

181 1765 262 1800 eod.,
274 1765 311 1794 de
327 1766 494 1801 Bigainis1.)

217 1812 318 1840 Sextus
338 1820 422 1840 casus
446 1814 488 1840 est
510 1813 547 1841 (10
569 1814 690 1842 duobus
710 1813 907 1850 presbyteris,
930 1817 962 1843 ut

181 1859 300 1895 praesint
314 1859 366 1887 uni
381 1859 510 1888 ecclesiae
531 1860 684 1896 aequaliter
702 1861 803 1897 (CauS.
815 1869 874 1895 xm,
887 1869 917 1897 q.
929 1870 960 1897 11,

183 1913 207 1932 c.
224 1905 337 1941 penult.
348 1905 368 1942 ).

217 1953 363 1988 Septimus
382 1961 466 1981 casus
488 1957 530 1982 est
551 1954 588 1982 de
607 1955 755 1983 habendis
775 1955 894 1984 duobus
913 1957 962 1985 vel

182 1999 317 2035 pluribus
337 1999 491 2028 beneficiis
515 2009 616 2029 curam
636 2002 805 2030 animarum
825 2002 961 2031 habenti·

182 2046 239 2074 bus
260 2046 387 2082 (Extra,
403 2047 440 2075 de
455 2048 540 2081 Cler.,
557 2057 582 2076 c.
599 2049 734 2084 Dudum).

218 2094 342 2122 Octavus
362 2102 446 2122 casus
466 2097 508 2122 cst
527 2094 564 2122 de
587 2103 639 2130 eo,
661 2096 712 2131 qui
732 2096 904 2124 constitutus
919 2099 962 2125 est

182 2140 258 2168 infra
271 2140 450 2175 vigesimum
465 2141 602 2177 quintum
617 2150 739 2177 annum,
753 2143 823 2178 quia
837 2151 898 2170 000
910 2151 961 2179 po-

181 2188 237 2215 test
255 2195 323 2215 cum
342 2196 377 2215 eo
397 2188 554 2225 episeopus
574 2188 762 2225 dispensare,
785 2191 817 2217 ut
835 2198 960 2226 promo·-

181 2236 284 2262 veatur
296 2234 335 2262 ad
349 2234 479 2263 honores
495 2237 622 2271 (Extra,
639 2236 676 2264 de
695 2237 791 2271 elect„
808 2245 832 2264 c.
852 2237 917 2264 Cum
931 2240 961 2266 in

182 2285 302 2316 cuncti55
328 2284 440 2316 Extra„
456 2283 494 2310 de
509 2285 591 2311 fetare
607 2285 634 2312 et
648 2284 789 2320 qualitate
807 2285 917 2321 ordin„
933 2294 959 2314 c.

182 2330 250 2357 Eam
264 2332 298 2362 te,
314 2329 367 2357 ubi
382 2330 513 2366 praecipit
527 2332 616 2366 Papa,
631 2331 715 2367 quod
726 2331 826 2360 nullus
840 2341 962 2368 promo-

184 2378 296 2411 veatur,
308 2376 363 2404 nisi
375 2376 412 2404 sit
425 2377 516 2406 aetatis
527 2378 680 2414 legitimae,
696 2380 806 2413 Extra„
818 2379 855 2407 de
866 2380 960 2415 elect„

186 2431 210 2450 c.
229 2424 307 2451 Nihz't
321 2423 385 2459 est).

219 2470 319 2498 Nonus
331 2478 415 2497 casus
432 2472 475 2497 est
494 2470 531 2498 de
546 2470 700 2507 illegitime
715 2474 799 2507 nato,
816 2481 884 2501 eum
899 2482 960 2510 quo

183 2523 245 2544 non
257 2518 353 2552 potest
367 2516 522 2552 episcopus
537 2517 708 2553 dispensare
718 2540 725 2554 ‚
741 2522 773 2548 ut
785 2528 961 2556 promovea-

183 2564 229 2590 tur
256 2562 295 2590 ad
321 2563 451 2591 honores
481 2564 489 2599 (
506 2565 602 2592 Extra.
611 2585 620 2599 ‚
651 2565 688 2593 de
718 2566 786 2594 filiis
813 2567 958 2604 presbyt„

183 2617 208 2636 e.
225 2609 337 2644 penult.
350 2609 453 2643 etult„
464 2610 516 2637 ubi
532 2610 611 2645 dicit,
626 2612 709 2647 quod
724 2621 792 2641 cum
807 2614 958 2649 illegitime

218 2668 223 2683 ²
240 2667 330 2691 l’artic.
347 2672 391 2690 xxi
408 2669 432 2691 et
448 2674 520 2698 seqq.

214 2710 248 2740 (n)
267 2709 356 2740 Suppl.
373 2709 457 2740 finem,
474 2712 531 2740 post
547 2710 567 2740 ἓ.

1737 250 1792 280 391

1016 311 1096 340 natis
1115 311 1198 340 solus
1216 313 1295 348 Papa
1312 311 1492 349 dispensat).
1508 313 1594 348 Quod
1612 315 1712 343 autem
1725 314 1797 344 tales

1015 358 1212 395 prohibentur
1232 359 1272 388 ab
1291 359 1476 395 honoribus,
1497 360 1605 389 dicitur
1623 361 1655 390 in
1670 362 1796 391 concilio

1016 405 1172 434 Pietavien.
1191 407 1308 442 (Extra.,
1325 406 1362 434 de
1376 407 1446 434 filiis
1455 407 1669 444 presbyteror„
1685 416 1751 445 cap.
1763 409 1796 445 ι).

1053 452 1187 480 Decimus
1202 462 1286 481 casus
1301 454 1343 481 est
1358 453 1395 481 de
1411 461 1459 489 eo,
1475 455 1526 491 qui
1541 455 1645 491 recipit
1660 455 1797 485 ordinem

1017 499 1141 527 scienter
1156 500 1194 528 ab
1215 500 1371 537 episcopo,
1392 500 1444 537 qui
1464 501 1625 537 resignavit
1640 503 1796 540 episcopa-

1017 547 1073 582 tui,-
1090 555 1158 574 cum
1175 555 1235 583 quo
1254 555 1315 575 non
1330 547 1517 584 dispensatur
1531 548 1586 576 nisi
1603 557 1620 577 a
1635 551 1723 586 Papa.

1052 595 1230 623 Undecimus
1244 603 1329 624 casus
1344 597 1386 624 est
1401 596 1438 624 de
1454 604 1506 632 eo,
1527 596 1578 632 qui
1597 597 1700 634 recipit
1714 597 1796 626 ordi-

1017 649 1086 669 nem
1123 642 1248 670 scienter
1281 642 1319 670 ab
1360 642 1501 679 episcopo
1541 645 1797 674 excommunicato

1016 688 1146 724 (Exti-a„
1162 689 1231 717 eod.
1249 689 1303 724 tit.,
1318 697 1343 717 0.
1359 690 1404 726 2.)

1052 735 1252 764 Duodecimus
1269 744 1354 764 casus
1369 738 1412 765 est
1426 737 1463 765 de
1478 736 1563 766 tertia
1577 737 1681 773 regula
1696 745 1798 774 supra-

1017 783 1113 817 dicta,
1133 785 1237 812 contra
1250 791 1343 820 quam
1360 791 1423 812 non
1439 785 1537 820 potest
1555 783 1728 821 episcopm,
1743 793 1798 814 nec

1018 829 1125 866 aliquis
1140 829 1216 858 alius
1231 838 1248 858 a
1267 831 1347 866 Papa
1368 829 1541 866 dispensare
1556 831 1642 867 (dist.
1658 839 1690 866 L,
1706 839 1771 868 cap.
1789 840 1799 859 1

1017 878 1045 905 et
1057 885 1088 912 11,
1105 878 1133 904 et
1148 885 1228 905 caus.
1243 884 1274 911 11,
1290 878 1440 913 quaest.v1,
1456 878 1518 905 Meo
1536 880 1546 905 l
1566 879 1593 906 et
1607 878 1652 915 2.)
1669 880 1701 906 Et
1715 878 1799 907 intel-

1016 923 1092 959 ligas
1112 923 1170 952 hoc
1192 923 1230 951 de
1248 923 1419 952 solemniter
1439 923 1615 960 degradato.
1632 925 1799 954 Bernardus

1017 970 1048 998 in
1062 973 1172 1006 Appar.
1187 969 1267 998 illius
1282 978 1347 1006 cap.
1364 970 1497 1007 (Extra,
1509 971 1546 999 de
1557 971 1664 999 clerico
1679 979 1798 1001 excom-

1017 1017 1169 1045 municato
1184 1017 1380 1053 ministrante,
1395 1026 1420 1046 c.
1440 1018 1537 1046 Clerici
1542 1018 1561 1054 ,)
1580 1018 1662 1054 dicit,
1677 1018 1761 1055 quod
1774 1019 1799 1047 si

1018 1064 1174 1101 episcopus
1194 1072 1264 1092 cum
1287 1064 1353 1093 aliis
1375 1065 1521 1101 episcopis
1542 1065 1641 1102 ipsum
1663 1074 1680 1094 a
1702 1074 1799 1094 sacer-

1018 1111 1099 1139 dotio
1118 1112 1231 1140 tantum
1245 1111 1397 1148 deposuit,
1412 1113 1508 1148 potest
1530 1120 1599 1139 eum
1620 1112 1752 1149 recipere
1767 1113 1798 1141 in

1018 1158 1209 1187 inferioribus
1224 1159 1391 1193 ordinibus,
1407 1161 1434 1187 et
1448 1159 1490 1186 510
1505 1159 1542 1187 de
1559 1159 1623 1187 aliis
1640 1159 1796 1188 ordinibus

1019 1205 1104 1241 (Arg.
1124 1213 1203 1233 caus,
1221 1214 1268 1240 xv,
1286 1208 1385 1242 quaest.
1402 1214 1469 1241 vni,
1484 1214 1508 1233 e.
1526 1207 1580 1240 Qui
1601 1207 1755 1242 admiserit,
1771 1209 1800 1236 et

1018 1260 1043 1280 0.
1065 1253 1096 1280 St
1122 1255 1182 1287 quis
1209 1253 1379 1289 presbyter).
1407 1253 1435 1281 Si
1465 1261 1534 1282 vero
1566 1253 1732 1289 despositus
1756 1255 1798 1282 est

1018 1299 1057 1328 ab
1073 1300 1155 1327 omni
1171 1300 1290 1334 ordine,
1306 1300 1376 1327 tunc
1391 1300 1473 1328 solus
1492 1302 1571 1336 Papa
1584 1300 1717 1329 restituit.
1735 1302 1799 1330 Haec

1017 1349 1138 1383 Appar„
1155 1348 1182 1375 et
1196 1348 1263 1374 sunt
1275 1347 1365 1375 verba
1381 1347 1443 1374 haec
1455 1355 1462 1374 :
1474 1357 1486 1373 «
1501 1347 1629 1381 Quidam
1642 1349 1740 1377 tamen
1754 1348 1799 1376 (11-

1019 1396 1098 1428 0001,
1112 1396 1140 1421 01
1153 1394 1241 1429 male,
1254 1394 1337 1430 quod
1353 1394 1510 1430 episcopus
1522 1396 1618 1430 potest
1631 1394 1800 1431 depositum

1018 1441 1178 1469 restituere.
1192 1442 1246 1468 Pro
1257 1441 1297 1468 eis
1312 1443 1442 1469 0510005.
1460 1443 1615 1478 10000051.
1629 1451 1670 1476 111,
1680 1450 1704 1469 c.
1718 1444 1799 1477 Epis-

1018 1496 1110 1523 copus,
1123 1489 1277 1523 presbytcr;
1298 1488 1352 1516 sed
1366 1488 1442 1516 illud
1456 1490 1553 1524 potest
1572 1488 1715 1524 intelligi,
1731 1497 1800 1517 eum

1019 1535 1173 1562 constabat
1183 1534 1401 1570 depositionem
1412 1534 1527 1562 nullam
1534 1543 1605 1563 esse.
1614 1538 1681 1563 Item
1691 1543 1745 1571 pro
1758 1536 1800 1564 eis

1016 1589 1078 1609 esse
1092 1581 1209 1609 videtur
1224 1581 1354 1609 distinct.
1372 1590 1449 1616 XLVI,
1468 1590 1493 1609 c.
1509 1582 1626 1610 Clericus
1640 1583 1796 1611 maledicus.

1018 1628 1074 1656 Sed
1090 1628 1132 1656 ibi
1147 1636 1262 1665 expone
1275 1629 1450 1664 clem-adetum
1468 1629 1500 1656 id
1520 1631 1572 1664 est,
1588 1629 1797 1665 suspendatur.

1052 1675 1255 1710 Tredectmus‚
1280 1677 1308 1703 ct
1339 1675 1596 1711 decimusquartus
1607 1697 1617 1711 ‚
1652 1675 1800 1704 decimus-

1017 1722 1152 1758 quintus,
1173 1725 1200 1751 et
1221 1722 1473 1758 decimussextus,
1491 1723 1678 1751 continentur
1697 1723 1728 1750 iu
1750 1722 1796 1750 his

1016 1769 1151 1797 versibus
1168 1778 1174 1796 :

1047 1831 1104 1856 Sive
1116 1831 1156 1856 bIs
1171 1832 1233 1856 ordo
1246 1832 1329 1861 datur,
1342 1833 1396 1857 sive
1408 1833 1551 1864 baptismus
1564 1836 1703 1865 repetatur,

1048 1868 1117 1897 Sive,
1131 1870 1159 1892 ut
1174 1869 1303 1892 evertatur
1316 1869 1373 1893 fidei
1386 1872 1475 1900 status,
1484 1870 1548 1893 ordo
1560 1872 1672 1901 petatur,

1047 1904 1094 1927 Vel
1104 1904 1124 1927 si
1138 1906 1282 1935 praestetur,
1295 1907 1322 1929 ut
1333 1905 1451 1937 utrinque
1463 1905 1552 1930 Simon
1565 1907 1684 1937 operetur
1695 1924 1701 1936 ‚

1048 1940 1079 1964 Ut
1090 1940 1260 1971 dispensetur,
1278 1943 1328 1966 etc.

1051 2006 1089 2032 De
1101 2005 1198 2040 primo
1209 2005 1328 2041 require
1338 2005 1426 2041 hujUs
1437 2007 1558 2042 capituli
1569 2007 1745 2043 particulam
1755 2016 1794 2036 lv.

1016 2052 1054 2078 De
1067 2051 1199 2078 secundo
1214 2052 1340 2087 require,
1356 2053 1423 2080 eod.
1435 2061 1472 2088 c.,
1489 2053 1592 2089 partic.
1607 2055 1685 2082 11.De
1698 2055 1794 2090 tertio,

1015 2098 1119 2132 habes,
1127 2106 1207 2126 caus.
1217 2106 1236 2132 1,
1247 2101 1348 2134 quaest.
1357 2107 1406 2133 vn,
1419 2107 1444 2127 e.
1457 2100 1690 2135 conuenientibus,
1701 2101 1716 2137 ἓ
1727 2102 1795 2129 Item

1018 2146 1164 2172 Therasius
1183 2146 1340 2180 patriarcha
1351 2167 1360 2180 ,
1371 2154 1448 2174 verS.
1465 2147 1499 2182 (a)
1515 2148 1708 2176 Constantinus
1723 2151 1795 2184 epis—

1016 2200 1095 2227 copus
1111 2192 1196 2220 dimit.
1223 2193 1260 2220 De
1293 2195 1399 2229 quarto
1421 2194 1539 2231 require
1560 2195 1694 2231 ejusdem
1726 2204 1792 2232 cap.

1015 2239 1118 2275 partie.
1140 2247 1207 2267 xrvi
1224 2242 1251 2268 et
1266 2248 1363 2268 vain.

1051 2285 1328 2322 Decimusseptimus
1351 2295 1435 2316 casus
1457 2291 1500 2317 est
1520 2289 1557 2317 de
1578 2297 1614 2317 eo
1640 2291 1692 2326 qui
1712 2291 1795 2319 extra

1015 2335 1150 2370 tempora
1160 2336 1266 2364 statuta
1278 2335 1442 2372 ordinatur,
1457 2337 1494 2365 de
1506 2345 1566 2374 quo
1578 2338 1696 2374 require
1706 2338 1793 2374 hujus

1015 2389 1040 2409 c.
1057 2381 1160 2417 partic.
1174 2390 1237 2410 vm.

1050 2429 1342 2458 Decimumoetavum
1360 2438 1461 2458 casum
1477 2431 1594 2468 require
1606 2432 1711 2468 partic.
1729 2436 1791 2460 vui.

1051 2476 1202 2504 Decimum
1217 2485 1332 2505 nonum
1345 2478 1462 2514 require
1478 2478 1623 2514 particula
1636 2487 1676 2507 x1.

1050 2523 1231 2558 vigesimum
1244 2525 1362 2560 require
1376 2525 1520 2560 particula
1535 2533 1585 2552 xit.
1687 2557 1694 2564 ,

1050 2570 1370 2606 Vigesimumquintum
1384 2572 1501 2608 require
1516 2572 1660 2607 particula
1676 2579 1722 2600 xv.

1050 2617 1397 2651 Vigesiinumsecundum
1420 2619 1537 2654 require
1556 2618 1701 2654 particula
1719 2627 1790 2648 xvii.

1050 2663 1344 2698 Vigcsimumtertium
1359 2667 1475 2701 require
1491 2666 1635 2701 particula
1650 2674 1708 2694 xlx.

1050 2711 1369 2748 Vigesimumquartuiu
1385 2713 1501 2749 require
1516 2713 1660 2750 particula
1675 2722 1764 2741 xxvii.
