2004 3037
447 319 496 353 DE
519 316 873 352 SACRAMENTORUM
894 316 1079 350 VIRTUTE.
1103 318 1188 350 CAl‘.
1212 318 1291 350 xlv.

63 388 136 426 quia
150 396 219 418 eum
232 389 361 418 Christus
376 389 489 418 constet
504 395 540 417 ex
553 387 648 416 tribus
659 385 841 420 substantiis,

63 436 173 465 seilicet
186 437 309 473 deitate,
323 437 433 472 anima,
447 437 475 465 et
485 443 622 472 corpore,
633 434 698 471 ipsa
713 433 840 470 quidem

63 483 156 512 deitas
171 483 287 512 excellit
301 483 421 512 omnia¹
437 492 444 511 :
461 485 578 518 Maqnus
595 483 722 510 Dominus
739 483 764 508 et
781 482 841 508 lau-

64 531 182 564 dabilis,
196 533 249 559 ete.
267 533 337 559 Item
360 531 461 559 anima
486 530 549 566 ejus
572 529 714 566 praecellit
738 535 842 556 omnes

63 577 189 612 animas,
204 586 273 606 eum
287 577 323 606 sit
333 578 344 594 ²
355 578 438 613 plena
448 579 542 612 ,qratia
558 580 583 604 et
596 578 725 609 veritate,
742 575 773 603 id
789 576 842 610 est,

63 624 276 660 perfectissima
287 624 318 652 in
334 623 469 652 affectiva
482 626 510 652 et
524 623 684 660 cognitiva.
695 624 767 651 Item
779 631 844 651 cor-

63 679 117 708 pus
133 672 196 708 ejus
212 671 328 700 excellit
343 672 445 700 omnia
460 679 598 708 corpora,
608 670 692 707 quod
707 670 744 698 de
759 678 838 698 sane-

64 718 172 747 tifieato
187 727 311 756 corpore
332 719 510 747 beatissimas
523 718 648 754 Virginis
667 718 722 746 fuit
740 725 843 753 sump-

64 767 126 794 tum
142 787 152 801 ,
181 766 210 794 et
236 765 382 794 divinitati
410 766 535 794 unitum.
566 767 642 801 Ergo
669 765 701 793 in
730 765 843 794 Christo

63 812 283 841 nobilissimum
303 813 388 850 quod
411 815 453 841 est
473 813 504 841 in
528 813 602 841 eoelo
615 833 624 847 ,
645 814 672 841 et
695 811 844 840 nobilissi-

63 867 146 888 mum
161 860 192 888 in
203 863 280 889 terra
292 861 374 889 unita
390 863 468 889 sunt.

325 955 467 988 CAPUT
491 955 583 988 XIV.

127 1028 166 1055 De
183 1027 366 1061 mirabilibus,
388 1034 448 1061 quae
467 1029 529 1054 sunt
548 1027 577 1053 in
595 1025 781 1052 Eucharistia.

100 1095 243 1125 Mirabilia
268 1095 362 1124 multa
386 1097 454 1123 sunt
483 1094 515 1122 in
538 1094 596 1122 hoe
625 1095 811 1122 sacramento
838 1103 845 1121 :

63 1143 194 1179 primum
221 1144 288 1178 est,
313 1142 396 1179 quod
425 1143 467 1170 est
490 1141 531 1170 ibi
557 1150 665 1178 corpus
685 1141 788 1170 Christi
815 1141 846 1169 in

65 1191 146 1218 tanta
167 1191 328 1226 quantitate
344 1213 353 1226 ,
378 1191 452 1218 sieut
477 1189 531 1218 fuit
554 1190 585 1218 in
609 1197 710 1225 eruce,
731 1191 758 1217 et
774 1189 847 1217 sieut

61 1238 124 1273 Jam
145 1240 188 1265 est
211 1237 242 1265 in
266 1238 360 1273 eoelo,
373 1246 428 1266 nee
451 1237 686 1266 tamen'exeedit
705 1237 847 1265 terminos

64 1284 143 1312 illius
167 1284 269 1312 formae
277 1295 285 1321 3
310 1284 494 1319 seeundum,
510 1284 594 1321 quod
617 1284 659 1312 ihi
683 1286 750 1312 sunt
770 1284 847 1312 aeci-

65 1331 165 1360 dentia
184 1331 247 1360 sine
269 1332 420 1367 subjecto3
437 1331 556 1360 tertium
572 1353 581 1366 ,
605 1331 676 1368 quia
697 1332 740 1360 ibi
761 1331 848 1368 panis

65 1377 106 1406 ita
129 1378 310 1407 convertitur
328 1379 359 1406 in
374 1387 482 1416 corpus
504 1379 624 1414 Christi,
642 1379 725 1415 quod
739 1387 802 1406 non
816 1379 849 1406 fit

66 1425 190 1453 materia
224 1426 358 1462 eorporis
393 1426 521 1461 Christi,
557 1434 613 1454 nee
646 1426 826 1454 annihilatur
837 1436 846 1462 3

67 1473 207 1508 quartum
230 1473 314 1508 quod
336 1481 445 1508 eorpus
467 1473 572 1501 Christi
595 1481 657 1501 non
673 1475 797 1509 augetur
812 1482 848 1501 ex

66 1519 228 1547 multarum
251 1520 416 1547 hostiarum
446 1521 689 1556 consecratione,
710 1529 773 1548 non
793 1524 849 1549 mi-

67 1565 169 1593 nuitur
197 1574 234 1594 ex
270 1566 435 1594 hostiarum
463 1567 632 1603 sumptione
654 1577 662 1603 3
692 1568 850 1604 quintum,

69 1614 155 1650 quod
179 1613 261 1642 idem
286 1622 394 1651 eorpus
418 1615 449 1643 in
470 1615 609 1651 pluribus
632 1616 706 1644 loeis
725 1618 768 1644 est
792 1617 849 1644 sub

69 1661 210 1688 omnihus
237 1661 340 1689 hostiis
368 1663 569 1698 consecratis;
596 1664 713 1691 sextum
728 1684 738 1698 ,
766 1663 850 1699 quod

69 1708 191 1744 quando
207 1708 349 1736 dividitur
363 1709 470 1744 hostia,
483 1718 544 1737 non
560 1710 705 1738 dividitur
719 1718 829 1746 corpus
840 1731 849 1744 ,

70 1755 123 1782 sed
151 1755 206 1783 sub
234 1755 367 1792 qualibet
394 1759 478 1793 parte
513 1759 591 1785 totus
622 1759 664 1785 est
696 1757 848 1793 Christus3

69 1802 251 1838 septimum,
280 1803 364 1839 quod
395 1804 518 1840 quando
552 1805 667 1831 tenetur
695 1804 791 1832 hostia
819 1805 850 1832 in

69 1848 209 1876 manibus
226 1871 234 1885 ‚
257 1850 375 1877 videtur
397 1850 491 1878 oeulis
517 1858 625 1886 corpus
648 1851 773 1885 Christi,
795 1859 850 1879 nee

70 1895 197 1931 tangitur
210 1904 264 1932 per
279 1905 309 1925 se
321 1918 331 1931 ,
346 1905 401 1925 nec
417 1897 535 1925 videtur
547 1919 555 1932 ,
572 1898 625 1925 sed
643 1897 704 1925 haee
721 1899 850 1925 tantum-

70 1942 162 1969 modo
181 1943 258 1970 cirea
279 1943 391 1979 speeies
413 1946 498 1979 sunt;
520 1947 673 1979 octavum,
696 1945 767 1980 quia
782 1953 850 1973 cum

71 1987 210 2016 desinunt
232 1989 292 2017 istae
315 1989 435 2023 formas,
450 1993 520 2018 tune
546 1991 634 2018 etiam
657 1991 763 2019 desinit
787 1999 849 2019 esse

70 2034 112 2062 ibi
132 2043 241 2071 corpus
265 2037 292 2063 et
316 2037 435 2071 sanguis
462 2037 584 2071 Christi3
610 2045 744 2072 nonum,
767 2038 850 2074 quod

70 2089 138 2109 cum
152 2089 214 2109 non
228 2082 264 2110 sit
278 2082 319 2110 ibi
339 2083 425 2118 panis
446 2083 493 2110 vel
514 2084 636 2118 vinum,
659 2086 758 2111 tamen
775 2085 851 2112 acei-

70 2127 170 2156 dentia
185 2129 326 2158 eumdem
341 2129 477 2157 effectum
491 2130 612 2165 habent,
628 2134 660 2157 ut
675 2131 757 2166 prius
769 2151 778 2165 ,
796 2130 850 2158 sei-

69 2174 136 2202 licet
150 2175 255 2203 satiare
265 2197 274 2211 ‚
290 2176 438 2204 inebriare
447 2197 457 2211 ,
473 2179 500 2204 et
513 2177 696 2212 hujusmodi.

105 2223 178 2250 Nota
192 2223 276 2258 quod
300 2225 358 2251 Deo
374 2223 513 2252 convenit
534 2231 595 2251 esse
610 2224 722 2260 ubique
737 2223 849 2260 simpli-

69 2269 140 2296 citer
153 2272 180 2296 et
193 2270 329 2306 proprie3
349 2272 490 2298 creaturae
505 2271 643 2298 convenit
664 2279 726 2298 esse
742 2271 773 2298 in
789 2279 848 2298 uno

69 2316 137 2344 loeo
151 2319 265 2345 tantum
277 2328 285 2353 3
299 2326 407 2354 eorpus
426 2327 498 2346 vero
520 2319 624 2346 Christi
639 2318 740 2346 medio
755 2319 848 2346 modo

69 2371 100 2390 se
123 2364 222 2392 habet.
251 2366 324 2392 Cum
350 2365 430 2393 enim
445 2365 481 2393 sit
505 2367 656 2400 ereatura,
676 2374 737 2393 non
762 2365 850 2394 debet

69 2410 180 2445 aequari
196 2411 325 2439 Creatori
339 2411 370 2439 in
385 2412 452 2446 hoc,
475 2412 558 2448 quod
577 2412 613 2439 sit
628 2412 740 2448 ubique
753 2422 761 2447 3
780 2420 849 2440 cum

71 2464 141 2483 vero
157 2457 193 2484 sit
206 2458 321 2485 unitum
337 2458 454 2493 deitati,
469 2459 558 2487 debet
579 2459 611 2486 in
631 2459 688 2486 hoe
705 2459 848 2486 excellere

70 2502 128 2530 alia
142 2511 277 2539 corpora,
292 2507 324 2532 ut
343 2505 430 2533 simul
458 2508 485 2533 et
508 2506 599 2533 semel
621 2506 714 2541 possit
736 2514 798 2534 esse
818 2507 848 2533 in

71 2549 207 2585 pluribus
221 2551 309 2585 locis,
333 2552 389 2579 sul)
415 2552 469 2580 isto
491 2552 630 2580 videlicet
649 2556 845 2581 sacramento.

108 2598 139 2624 ln
160 2600 343 2626 sacramento
365 2599 552 2628 Eucharistiae
575 2600 732 2636 quoddam
747 2602 789 2628 est
803 2608 848 2628 se-

73 2643 205 2671 eundum
219 2645 370 2680 naturam,
386 2648 418 2674 ut
440 2646 497 2674 hoc
512 2646 595 2683 quod
617 2647 658 2674 ibi
683 2647 848 2675 accidentia

73 2692 140 2718 sunt
167 2690 197 2718 in
221 2691 288 2719 loco
314 2692 528 2729 determinato;
557 2694 713 2730 quoddam
740 2696 783 2722 est
806 2694 848 2722 ibi

109 2754 191 2778 ¹Psal.
204 2760 286 2785 vau,
297 2756 458 2787 2.—².lomz.,
472 2763 489 2787 1,
502 2759 539 2781 111.
551 2771 581 2775 -
592 2759 600 2771 ³
612 2757 718 2788 Guitm„
731 2758 762 2782 de
774 2759 845 2781 mit.

76 2790 195 2820 Euchar„
211 2791 254 2815 lib.
272 2792 290 2822 1,
303 2794 361 2822 post
376 2793 444 2816 med.

1617 323 1671 352 211

898 393 989 422 supra
1004 387 1157 422 naturam,
1173 386 1225 414 sed
1240 393 1302 414 non
1320 393 1411 423 supra
1429 386 1610 416 intellectum
1620 409 1630 423 ,
1644 390 1677 416 ut

899 433 982 469 quod
998 433 1038 461 ibi
1054 436 1121 462 sunt
1136 433 1300 462 accidentia
1320 433 1383 462 sine
1402 434 1554 471 subjeeto;
1579 435 1677 472 quod-

899 480 970 509 dam
989 483 1031 509 θεῖ
1056 482 1097 510 ibi
1121 490 1212 519 supra
1233 483 1370 510 naturam
1389 483 1417 510 et
1431 481 1629 518 intellectum,
1645 484 1678 511 ut

900 528 1040 564 quodibi
1056 529 1183 558 Christus
1208 531 1250 557 est
1270 531 1366 563 totus,
1389 531 1417 557 et
1437 531 1534 557 tantus
1550 532 1679 566 quantus

899 575 953 603 fuit
967 575 998 604 in
1013 584 1115 611 eruce,
1130 584 1185 604 nee
1200 577 1300 605 tamen
1314 576 1430 604 excedit
1444 577 1586 605 terminos
1600 577 1679 606 illius

899 630 999 658 parvae
1014 623 1126 652 sormae.

934 671 973 698 De
995 670 1125 698 mirabili
1145 670 1487 706 transsubstantiatione,
1508 673 1579 700 nota
1597 672 1681 709 quod

899 717 1006 753 triplex
1018 719 1060 745 est
1067 718 1191 746 mutatio
1202 727 1208 746 ε
1220 726 1281 746 una
1289 719 1332 745 est
1338 718 1511 753 artificialis,
1521 719 1681 756 utquando

900 764 933 792 fit
950 765 1060 792 vitrum
1080 764 1117 792 de
1137 765 1301 800 eineribus3
1322 765 1380 793 alia
1399 765 1555 801 naturalis,
1575 768 1603 794 et
1621 767 1682 794 haee

902 811 1014 847 duplex
1036 813 1095 846 est,
1126 811 1235 840 seilicet
1260 812 1464 848 accidentalis,
1492 815 1520 841 et
1548 813 1683 842 substan-

901 857 1000 885 tialis:
1026 858 1217 886 accidentalis
1241 860 1294 894 est,
1317 859 1440 896 quando
1463 859 1544 888 idem
1567 860 1684 896 subjec-

901 905 965 932 tum
985 907 1085 933 manet
1106 906 1161 933 sub
1178 906 1301 934 diversis
1316 907 1520 935 accidentibus
1539 907 1596 935 sibi
1610 908 1685 936 invi-

903 959 967 979 cem
988 952 1230 988 suceedentibus3
1256 953 1456 982 substantialis
1480 956 1538 990 est,
1562 955 1684 991 quando

902 998 1008 1026 eadem
1023 999 1146 1027 materia
1165 1002 1265 1028 manet
1284 1000 1339 1028 sub
1356 1000 1479 1029 diversis
1498 1001 1601 1030 formis
1617 1002 1686 1030 sul)-

903 1048 1102 1083 stantialihuS,
1124 1049 1199 1076 sicut
1218 1051 1298 1085 patet
1320 1049 1351 1077 in
1368 1051 1611 1079 transmutatione
1627 1052 1686 1079 ele-

902 1096 1071 1123 mentorum
1093 1096 1133 1124 ad
1155 1096 1293 1124 invicem.
1312 1097 1407 1125 Tertia
1430 1099 1473 1125 est
1496 1099 1619 1126 mutatio
1639 1107 1686 1127 su-

902 1143 1114 1178 pernaturalis,
1134 1145 1167 1171 ut
1186 1144 1308 1180 quando
1329 1151 1383 1172 nee
1404 1145 1528 1173 materia
1546 1153 1601 1173 nee
1616 1146 1686 1174 sub-

900 1189 1012 1224 jeetum
1031 1192 1144 1225 manet,
1161 1190 1214 1218 sed
1228 1192 1343 1218 tantum
1362 1191 1526 1220 accidentia
1539 1192 1602 1220 sine
1617 1193 1686 1220 sub-

901 1236 994 1271 J‘eeto:
1008 1238 1036 1264 et
1045 1237 1111 1264 talis
1122 1237 1246 1265 mutatio
1261 1240 1305 1265 est
1318 1238 1348 1265 in
1361 1239 1687 1268 transsubstantiatione

905 1283 1038 1320 eorporis
1053 1284 1169 1312 Christi.

941 1332 973 1358 ln
990 1339 1091 1358 rerum
1106 1331 1269 1360 mutatione
1288 1334 1385 1368 potest
1398 1334 1494 1361 notari
1509 1333 1615 1370 triplex
1630 1334 1688 1362 dif-

905 1378 1020 1405 ficultas
1032 1387 1038 1405 :
1051 1378 1099 1406 vel
1112 1387 1149 1406 ex
1162 1381 1244 1415 parte
1256 1379 1373 1407 termini
1385 1388 1401 1408 a
1413 1388 1473 1416 quo
1481 1390 1488 1416 3
1499 1383 1548 1409 vel
1559 1379 1596 1409 eir
1605 1383 1688 1418 parte

905 1425 1021 1452 termini
1037 1425 1076 1452 ad
1091 1434 1198 1462 quem3
1219 1426 1267 1460 vel
1287 1435 1323 1454 ex
1337 1429 1420 1463 parte
1434 1427 1578 1456 distantiae
1593 1429 1690 1456 termi-

904 1479 1013 1499 norum
1029 1472 1068 1499 ad
1083 1472 1221 1500 invicem.
1234 1473 1332 1501 Primo
1349 1474 1442 1502 modo
1456 1475 1565 1503 creatio
1581 1478 1623 1503 est
1636 1476 1690 1503 mi-

905 1519 1029 1547 rabilior
1039 1520 1180 1547 omnibus
1191 1521 1417 1555 mutationibuS,
1431 1522 1502 1558 quia
1518 1525 1560 1550 est
1575 1523 1611 1550 de
1627 1531 1689 1550 non

905 1567 971 1593 ente
997 1566 1182 1602 simpliciter3
1205 1568 1338 1595 seeundo
1362 1568 1455 1596 modo
1479 1569 1633 1597 conversio
1659 1569 1690 1597 in

906 1621 1014 1649 corpus
1028 1613 1132 1641 Christi
1147 1616 1188 1641 est
1207 1614 1375 1642 mirabilior
1389 1615 1546 1650 omnibus,
1563 1616 1633 1652 quia
1648 1618 1690 1644 est

906 1659 936 1687 in
958 1668 1009 1687 ens
1028 1660 1059 1688 in
1083 1663 1148 1688 aetu
1167 1661 1249 1697 prius
1270 1661 1412 1697 existens3
1433 1662 1517 1690 tertio
1539 1663 1632 1690 modo
1648 1663 1690 1691 in-

906 1707 1037 1734 carnatio
1053 1707 1156 1737 Christi
1177 1709 1219 1735 est
1240 1708 1407 1736 mirabilior
1423 1717 1613 1746 quacumque
1627 1718 1690 1737 mu-

905 1754 1031 1788 tatione,
1048 1754 1120 1790 quia
1134 1754 1176 1782 ibi
1192 1756 1235 1782 est
1249 1755 1321 1783 unio
1337 1755 1450 1783 infinite
1466 1756 1648 1785 distantium.

942 1801 1138 1829 Guitmundus
1154 1802 1164 1819 ³
1182 1801 1335 1837 distinguit
1352 1802 1580 1839 quadruplicem
1594 1805 1690 1831 muta-

905 1849 1017 1876 tionem
1033 1849 1257 1877 substantialem
1272 1858 1278 1876 :
1302 1850 1399 1885 prima
1413 1852 1455 1878 est
1470 1858 1487 1878 a
1501 1859 1563 1878 non
1578 1853 1643 1879 ente
1658 1851 1689 1879 in

906 1904 973 1930 ens,
994 1898 1022 1923 et
1039 1896 1101 1924 haee
1122 1896 1228 1924 dieitur
1244 1897 1410 1932 generatim
1434 1898 1566 1926 secunda
1588 1900 1630 1926 est
1650 1899 1688 1926 ab

906 1946 971 1971 ente
986 1944 1016 1971 in
1031 1952 1093 1972 non
1108 1952 1170 1979 enS,
1182 1946 1214 1972 ut
1229 1945 1395 1981 eorruptio3
1411 1946 1495 1974 tertia
1511 1949 1554 1974 est
1568 1947 1606 1974 ab
1623 1949 1687 1975 ente

905 1990 936 2018 in
951 1999 1017 2026 ens,
1045 1991 1129 2027 quod
1144 1992 1236 2019 modo
1252 2000 1313 2019 non
1335 1994 1390 2025 est,
1413 1993 1466 2020 sed
1483 1993 1545 2028 jam
1567 1994 1635 2028 erit,
1658 1997 1689 2022 ut

904 2038 1082 2073 productim
1100 2040 1206 2074 quarta
1221 2041 1262 2066 est
1282 2039 1320 2066 ab
1336 2041 1401 2067 ente
1416 2039 1447 2066 in
1462 2048 1514 2067 ens
1532 2041 1594 2075 J'am
1613 2040 1688 2068 exis-

905 2086 978 2119 tens,
991 2086 1018 2112 et
1028 2084 1093 2112 talis
1102 2087 1144 2112 est
1154 2085 1309 2112 conversio
1318 2086 1404 2121 panis
1413 2086 1443 2113 in
1455 2095 1561 2122 eorpus
1573 2087 1685 2115 Christi.

905 2132 970 2157 Hcee
980 2131 1103 2157 mutatio
1117 2131 1279 2158 nonhabet
1291 2131 1515 2160 similitudinem
1526 2133 1557 2160 in
1569 2135 1685 2168 natura,

905 2177 957 2204 sed
983 2178 1024 2204 est
1048 2177 1215 2205 alterationi
1241 2178 1326 2213 quasi
1351 2179 1517 2207 contraria:
1546 2180 1615 2216 quia
1638 2180 1686 2207 hie

905 2225 1034 2252 mutatur
1055 2232 1116 2252 una
1137 2225 1301 2253 substantia
1323 2226 1353 2253 in
1379 2227 1485 2262 aliam,
1515 2229 1542 2255 et
1565 2231 1686 2256 manent

905 2271 1010 2298 eadem
1020 2271 1183 2299 accidentia
1193 2282 1201 2307 3
1219 2272 1271 2300 sed
1286 2273 1317 2300 in
1329 2273 1501 2303 alteratione
1512 2283 1527 2302 e
1541 2283 1684 2304 converso

905 2320 960 2353 est,
977 2318 1047 2354 quia
1062 2318 1103 2346 ibi
1123 2320 1274 2347 mutantur
1289 2320 1468 2356 accidentia,
1482 2324 1509 2349 et
1522 2325 1622 2350 manet
1636 2331 1684 2351 ea-

904 2365 974 2392 dem
1002 2365 1180 2399 substantia,
1209 2366 1282 2394 sieut
1306 2369 1386 2402 patet
1409 2368 1441 2395 in
1462 2369 1684 2405 corporalibus,

904 2411 1027 2447 quando
1043 2412 1079 2439 de
1095 2412 1165 2440 albo
1181 2413 1214 2440 fit
1227 2413 1361 2448 nigrum:
1379 2417 1407 2442 et
1421 2415 1451 2442 in
1467 2416 1682 2451 spiritualihuS,

904 2458 1026 2494 quando
1047 2458 1080 2486 fit
1101 2459 1138 2487 de
1159 2459 1238 2494 justo
1259 2460 1383 2496 impius,
1405 2462 1454 2490 vel
1475 2462 1512 2490 de
1528 2463 1682 2498 ignorante

903 2506 1007 2533 sciens.

939 2554 1012 2581 Nota
1027 2553 1110 2589 quod
1124 2554 1185 2582 haee
1200 2554 1369 2590 praepositio
1380 2556 1412 2583 de
1426 2556 1626 2593 multiplieiter
1636 2565 1682 2586 su-

903 2600 1001 2628 mitur.
1018 2601 1202 2637 Quandoque
1223 2601 1302 2629 enim
1319 2604 1401 2629 notat
1416 2611 1550 2638 causam,
1567 2606 1599 2631 ut
1613 2613 1681 2633 eum

902 2647 1030 2676 Christus
1036 2647 1141 2675 dicitur
1148 2650 1309 2684 conceptus
1315 2649 1347 2676 de
1353 2650 1457 2685 Spiritu
1467 2653 1578 2685 saneto;
1588 2660 1681 2688 quan—

904 2694 1003 2730 doque
1011 2695 1177 2730 materiam,
1184 2698 1215 2724 ut
1223 2704 1290 2724 cum
1301 2696 1406 2725 dicitur
1416 2699 1543 2727 Christus
1552 2702 1639 2728 natus
1647 2701 1679 2729 de

903 2742 1036 2777 Virgine3
1055 2742 1237 2778 quandoque
1253 2743 1434 2772 identitatem
1450 2746 1631 2782 substantiae,
1648 2749 1680 2775 ut

904 2797 971 2816 cum
993 2789 1099 2817 dicitur
1119 2790 1207 2818 Filius
1227 2793 1313 2818 natus
1332 2791 1364 2819 de
1382 2793 1479 2828 Patreg
1496 2795 1679 2831 quandoque
