2004 3037
628 197 676 229 DE
699 196 892 229 OPERlBUS
915 197 1159 231 CONDl'l'ORlS.
1183 201 1270 233 (ΖΑΓ.
1295 201 1400 233 LVlll.
1766 205 1817 234 117

206 263 441 300 aliquantulum,
459 266 487 293 et
504 264 613 294 malleo
627 264 739 299 simile,
758 263 911 293 hominem
927 263 982 292 cir-

207 313 408 346 cumspectum
423 318 457 339 ac
471 310 633 347 providum
647 310 767 339 indicat.

242 358 333 385 Frons
357 359 482 393 angusta
499 357 588 385 nimis
611 357 774 385 indocilem
796 359 824 385 et
842 365 983 386 voracem

206 402 351 439 declarat3
366 403 426 432 lata
439 411 511 432 vero
525 403 700 440 parvitatem
715 403 861 439 significat
875 403 982 432 discre-

206 449 307 485 tionis,
328 449 380 478 sed
398 449 526 478 rotunda
541 449 678 486 designat
691 450 888 478 iracundiam.
911 451 982 478 Item

205 496 326 524 humilis
354 497 382 524 et
406 495 536 524 demissa
558 496 704 532 significat
725 496 930 525 verecundum
954 498 982 525 et

206 550 267 571 non
281 541 481 571 admittentem
497 543 603 580 turpia.
628 544 698 572 ltem
713 543 860 580 quadrata
874 545 902 571 et
917 551 981 571 mo-

206 589 314 618 deratae
327 589 556 625 magnitudinis,
572 597 688 626 magnae
702 589 853 626 sapientiae
871 591 899 618 et
920 597 982 618 ma-

205 636 403 672 gnanimitatis
418 639 461 664 est
474 637 627 665 indicium.

240 683 400 720 supercilia
414 686 549 719 arcuata,
566 692 632 720 quae
650 684 871 719 conjunguntur
886 691 981 720 usque

205 729 244 759 ad
259 738 352 759 cornu
369 731 453 766 nasi,
473 731 639 767 significant
663 732 803 760 subtilem
818 733 846 760 et
869 732 981 760 studio-

205 785 270 805 sum
283 777 314 805 in
326 779 464 806 omnibus
475 778 615 814 operibus
630 779 700 806 suis.
712 779 740 806 Si
751 781 852 806 autem
867 778 982 806 ibidem

205 826 326 860 coeunt,
349 825 461 853 tristem
479 825 632 853 hominem
648 827 675 853 et
697 833 804 861 parum
818 825 982 861 sapientem

205 871 423 906 demonstrant,
447 872 470 899 si
487 873 587 900 autem
609 872 770 900 arcuositas
792 872 920 900 declinat
943 872 982 900 ad

206 919 340 954 tempora
354 920 381 945 et
399 918 609 953 gibbositatem
631 927 792 954 genarum,
816 919 982 954 significant

205 964 414 1000 negligentem.
437 966 507 992 ltem
526 965 683 1000 supercilia
702 965 726 992 si
751 965 808 993 sint
822 966 982 1001 longorum

205 1013 232 1039 et
245 1011 408 1039 multorum
423 1011 568 1047 pilorum,
586 1011 753 1047 significant
767 1012 864 1040 ferum
878 1015 906 1040 et
920 1021 981 1040 ma-

205 1066 264 1093 gna
278 1057 480 1086 meditantem.

241 1105 322 1133 Oculi
337 1105 388 1140 qui
403 1107 546 1140 tanquam
562 1105 682 1140 guttulae
695 1105 820 1141 liquoris
835 1105 920 1133 nitidi
934 1114 980 1134 re-

203 1151 318 1186 lucent,
332 1159 431 1179 mores
443 1151 623 1187 compositos
635 1151 777 1180 indicant.
790 1153 916 1186 Quando
931 1161 980 1180 va-

203 1198 246 1226 rie
261 1199 432 1232 moventur,
452 1199 485 1225 ut
506 1198 598 1226 modo
618 1201 753 1234 currant,
770 1199 862 1227 modo
887 1199 982 1235 quies-

205 1247 287 1280 cant,
302 1245 468 1280 significant
488 1245 568 1273 mala
589 1245 703 1273 revolvi
723 1246 787 1281 jam
809 1246 839 1273 in
862 1246 979 1281 animo,

204 1291 257 1319 sed
284 1291 420 1319 nondum
447 1299 509 1319 esse
543 1294 720 1328 perpetrata.
753 1292 835 1321 Oculi
863 1293 959 1327 glauci
970 1314 980 1328 ‚

204 1338 361 1374 splendore
388 1340 488 1366 tamen
508 1338 669 1372 micantes,
694 1338 862 1374 significant
885 1339 979 1367 auda-

204 1392 268 1413 cem
284 1387 311 1412 et
330 1385 505 1420 pervigilem
525 1385 564 1412 ad
578 1384 732 1412 malitiam.
755 1386 836 1413 Oculi
857 1386 959 1421 magni
971 1407 979 1420 ,

204 1433 359 1459 trementes
375 1433 403 1458 et
418 1431 547 1466 obscuri,
564 1431 732 1466 significant
746 1432 929 1467 potationem
940 1433 980 1460 vi-

204 1477 246 1512 ni,
261 1479 288 1505 et
301 1478 559 1513 intemperantiam
567 1478 692 1505 veneris
709 1478 789 1506 Oculi
804 1487 876 1514 pure
891 1479 978 1514 nigri,

204 1524 370 1560 significant
385 1524 565 1552 imbecillem
575 1545 582 1558 ,
595 1526 622 1551 et
631 1524 693 1551 sine
706 1525 811 1552 virtute
828 1525 961 1552 animum
971 1547 979 1560 ‚

204 1573 231 1598 et
244 1571 319 1598 lucri
333 1570 466 1598 avidum.
482 1570 607 1604 Quando
623 1573 722 1599 autem
737 1572 857 1607 guttulae
872 1573 981 1600 ruben-

204 1619 245 1645 tes
266 1617 485 1653 aliquantulum
500 1616 542 1644 ibi
557 1619 625 1645 sunt
634 1638 644 1652 ,
660 1620 687 1645 et
701 1620 800 1645 tamen
819 1619 911 1654 nigrae
926 1627 978 1654 ap-

202 1666 324 1700 parent,
347 1663 480 1691 animum
492 1664 621 1698 justum,
642 1665 772 1699 probum
795 1667 823 1692 et
844 1665 979 1700 ingenio-

203 1718 270 1738 sum
282 1710 451 1738 ostendunt.
467 1710 520 1738 Ubi
536 1713 634 1738 autem
648 1711 679 1738 in
692 1711 786 1746 nigris
802 1712 895 1739 oculis
918 1714 980 1747 gut-

202 1757 271 1784 tulae
282 1757 473 1784 vehementer
487 1757 612 1791 rubent,
630 1759 658 1785 et
678 1757 786 1793 aliquae
800 1758 927 1785 tendunt
941 1759 980 1785 ad

203 1803 425 1840 quadraturam,
439 1805 466 1831 et
476 1804 614 1839 quaedam
624 1806 691 1831 sunt
700 1804 831 1840 pallidae,
842 1806 980 1840 quaedam

203 1850 328 1885 glaucae,
345 1852 372 1877 et
386 1850 502 1884 circuli,
519 1851 570 1886 qui
585 1850 747 1878 forinsecus
766 1851 901 1879 ambiunt
924 1860 979 1888 pu-

203 1897 303 1932 pillas,
320 1899 387 1924 sunt
400 1897 634 1932 sanguinolenti,
652 1900 680 1925 et
693 1900 760 1925 sunt
774 1898 875 1933 magni
889 1899 978 1933 oculi,

204 1946 231 1971 et
244 1943 322 1971 nitor
337 1944 457 1979 pupillae
471 1946 608 1971 movetur
623 1946 654 1972 ut
666 1946 803 1972 movetur
817 1945 960 1981 palpebra
972 1956 978 1973 :

203 1990 294 2024 tales,
314 1990 455 2025 inquam,
478 1990 557 2018 oculi
583 1991 749 2026 significant
773 1992 904 2019 animum
928 1993 980 2028 qui

205 2036 339 2064 omnium
360 2036 475 2063 excedit
493 2044 609 2064 morem
640 2037 769 2064 ferarum
795 2046 800 2064 :
831 2038 979 2073 quidquid

204 2082 283 2110 enim
295 2082 492 2110 nefandorum
505 2083 627 2117 cogitari
642 2085 748 2118 potest,
764 2083 872 2111 talibus
887 2085 980 2112 oculis

203 2129 401 2165 perpetrabile
417 2131 474 2163 est,
489 2136 543 2156 nec
559 2129 647 2156 etiam
662 2137 679 2156 a
701 2129 863 2157 domestico
886 2138 980 2158 cessa-

203 2175 278 2203 bunt
296 2175 449 2210 sanguine.
476 2175 558 2203 Oculi
592 2175 718 2202 nimium
749 2176 949 2211 prominentes
969 2199 978 2212 ,

203 2223 362 2251 rubicundi
378 2225 406 2250 et
420 2223 520 2258 parvi,
537 2222 671 2258 linguam
688 2223 839 2251 declarant
855 2224 979 2252 effrena-

203 2271 274 2303 tam,
289 2272 430 2305 etcorpus
444 2269 590 2297 instabile.
606 2269 689 2297 Oculi
703 2270 808 2297 acriter
823 2270 977 2305 intuentes,

204 2316 227 2343 si
242 2318 309 2343 sunt
331 2316 460 2347 humidi,
477 2316 609 2343 indicant
629 2316 782 2343 hominem
798 2317 978 2352 veridicum,

204 2371 238 2390 ac
252 2362 282 2390 in
298 2362 422 2397 agendis
435 2362 572 2389 velocem
587 2370 621 2390 ac
641 2363 812 2398 providum.
830 2364 910 2392 Oculi
928 2365 979 2400 qui

203 2409 370 2444 frequenter
381 2408 569 2443 clauduntur,
580 2411 608 2437 et
619 2409 787 2445 frequenter
800 2412 978 2446 reserantur,

204 2455 341 2482 timidum
357 2463 391 2482 ac
409 2455 590 2482 imbecillem
606 2455 767 2483 declarant.
784 2457 866 2484 Oculi
882 2457 980 2485 multae

206 2501 363 2536 apertionis
378 2500 544 2535 significant
558 2501 678 2529 stultum
689 2504 716 2530 et
730 2503 962 2531 inverecundum
969 2514 977 2540 ς

206 2547 229 2574 si
241 2550 338 2574 autem
351 2547 449 2575 multae
461 2548 604 2575 clausurae
619 2551 694 2583 sunt,
707 2549 872 2584 significant
886 2550 980 2578 mobi-

206 2593 265 2621 lem
281 2595 308 2621 et
320 2593 534 2622 inconstantem
549 2594 579 2622 in
594 2595 733 2623 omnibus
747 2596 829 2623 factis
843 2596 913 2623 suis.

242 2641 332 2667 Aures
346 2641 546 2676 prominentes
570 2643 597 2669 et
619 2641 706 2670 valde
734 2650 849 2678 magnae
868 2643 980 2678 signifi-

1039 268 1107 293 cant
1129 267 1320 296 stoliditatem
1333 289 1342 304 ,
1367 270 1396 297 et
1413 268 1634 304 garrulitatem,
1656 273 1685 298 et
1704 271 1818 307 impru-

1039 311 1170 341 dentiam
1178 322 1186 348 ;
1210 315 1263 342 sed
1284 315 1372 343 valde
1394 322 1511 351 parvae,
1538 315 1730 352 malignitatis
1752 319 1820 345 sunt

1038 358 1158 388 indicia.
1172 362 1264 389 Aures
1275 361 1403 389 nimium
1413 361 1548 390 rotundae
1556 362 1720 391 indocilem
1727 363 1819 399 signi-

1038 405 1137 434 ficant.
1153 409 1245 435 Aures
1260 407 1400 442 oblongae
1415 408 1443 435 et
1457 410 1587 443 angustae
1602 409 1721 438 invidiae
1735 410 1820 445 signa

1039 456 1114 481 suut.
1140 455 1232 482 Aures
1252 455 1382 489 jacentes
1407 455 1435 482 et
1456 462 1546 490 supra
1560 459 1649 492 caput
1663 457 1818 493 applicatae

1036 499 1187 535 pigritiam
1202 500 1366 536 designant.

1074 549 1158 576 Genae
1173 555 1277 576 crassae
1290 548 1458 584 significant
1478 548 1629 584 ignaviam
1655 551 1683 578 et
1697 558 1819 579 somno·

1036 594 1158 623 lentiam
1167 605 1174 630 ;
1192 594 1318 623 nimium
1333 596 1432 623 autem
1446 596 1548 624 tenues
1558 616 1567 631 ,
1589 596 1818 633 malignitatem.

1037 642 1123 670 Genae
1138 642 1274 670 rotundae
1288 642 1408 670 invidiae
1422 644 1596 678 arguuntur.

1073 691 1160 718 Nares
1174 689 1298 726 patulae,
1316 690 1473 719 alacritatis
1495 692 1522 718 et
1540 690 1720 719 fortitudinis
1747 691 1820 720 dant

1036 736 1181 764 indicium
1194 746 1201 771 ;
1217 736 1314 772 longae
1327 745 1400 766 vero
1421 738 1449 765 et
1464 739 1565 766 tenues
1575 758 1583 772 ,
1599 737 1772 766 mobililatis
1792 740 1820 765 et

1036 783 1162 811 levitatis
1189 783 1307 819 signum
1328 784 1448 812 habent.
1471 784 1593 812 Narium
1617 785 1718 812 autem
1749 791 1819 820 pars

1037 838 1103 866 quae
1115 830 1199 865 juxta
1213 829 1342 858 frontem
1357 832 1409 865 est,
1426 830 1449 858 si
1464 838 1519 858 nec
1534 830 1605 864 alta,
1619 838 1674 858 nec
1691 830 1818 865 humili,

1037 877 1090 905 sed
1127 877 1234 913 aequali
1262 877 1342 905 linea
1366 877 1527 906 descendat
1552 900 1562 910 ,
1591 878 1677 906 virile
1701 878 1819 914 signum

1038 927 1080 953 est
1092 947 1099 959 ‚
1114 927 1141 953 et
1159 925 1350 962 prudentiam
1366 927 1394 953 et
1412 925 1609 953 constantiam
1624 925 1816 954 demonstrat.

1037 974 1125 1000 Nares
1140 972 1272 1000 minores
1288 971 1390 1000 debito
1407 971 1523 1000 furibus
1538 972 1735 1007 assignantur.

1073 1018 1173 1047 Omnis
1195 1019 1310 1053 vultus,
1341 1026 1409 1046 cum
1431 1019 1536 1054 plenus
1563 1021 1605 1046 est
1629 1021 1656 1046 et
1684 1026 1817 1052 crassus,

1037 1065 1180 1100 ignavum
1190 1067 1217 1093 et
1227 1065 1429 1101 voluptatibus
1440 1065 1575 1092 deditum
1585 1065 1731 1100 significat
1738 1076 1745 1101 ;
1755 1065 1819 1093 vul-

1037 1114 1082 1139 tus
1098 1112 1271 1147 dependens
1287 1112 1481 1147 cogitatorem
1495 1111 1658 1139 subdolum
1673 1111 1794 1139 indicat.

1073 1158 1163 1185 Labia
1185 1159 1286 1186 tenuia
1307 1158 1338 1185 in
1361 1166 1411 1186 ore
1426 1158 1551 1193 majori,
1578 1158 1602 1185 si
1621 1159 1756 1194 superius
1774 1158 1818 1186 la-

1036 1204 1120 1232 bium
1144 1204 1367 1240 aliquantulum
1394 1206 1535 1240 exuperet
1562 1213 1651 1240 super
1673 1204 1816 1239 inferius,

1037 1251 1262 1286 magnanimum
1277 1251 1411 1278 indicant
1426 1253 1454 1278 et
1467 1250 1583 1278 fortem.
1597 1251 1707 1278 Tenuia
1720 1259 1792 1279 vero
1807 1273 1815 1286 ,

1037 1299 1065 1325 et
1078 1297 1163 1333 parvi
1179 1297 1255 1331 oris,
1271 1297 1454 1325 imbecillem
1469 1297 1603 1325 animum
1623 1299 1651 1324 et
1665 1299 1818 1324 versutum

1035 1344 1177 1371 indicant.
1199 1344 1290 1371 Labia
1308 1351 1379 1371 vero
1398 1344 1511 1378 soluta,
1537 1343 1757 1379 aliquantulum
1777 1343 1817 1370 ab

1039 1398 1089 1418 ore
1106 1390 1315 1426 dependentia,
1333 1391 1456 1418 inertem
1471 1391 1683 1418 demonstrant.
1700 1391 1772 1417 Nam
1787 1390 1818 1418 in

1036 1437 1125 1464 asinis
1140 1439 1168 1464 et
1183 1437 1267 1473 equis
1283 1437 1410 1472 antiquis
1426 1437 1465 1464 ita
1479 1437 1637 1464 invenitur.

1071 1485 1107 1512 Os
1130 1493 1257 1520 parvum
1280 1485 1418 1512 convenit
1437 1486 1498 1512 tam
1513 1484 1644 1511 vultibus
1663 1483 1816 1511 muliebri-

1036 1531 1110 1564 bus,
1135 1539 1226 1566 quam
1243 1531 1416 1558 hominibus
1435 1530 1627 1564 effeminati53
1652 1530 1705 1558 sed
1731 1530 1816 1565 quod

1036 1577 1112 1605 ultra
1126 1577 1252 1604 modum
1267 1577 1415 1611 dilatatur,
1429 1585 1568 1604 voracem
1580 1576 1701 1609 indicat,
1717 1578 1746 1604 et
1760 1576 1815 1603 im-

1035 1624 1155 1658 mitem,
1174 1626 1201 1651 et
1216 1624 1352 1659 impium.
1378 1623 1454 1651 Talis
1469 1623 1548 1651 enim
1569 1622 1627 1650 oris
1644 1623 1734 1650 rictus
1749 1630 1814 1651 ma-

1035 1670 1106 1697 rinis
1120 1670 1259 1697 monstris
1274 1670 1422 1697 convenit.

1069 1718 1198 1744 Mentum
1213 1716 1364 1752 prolixum
1385 1716 1604 1752 aliquantulum
1628 1716 1815 1744 demonstrat

1035 1762 1133 1790 minus
1147 1763 1341 1795 iracundum,
1358 1764 1385 1790 et
1405 1763 1503 1790 minus
1521 1762 1737 1798 perturbatum.
1758 1763 1813 1796 Qui

1035 1818 1068 1837 os
1082 1818 1209 1845 parvum
1224 1811 1252 1837 et
1270 1810 1360 1837 breve
1380 1812 1513 1837 mentum
1531 1810 1660 1843 habent,
1684 1809 1813 1836 immites

1035 1858 1102 1883 sunt
1117 1858 1144 1883 et
1158 1856 1250 1883 invidi
1268 1865 1273 1883 z
1290 1856 1345 1883 hos
1360 1856 1440 1883 enim
1455 1856 1534 1883 Plato
1550 1856 1589 1883 ad
1603 1858 1753 1891 serpentes
1766 1863 1813 1883 re-

1033 1902 1155 1930 ferebat.
1176 1902 1275 1930 Utilius
1298 1905 1340 1930 est
1364 1905 1497 1930 mentum
1521 1903 1811 1935 commensuratum,

1035 1949 1199 1977 secundum
1221 1949 1336 1984 aliquid
1361 1949 1400 1976 ad
1423 1948 1636 1984 quadraturam
1657 1949 1811 1976 accedens.

1035 1998 1161 2024 Mentum
1173 1996 1196 2023 si
1212 1996 1299 2030 longe
1311 1996 1341 2022 in
1353 1996 1504 2031 prolixum
1517 1995 1700 2022 distendatur
1710 2015 1719 2028 ,
1736 1995 1813 2022 dolis

1035 2044 1183 2069 assuetum
1199 2042 1336 2069 ostendit.

1071 2089 1131 2115 Vox
1146 2088 1250 2114 similis
1265 2088 1390 2114 existens
1410 2087 1477 2114 voci
1493 2087 1594 2114 ovium
1606 2108 1615 2120 ,
1637 2089 1688 2114 aut
1707 2094 1812 2121 capra-

1034 2142 1120 2167 rum,
1143 2133 1268 2160 stultitiae
1293 2133 1383 2160 habet
1404 2133 1558 2160 indicium.
1582 2133 1636 2165 Qui
1662 2136 1760 2160 autem
1782 2133 1814 2160 in

1034 2180 1158 2207 modum
1174 2180 1275 2207 avium
1291 2187 1394 2207 vocem
1408 2179 1578 2213 intendunt,
1593 2179 1630 2207 de
1646 2179 1724 2206 facili
1739 2179 1814 2206 fiunt

1034 2226 1123 2254 leves.
1148 2227 1211 2254 Vox
1231 2227 1344 2261 tenuis,
1372 2229 1399 2254 et
1417 2227 1500 2262 quasi
1523 2226 1675 2261 lugubris,
1701 2226 1813 2253 tristem

1034 2273 1158 2307 indicat,
1176 2276 1202 2301 et
1216 2273 1422 2309 suspiciosum.
1439 2274 1572 2306 Quorum
1592 2281 1650 2300 vox
1673 2272 1703 2299 in
1727 2280 1813 2299 nares

1034 2319 1168 2353 incurrit,
1180 2320 1220 2347 ita
1236 2322 1268 2346 ut
1282 2328 1368 2347 nares
1383 2321 1557 2352 consonent,
1573 2318 1732 2346 mendaces
1746 2320 1814 2345 sunt

1035 2368 1062 2393 ct
1076 2366 1235 2400 malevoli,
1251 2374 1284 2393 ac
1300 2366 1386 2394 malis
1400 2366 1503 2393 alienis
1519 2365 1693 2400 gaudentes.

1070 2414 1173 2441 cervix
1195 2414 1286 2448 longa
1306 2416 1333 2440 et
1356 2413 1451 2440 tenuis
1477 2420 1545 2440 eum
1570 2412 1732 2447 significat,
1760 2411 1812 2446 qui

1033 2460 1166 2494 maligna
1180 2460 1347 2487 meditatur.
1365 2458 1468 2486 Cervix
1487 2458 1616 2485 rotunda
1631 2457 1739 2493 probat
1753 2456 1811 2484 v'ir-

1032 2507 1123 2533 tutem
1139 2506 1251 2540 animi,
1276 2508 1303 2533 et
1324 2505 1457 2540 corporis
1478 2504 1684 2532 humilitatem.
1710 2502 1812 2530 Cervix

1034 2553 1132 2580 brevis
1157 2553 1300 2580 indicium
1321 2554 1363 2580 est
1386 2552 1463 2587 ejus,
1486 2551 1537 2586 qui
1558 2558 1626 2577 cum
1650 2549 1811 2577 temeritate

1034 2599 1131 2627 audax
1153 2602 1204 2626 est.
1232 2599 1335 2626 Cervix
1355 2599 1442 2626 nimis
1466 2599 1562 2626 erecta
1586 2597 1762 2626 insolentem
1785 2598 1813 2623 et

1035 2649 1240 2674 contumacem
1255 2645 1333 2673 dicit.
