2004 3037
189 293 250 328 est,
269 292 346 322 sicut
362 294 502 330 apparet,
524 294 625 331 Apoe„
646 301 674 332 ι,
696 296 727 325 et
751 294 895 334 deinceps
917 303 972 334 per

188 340 296 370 totum.

442 420 588 458 CAPUT
611 422 714 459 CXII.

378 501 418 530 De
435 501 613 531 multitudine
629 504 776 532 malorum.

223 577 298 606 Cum
321 576 436 606 factum
461 577 518 608 fuit
541 579 691 609 diluvium
702 602 713 616 ,
739 582 807 610 octo
832 580 971 610 homines

184 625 300 654 tantum
313 625 420 655 salvati
435 628 504 656 sunt
517 636 526 655 :
543 636 558 653 α
571 627 673 656 Omnis
687 636 758 657 caro
773 629 886 666 quippe
900 637 969 658 cor-

184 675 306 709 ruperat
319 673 401 702 viam
415 682 512 703 suam.
526 684 541 702 ι»
559 675 638 711 Gen„
652 684 700 712 vr,
717 677 760 705 ¹2.

220 720 321 749 Plures
335 721 455 750 fuerunt
465 722 519 751 filii
533 723 680 759 ismaelis,
695 732 789 762 quam
802 724 856 754 filii
869 726 968 762 Isaac,

183 768 213 796 et
231 767 333 805 plures
346 768 425 798 filios
447 771 578 807 suscepit
600 771 751 802 Abraham
771 780 809 802 ex
821 773 967 810 cethura,

183 822 277 851 quam
289 815 327 844 de
339 816 420 846 Sara.
438 817 516 851 Gen„
532 826 604 847 xxv.
661 848 663 850 ,

219 863 251 891 Ιιι
266 863 401 900 quinque
415 863 585 894 civitatibus
598 865 801 895 Sodomorum
822 874 885 896 non
900 867 966 896 fue-

182 911 253 938 runt
274 909 386 939 inventi
409 910 513 941 decem
535 912 616 948 justi.
639 914 746 950 Magna
759 922 830 951 ergo
845 917 908 944 erat
922 915 966 944 ibi

181 956 343 987 multitudo
376 959 528 988 malorum
545 981 555 995 ,
584 963 613 990 et
640 962 773 997 paucitas
800 961 964 992 bonorum.

184 1003 262 1039 Gen„
271 1013 354 1033 xvni.

220 1052 297 1080 luter
311 1060 416 1081 omnes
429 1052 534 1082 tratres
553 1054 681 1091 loseph,
697 1063 760 1084 non
775 1055 894 1085 fuerunt
909 1056 965 1085 nisi

182 1097 261 1134 duo,
274 1099 378 1128 Ruben
392 1100 504 1130 seilicet
518 1104 547 1130 et
560 1102 666 1138 ludam,
683 1103 735 1140 qui
761 1104 860 1140 ipsum
880 1103 965 1133 labo-

181 1146 442 1184 rarentliberare3
456 1148 509 1177 sed
531 1149 752 1185 praevaluerunt
772 1151 854 1180 mali.
880 1152 958 1188 Gen„

180 1199 291 1222 xxxvii.

215 1241 331 1278 Moyses
357 1242 562 1279 exploratores
590 1244 669 1273 misit
695 1245 735 1274 ad
765 1246 962 1276 consideran-

179 1288 253 1316 dum
264 1290 374 1318 terram
388 1291 610 1327 promissionis-3
627 1292 680 1321 sed
695 1292 756 1322 duo
773 1296 888 1323 tantum
902 1294 964 1324 sue—

178 1337 248 1364 runt
268 1335 341 1364 boni
354 1357 364 1372 ,
379 1337 490 1366 seilicet
513 1339 603 1367 Caleb
623 1342 651 1368 et
664 1341 764 1369 Josue.
779 1342 873 1377 Num„
899 1350 961 1371 xm.

214 1383 357 1412 Sexcenta
380 1385 476 1414 millia
501 1386 658 1415 hominum
679 1391 882 1424 pugnatorum
906 1398 963 1418 nu·

177 1431 282 1460 merati
305 1431 440 1467 fuerunt,
460 1433 599 1469 Num.,1,
621 1434 658 1462 de
683 1435 794 1471 quibus
816 1436 878 1465 duo
898 1438 962 1465 tan-

177 1480 252 1513 tum,
262 1478 372 1507 scilicet
386 1479 476 1508 caleb
492 1482 520 1509 et
535 1481 640 1517 Josue‚
656 1482 838 1512 intraverunt
851 1486 961 1513 terram

176 1526 393 1561 promissionis.

212 1572 313 1601 Plures
337 1573 457 1602 fuerunt
481 1582 550 1603 eum
566 1575 707 1605 Absalom
727 1584 853 1612 regnum
869 1579 962 1614 patris

176 1626 320 1656 usurpare
348 1621 458 1650 nitente
476 1643 485 1656 ,
509 1631 601 1658 quam
626 1631 696 1652 cum
720 1624 813 1653 David
832 1624 910 1654 bene
933 1628 961 1654 et

174 1666 250 1701 juste
265 1671 419 1704 regnante.
437 1670 456 1697 ll
472 1671 550 1705 Rey„
565 1679 615 1698 xv.

210 1715 302 1750 Major
322 1723 392 1751 pars
414 1716 547 1745 tiliorum
569 1717 658 1746 lsrael
677 1721 740 1747 erat
754 1719 784 1747 in
799 1726 894 1755 regno
908 1720 961 1748 Sa-

174 1761 291 1796 mariae,
307 1762 379 1799 quia
403 1763 506 1792 decem
528 1764 623 1793 tribus
645 1765 686 1793 ibi
710 1767 814 1801 eraut,
835 1768 863 1795 et
877 1770 961 1796 erant

173 1807 310 1836 homines
325 1810 421 1838 multo
441 1811 575 1846 pejores;
591 1812 690 1841 minor
705 1816 806 1841 aulem
821 1814 852 1841 in
865 1822 958 1850 regno

174 1854 373 1891 Hierusalem,
390 1856 461 1892 quia
476 1857 542 1885 dum
558 1859 685 1892 tantum,
701 1859 733 1887 lll
748 1860 826 1894 Rev„
841 1868 893 1888 λιι.

209 1903 318 1931 Tantus
332 1904 394 1931 erat
409 1912 552 1932 numerus
566 1905 747 1934 bellatorum
762 1906 840 1942 regis
857 1907 958 1943 Syriae,

174 1949 226 1986 qui
254 1950 431 1986 pugnabant
458 1953 562 1980 contra
590 1953 678 1981 lsrael
692 1974 701 1986 ,
731 1953 815 1990 quod
840 1954 960 1983 dicebat

173 1996 236 2032 ipse
251 2005 303 2026 rex
324 1998 479 2034 pulverem
499 1999 639 2028 Samarioe
657 2007 720 2028 non
744 2000 880 2030 sufficere
901 2009 958 2037 pu-

173 2043 252 2079 gillis
266 2052 381 2073 eorum.
396 2046 429 2074 lll
445 2047 524 2082 Rea„
540 2054 588 2074 xx.

208 2093 240 2120 lu
255 2093 384 2121 exercitu
399 2093 597 2130 lloloplieruis
612 2095 709 2122 tantus
731 2096 793 2123 erat
815 2103 958 2124 numerus

173 2138 354 2168 bellatorum
369 2161 378 2175 ,
394 2140 478 2176 quod
493 2142 715 2177 cooperuerunt
728 2141 835 2171 faciem
850 2144 934 2171 terrae
947 2165 956 2178 ,

173 2186 259 2222 quasi
274 2186 404 2215 locustae.
421 2188 530 2222 Judith,
542 2196 561 2215 ιι
574 2210 582 2222 ,
600 2190 645 2216 11.

209 2234 310 2262 Omnis
324 2234 454 2271 populus
469 2234 668 2263 habitantium
683 2236 713 2264 in
730 2238 807 2265 terra
820 2238 956 2273 AEgypth

173 2282 200 2308 et
214 2281 355 2309 mulieres
365 2302 374 2315 ,
390 2290 518 2317 quarum
533 2282 629 2310 stabat
644 2283 804 2312 multitudo
821 2285 954 2320 grandis,

172 2327 377 2356 sacrificabant
393 2329 449 2356 diis
465 2329 579 2357 alienis.
596 2331 728 2364 merem„
744 2339 821 2359 xuv.

209 2376 272 2403 Non
298 2378 504 2404 remanserunt
524 2384 593 2404 cum
616 2377 691 2405 Juda
713 2378 882 2406 lttacliabaeo
898 2379 954 2407 nisi

173 2422 334 2458 octingenti
347 2423 415 2458 viri,
431 2425 460 2451 et
474 2426 557 2451 erant
572 2423 601 2451 in
617 2424 747 2452 exercitu
763 2425 914 2454 Bacchidis
928 2428 956 2454 et

172 2470 273 2497 Alcimi
289 2470 450 2506 proditoris
464 2470 568 2506 viginti
583 2471 678 2500 millia
687 2472 837 2508 virorum,
849 2475 877 2502 et
892 2473 954 2502 duo

173 2517 266 2545 millia
281 2517 414 2553 equitum
426 2538 435 2552 ,
450 2519 460 2546 1
475 2518 577 2549 Maeli„
594 2525 634 2546 ix.

208 2566 282 2592 Cum
293 2567 368 2593 essct
386 2565 417 2593 in
436 2564 619 2593 Hierusalem
643 2567 776 2602 tempore
799 2567 954 2603 paschali,

173 2618 234 2647 quo
249 2620 353 2648 passus
365 2614 408 2640 est
419 2612 570 2647 Dominus,
592 2612 724 2641 maxima
735 2614 841 2650 populi
856 2614 954 2643 multi-

173 2659 262 2694 tudo,
277 2668 338 2689 non
349 2662 392 2689 est
405 2660 448 2689 ibi
464 2661 601 2689 inventus
615 2660 661 2688 vir
673 2661 726 2697 qui
742 2670 772 2690 se
788 2665 955 2698 opponeret

172 2706 326 2736 manifeste
340 2708 428 2737 morti
442 2710 504 2737 tam
518 2707 654 2744 nequiter
667 2712 843 2744 procuratae,
860 2710 952 2743 Joan„

804 227 942 261 BIBLIA
961 227 1194 263 PAUPERUM.

1028 304 1115 334 xviii,
1128 299 1165 328 40
1181 307 1192 327 =
1207 307 1223 327 α
1235 299 1445 330 clamaverunt
1460 307 1566 330 omnes
1587 307 1600 330 2-
1613 307 1630 328 ι
1644 300 1710 331 Non
1728 299 1809 333 hunc

1031 344 1156 382 (dimitte
1168 345 1258 375 nobis
1268 347 1289 383 )‚
1302 346 1357 376 sed
1369 347 1550 377 Bai-naham.
1563 358 1578 376 n
1808 373 1809 376 ,

1064 392 1194 427 Quidam
1206 393 1317 430 sudaei,
1331 402 1409 432 quos
1423 394 1537 424 invenit
1555 394 1664 425 Paulus
1685 396 1788 426 Rome
1797 417 1808 432 ,

1028 438 1061 467 in
1077 439 1178 476 primo
1201 440 1335 470 adventu
1354 449 1410 471 suo
1425 441 1567 472 dixerunt
1578 443 1625 472 ei:
1643 452 1658 470 ι
1676 443 1717 472 De
1729 443 1810 473 secta

1027 485 1084 514 hac
1101 486 1357 524 (Christianorum
1370 489 1498 526 scilicet)
1524 491 1630 519 notum
1651 491 1694 519 est
1708 489 1809 526 nobis,

1027 533 1100 570 quia
1109 534 1295 573 ubicumque
1309 535 1337 564 ei
1347 535 1570 566 contradicitur.
1581 547 1597 566 »ι
1607 538 1682 573 Aet„
1699 544 1793 566 xxvm
1798 558 1808 573 ,

1025 580 1073 609 22.

1273 630 1418 665 CAPUT
1441 631 1558 666 CXIII.

1166 697 1204 726 De
1224 697 1300 727 bonis
1320 698 1465 728 latentibus
1483 701 1557 728 inter
1574 700 1668 729 malos.

1062 753 1204 800 Quamiis
1218 767 1362 804 scriptum
1376 767 1429 804 sit,
1445 767 1524 804 Gen„
1542 776 1574 797 vr
1581 788 1592 804 ,
1603 769 1638 798 ¹2
1654 778 1662 798 :
1678 778 1692 796 α
1706 769 1808 798 Omnis

1027 819 1098 841 caro
1113 816 1288 850 corruperat
1303 814 1385 843 viam
1407 823 1509 851 suam,
1524 825 1540 843 u
1556 817 1657 844 tamen
1668 815 1743 844 dixit
1753 816 1808 845 Do-

1024 859 1125 889 minus
1139 860 1180 889 ad
1193 862 1254 890 Noe
1264 882 1272 895 ,
1290 869 1349 897 vn,
1363 863 1376 890 ¹
1393 871 1400 891 :
1415 871 1430 889 ι
1441 863 1480 892 're
1493 862 1557 891 vidi
1577 862 1692 899 justum
1705 871 1807 892 coram

1024 914 1073 935 me
1087 907 1118 935 iu
1133 907 1324 944 generatione
1337 908 1406 938 hac.
1421 919 1435 936 i»

1059 955 1133 983 Loth
1144 954 1241 990 justus
1259 955 1404 985 habitavit
1421 956 1452 985 in
1471 955 1572 986 medio
1586 956 1806 994 Sodomorum,

1025 1000 1130 1038 Genes„
1146 1010 1210 1031 xm.

1058 1049 1168 1085 loseph
1189 1049 1219 1078 in
1241 1051 1370 1087 AEgypto
1386 1053 1498 1080 castam
1517 1053 1547 1081 et
1565 1051 1688 1082 fidelem
1716 1052 1806 1082 vitam

1023 1096 1125 1133 duxit,
1141 1098 1219 1132 Gen„
1233 1106 1334 1127 xnix.

1058 1145 1202 1181 Apparuit
1225 1146 1366 1174 Dominus
1392 1146 1485 1184 Moysi
1508 1146 1540 1175 in
1564 1148 1642 1176 terra
1664 1147 1803 1184 Madian,

1021 1199 1090 1220 cum
1109 1200 1182 1220 oves
1195 1194 1290 1222 soceri
1306 1194 1352 1222 sui
1363 1193 1464 1223 Jethro
1479 1195 1614 1231 pasceret
1627 1195 1659 1224 in
1672 1194 1803 1224 deserto.

1021 1240 1122 1275 Eaeod„
1139 1248 1185 1275 ιιι,
1200 1242 1226 1269 1.

1056 1287 1175 1315 Samuel
1195 1287 1271 1316 inter
1293 1287 1371 1317 filios
1387 1288 1449 1317 lleli
1469 1289 1614 1325 pessimos
1636 1292 1755 1319 sanetus
1776 1293 1804 1319 et

1019 1333 1164 1363 innocens
1179 1335 1242 1364 suit.
1259 1338 1267 1364 l
1283 1337 1363 1371 Rea„
1376 1344 1407 1365 ιι.

1055 1383 1116 1411 Sub
1136 1383 1236 1412 Achab
1259 1387 1284 1413 ct
1305 1385 1438 1420 lezabel,
1460 1385 1536 1414 Elias
1555 1393 1675 1420 omnes,
1690 1393 1721 1414 se
1736 1386 1802 1415 solo

1019 1433 1160 1467 excepto,
1175 1431 1299 1468 putabat
1314 1432 1489 1461 idololatras
1502 1454 1511 1468 ‚
1527 1433 1559 1462 ΙΙΙ
1575 1434 1652 1468 Rea„
1669 1441 1728 1462 xix.
1744 1433 1802 1462 Sed

1019 1478 1094 1506 dixit
1116 1478 1143 1506 ei
1169 1478 1306 1507 divinum
1329 1487 1532 1516 responsum:
1552 1489 1566 1506 n
1587 1480 1702 1517 Reliqui
1727 1480 1800 1509 mihi

1018 1527 1132 1562 septem
1158 1526 1254 1554 millia
1278 1526 1412 1555 virorum
1424 1548 1434 1563 ,
1461 1535 1590 1564 quorum
1615 1535 1713 1564 genua
1739 1535 1800 1556 non

1017 1575 1086 1601 sunt
1103 1575 1225 1601 curvata
1239 1576 1306 1602 ante
1321 1574 1400 1602 Baal.
1418 1584 1431 1601 n

1053 1621 1117 1654 Quo
1141 1623 1274 1657 tempore
1294 1621 1353 1649 iere
1374 1630 1479 1650 omnes
1498 1622 1680 1659 putabantur
1701 1622 1799 1652 idolo-

1016 1666 1113 1703 latrae,
1129 1670 1157 1696 et
1171 1668 1247 1696 vitiis
1262 1668 1387 1697 diversis
1403 1669 1499 1697 infecti
1512 1679 1519 1705 ;
1534 1669 1659 1705 Tobios,
1680 1670 1710 1698 in
1733 1678 1799 1707 cap-

1017 1715 1127 1743 tivitate
1151 1715 1288 1752 positus,
1312 1716 1393 1744 viam
1417 1716 1549 1745 veritatis
1573 1725 1633 1746 non
1658 1716 1797 1746 deseruit.

1018 1763 1096 1797 Tob„
1112 1771 1133 1791 ι.

1052 1810 1253 1838 mardochaeus
1268 1812 1329 1837 erat
1352 1810 1381 1837 in
1404 1810 1496 1844 Susis,
1516 1809 1568 1837 ubi
1591 1809 1676 1846 quasi
1692 1817 1797 1839 omnes

1015 1856 1184 1885 adorabant
1211 1859 1305 1885 Aman
1334 1857 1582 1893 superbissimum
1605 1866 1612 1892 3
1638 1857 1701 1893 ipse
1724 1865 1797 1886 vero

1014 1904 1215 1932 Mardochaeus
1229 1912 1327 1940 genua
1339 1911 1400 1931 non
1415 1903 1561 1932 flectebat.
1576 1904 1668 1939 Esus„
1684 1911 1716 1932 ιιι
1727 1906 1754 1932 et
1769 1911 1795 1932 v.

1050 1952 1172 1979 sanetus
1185 1951 1241 1979 Job
1256 1951 1373 1986 gentilis
1388 1950 1461 1984 ruit,
1481 1953 1509 1978 et
1529 1950 1566 1978 de
1591 1952 1666 1979 Esau
1691 1950 1798 1980 dicitur

1014 1997 1221 2033 descendisse;
1239 2007 1329 2035 quem
1345 2001 1443 2027 tamen
1460 2001 1574 2027 constat
1588 1999 1648 2027 fide
1664 2001 1691 2027 et
1705 2000 1797 2028 mori-

1013 2046 1070 2074 bus
1085 2046 1261 2075 mirabiliter
1282 2047 1422 2075 claruisse
1435 2047 1506 2083 (Job,
1523 2054 1549 2081 ι,
1564 2047 1592 2074 et
1605 2054 1659 2082 per
1678 2048 1796 2083 totum),

1013 2093 1064 2130 qui
1086 2093 1123 2121 dc
1139 2093 1237 2129 seipso
1255 2093 1391 2121 dicebat:
1409 2104 1421 2118 u
1437 2094 1537 2121 Frater
1554 2092 1598 2121 sui
1614 2093 1796 2129 draconum,

1013 2143 1041 2169 et
1055 2140 1154 2168 socius
1168 2140 1378 2176 struthionum.
1395 2151 1409 2167 D
1425 2141 1498 2175 Iob„
1512 2148 1573 2168 xxx
1583 2161 1590 2174 ,
1605 2141 1651 2169 29.

1048 2187 1209 2216 llieremias
1234 2188 1381 2224 propheta
1405 2190 1467 2215 erat
1492 2195 1560 2216 cum
1589 2188 1725 2224 populo,
1743 2188 1794 2225 qui

1012 2237 1195 2263 remanserat
1209 2235 1240 2262 in
1251 2235 1353 2263 Judaea
1366 2236 1434 2272 post
1449 2234 1679 2263 destructionem
1695 2235 1795 2263 Hieru-

1013 2282 1121 2318 salem,
1147 2285 1174 2310 et
1196 2290 1252 2318 pro
1277 2282 1348 2318 ipsis
1368 2282 1489 2315 orabat,
1513 2281 1584 2318 ipsis
1609 2281 1794 2311 voluntatem

1012 2329 1128 2357 Domini
1143 2329 1307 2357 nuntiabat.
1321 2328 1364 2356 llli
1380 2336 1451 2357 vero
1467 2328 1608 2357 dicebant
1623 2339 1629 2357 :
1645 2339 1659 2355 α
1675 2329 1793 2357 Menda-

1012 2377 1092 2404 cium
1111 2379 1141 2405 tu
1158 2376 1305 2412 loqueris,
1324 2383 1386 2404 non
1412 2378 1438 2403 te
1460 2376 1539 2404 misit
1562 2376 1719 2411 DominuS‚
1740 2376 1793 2404 sed

1011 2423 1124 2452 Baruch
1141 2424 1218 2452 filius
1234 2423 1325 2452 Nerice
1339 2423 1439 2451 incitat
1453 2426 1480 2451 te
1496 2423 1657 2452 adversum
1672 2431 1744 2458 nos,
1762 2425 1794 2450 ut

1011 2471 1107 2499 tradat
1132 2479 1187 2499 nos
1217 2471 1247 2499 in
1269 2478 1376 2499 manus
1395 2470 1613 2500 Chaldaeorum.
1630 2480 1643 2498 n
1660 2471 1791 2505 Hierem„

1010 2526 1080 2547 nm
1089 2540 1099 2554 ,
1113 2519 1141 2554 ⁶2,
1160 2520 1185 2546 3.

1047 2566 1122 2594 Dixit
1143 2566 1301 2601 Dominus,
1322 2565 1429 2600 Ezech„
1445 2573 1480 2600 ιι,
1495 2566 1512 2593 6
1528 2574 1535 2593 :
1552 2575 1565 2591 «
1581 2564 1632 2593 Fili
1646 2564 1791 2600 hominis,

1010 2621 1047 2642 ne
1062 2613 1166 2641 timeas
1182 2620 1248 2648 eos,
1265 2612 1411 2649 quoniam
1432 2611 1578 2640 increduli
1594 2614 1622 2640 et
1636 2611 1791 2641 subverso·

1009 2669 1056 2689 res
1077 2663 1145 2688 sunt
1157 2662 1271 2693 tecum,
1284 2662 1311 2687 et
1326 2667 1394 2687 cum
1408 2658 1617 2695 scorpionibus
1631 2659 1757 2688 habitas.
1773 2669 1787 2684 n

1046 2708 1162 2742 Daniel,
1178 2710 1206 2736 et
1220 2706 1363 2741 Ananias,
1379 2706 1494 2734 Ami-ias
1513 2708 1540 2734 et
1555 2706 1653 2734 Misael
1674 2706 1787 2735 habita-
