2004 3037
392 248 441 280 DE
464 244 699 279 GRATIARUM
720 243 1083 277 SANCTlFlCATlONE.
1109 245 1194 277 CAP.
1219 246 1465 278 XXtht-XXIX.

127 318 254 354 quoniam
279 319 336 352 ipse
360 317 454 352 prior,
479 316 532 344 etc.
554 312 701 348 Secundo,
730 312 761 340 in
783 311 903 349 speciali

127 363 268 399 dignitate
283 373 290 399 ;
316 362 480 392 Richardus
493 361 502 378 ¹
519 370 526 389 ι
544 372 556 386 ιε
578 359 708 389 Charitas
732 360 775 387 est
797 359 901 394 regina

127 411 279 438 virtutum.
295 420 308 436 »
325 409 433 445 Tertio,
449 409 479 437 in
493 406 687 445 pretiositate,
703 405 775 442 quia
792 407 834 434 est
853 413 904 433 au-

127 466 194 486 rum
209 457 246 486 de
261 457 360 494 Ophir.
376 457 501 491 Quarto,
516 455 548 482 in
562 453 760 491 speciositate,
777 452 848 489 quia
862 454 904 480 est

129 505 247 541 planeta
267 503 400 538 VeneriS,
422 503 450 530 et
473 502 579 530 animae
601 500 792 537 pulchritudo
809 509 816 527 :
833 499 904 536 quia

131 551 205 579 sicut
218 549 406 587 pulchritudo
420 549 571 578 exterioris
585 547 715 576 hominis
736 549 778 575 est
798 546 829 574 in
848 546 903 574 de-

131 597 206 626 centi
233 597 437 625 membrorum
466 595 652 624 ordinatione
666 616 674 630 ,
700 596 727 622 et
752 594 903 621 venustate

130 644 249 680 coloris,
265 644 306 672 sic
321 643 409 672 etiam
423 642 613 680 pulchritudo
625 642 731 670 animae
746 642 789 669 est
803 649 838 668 ex
852 640 904 668 dc-

128 691 203 720 ccnti
225 690 410 719 ordinatione
431 692 568 724 actuum,
584 691 612 717 et
627 688 732 717 habitu
752 689 877 716 venusto
895 696 901 715 :

127 738 184 767 hoc
199 740 297 766 autem
311 738 379 766 facit
394 737 519 766 charitas
535 737 565 765 in
581 737 681 764 anima
692 757 701 771 ,
718 736 802 771 cujus
823 737 903 763 actus

127 785 279 814 ordinatus
300 786 359 820 est,
375 787 403 813 ct
422 786 563 812 venustus
581 783 708 812 habitus
735 783 856 817 Quinto,
872 782 904 809 in

127 832 350 869 supportatione
370 831 501 867 laboris3
524 831 703 867 Augustinus
717 831 748 857 2:
767 839 780 855 «
799 829 904 857 Omnia

127 879 229 915 gravia
243 881 271 906 et
283 879 426 907 immania
440 878 518 906 levia
529 878 597 906 facit
613 885 706 905 amor.
723 888 737 903 »
754 877 858 910 Sexto,
873 876 903 903 in

127 926 316 961 vigorositate
327 927 337 943 ³
352 935 359 953 ε
375 927 463 953 Fortis
486 927 525 953 est
540 928 570 952 ut
587 933 656 952 mors
676 925 794 952 ditectio.
812 924 904 959 Septi-

127 981 192 1008 mo,
209 973 240 1000 in
254 972 375 1001 utilitate
386 982 395 1008 ;
411 971 589 1008 Augustinus
603 972 614 988 Β
630 981 636 999 :
658 981 672 997 «
687 971 766 999 Habe
781 970 904 998 charita-

127 1021 202 1053 tem,
218 1021 245 1047 et
259 1019 304 1047 fac
319 1019 402 1055 quod
415 1019 469 1046 vis.
486 1029 499 1045 »
515 1019 640 1053 Octavo,
652 1018 683 1045 in
697 1017 903 1052 delectatione,

127 1066 197 1102 quia
213 1066 338 1094 charitas
352 1066 518 1094 secundum
533 1067 631 1093 actum
652 1073 739 1093 suum
759 1065 828 1092 facit
849 1073 904 1092 nos

127 1113 267 1141 delectari
295 1113 326 1140 in
350 1113 427 1148 Deo,
450 1120 511 1140 non
534 1112 632 1140 solum
655 1112 685 1140 in
709 1112 825 1148 patria,
851 1111 904 1139 sed

127 1159 215 1188 etiam
230 1160 260 1187 in
272 1160 332 1187 via.

320 1253 488 1287 CAPUT
521 1253 708 1288 XXVIII.

354 1327 391 1353 De
404 1327 489 1360 siquis
507 1326 678 1353 Dilectiom's.

163 1397 251 1432 Signa
280 1395 445 1424 dilectionis
477 1398 545 1424 sunt
574 1397 636 1424 haec
661 1405 667 1423 :
693 1396 764 1432 quia
792 1396 905 1424 amicus

128 1443 258 1470 amicum
272 1443 397 1471 libenter
413 1444 510 1478 audit,
525 1444 652 1471 libenter
668 1443 704 1471 de
719 1443 784 1479 ipso
805 1443 905 1479 loqui-

130 1491 191 1524 tur,
206 1498 282 1526 saepe
298 1490 335 1517 dc
350 1490 403 1518 illo
423 1490 551 1525 cogitat3
567 1491 629 1518 sine
648 1490 736 1518 taedio
757 1490 801 1517 illi
821 1490 905 1518 obse-

130 1536 229 1573 quitur
241 1547 248 1572 3
261 1545 368 1573 corpus
383 1539 411 1565 et
424 1545 469 1565 res
484 1545 539 1573 pro
552 1537 603 1564 illo
615 1537 735 1573 exponit
741 1547 749 1572 3
762 1537 906 1564 offensam

130 1585 228 1618 cavet,
242 1584 388 1612 offensum
400 1584 512 1620 placat;
527 1584 695 1620 congaudet
707 1583 906 1620 prosperitati,

130 1630 270 1659 condolet
283 1631 471 1667 adversitati3
488 1631 597 1666 gaudet
618 1631 655 1658 de
680 1631 757 1659 illius
778 1639 906 1668 praesen-

130 1679 186 1714 tia,
203 1679 283 1707 dolet
298 1680 335 1707 de
348 1679 495 1715 absentia3
509 1679 605 1715 diligit
620 1682 647 1708 et
662 1680 725 1707 odit
738 1680 806 1715 hoc,
823 1680 906 1716 quod

129 1725 194 1761 ille;
209 1728 332 1754 conatur
347 1726 373 1754 ei
388 1726 519 1762 placere,
535 1726 617 1754 timet
628 1726 802 1762 displicere,
820 1727 907 1754 trahit

129 1773 204 1801 alios
223 1773 261 1800 ad
284 1774 347 1809 ejus
366 1773 545 1809 amicitiam,
567 1781 693 1801 munera
717 1774 755 1801 ab
779 1782 813 1801 eo
838 1774 907 1802 data

129 1828 190 1848 non
205 1820 331 1855 alienat3
349 1820 480 1848 consiliis
494 1821 572 1848 illius
588 1821 766 1857 acquiescit;
781 1821 852 1857 petit
866 1821 905 1848 ab

130 1875 165 1895 eo
180 1867 367 1895 fiducialiter.

166 1913 294 1947 Qualiter
307 1914 399 1950 possit
420 1914 486 1950 quis
501 1914 574 1942 scire
594 1915 693 1942 utrum
712 1914 821 1942 habeat
834 1915 904 1943 cha-

131 1960 256 1987 ritatem.
272 1961 345 1988 Nota
359 1960 442 1996 quod
463 1961 587 1996 quidam
606 1961 701 1989 sciunt
723 1970 753 1989 se
774 1969 836 1989 non
856 1962 907 1990 ha-

132 2007 202 2035 bere
218 2007 402 2042 charitatem,
417 2010 449 2035 ut
465 2008 514 2043 qui
531 2010 599 2035 sunt
621 2009 651 2035 in
673 2010 740 2036 actu
760 2009 905 2045 peccandi

132 2054 179 2081 vel
202 2054 233 2081 in
256 2054 420 2089 proposito.
437 2054 564 2087 Quidam
587 2055 723 2082 dubitant
745 2063 774 2082 se
795 2056 906 2083 habere

130 2101 318 2136 charitatem,
338 2102 409 2137 quia
423 2101 552 2129 rationes
572 2101 684 2128 habent
704 2110 759 2137 pro
781 2104 906 2138 utraque

129 2150 211 2185 parte
223 2170 232 2184 ,
250 2151 280 2176 ut
294 2151 362 2176 sunt
376 2149 420 2176 illi
436 2149 487 2185 qui
503 2148 647 2183 incipiunt
661 2148 756 2177 facere
778 2150 861 2185 quod
876 2150 906 2177 in

129 2204 159 2223 se
180 2197 231 2223 est.
253 2195 380 2229 Quidam
401 2196 505 2231 putant
528 2204 558 2223 se
581 2196 692 2223 habere
715 2196 905 2230 charitatem,

129 2243 202 2270 sicut
218 2242 268 2278 qui
285 2242 379 2270 multa
393 2242 474 2270 bona
486 2242 630 2277 fecerunt,
648 2244 676 2270 et
690 2242 742 2270 diu
757 2243 907 2270 abstinue-

129 2289 197 2316 runt
212 2297 229 2316 a
245 2291 382 2324 peccato,
399 2289 497 2317 adhuc
521 2291 619 2317 tamen
642 2289 786 2317 sustinent
807 2291 906 2317 motus

129 2337 344 2371 tentationum,
370 2339 397 2365 et
420 2337 621 2372 imaginantur
649 2337 755 2373 turpia.
780 2337 906 2371 Quidam

129 2383 319 2420 experiuntur
342 2391 372 2411 se
393 2384 503 2411 habere
529 2383 718 2417 charitatem,
738 2386 769 2411 ut
789 2384 831 2411 illi
854 2385 905 2420 qui

130 2432 246 2465 gustant
267 2430 402 2458 divinam
417 2430 622 2465 dulcedinem,
641 2431 671 2458 in
686 2431 796 2466 quibus
810 2431 906 2459 fomes

129 2477 189 2505 fere
213 2477 355 2505 extinctus
379 2479 435 2512 est,
459 2479 486 2505 et
510 2478 594 2513 quasi
618 2486 733 2514 semper
755 2479 804 2506 vel
825 2480 906 2508 bona

130 2523 255 2558 faciunt,
270 2524 319 2552 vel
334 2524 480 2552 affectant.
496 2524 622 2558 Quidam
637 2525 705 2553 certi
721 2527 789 2553 sunt
807 2535 837 2554 se
853 2527 905 2554 ha-

164 2608 168 2623 ¹
186 2608 303 2632 Richard.
320 2609 351 2633 (10
371 2611 397 2634 S.
414 2609 490 2639 Vict.,
507 2610 533 2633 ιἰι
555 2610 621 2634 Psnl.
638 2617 706 2634 xmv.
721 2625 750 2628 —
766 2612 774 2626 ²
789 2613 861 2643 Aug,
876 2613 905 2636 de

132 2643 199 2666 verb.
216 2644 297 2673 Dom,
314 2651 390 2668 serm.
408 2650 443 2675 lx,
459 2645 492 2668 al.
507 2651 568 2674 Lxx,
585 2652 607 2669 c.
624 2651 662 2669 111.
680 2660 710 2664 —
726 2647 735 2663 ³
748 2642 834 2675 Cant,
847 2654 903 2679 viu,

131 2682 154 2702 (5.
177 2693 205 2696 —
230 2679 237 2693 ⁴
257 2680 331 2709 Aug„
356 2680 381 2703 in
403 2680 483 2711 Epist.
502 2681 584 2709 doun„
604 2683 675 2706 tract.
699 2688 758 2713 vul,
782 2690 807 2707 n.
831 2685 853 2707 8.
875 2697 904 2702 -

132 2715 140 2731 ⁵
157 2715 175 2738 11
193 2714 263 2740 Cor..
279 2720 325 2744 xn,
340 2717 363 2739 9.

1679 250 1736 280 185

960 311 1031 341 bere
1061 313 1249 350 charitatem,
1275 316 1308 343 ut
1336 315 1446 351 quibus
1472 316 1547 343 Deus
1571 314 1735 344 revelavit:

961 359 1057 396 qualis
1071 360 1126 389 tuit
1140 361 1262 395 Paulus,
1279 361 1326 390 cui
1342 361 1483 390 Dominus
1496 361 1590 391 dixit⁵
1603 371 1610 390 τ
1626 362 1736 397 Sufficit

962 407 1014 434 tibi
1028 410 1120 443 qratia
1133 417 1202 436 mea.

1165 502 1344 536 CAPUT
1381 502 1532 536 XXIX.

1192 577 1230 603 De
1244 575 1371 610 aradibus
1385 576 1501 603 Amoris.

997 645 1109 673 Gradus
1124 645 1234 673 amoris
1249 646 1315 673 sunt
1334 644 1390 672 isti.
1406 645 1519 672 Primus
1535 645 1592 679 est,
1608 652 1676 672 cum
1693 644 1737 672 di-

960 692 1020 728 ligo
1040 700 1088 720 me
1103 693 1225 728 propter
1240 700 1287 720 me
1304 701 1310 719 :
1325 692 1377 720 iste
1393 699 1478 720 amor
1496 699 1558 719 non
1573 693 1615 719 est
1629 691 1736 719 bonus.

960 739 1112 767 Secundus
1127 741 1185 773 est,
1200 748 1268 767 cum
1288 739 1382 775 diligo
1407 741 1498 767 Deum
1521 740 1643 775 propter
1664 747 1712 766 me
1730 748 1736 766 :

960 786 1014 814 iste
1039 789 1082 814 est
1105 786 1305 814 mercenarius
1322 797 1330 822 3
1352 786 1405 814 sed
1424 788 1493 814 tunc
1515 787 1557 814 est
1576 786 1674 814 bonus
1686 807 1694 820 ‚
1714 785 1737 813 si

960 834 1131 871 principalis
1150 834 1217 862 finis
1238 836 1281 862 est
1300 836 1383 862 Deus.
1400 834 1512 861 Tertius
1534 834 1593 867 est,
1609 840 1678 860 cum
1693 832 1739 860 di-

960 881 1019 917 ligo
1037 883 1128 909 Deum
1149 883 1270 918 propter
1285 889 1333 916 se,
1348 881 1379 908 id
1395 882 1453 915 est,
1469 880 1540 916 quia
1554 880 1652 908 bonus
1669 889 1675 907 :
1691 879 1738 907 hic

960 930 1002 957 est
1019 929 1107 957 valde
1122 929 1236 964 bonus,
1252 929 1323 965 quia
1342 928 1408 957 talis
1431 936 1516 956 amor
1538 935 1600 955 uno
1624 928 1739 954 tantum

961 976 1065 1010 oculo,
1081 976 1112 1004 id
1133 978 1175 1004 est
1198 977 1333 1011 dextero,
1356 975 1474 1012 respicit
1496 976 1597 1002 Deum.
1614 975 1739 1008 Quartus

961 1026 1018 1058 cst,
1035 1032 1103 1051 cum
1119 1023 1212 1059 diligo
1232 1031 1279 1051 me
1295 1025 1416 1059 propter
1432 1024 1523 1050 Deum
1540 1031 1546 1049 z
1564 1021 1612 1049 hic
1628 1022 1669 1048 est
1685 1029 1738 1056 op-

961 1071 1064 1105 timus,
1079 1070 1150 1106 quia
1172 1071 1202 1097 in
1225 1071 1275 1098 tali
1297 1078 1398 1098 amore
1422 1069 1496 1096 nihil
1520 1068 1624 1104 quaerit
1646 1068 1738 1095 homo

961 1118 997 1145 de
1014 1126 1068 1146 5110
1092 1118 1181 1145 etiam
1205 1117 1235 1145 in
1261 1118 1388 1153 seipso,
1408 1116 1461 1144 sed
1475 1117 1589 1144 tantum
1609 1123 1675 1151 quae
1690 1115 1739 1142 Dei

961 1167 1037 1192 sunt.

997 1212 1089 1248 Super
1111 1211 1211 1239 omnia
1226 1211 1395 1247 diligendus
1418 1213 1460 1239 est
1480 1212 1569 1246 Deus,
1585 1211 1656 1247 quia
1671 1218 1740 1238 cum

961 1259 1023 1295 ipse
1039 1258 1075 1285 sit
1087 1258 1285 1295 principium,
1300 1258 1357 1286 1100
1377 1258 1441 1294 ipso
1462 1260 1504 1286 est
1526 1266 1696 1293 summum3
1713 1259 1740 1285 et

960 1306 1018 1334 hoc
1042 1305 1107 1342 ipso
1133 1306 1216 1342 quod
1239 1313 1390 1332 summum
1415 1307 1471 1340 est,
1488 1313 1603 1333 summe
1624 1305 1740 1332 bonum

962 1355 1022 1388 est3
1047 1354 1075 1380 et
1100 1353 1158 1381 hoc
1185 1353 1250 1389 ipso
1280 1352 1363 1388 quod
1392 1360 1507 1380 summe
1535 1352 1649 1380 bonum
1675 1354 1739 1386 est,

962 1408 1077 1428 summe
1092 1400 1214 1428 beatum
1234 1402 1292 1435 est3
1310 1401 1338 1427 et
1352 1399 1409 1427 hoc
1433 1399 1497 1435 ipso
1523 1399 1605 1435 quod
1625 1407 1739 1426 summe

962 1447 1083 1475 beatum
1099 1449 1156 1482 est,
1171 1455 1287 1474 summe
1302 1446 1474 1474 beatificum
1487 1447 1545 1480 est;
1563 1447 1591 1473 et
1602 1446 1659 1473 hoc
1674 1445 1739 1482 ipso

963 1497 1004 1522 est
1027 1503 1142 1522 summe
1166 1494 1346 1528 fruendum,
1368 1495 1395 1521 et
1418 1495 1540 1529 propter
1561 1493 1618 1520 hoc
1642 1493 1739 1528 ipsum

963 1544 1005 1569 est
1026 1542 1052 1570 ei
1072 1549 1188 1569 summe
1203 1549 1257 1577 per
1272 1549 1406 1568 amorem
1428 1540 1650 1574 inhaerendum,
1667 1541 1695 1567 et
1710 1539 1739 1567 111

962 1597 997 1617 eo
1013 1590 1157 1624 tanquam
1172 1588 1202 1615 in
1217 1587 1275 1615 fine
1292 1587 1518 1623 quiescendum,

997 1635 1062 1663 Tria
1087 1635 1263 1670 generaliter
1291 1635 1455 1670 diliguntur
1474 1655 1482 1668 ,
1513 1633 1621 1661 scilicet
1649 1633 1737 1667 utile,

962 1684 1135 1717 honestum,
1151 1684 1179 1710 et
1198 1681 1382 1710 delectabile.
1405 1683 1525 1717 Propter
1549 1681 1679 1717 primum
1695 1680 1738 1707 di-

962 1730 1083 1765 ligenda
1102 1731 1144 1757 est
1164 1729 1333 1763 tribulatio,
1349 1728 1419 1764 quia
1443 1728 1531 1756 utilis.
1554 1729 1675 1763 Propter
1693 1735 1739 1754 se-

963 1777 1095 1804 cundum
1123 1776 1276 1811 diligenda
1302 1778 1343 1803 est
1372 1776 1479 1810 virtus,
1506 1775 1576 1810 quia
1603 1775 1737 1802 honesta.

962 1825 1082 1860 Propter
1097 1823 1215 1851 tertium
1237 1823 1408 1858 diligendus
1430 1822 1557 1850 maxime
1582 1823 1622 1849 est
1645 1823 1739 1855 Deus,

963 1871 1033 1907 quia
1048 1872 1090 1899 est
1110 1870 1311 1905 delectabilis;
1328 1870 1389 1897 imo
1411 1871 1532 1905 propter
1553 1869 1614 1896 haec
1638 1868 1740 1895 omnia

963 1918 1131 1953 diligendus
1156 1919 1199 1945 est
1222 1919 1311 1952 Deus,
1333 1916 1404 1952 quia
1428 1917 1526 1952 ipsum
1548 1915 1672 1950 diligere
1698 1916 1740 1942 est

962 1965 1048 1999 utile,
1064 1965 1235 1999 honestum,
1250 1966 1277 1992 et
1290 1964 1476 1991 delectabile.

998 2012 1110 2040 Gradus
1139 2012 1249 2039 amoris
1277 2011 1325 2038 vel
1352 2010 1514 2044 charitatis,
1537 2010 1567 2036 in
1595 2010 1739 2044 quantum

963 2059 1039 2087 tollit
1058 2061 1230 2094 peccatum,
1246 2061 1313 2086 sunt
1332 2058 1387 2085 isti.
1410 2057 1506 2084 Primo
1523 2056 1599 2083 tollit
1614 2055 1739 2082 charitas

961 2108 1115 2142 peccatum
1130 2105 1271 2139 mortale,
1288 2112 1349 2131 non
1370 2105 1513 2139 quantum
1533 2102 1572 2129 ad
1586 2102 1738 2135 habitum,

962 2154 1014 2180 sed
1030 2155 1173 2188 quantum
1187 2152 1225 2179 ad
1239 2153 1336 2178 actum
1349 2160 1354 2177 :
1368 2150 1475 2177 liberat
1491 2149 1571 2177 enim
1586 2157 1603 2176 a
1616 2150 1738 2184 peccato

962 2199 1098 2233 mortali,
1115 2199 1167 2226 sed
1189 2206 1247 2225 non
1264 2205 1281 2224 a
1296 2198 1437 2233 potestate
1456 2196 1582 2224 cadendi
1603 2195 1635 2222 in
1650 2195 1735 2222 illud.

962 2246 1096 2274 Secundo
1112 2245 1203 2273 modo
1221 2245 1344 2272 charitas
1358 2244 1432 2271 tollit
1445 2245 1601 2279 peccatum
1612 2242 1737 2270 mortale

962 2295 1106 2330 quantum
1121 2293 1159 2320 ad
1182 2294 1293 2326 actum,
1310 2293 1337 2319 et
1353 2292 1498 2327 quantum
1521 2291 1560 2317 ad
1580 2289 1734 2323 habitum3

962 2341 1014 2368 sed
1038 2340 1153 2368 veniale
1177 2340 1282 2366 neutro
1307 2338 1414 2371 modo,
1433 2337 1508 2364 sicut
1528 2338 1607 2373 patet
1628 2337 1658 2363 in
1684 2336 1737 2363 ali-

962 2387 1070 2423 quibus
1085 2385 1279 2414 sanctificatis.
1294 2385 1388 2412 Tertio
1404 2384 1496 2411 modo
1517 2383 1642 2411 charitas
1661 2382 1737 2411 tollit

960 2436 1115 2471 peccatum
1141 2432 1265 2460 mortale
1288 2434 1415 2467 utroque
1439 2431 1531 2458 modo
1545 2453 1552 2465 ,
1575 2433 1602 2457 et
1621 2430 1736 2458 veniale
1765 2443 1768 2445 v

961 2481 1062 2518 quoad
1087 2482 1202 2513 actum,
1219 2479 1271 2506 sed
1290 2486 1352 2506 non
1373 2478 1473 2514 quoad
1495 2477 1629 2505 habitum
1648 2487 1653 2504 :
1670 2477 1735 2505 talis

960 2528 1014 2556 fuit
1036 2527 1161 2555 charitas
1185 2526 1215 2553 in
1236 2525 1323 2553 beata
1337 2525 1453 2560 Virgine
1476 2526 1542 2551 ante
1565 2524 1735 2559 conceptio-

961 2583 1029 2603 nem
1040 2573 1153 2603 Christi.
1166 2574 1275 2606 Quarto
1286 2572 1378 2599 modo
1395 2571 1520 2599 charitas
1535 2570 1610 2598 tollit
1624 2572 1735 2598 utrum-

962 2631 1019 2659 que
1037 2623 1163 2657 utroque
1180 2619 1287 2653 modo,
1303 2619 1376 2646 sicut
1390 2618 1444 2645 fuit
1462 2618 1492 2645 in
1516 2617 1603 2644 beata
1617 2617 1735 2652 Virgine

961 2670 991 2697 in
1020 2667 1210 2703 conceptione
1237 2665 1361 2698 Christi,
1387 2666 1415 2692 et
1443 2666 1508 2700 post
1531 2673 1537 2690 :
1562 2665 1630 2690 tunc
1656 2664 1734 2691 enim

960 2715 1015 2744 suit
1036 2715 1066 2742 in
1087 2714 1151 2749 ipsa
1165 2712 1298 2740 sublatus
1320 2711 1413 2739 fomes
1432 2710 1575 2749 peccandi
1597 2710 1731 2739 totaliter.
