2004 3037
675 217 728 250 DE
749 216 874 250 PRIMO
898 216 1070 250 [TINERE.
1093 216 1192 250 DIST.
1215 218 1254 250 V.

163 295 179 314 e
191 286 274 316 'ruba
287 287 330 314 est
337 285 435 314 omnis
449 286 541 322 actus,
551 292 606 322 per
614 292 707 323 quem
716 285 816 322 operis
826 285 940 322 ,iactan-

160 333 201 363 tia
217 333 445 362 demonstratur.
461 343 475 359 n

197 381 367 410 Secundum
377 380 506 416 signum,
516 379 560 409 est
572 379 673 408 sobria.
686 378 801 409 tristitia
815 381 844 409 et
857 380 940 408 exul-

159 428 230 457 tatio
254 428 371 456 mentis.
387 427 469 456 Unde
490 427 621 456 Christus
642 427 713 455 dicit
727 427 736 444 ¹
753 437 760 455 :
785 427 852 455 Cum
865 427 939 462 jeju-

160 477 244 511 natis,
260 476 344 503 nolite
356 477 428 510 fieri,
441 475 495 503 etc.
504 483 511 509 ;
525 474 578 502 ubi
589 474 728 510 Origenes
743 473 815 503 dicit
830 483 863 503 :«
875 476 939 503 Non

159 522 259 552 inveni
268 523 366 552 verius
375 522 492 558 signum
498 521 572 550 boni
583 521 692 558 cordis,
704 530 797 558 quam
807 522 831 550 si
842 530 940 551 erum-

159 571 211 607 pat
223 570 303 599 foras
317 569 475 598 dulcedine
490 569 607 605 mentis,
616 571 644 598 et
656 569 822 606 frequentia
832 569 938 598 sobriae

160 617 349 646 exultationis
363 617 392 644 et
404 615 536 644 tristitiae.
552 627 566 641 »

194 663 323 693 Tertium
349 663 468 699 signum
495 664 538 692 est
565 662 640 691 ordo
669 663 859 692 correctionis
869 685 878 699 ‚
907 665 940 693 ut

158 710 254 748 primo
269 719 287 740 a
300 710 394 747 teipso
409 709 547 747 incipias,
559 711 587 738 et
600 711 679 747 post,
693 711 768 739 alios
784 711 937 747 corripias,

159 757 238 786 Unde
251 757 282 785 in
295 757 426 786 Matthaeo
442 757 549 786 dicitur
563 759 573 775 ²
591 767 598 786 :
615 759 768 794 Hypocrita
777 777 787 792 ,
802 759 867 794 ejice
881 760 939 794 pri-

158 812 229 832 mum
244 805 346 833 trabem
369 805 401 832 de
424 805 499 833 oculo
517 806 578 840 tuo,
596 807 621 833 et
643 807 705 833 tunc
721 805 828 833 videbis
845 806 940 841 ejicere

158 853 288 886 festucam
298 852 330 879 de
345 852 419 879 oculo
430 853 532 886 fratris
543 854 594 880 tui.
607 853 640 880 Et
652 852 792 887 Origenes
802 852 916 881 ibidem
930 861 937 881 ε

161 908 176 924 «
183 898 242 928 Nisi
252 898 347 934 fallar,
355 898 430 926 nihil
440 899 523 927 aliud
530 899 655 935 appetis,
663 899 720 927 nisi
729 907 873 935 apparere
879 901 940 935 Jus-

159 949 218 982 tus,
233 947 306 975 dum
314 956 362 975 me
370 947 503 983 corripis,
511 949 539 975 et
553 949 580 975 te
591 947 717 983 negligis
726 958 734 983 3
752 949 802 976 aut
813 948 836 976 si
849 956 898 977 me
913 951 941 977 et

159 996 186 1022 te
207 994 340 1031 corripis,
355 1002 447 1031 quare
462 1002 480 1022 a
493 1002 542 1022 me
557 994 680 1030 incipis,
702 997 730 1023 et
744 1003 807 1023 non
823 1003 841 1023 a
856 997 882 1024 te
894 997 908 1023 ‘t
923 1006 937 1023 >2

194 1042 338 1075 Quartum
351 1041 470 1076 signum
480 1042 523 1069 est
534 1041 703 1076 benignitas
714 1042 937 1078 compassionis.

158 1088 239 1116 Unde
250 1088 382 1116 Salvator
398 1087 485 1116 dicit³
499 1097 507 1116 ε
524 1089 570 1117 Vae
579 1089 664 1124 vobis,
679 1090 772 1117 scribae
782 1090 939 1125 hypocritae,

159 1137 208 1172 qui
228 1137 293 1163 aliis
313 1135 444 1163 clauditis
463 1143 575 1171 regnum
595 1137 728 1171 caelorum,
750 1139 776 1164 et
799 1139 941 1172 imponitis

159 1184 198 1211 eis
210 1184 307 1218 qravia
321 1190 412 1217 onera,
425 1184 478 1211 etc.
497 1183 673 1218 Gregorius:
686 1194 700 1210 «
714 1184 769 1218 Qui
783 1184 882 1212 bonus
898 1185 941 1212 est

159 1230 261 1264 corde,
275 1230 423 1265 benignus
439 1232 481 1258 est
496 1231 713 1267 compassione.
729 1242 743 1259 »

194 1276 335 1311 Quintum
348 1277 469 1313 signum
480 1278 522 1305 est
536 1277 731 1307 immobilitas
743 1278 861 1314 mentis,
879 1281 940 1309 tam

158 1324 189 1352 in
205 1324 348 1359 adversis,
373 1332 465 1361 qnam
479 1324 511 1352 in
530 1325 698 1362 prosperis,
716 1334 799 1362 quae,
814 1328 846 1354 ut
865 1327 940 1356 alter

157 1372 225 1408 Job,
241 1371 342 1400 anima
351 1372 503 1408 aequaliter
513 1374 656 1409 acceptat,
672 1373 774 1402 dicens
784 1373 813 1402 ἐ
829 1375 861 1402 Si
872 1376 941 1403 bona

159 1421 310 1455 accepimus
329 1420 362 1447 de
380 1427 463 1448 manu.
486 1420 608 1454 Domini,
623 1428 670 1448 cur
689 1429 743 1448 nrm
764 1422 894 1449 similiter
915 1424 941 1449 et

159 1468 251 1495 mala?
258 1466 339 1494 Unde
348 1466 504 1502 Gregorius
514 1474 667 1502 exponens
675 1467 750 1495 illud
757 1468 815 1502 Job,
824 1469 938 1504 primo:

158 1516 227 1543 Erat
242 1515 359 1550 simplem
369 1517 394 1542 et
404 1515 502 1548 rectus,
520 1514 609 1542 dicit:
629 1524 642 1541 (ι
657 1515 789 1551 Simplex
803 1518 831 1544 et
845 1518 941 1544 rectus

159 1563 202 1590 est
214 1561 276 1596 ille,
292 1561 344 1597 qui
361 1561 392 1589 in
413 1561 544 1589 adversis
564 1569 626 1589 non
648 1561 806 1597 frangitur,
834 1563 886 1599 qui
901 1563 941 1592 ad

159 1608 336 1645 temporalia
354 1615 416 1636 non
430 1608 590 1636 inclinatur
607 1609 656 1636 vel
676 1609 862 1643 incurvatur,
889 1611 940 1646 qui

159 1655 200 1684 ad
214 1655 370 1691 superiora
391 1656 468 1683 totus
483 1655 615 1690 erigitur,
632 1656 685 1691 qui
700 1657 817 1684 Domini
831 1657 940 1685 volun-

159 1703 210 1731 tati
225 1701 375 1730 humiliter
394 1701 559 1736 subjicitur.
575 1712 589 1728 »
608 1704 672 1730 Haec
687 1703 854 1738 Gregorius.
876 1706 940 1732 l-laec

159 1750 299 1786 Origenes
306 1750 436 1778 breviter
446 1752 600 1778 enumerat
609 1750 709 1779 dicens
720 1761 726 1779 :
741 1761 755 1778 «
766 1753 863 1785 Quam
874 1753 941 1788 pul-

160 1797 222 1826 chri
233 1799 301 1825 sunt
314 1805 428 1833 gressus
443 1798 484 1826 tui
499 1798 529 1825 in
544 1797 683 1826 calcaneo
697 1800 760 1833 tuo,
777 1798 840 1827 filia
859 1799 940 1835 prin-

159 1845 242 1881 cipis,
265 1845 289 1872 si
309 1845 340 1872 in
357 1845 508 1881 operibus,
530 1853 596 1880 quae
608 1845 686 1880 agis,
701 1845 822 1873 laudem
835 1846 940 1875 huma-

159 1899 230 1919 nam
244 1891 333 1926 vitas3
350 1891 375 1918 si
396 1891 495 1918 sobrie
512 1891 626 1919 exultas
633 1901 640 1926 3
658 1892 682 1919 si
697 1892 795 1928 primo
807 1895 835 1920 te
852 1893 940 1921 corri-

159 1938 238 1974 pias3
255 1937 280 1964 si
295 1937 360 1965 aliis
372 1937 585 1972 benignitatem
600 1938 742 1966 exhibeas
751 1949 759 1974 ;
776 1940 800 1967 si
824 1941 939 1976 patien-

160 1984 231 2012 tiam
254 1984 285 2011 in
306 1984 438 2012 adversis
462 1984 620 2014 ostendas!
637 1995 651 2011 »
675 1987 740 2013 Haec
763 1988 831 2014 sunt
853 1987 939 2023 signa

163 2031 317 2060 exteriora.

196 2080 262 2107 Post
276 2078 338 2106 haec
352 2077 450 2114 primo
465 2078 631 2107 videndum
651 2080 694 2106 est
709 2079 746 2107 (10
761 2079 851 2114 signis
865 2080 940 2108 inte-

159 2125 289 2154 rioribus
309 2127 396 2153 rectae
416 2126 444 2152 et
464 2125 605 2161 simplicis
626 2125 806 2154 intentionis.
828 2129 867 2155 De
882 2129 940 2156 hoc

160 2174 242 2207 nota,
257 2172 340 2208 quod
355 2172 531 2208 BernarduS,
547 2173 624 2201 libro
637 2173 669 2200 de
680 2174 819 2209 Praecepto
836 2177 860 2202 et
873 2177 938 2202 Dis-

157 2221 318 2256 pensatione
332 2221 357 2254 5,
383 2219 454 2247 dicit
467 2220 509 2247 510
525 2228 532 2248 :
558 2230 571 2246 «
586 2221 618 2248 Ut
633 2221 754 2249 interior
775 2222 880 2249 oculus
896 2223 940 2250 in-

161 2267 298 2295 tentionis
318 2274 388 2294 vere
405 2267 438 2301 (α)
458 2266 494 2294 sit
508 2267 652 2303 simplex,
671 2267 732 2295 duo
747 2268 875 2296 arbitror
896 2269 940 2297 illi

161 2313 327 2342 necessaria
339 2321 412 2348 esse,
423 2313 532 2341 scilicet
542 2314 713 2342 charitatem
724 2315 755 2342 in
766 2315 940 2351 intentione,

162 2362 190 2389 et
202 2361 356 2388 veritatem
370 2361 401 2388 in
416 2360 591 2389 electione.»
602 2362 700 2389 Primo
716 2363 882 2391 necessaria
898 2365 940 2391 est

162 2407 287 2435 charitas
302 2407 333 2434 in
347 2407 518 2435 intentione.
531 2408 619 2443 Cujus
630 2409 705 2437 ratio
718 2412 770 2445 est,
786 2411 855 2446 quia
871 2411 940 2439 eha-

161 2454 231 2483 ritas
244 2454 407 2482 intentione
423 2455 462 2482 ad
487 2456 588 2484 omnia
608 2456 676 2492 ilia,
700 2466 767 2494 quae
789 2458 829 2486 ad
849 2458 940 2486 finem

162 2504 230 2531 sunt
243 2503 444 2539 principaliter
458 2503 582 2539 intenta,
599 2504 698 2540 dirigit
712 2507 740 2533 et
754 2506 897 2541 extendit,
911 2507 941 2534 et

162 2557 216 2585 per
238 2550 295 2577 hoc
312 2551 419 2578 arctius
437 2550 517 2586 unit,
538 2559 606 2579 cum
630 2551 660 2579 in
683 2553 824 2581 omnibus
845 2561 940 2581 unum

195 2626 203 2642 ¹
217 2625 368 2656 Mattlz.,v1,
384 2628 423 2651 16.
436 2640 467 2645 —
484 2627 581 2659 ²1bid.,
602 2634 647 2658 vn,
662 2630 686 2652 5.
701 2641 732 2646 -
746 2629 756 2646 ³
773 2629 848 2660 thid„
862 2635 939 2661 xxm,

165 2662 192 2686 13
215 2662 241 2686 et
259 2661 282 2691 4,
295 2661 380 2692 quoad
397 2668 511 2686 sensum.
524 2675 551 2680 -
568 2663 575 2677 ⁴
589 2663 641 2693 Job,
658 2669 686 2695 11,
702 2665 739 2689 10.
752 2677 782 2682 —
796 2665 806 2681 ⁵
818 2665 895 2689 Bern.
912 2665 941 2689 de

164 2697 239 2721 Proec.
256 2698 280 2721 et
295 2697 419 2728 Dispens„
439 2705 461 2722 0.
482 2704 548 2723 xvxi.
563 2711 594 2717 —
609 2699 617 2714 ⁶
633 2699 683 2731 ld.,
701 2700 726 2724 in
741 2700 839 2725 ascens.
855 2701 940 2731 Dora.r

1715 223 1775 254 407

995 285 1134 320 intendit,
1150 286 1231 315 etad
1244 294 1340 316 unum
1352 287 1454 323 tendit,
1465 288 1494 317 et
1504 288 1617 324 omnia,
1630 290 1777 326 quantum

995 335 1106 370 potest,
1122 334 1256 363 cumino
1275 335 1360 364 unire
1381 336 1493 372 quaerit.
1519 337 1600 365 Unde
1619 337 1777 374 Gregorius

996 380 1027 409 in
1041 382 1180 409 Pastorali
1195 381 1266 410 dicit
1281 391 1288 410 :
1309 391 1323 409 (ι
1338 382 1469 411 Charitas
1489 383 1584 412 divisa
1600 384 1684 412 unire
1704 391 1777 413 con·

995 428 1104 463 suevit,
1122 430 1149 457 et
1163 436 1214 457 cor
1231 429 1303 464 justi
1317 436 1379 457 non
1395 429 1490 458 dividi
1510 438 1564 466 per
1577 431 1673 460 multa
1694 439 1776 460 com-

995 474 1096 511 pellit:
1109 476 1192 512 quod
1203 477 1282 504 tanto
1296 476 1405 504 arctius
1419 476 1450 504 in
1460 478 1519 505 Deo
1530 477 1653 513 colligit,
1664 479 1776 515 quanto

996 521 1072 550 illud
1083 522 1174 550 latius
1189 531 1243 559 per
1257 525 1357 551 sancta
1372 523 1521 552 desideria
1532 525 1653 560 spargit.
1669 533 1684 552 1)

1032 569 1169 598 Secundo
1179 590 1189 604 ‚
1204 570 1244 598 ad
1258 570 1316 598 hoc
1331 570 1415 607 quod
1430 571 1535 600 oculus
1554 571 1723 600 intentionis
1741 573 1778 601 sit

995 618 1092 644 rectus
1116 618 1144 645 et
1169 624 1239 645 vere
1264 617 1391 654 simplex
1403 639 1412 652 ,
1435 618 1596 654 requiritur
1618 619 1725 648 veritas
1746 620 1778 648 in

996 663 1138 692 electione
1148 685 1158 698 ,
1171 664 1242 700 quia
1256 664 1307 693 illa
1321 672 1383 693 non
1403 664 1472 693 sinit
1486 673 1583 694 errare
1598 666 1675 695 circa
1687 666 1779 695 finem

994 709 1151 739 intentum.
1165 711 1245 740 Unde
1259 712 1425 740 Bernardus
1438 712 1553 740 ibidem
1568 713 1639 741 dicit
1654 723 1660 741 :
1676 723 1690 740 α
1702 715 1779 748 Quo-

996 758 1089 786 modo
1101 758 1230 795 denique
1241 759 1368 795 simplex
1382 759 1436 788 erit
1444 760 1549 788 oculus
1562 760 1778 796 intentionalis,

997 813 1065 833 cum
1078 805 1248 841 ignorantia
1262 806 1403 842 veritatis,
1420 807 1509 835 etiam
1521 807 1573 844 qui
1585 807 1701 836 bonnm
1712 808 1779 836 dili-

997 852 1049 888 git,
1065 854 1093 880 et
1106 852 1222 881 malum
1243 853 1359 881 nescius
1375 854 1453 889 agit?
1471 854 1529 883 Sed
1548 854 1629 882 illius
1642 863 1705 883 non
1725 855 1779 883 im-

997 900 1102 927 merito
1113 900 1235 928 oculum
1245 900 1411 936 simplicem
1422 901 1572 936 duxerim,
1584 902 1631 930 cui
1641 903 1780 930 neutrum

996 946 1111 974 bonum
1127 947 1212 982 desit,
1239 947 1310 983 quia
1324 948 1379 976 ista
1394 948 1455 976 duo
1471 949 1594 977 oculum
1608 949 1780 978 intentionis

996 993 1108 1022 faciunt
1122 994 1297 1030 simplicem,
1311 995 1421 1024 scilicet
1435 1004 1520 1024 amor
1534 996 1619 1031 boni,
1634 998 1662 1024 et
1678 996 1781 1032 cogni-

997 1041 1037 1069 tio
1052 1042 1124 1069 veri.
1141 1052 1155 1069 »
1172 1043 1236 1070 11100
1256 1042 1432 1070 Bernardus.
1455 1043 1500 1071 Sic
1521 1043 1611 1078 igitur
1632 1051 1687 1071 ncc
1707 1043 1778 1072 cha-

996 1089 1066 1117 ritas
1076 1089 1271 1117 intentionem
1281 1090 1349 1118 sinit
1359 1092 1425 1118 ante
1434 1089 1525 1118 finem
1538 1090 1682 1118 intentum
1692 1092 1778 1125 stare,

995 1143 1051 1164 1100
1065 1136 1172 1164 veritas
1186 1137 1254 1164 sinit
1269 1145 1334 1165 eain
1351 1137 1429 1165 circa
1442 1137 1533 1165 finem
1545 1145 1653 1165 errare.
1668 1137 1780 1166 Veritas

997 1184 1077 1211 enim
1091 1192 1157 1214 non
1168 1185 1248 1212 amat
1263 1184 1401 1220 angulos,
1422 1192 1477 1212 nec
1493 1184 1519 1212 ei
1535 1184 1698 1212 diversoria
1712 1184 1780 1221 pla-

997 1232 1073 1265 cent,
1089 1231 1131 1259 ait
1144 1231 1154 1249 θ
1168 1231 1345 1259 Bernartius.
1367 1231 1457 1267 Igitur
1479 1239 1555 1268 opus
1572 1239 1626 1268 per
1644 1231 1780 1261 intentio-

996 1286 1067 1306 nem
1081 1278 1195 1306 bonam
1210 1278 1319 1314 agitur,
1336 1278 1459 1314 quando
1472 1278 1524 1306 illa
1535 1278 1674 1307 charitate
1690 1280 1717 1307 et
1731 1286 1780 1307 ve-

995 1325 1081 1354 ritate
1103 1325 1245 1353 munitur.
1268 1326 1404 1361 Spiritum
1424 1325 1514 1361 igitur
1527 1326 1538 1343 ⁷
1557 1327 1662 1354 rectum
1679 1326 1779 1354 innova

996 1374 1027 1401 in
1041 1373 1188 1401 visceribus
1200 1374 1275 1401 meis.

1230 1466 1473 1500 DISTINCTIO
1497 1467 1539 1502 V.

999 1542 1124 1576 Qualiter
1144 1550 1191 1579 per
1211 1543 1385 1570 intentionem
1404 1546 1506 1570 rectam
1527 1545 1553 1571 et
1575 1543 1779 1578 simplificatam

1032 1588 1150 1623 spiritus
1174 1588 1307 1615 humanus
1335 1588 1373 1615 ad
1396 1589 1574 1623 intrinsecum
1602 1590 1626 1616 ct
1654 1588 1779 1615 ceternale

1031 1634 1182 1660 manerium
1198 1634 1307 1660 Domi-ni
1324 1634 1386 1660 Jesu
1406 1633 1532 1664 accedat,
1549 1635 1575 1660 et
1594 1633 1777 1668 inq-rediatur.

1031 1703 1138 1738 Quinto
1157 1703 1323 1731 videndum
1342 1705 1394 1738 est,
1411 1704 1549 1739 qualiter,
1564 1711 1618 1740 per
1640 1704 1779 1733 intentio-

995 1758 1066 1779 nem
1081 1752 1192 1778 rectam
1209 1752 1237 1778 et
1249 1750 1482 1786 simplificatam,
1497 1751 1616 1787 spiritus
1629 1751 1779 1779 humanus

996 1799 1035 1827 ad
1059 1798 1252 1826 intrinsecum
1271 1800 1299 1826 et
1313 1799 1450 1827 aeternale
1469 1799 1638 1827 manerium
1663 1799 1778 1828 Domini

995 1847 1062 1874 Jesu
1077 1845 1208 1880 accedat,
1224 1847 1251 1873 et
1266 1845 1459 1881 ingrediatur.
1472 1848 1510 1873 De
1524 1846 1582 1874 hoc
1596 1847 1678 1882 nota,
1694 1847 1778 1882 quod

996 1900 1065 1920 cum
1079 1895 1157 1921 recia
1172 1894 1200 1921 et
1220 1893 1347 1929 simplex
1369 1893 1491 1921 intentio
1506 1894 1542 1921 sit
1557 1894 1695 1930 quaedam
1714 1895 1778 1922 ten-

997 1940 1096 1969 dentia
1110 1942 1188 1968 recta
1204 1940 1267 1967 sine
1283 1940 1468 1976 obliquitate,
1480 1941 1507 1968 et
1517 1941 1643 1977 simplex
1654 1941 1716 1968 sine
1725 1941 1778 1969 ad-

995 1987 1147 2021 mixtione,
1163 1988 1194 2014 in
1214 1987 1406 2015 aeternitatem
1427 1995 1445 2015 a
1459 1988 1611 2015 voluntate
1627 1988 1776 2016 desidera-

996 2036 1068 2068 tam,
1082 2036 1109 2062 et
1119 2042 1136 2062 a
1145 2034 1259 2062 ratione
1272 2034 1421 2065 dictatam.
1434 2042 1620 2070 consequens
1631 2036 1682 2069 est,
1693 2035 1776 2070 quod

995 2081 1165 2109 intentionis
1192 2080 1344 2108 tendentia
1369 2081 1509 2109 continua
1541 2083 1582 2109 est
1608 2081 1776 2110 aeternitatis

997 2128 1189 2156 consideratae
1203 2127 1437 2163 approximatio,
1454 2129 1482 2156 et
1496 2128 1669 2163 attingentia
1684 2129 1777 2157 conti—

995 2183 1065 2202 nua.
1083 2175 1163 2202 Unde
1178 2176 1273 2209 Hugo,
1290 2174 1366 2202 libro
1382 2175 1480 2211 primo
1497 2176 1529 2202 de
1544 2176 1619 2203 Arca
1629 2177 1695 2210 Noe,
1707 2175 1777 2205 dicit

996 2221 1036 2249 sic
1048 2222 1078 2249 ⁸:
1100 2231 1112 2247 «
1126 2223 1184 2249 Hoc
1201 2224 1242 2249 est
1256 2222 1295 2249 ad
1311 2223 1402 2249 Deum
1417 2222 1552 2256 tendere,
1569 2230 1686 2258 semper
1707 2231 1776 2252 eum

995 2276 1048 2305 per
1061 2268 1243 2296 desiderium
1254 2277 1396 2305 quaerere,
1410 2277 1463 2304 pcr
1476 2269 1677 2304 cognitionem
1693 2270 1775 2298 inve—

995 2316 1070 2351 nire,
1086 2318 1113 2344 et
1126 2324 1179 2352 per
1195 2318 1313 2352 gustum
1328 2317 1460 2352 tangere.
1472 2327 1486 2343 »
1498 2318 1621 2345 Intentio
1636 2318 1776 2347 charitate

996 2365 1023 2392 et
1036 2364 1156 2391 verItate
1180 2364 1306 2399 munita,
1328 2364 1430 2393 omnia
1453 2365 1632 2401 temporalia
1652 2365 1777 2393 derelin-

996 2412 1077 2447 quat,
1089 2413 1116 2439 et
1131 2411 1170 2438 ad
1183 2412 1292 2439 aeterna
1306 2412 1418 2446 redeat,
1434 2411 1531 2439 donec
1546 2412 1668 2440 intentio
1684 2412 1780 2440 tentio,

995 2458 1056 2493 fiat,
1070 2460 1102 2486 ut
1117 2458 1213 2486 dicere
1226 2458 1337 2494 possit⁹
1351 2468 1357 2486 :
1374 2460 1468 2486 Inveni
1482 2467 1559 2494 quem
1572 2459 1666 2494 diligit
1683 2461 1776 2487 anima

994 2516 1068 2543 mea;
1084 2510 1159 2536 tenui
1174 2516 1242 2540 eum,
1258 2516 1304 2536 nec
1319 2509 1469 2543 dimittam,
1487 2508 1584 2536 donec
1600 2517 1669 2536 eum
1684 2508 1775 2537 intro-

996 2555 1105 2583 ducam
1119 2556 1150 2583 10
1165 2563 1269 2583 omnes
1286 2555 1393 2584 mentis
1407 2555 1600 2591 capacitates,
1617 2557 1677 2583 tam
1693 2563 1775 2584 com-

995 2637 1073 2655 50101,
1094 2636 1129 2661 vr,
1147 2632 1206 2662 post
1227 2631 1296 2655 med.
1311 2644 1342 2650 —
1360 2631 1371 2648 ⁷
1389 2631 1458 2655 Psal.
1481 2637 1509 2662 L,
1531 2632 1568 2654 12.
1583 2643 1615 2649 -—
1631 2631 1639 2645 ⁸
1653 2631 1731 2662 Hug„
1746 2630 1775 2654 de

995 2666 1053 2691 Arc.
1066 2667 1131 2695 Noe,
1146 2666 1191 2690 lib.
1208 2667 1227 2697 Ι,
1240 2673 1263 2691 e.
1279 2672 1314 2697 lv,
1330 2666 1398 2691 circa
1412 2667 1481 2691 med.
1492 2680 1522 2685 —
1538 2667 1546 2681 ⁰
1561 2666 1646 2697 Cant„
1661 2672 1701 2697 111,
1718 2667 1740 2690 4.

1030 2702 1063 2734 (α)
1083 2703 1144 2727 Caet.
1160 2702 1218 2727 edit.
1233 2709 1309 2727 verae.
