2004 3037
209 198 248 228 32
800 194 972 228 MYSTICA
993 190 1231 228 THEOLOGIA.

208 263 335 292 existens
348 261 470 296 viatrix,
484 261 688 290 beatissimam
706 262 861 292 unionem.
873 264 985 292 Tamen

206 309 249 338 sic
273 308 409 337 diffusius
430 308 544 336 dicetur
562 309 681 344 postea,
704 316 773 337 cum
793 317 879 338 mens
902 309 934 338 in
952 318 984 338 re

206 356 308 393 aliqua
334 355 432 391 seipsa
455 354 630 390 ignobiliori
654 363 717 384 non
745 355 899 392 quiescat,
927 357 985 385 sibi

206 402 370 431 consolatio
391 402 438 430 vel
463 401 619 430 delectatio
643 404 761 431 terrena
779 411 842 431 non
860 403 983 439 sufficit,

205 449 274 478 licet
293 449 324 476 in
345 448 416 484 ipsis
439 448 624 485 quandoque
643 450 747 478 contra
768 457 823 478 sua
837 449 983 478 naturalia

205 495 435 524 lamentabiliter
457 497 628 531 occupetur.
653 497 686 524 Et
706 496 782 531 hoc,
799 496 870 533 quia
894 504 983 525 omne

207 541 401 576 delectabile,
421 542 445 570 si
468 550 574 570 verum
600 544 664 578 est,
686 543 798 579 quietat
820 543 983 579 appetentis

206 588 402 624 desiderium,
417 588 479 617 sive
492 589 692 625 tendentiam;
709 589 763 617 sed
779 597 868 618 omne
891 592 982 618 terre-

203 643 287 672 num,
299 638 575 672 quantumcumque
590 636 711 664 suavius
722 636 861 664 testimari
872 637 980 673 valeat,

203 683 367 719 appetitum
384 682 526 719 relinquit
547 683 735 718 famelicum,
752 685 780 712 et
802 683 859 711 nisi
880 683 982 712 forsan

202 729 241 757 ad
255 729 378 764 horam,
393 729 520 758 totaliter
533 730 718 766 inquietum,
733 731 766 758 ut
777 733 901 766 apparet
914 739 980 758 sen-

202 776 324 804 sibiliter
337 776 368 804 in
387 777 537 804 omnibus.
553 778 629 812 Ergo
651 777 682 805 in
700 769 862 805 mundanis
877 777 981 806 oblec-

201 823 363 852 tationibus
389 831 544 860 nunquam
567 824 714 860 appetitus
737 823 887 852 tendentia
911 833 981 853 con-

201 870 336 906 quiescit.
352 870 500 904 Quidnam
515 878 587 906 ergo
607 879 692 899 mens
713 871 854 907 praedicta
874 871 980 900 faciet?

201 917 296 944 Unum
311 917 421 945 scilicet
442 917 541 945 solum
563 919 668 952 restat,
684 920 716 946 ut
733 918 772 946 ad
792 917 884 954 ipsius
904 926 980 954 pree-

201 963 356 992 sentialem
370 964 513 992 unionem
534 964 692 1000 acceleret,
708 973 800 1001 quem
820 964 918 993 solum
937 973 981 994 se-

200 1010 266 1047 ipsa
277 1010 433 1039 meliorem
447 1011 575 1046 invenit,
591 1011 643 1047 qui
663 1011 745 1039 solus
766 1011 857 1040 habet
872 1013 980 1040 thesau-

200 1065 262 1085 rum
273 1057 281 1073 ¹
290 1057 485 1093 jucunditatis
499 1058 530 1085 in
544 1058 641 1094 seipso
655 1058 876 1093 absconditum,
887 1067 978 1094 quem

201 1111 271 1131 cum
286 1104 354 1140 quis
367 1112 422 1140 per
437 1104 700 1140 experimentalem
715 1105 849 1133 notitiam
863 1107 978 1138 invenit,

199 1151 293 1186 vadit,
306 1155 331 1179 et
345 1152 437 1179 vendit
453 1153 544 1179 onuzia
556 1161 615 1187 proe
629 1152 745 1187 gaudio,
757 1156 782 1180 ec
798 1155 863 1180 emit
883 1161 978 1187 cyrum

199 1200 285 1226 illum.
303 1199 375 1233 Aqer
394 1199 474 1226 enim
495 1198 601 1227 dicitur
623 1199 734 1226 amoris
757 1199 861 1227 unitivi
881 1199 978 1235 plani-

200 1245 269 1279 ties,
284 1245 315 1272 in
332 1253 392 1281 quo
415 1253 499 1273 mens
519 1245 608 1273 currit
629 1253 682 1281 per
704 1246 806 1281 ignota
830 1246 978 1274 desideria

198 1291 327 1328 pedibus
351 1292 542 1320 affectionum
564 1291 664 1320 fulcita
681 1301 687 1320 :
705 1292 735 1320 in
755 1301 815 1329 quo
837 1293 977 1321 thesaurus

199 1339 372 1366 absconditus
388 1338 547 1373 invenitur,
561 1339 683 1375 quando
699 1347 753 1375 per
769 1340 879 1368 amoris
894 1348 977 1368 exer-

198 1386 265 1413 citia
279 1385 345 1419 ille,
361 1385 412 1421 qui
428 1388 470 1414 est
485 1394 554 1413 vera
567 1386 753 1421 jucunditas,
772 1394 826 1422 per
841 1386 977 1422 spiritua-

198 1433 258 1460 lem
287 1432 422 1460 notitiam
450 1432 498 1460 vel
525 1433 646 1460 xenium
673 1433 798 1469 aliquod
825 1433 976 1469 spirituale

197 1487 326 1514 praesens
350 1487 412 1507 esse
442 1479 620 1507 sensibiliter
649 1480 862 1516 comprobatur
887 1489 894 1507 :
920 1488 975 1516 pro

198 1526 283 1561 cujus
297 1534 399 1554 amore
423 1526 532 1562 adepto
552 1534 635 1554 mens
650 1526 781 1554 hilariter
796 1528 899 1554 caetera
915 1535 976 1554 om-

196 1572 246 1600 nia
269 1572 440 1609 vilipendit,
468 1581 536 1600 cum
563 1573 629 1609 quis
652 1573 700 1600 vel
725 1573 821 1609 qualis
844 1573 880 1600 sit
903 1573 973 1608 ille,

196 1628 286 1655 quem
301 1619 412 1655 diligit,
428 1619 458 1646 in
478 1620 585 1647 atl'ectu
604 1620 783 1655 perceperit,
801 1628 868 1647 cum
884 1628 914 1648 se
929 1628 976 1648 su-

195 1674 250 1702 pra
263 1675 292 1694 se
309 1666 347 1694 ad
363 1666 459 1701 ipsum
472 1666 581 1694 directe
596 1666 773 1701 extenderit,
791 1666 888 1694 dilecti
904 1667 975 1694 dcx-

197 1714 258 1740 tera
281 1713 453 1740 sublevatus
468 1733 477 1747 ‚
496 1715 528 1740 ut
551 1721 602 1747 ca,
623 1721 689 1748 quae
713 1713 795 1748 prius
819 1713 974 1747 audierat,

195 1759 312 1793 verius,
327 1767 420 1795 quam
434 1759 486 1786 illa
503 1768 567 1795 quae
582 1759 757 1787 sensibiliter
769 1759 931 1795 conspicit,
947 1762 974 1787 et

195 1805 378 1833 manifestius
391 1806 632 1841 comprobentur.
648 1807 710 1833 Non
723 1805 870 1834 immerito
886 1814 974 1842 prop-

195 1854 238 1880 ter
252 1852 309 1880 hoc
324 1852 394 1880 dicit
409 1860 506 1880 sermo
523 1852 679 1880 Davidicus
694 1852 704 1867 ἵ
718 1862 724 1879 ;
744 1854 842 1880 Melior
860 1856 898 1880 est
916 1854 973 1880 dies

194 1908 250 1926 una
264 1901 294 1926 in
315 1901 396 1926 acriis
422 1901 476 1926 tuis
500 1907 580 1934 super
603 1901 708 1934 multia,
733 1899 804 1935 quia
828 1899 901 1927 dum
920 1908 973 1935 per

195 1946 269 1973 atria
282 1946 414 1982 planitiei
429 1946 539 1973 amoris
553 1954 637 1973 mens
653 1946 813 1981 aspirando
830 1946 974 1982 percurrit

196 1992 337 2027 celeriter,
354 1992 421 2028 plus
440 1993 525 2020 sentit
540 1993 570 2020 iu
585 2001 646 2020 una
661 1992 708 2020 die
730 1993 766 2020 de
788 1993 909 2020 mentali
924 1993 972 2020 lae-

195 2040 271 2074 titia,
288 2047 379 2075 quam
395 2040 425 2067 in
439 2039 573 2067 millibus
588 2039 705 2066 dierum
722 2039 819 2067 valeat
834 2039 863 2067 in
879 2040 973 2068 varia-

194 2094 261 2113 rum
276 2094 376 2114 rerum
396 2086 502 2122 ineptis
517 2085 768 2114 oblectationibus
789 2086 932 2122 experiri,
945 2089 973 2114 et

195 2132 266 2159 diem
285 2134 312 2159 in
338 2135 409 2160 atrio
428 2133 576 2167 nominat,
599 2133 670 2168 quia
690 2140 791 2167 mem,
812 2132 885 2160 dum
909 2141 971 2160 non

195 2187 247 2214 per
261 2179 347 2206 istam
362 2179 515 2214 planitiem
541 2180 701 2214 percurrit,
725 2180 795 2207 sciat
819 2188 848 2207 se
871 2179 969 2207 multi-

193 2225 270 2260 plice
286 2225 497 2252 obtenebrante
513 2225 638 2260 caligine
655 2226 817 2253 obscurari.

230 2272 366 2307 Sequitur
391 2272 427 2299 de
450 2271 567 2306 objecto
595 2272 751 2306 rationali,
776 2272 859 2307 quod
882 2273 971 2300 etiam

193 2319 300 2346 veritas
316 2318 430 2345 dicitur.
449 2320 503 2346 Ista
521 2318 600 2346 enim
616 2319 722 2346 veritas
737 2318 873 2345 rationali
888 2318 971 2354 spiri—

194 2366 236 2393 tui
250 2365 434 2401 respondens
449 2373 510 2392 nou
525 2364 555 2392 in
575 2365 694 2392 veritate
711 2367 808 2392 creata
824 2365 970 2400 conspici-

195 2415 252 2447 tur,
261 2412 332 2448 quia
347 2411 444 2439 omnis
456 2411 562 2438 veritas
572 2419 589 2438 a
603 2411 738 2446 salsitate,
751 2419 769 2439 a
784 2411 969 2446 deceptione,

195 2459 233 2487 ab
249 2459 389 2494 opinione
413 2460 454 2485 est
478 2458 593 2493 penitus
613 2458 752 2493 elongata
769 2468 774 2485 :
793 2461 820 2485 et
844 2466 906 2485 non
928 2458 969 2485 ibi

196 2507 233 2533 de
249 2506 368 2533 veritate
393 2505 523 2532 increata
544 2506 576 2532 fit
594 2505 721 2538 mentio,
736 2505 789 2533 sed
814 2505 851 2532 dc
873 2507 969 2532 creata

194 2553 242 2580 hic
263 2553 412 2588 loquitur,
436 2552 507 2587 quia
530 2554 650 2587 propter
676 2552 731 2580 hoc
756 2552 839 2588 quod
863 2552 969 2580 veritas

229 2652 237 2669 ¹
261 2651 363 2682 Mami„
388 2655 452 2680 xm,
480 2652 520 2677 44.
545 2663 575 2668 —
601 2652 607 2663 -’
633 2650 701 2675 Psul.
729 2657 848 2682 Lxxxui,
878 2654 914 2676 tt.
939 2664 969 2670 -

1040 263 1214 299 Ignoratur‚
1237 264 1308 294 ideo
1332 265 1580 294 accommodatur
1601 264 1727 301 falsitas,
1751 265 1820 295 ideo

1041 311 1175 347 sequitur
1199 311 1336 348 deceptio
1348 333 1358 348 ,
1378 311 1448 341 ideo
1468 311 1684 348 multiplicatur
1704 312 1819 349 opinio.

1041 358 1075 385 Et
1095 357 1153 386 hoc
1177 360 1240 394 est,
1266 359 1339 395 quia
1363 359 1473 388 veritas
1497 359 1617 387 occulta
1638 367 1701 387 non
1724 360 1822 396 potest

1041 404 1206 439 cognosci,
1228 405 1285 434 nisi
1308 405 1340 434 in
1365 405 1478 434 lumine
1508 405 1638 442 desuper
1663 405 1819 441 radiante,

1040 451 1151 480 scilicet
1182 460 1244 488 quo
1277 452 1454 481 abscondita
1479 453 1582 481 divina
1607 452 1819 488 intelligimus,

1039 499 1183 535 tanquam
1201 498 1351 527 mediante
1365 499 1492 534 lumine,
1510 499 1600 534 sieut,
1613 498 1758 528 materiali
1773 498 1820 527 lu-

1039 544 1120 573 mine
1140 545 1286 581 dirigente
1299 546 1448 574 visualem
1466 545 1586 574 radium
1601 545 1641 574 ad
1655 545 1818 581 obJectum,

1039 599 1127 620 sensu
1141 593 1279 621 exteriori
1298 593 1469 630 corporalia
1482 592 1635 621 sensibilia
1654 592 1817 628 indecepti-

1038 638 1137 667 biliter
1151 639 1317 675 capiuntur.
1333 639 1361 668 Si
1378 648 1450 676 ergo
1469 640 1572 668 lumen
1586 639 1723 667 divinum
1745 638 1818 667 defi-

1038 685 1110 720 ciat,
1123 686 1186 722 jam
1202 689 1300 715 creata
1313 687 1421 714 veritas
1435 686 1467 714 in
1486 686 1678 715 mendacium
1693 694 1817 714 conver-

1038 734 1129 768 tetur,
1141 740 1202 761 non
1222 735 1346 769 propter
1365 733 1513 761 defectum
1534 733 1644 770 ipsius,
1660 733 1713 761 sed
1727 741 1817 770 prop-

1037 780 1081 807 ter
1095 779 1142 807 vel
1163 782 1365 808 remanentem
1387 780 1564 808 caecutientis
1586 779 1692 808 mentis
1713 779 1815 808 obfus-

1037 826 1185 854 cationem
1203 847 1214 860 ,
1241 826 1290 854 vel
1317 827 1348 854 in
1376 835 1407 855 se
1434 819 1587 863 percipere
1619 826 1815 862 intelligibilis

1037 872 1167 900 veritatis
1185 873 1304 901 radium
1325 881 1386 902 non
1409 874 1543 902 valentis.
1569 874 1642 901 Cum
1666 881 1754 909 ergo,
1770 882 1814 901 se-

1037 918 1170 947 cundum
1186 919 1270 956 quod
1289 920 1466 948 sensibiliter
1479 919 1632 955 videmus,
1649 920 1734 956 quasi
1749 928 1815 948 om-

1035 966 1081 993 nis
1105 967 1213 994 veritas
1236 967 1272 994 sit
1295 967 1425 995 maxime
1448 967 1485 995 de
1510 966 1638 1002 divinis,
1664 966 1721 994 nisi
1746 966 1813 1002 illa,

1036 1013 1146 1049 quibus
1160 1022 1214 1050 per
1231 1013 1324 1042 fidem
1345 1014 1561 1051 acquiescimus
1572 1036 1581 1049 ‚
1596 1015 1627 1042 in
1650 1014 1811 1042 dubitatio-

1035 1068 1104 1088 nem
1121 1060 1170 1088 vel
1200 1061 1373 1096 opinionem
1394 1069 1551 1097 conversa,
1570 1062 1633 1097 J'am
1655 1069 1717 1089 non
1738 1069 1813 1097 pure

1035 1114 1088 1143 per
1106 1107 1269 1135 humanam
1291 1108 1472 1143 doctrinam,
1489 1108 1642 1136 veritatem
1662 1116 1746 1136 mens
1766 1116 1813 1136 ra-

1035 1153 1154 1182 tionalis
1173 1154 1378 1190 apprehendit.
1403 1156 1435 1183 Ut
1458 1162 1529 1190 ergo
1553 1154 1684 1183 inveniat
1705 1154 1814 1182 verita-

1034 1202 1108 1235 tem,
1124 1200 1162 1228 ad
1187 1201 1296 1229 amoris
1320 1201 1462 1229 unionem
1485 1203 1644 1237 properet,
1663 1203 1691 1229 et
1713 1201 1813 1229 verius

1034 1254 1126 1282 quam
1141 1255 1248 1283 corpus
1267 1255 1321 1283 per
1339 1248 1492 1276 materiale
1511 1248 1666 1276 vinculum
1676 1269 1686 1283 ,
1701 1247 1748 1276 vel
1763 1256 1811 1275 ar-

1033 1292 1150 1321 tificiale
1180 1293 1350 1330 glutinum,
1380 1295 1427 1323 vel
1454 1295 1678 1323 incastraturam
1706 1295 1810 1323 labore

1033 1341 1196 1376 operatoris
1211 1341 1363 1377 industrii,
1380 1342 1498 1378 corpori
1519 1342 1569 1370 alii
1594 1343 1809 1378 conjungatur,

1032 1395 1115 1415 mens
1138 1396 1190 1423 per
1214 1389 1325 1416 amoris
1351 1388 1488 1416 osculum
1511 1389 1611 1417 unitur
1632 1389 1690 1423 illi,
1707 1396 1810 1416 sccun-

1032 1433 1105 1461 dum
1121 1434 1255 1462 divinum
1269 1435 1444 1471 Apostolum
1459 1456 1468 1470 ‚
1485 1436 1535 1472 qui
1552 1437 1562 1453 ³
1578 1430 1660 1463 h‘aeem
1674 1436 1810 1463 inhabitat

1031 1482 1256 1516 inaccessibilem,
1273 1485 1300 1510 et
1323 1485 1393 1510 tune
1417 1482 1474 1510 sibi
1499 1482 1640 1510 dilectum
1665 1491 1751 1510 suum
1777 1482 1810 1509 ti-

1031 1535 1114 1555 more
1129 1527 1211 1556 filiali
1238 1529 1350 1556 timenti
1373 1529 1483 1565 pariter
1497 1531 1525 1557 et
1545 1529 1671 1564 amanti,
1686 1529 1810 1565 promis-

1030 1574 1145 1602 sionem
1161 1574 1254 1602 divini
1269 1576 1421 1611 prophetoe
1436 1575 1584 1603 Malachiae
1600 1576 1805 1611 consequitur,

1031 1620 1154 1649 dicentis
1166 1623 1174 1638 ὃ
1192 1630 1198 1648 :
1221 1622 1301 1649 Vobis
1323 1623 1477 1649 timentibus
1492 1631 1584 1649 nomen
1603 1631 1688 1650 meum
1704 1623 1808 1650 orietur

1030 1669 1075 1695 Sol
1094 1669 1234 1702 just1't1'oe3
1252 1671 1320 1696 tune
1346 1669 1478 1697 divinam
1502 1669 1738 1697 misericordiam
1758 1676 1808 1696 su-

1029 1714 1195 1750 pradictam
1215 1715 1445 1743 misericorditer
1464 1717 1662 1751 consequetur
1674 1716 1683 1731 ⁵
1700 1724 1706 1742 :
1723 1716 1806 1742 Acce-

1029 1761 1086 1788 diie
1110 1762 1146 1788 ad
1169 1770 1228 1789 eum
1254 1765 1278 1789 et
1301 1763 1521 1796 illuminantium
1547 1762 1632 1797 cujus
1656 1761 1753 1789 reddit
1777 1761 1807 1789 in

1029 1807 1153 1843 septimo
1183 1810 1345 1836 Divinarum
1373 1810 1519 1836 Nominum
1543 1808 1699 1844 Dionysius
1720 1808 1806 1835 ratio-

1028 1862 1112 1889 nem,
1128 1855 1199 1891 quia
1224 1856 1346 1891 quando
1368 1864 1452 1883 mens
1475 1855 1553 1883 eirca
1574 1855 1640 1889 illa,
1658 1863 1724 1890 quoe
1739 1856 1805 1882 sunt

1029 1904 1132 1929 creatae
1158 1902 1303 1937 veritatis,
1329 1902 1512 1930 addiscenda
1540 1901 1689 1936 immergit
1719 1901 1806 1929 atl'ec-

1028 1949 1090 1975 tum
1104 1948 1240 1983 finaliter,
1256 1957 1315 1976 non
1339 1949 1438 1976 unitur
1458 1948 1515 1979 illi,
1530 1950 1562 1975 ut
1576 1956 1631 1975 suo
1647 1947 1804 1983 splendore

1028 1994 1182 2030 multiplici
1195 1995 1360 2030 decoretur,
1377 1996 1427 2031 qui
1442 1995 1509 2022 facit
1524 1994 1618 2022 solem
1630 2002 1718 2021 suum
1735 1994 1805 2021 oriri

1027 2049 1116 2077 super
1137 2042 1234 2069 bonos
1258 2045 1286 2070 ct
1310 2042 1423 2076 malos,
1442 2042 1482 2069 sie
1507 2041 1608 2069 dicens
1625 2050 1630 2068 :
1652 2040 1804 2074 «Quando

1027 2096 1110 2115 mens
1133 2088 1170 2115 ab
1188 2089 1329 2116 omnibus
1344 2088 1409 2116 aliis
1423 2088 1580 2122 recedens,
1603 2088 1730 2123 seipsam
1749 2095 1803 2122 po·-

1026 2137 1088 2162 stea
1115 2135 1286 2169 dimittens,
1312 2135 1394 2162 unita
1422 2137 1465 2162 cst
1493 2133 1804 2169 supersplendentibus

1026 2181 1138 2216 radiis,
1162 2181 1309 2217 profunde
1337 2184 1364 2209 et
1389 2179 1636 2215 imperscrutabili
1661 2179 1804 2215 sapientia

1026 2226 1200 2255 illuminata.
1229 2238 1242 2253 »
1267 2227 1347 2254 Unde
1375 2227 1456 2262 prius
1482 2226 1566 2257 dicit,
1591 2227 1687 2259 unita,
1711 2233 1802 2261 quam

1026 2275 1198 2301 inscrutabili
1216 2276 1354 2309 supientia
1377 2275 1551 2304 1'Ilumz'11uta‚·
1565 2275 1597 2299 ut
1616 2272 1696 2300 omni
1712 2273 1803 2299 menti

1026 2321 1169 2355 insinuet,
1187 2320 1270 2356 quod
1284 2328 1346 2347 non
1361 2319 1416 2347 nisi
1430 2319 1578 2346 mediante
1595 2319 1704 2346 unione
1720 2326 1801 2346 amo—

1025 2367 1075 2400 ris,
1086 2369 1214 2395 mentem
1225 2375 1342 2394 summo
1359 2368 1386 2394 et
1396 2365 1591 2394 inaccessibili
1606 2365 1717 2392 lumine
1733 2364 1802 2392 cali-

1024 2414 1137 2448 gantis,
1153 2413 1259 2441 veritas
1274 2413 1376 2448 quoad
1391 2412 1540 2448 profunda
1555 2414 1581 2440 et
1596 2411 1798 2439 inscrutabilia

1024 2461 1140 2496 penitus
1155 2462 1359 2496 cognoscatur.

1060 2506 1197 2542 Sequitur
1227 2506 1264 2534 de
1293 2506 1398 2533 ultimo
1419 2527 1428 2540 ,
1457 2505 1567 2532 scilicet
1601 2504 1637 2531 de
1666 2502 1799 2539 profectu

1025 2553 1129 2581 mentis
1145 2552 1307 2588 diligentis,
1327 2560 1382 2588 pro
1398 2560 1498 2580 amore
1513 2550 1611 2578 dilecti
1629 2549 1668 2577 ad
1683 2549 1799 2585 majora

1025 2617 1034 2632 ³
1055 2618 1060 2640 Ι
1092 2616 1162 2645 Tim..
1188 2622 1225 2644 vx,
1250 2618 1285 2639 iu.
1308 2628 1336 2632 —
1366 2616 1374 2631 δ
1394 2614 1510 2644 Μαιάοἱι.,
1540 2619 1573 2643 iv,
1598 2614 1621 2637 2.
1641 2625 1671 2630 —-
1694 2612 1704 2628 Β
1729 2612 1796 2636 Psul.

1024 2658 1120 2681 xxxm,
1138 2654 1159 2675 ti.
