2004 3037
54 1871 130 1893 Fletus

23 1903 110 1930 triplex.

150 195 211 226 3¹8

149 263 178 290 et
191 261 260 290 ideo
273 261 366 291 homo
378 261 442 299 qui,
452 261 555 291 relicta
567 262 807 298 mansuetudine,
819 262 926 300 agit(a)

148 308 318 344 crudeliter,
345 316 408 338 nou
434 309 544 344 homo,
571 309 626 338 sed
652 309 748 339 bestia
775 309 926 338 silvestris.

148 355 252 384 Mititas
284 355 374 384 etiam
405 355 504 391 figura
535 356 668 386 humana
695 356 926 386 demonstratur.

148 403 254 438 Figura
268 402 350 431 enim
363 402 494 431 hominis
509 403 636 432 exterior
648 403 814 440 quamdam
828 403 928 432 dulce-

149 449 250 477 dinem
272 451 301 478 et
323 448 528 478 affabilitatem
553 450 751 486 demonstrat,
772 452 800 479 et
818 450 927 480 mitita-

148 497 208 524 tem
233 495 414 525 interiorem.
442 497 475 526 ln
503 497 586 526 omni
613 497 762 534 siquidem
789 497 928 526 animalis

148 543 263 579 specie,
283 543 382 579 figura
410 544 545 581 corporis
570 545 723 574 exterioris
744 545 864 581 signum
884 546 928 574 est

147 592 260 619 naturae
282 590 429 619 interioris
445 600 454 618 ε
467 590 543 619 sicut
562 591 643 620 enim
664 592 803 621 videmus
817 614 827 628 ,
843 592 928 629 quod

146 645 262 673 ungues
283 638 380 674 magis
400 638 491 668 fortes
505 641 533 668 et
548 639 642 674 acuti,
657 642 686 668 et
699 648 811 676 magna
825 642 853 668 et
866 647 928 668 am-

146 684 198 721 pla
217 685 314 720 labia,
332 685 500 721 significant
522 686 638 715 rabiem
667 688 695 715 et
723 686 926 716 crudelitatem

145 730 240 760 leonis
264 734 292 760 et
315 732 415 768 canis;
437 733 479 762 sic
499 734 672 762 naturaliter
695 734 788 762 homo
812 733 926 762 habens

144 777 251 806 faciem
262 781 434 815 venustam,
450 782 478 808 et
497 788 617 808 carnem
631 780 770 815 mollem,
785 782 813 809 et
828 783 926 809 cutem

145 824 258 861 levem,
270 827 299 854 et
311 834 426 861 ungues
444 826 566 862 breves,
582 829 611 855 et
630 827 834 856 modicitatem
847 827 925 863 oris,

145 873 174 900 et
196 872 322 908 gratiam
344 872 375 901 in
398 873 510 908 oculis,
529 874 789 902 mansuetudinem
812 873 924 910 signifi-

145 920 191 947 cat
215 927 222 947 ε
245 921 273 947 et
297 919 391 948 multa
410 919 469 948 alia
488 921 658 949 testimonia
679 921 810 949 mititatis
825 942 834 956 ‚
858 928 925 957 quoe

144 968 266 1002 possent
288 966 352 995 dari
370 976 377 994 :
401 969 430 995 et
452 975 468 995 e
493 975 637 996 converso
662 967 818 1002 videmus,
840 966 924 1004 quod

143 1011 236 1041 homo
251 1013 343 1041 iratus
356 1013 448 1042 habet
463 1016 569 1042 tortam
591 1016 619 1042 et
639 1014 783 1042 hirsutam
797 1014 903 1042 faciem
913 1035 922 1050 ‚

144 1061 171 1088 et
185 1060 265 1088 exuit
283 1059 446 1088 humanam
468 1063 622 1096 naturam,
639 1063 666 1089 et
689 1061 786 1090 induit
799 1061 922 1097 turiam3

143 1108 171 1135 et
197 1107 428 1143 quodammodo
462 1108 588 1136 exterior
621 1108 734 1144 efligies
761 1110 923 1144 monstrat,

143 1152 227 1190 quod
241 1153 334 1182 homo
350 1153 440 1182 iratus
451 1154 514 1189 jam
527 1163 589 1183 non
605 1158 648 1183 est
662 1155 769 1191 homo,
786 1156 838 1184 scd
853 1157 923 1185 inci-

141 1200 185 1236 pit
199 1207 260 1228 esse
275 1200 384 1233 bestia,
397 1200 482 1236 juxta
503 1201 578 1229 illud
602 1203 709 1230 Psalmi
726 1205 732 1221 ¹
750 1213 756 1231 z
776 1203 922 1239 Compara-

143 1250 188 1275 tus
209 1250 247 1274 est
269 1247 418 1283 jumentis,
435 1250 489 1276 etc.
515 1250 707 1278 Mansuetudo
733 1250 854 1286 insuper
873 1251 921 1280 vel

142 1293 252 1322 mititas
266 1293 295 1321 in
312 1295 462 1331 Scriptura
481 1295 568 1324 valde
584 1297 811 1325 commendatur
827 1306 833 1325 :
851 1297 921 1326 dici-

143 1341 190 1369 tur
206 1341 285 1369 enim
302 1341 340 1369 de
355 1341 513 1370 Mediatore
529 1345 630 1371 nostro
646 1344 676 1371 in
690 1345 828 1372 Jeremia²
842 1353 848 1372 z
865 1345 921 1379 qu

142 1389 214 1416 sicut
233 1396 318 1423 agnus
341 1391 497 1417 mansuetus
519 1391 566 1424 qui
577 1393 706 1425 portatur
721 1391 757 1418 ad
770 1393 919 1419 victimam.

143 1436 176 1463 Et
189 1435 295 1463 iterum
311 1435 417 1464 dicitur
431 1435 461 1463 in
476 1436 591 1465 Psalmo
608 1438 618 1454 ³
633 1446 641 1465 ι
656 1439 769 1473 Propter
782 1440 921 1466 veritatem

144 1485 169 1510 et
191 1483 443 1518 mansuetudinem,
466 1485 490 1510 et
506 1485 666 1519 Justttz'am,
684 1486 736 1512 etc.
755 1485 836 1513 Unde
851 1487 922 1513 nota

144 1529 216 1565 tria,
233 1537 299 1566 quae
316 1532 392 1558 recte
411 1529 564 1558 hominem
586 1530 753 1566 deducunt,
768 1540 834 1568 quoe
855 1535 922 1560 sunt

144 1576 343 1605 mansuetudo
359 1576 472 1612 cordis,
486 1577 594 1606 veritas
610 1578 670 1606 oris
685 1581 712 1606 et
724 1579 836 1614 justitia
851 1587 921 1616 ope-

143 1631 192 1652 ris.

395 1706 563 1740 CAPUT
595 1708 665 1741 111.

460 1786 497 1812 De
514 1786 599 1813 Fletu.

179 1862 217 1890 De
232 1860 317 1896 fletu,
334 1868 400 1897 quae
421 1862 463 1889 est
482 1862 565 1890 tertia
584 1861 754 1897 beatitudo,
771 1863 842 1890 nota
856 1870 920 1898 spe-

143 1909 255 1936 cialiter
269 1907 341 1943 tria,
356 1907 465 1936 scilicet
486 1908 569 1944 quod
591 1911 633 1936 est
654 1909 739 1937 tletus
754 1916 918 1945 compunc-

142 1955 249 1990 tionis,
264 1955 348 1983 ssetus
367 1955 602 1991 compassionis,
623 1958 651 1984 et
671 1956 756 1984 fletus
780 1956 917 1984 devotio-

141 2003 195 2030 nis.

178 2050 287 2078 Primus
302 2050 400 2082 ssetus,
417 2048 526 2076 seilicet
545 2050 801 2085 compunctionis,
818 2052 859 2078 est
881 2051 919 2078 si-

142 2099 190 2124 cut
205 2097 363 2132 collyrium
375 2095 597 2124 medicativum.
612 2096 694 2124 Unde
711 2097 740 2124 in
751 2097 920 2132 Apocalypsi

141 2143 267 2179 legitur⁴
284 2152 290 2170 t
311 2144 427 2177 Collyrio
443 2144 543 2177 intutae
558 2144 643 2170 oculos
660 2146 728 2171 tuos.
746 2143 824 2171 Sicut
839 2144 919 2171 enim

142 2191 315 2226 collyrium,
331 2190 489 2226 purgando
505 2189 625 2224 oculos,
646 2190 744 2218 turbat
762 2191 877 2224 visum,
892 2193 919 2218 et

142 2238 172 2266 in
185 2237 334 2264 turbando
349 2237 501 2272 puriiicat5
518 2237 559 2264 sic
578 2238 663 2264 tletus
684 2238 919 2273 compunctionis

143 2284 274 2312 animam
291 2283 387 2311 turbat
408 2291 460 2318 por
481 2283 703 2318 poenitentiam,
723 2285 776 2311 sed
792 2285 919 2312 medicat

142 2340 194 2367 per
209 2331 344 2366 gratiam.
361 2331 398 2357 Dc
419 2330 476 2357 hoc
502 2330 570 2358 tletu
592 2331 698 2359 dicitur
713 2331 742 2359 in
757 2332 871 2360 Psalmo
883 2333 892 2348 '⁶
910 2342 915 2359 z

142 2379 241 2406 Exitus
255 2385 388 2413 aquarum
403 2377 590 2410 deduxerunt,
605 2381 657 2405 etc.

177 2424 329 2453 Secundus
343 2423 428 2451 fletus
443 2426 485 2451 est
499 2425 727 2459 00111passioniS‚
746 2427 774 2453 et
788 2429 830 2453 est
845 2426 918 2454 sicut

142 2474 328 2507 unguentum
346 2470 557 2499 lenificativum
572 2480 580 2497 t
596 2479 667 2499 nam
690 2471 764 2499 sicut
782 2480 917 2508 unguen-

143 2520 204 2546 tum
220 2518 360 2553 ungendo
376 2520 459 2546 sanat
474 2518 608 2545 membra
623 2518 799 2554 paralytica,
814 2519 853 2546 sic
865 2520 916 2548 liu-

174 2593 263 2617 ¹Psal.
284 2598 379 2622 vaut,
404 2594 440 2616 lli.
454 2604 484 2610 —-
503 2592 511 2606 ²
533 2592 632 2622 Jerem.7
655 2597 696 2622 xl,
720 2594 754 2616 lt).
771 2605 801 2609 -—
822 2593 831 2608 ³
848 2594 915 2617 psal.

142 2634 213 2657 ξων,
228 2630 250 2653 5.
265 2641 293 2646 -
313 2628 323 2644 ⁴
337 2629 424 2658 Αροικ,
441 2633 486 2656 ιιι,
503 2628 540 2651 18.
553 2640 584 2645 --
601 2628 609 2641 '²
625 2627 803 2657 Psal.cxv111,
821 2630 873 2652 136.
890 2643 915 2646 —

144 2665 154 2679 ⁸
167 2664 222 2695 Job,
237 2669 305 2692 xxii,
321 2665 359 2688 25.
375 2676 405 2682 —
419 2663 429 2680 ⁷
444 2664 530 2694 Prov„
545 2668 599 2693 xiv,
615 2664 653 2688 to.
666 2675 696 2681 -
715 2664 723 2677 ⁸
738 2663 808 2688 Psal.
824 2670 915 2696 cxviii,

697 193 842 227 DIAETAE
862 192 1028 228 SALUTIS
1048 194 1126 228 Tl‘r.
1149 195 1216 230 vn.

982 270 1050 292 mor
1069 265 1286 301 compassionis
1312 268 1397 295 sanat
1420 266 1547 304 cupidos
1566 274 1586 296 a
1606 267 1758 305 paralysi,

981 309 1014 338 id
1028 312 1086 346 est,
1100 311 1140 339 ab
1164 312 1298 342 avaritia.
1321 314 1356 342 Et
1374 315 1463 350 nota,
1479 314 1564 351 quod
1583 313 1624 343 ad
1646 321 1760 350 ungen-

983 356 1056 385 dum
1069 359 1098 386 et
1117 359 1285 388 sanandum
1305 360 1444 390 membra
1463 360 1597 396 infirma,
1611 361 1761 398 praecipue

981 403 1037 432 tria
1050 406 1118 433 sunt
1129 407 1312 441 necessaria,
1326 407 1437 441 scilicet
1450 407 1544 444 ignis,
1561 409 1759 444 unguentum,

983 452 1011 478 et
1025 451 1198 481 confricatio
1212 461 1357 482 manuum
1373 463 1380 482 :
1395 454 1437 483 sic
1452 454 1491 483 ad
1503 462 1581 491 opus
1592 454 1760 483 misericor-

983 497 1040 526 diae
1063 499 1223 535 requiritur
1250 500 1328 536 ignis
1357 501 1524 530 dilectionis
1539 522 1548 537 ‚
1573 503 1760 537 unguentum

983 546 1214 582 compassionis,
1230 548 1259 575 et
1279 555 1386 576 manus
1410 548 1624 577 subventionis.
1641 549 1681 577 De
1701 549 1760 578 hoc

982 590 1052 620 fletu
1067 591 1173 621 dicitur
1186 593 1218 621 in
1229 594 1276 622 Job
1288 593 1299 610 ⁶
1313 604 1322 622 ε
1336 595 1443 623 Flebam
1458 596 1595 631 quondam
1615 603 1696 631 super
1715 603 1758 630 eo,

982 639 1031 673 qui
1055 641 1177 674 afflictus
1202 643 1280 676 erat,
1299 643 1326 669 et
1349 643 1564 678 compatiebatur
1586 644 1681 671 anima
1699 651 1760 671 mea

979 687 1109 720 pauperi.

1017 731 1130 760 Tertius
1152 733 1238 762 fletus
1251 755 1260 769 ,
1285 734 1396 763 scilicet
1416 735 1604 771 devotionis,
1620 738 1663 764 est
1685 736 1760 764 sicut

980 778 1123 807 balneum
1146 780 1366 809 delectativum.
1393 781 1473 810 Unde
1496 783 1616 818 anima,
1639 783 1671 812 in
1698 791 1759 820 qua

980 827 1048 853 sunt
1062 825 1201 862 lacrymae
1220 827 1398 863 devotionis,
1413 830 1494 857 natat
1507 828 1538 857 in
1552 828 1710 858 devotione
1731 832 1760 859 et

979 871 1135 908 lacrymis,
1151 873 1226 901 sicut
1238 874 1327 910 piscis
1340 875 1372 902 in
1394 874 1528 903 flumine.
1557 877 1631 904 Nam
1653 876 1761 906 dicitur

979 918 1010 946 in
1038 920 1190 948 Proverbiis
1212 921 1245 948 ⁷:
1270 921 1320 949 Cor
1347 922 1419 957 quod
1444 925 1521 950 novit
1546 923 1759 952 amaritudinem

980 967 1078 994 animoe
1091 974 1159 1000 suoe,
1177 969 1207 995 in
1222 968 1323 1002 gaudio
1340 970 1418 997 illius
1431 977 1485 997 non
1498 970 1655 999 miscebitur
1668 973 1760 999 extra-

979 1020 1054 1041 neus.

1017 1061 1086 1088 ltem
1099 1062 1188 1096 nota,
1212 1061 1295 1097 quod
1309 1070 1362 1090 sex
1377 1065 1444 1091 sunt
1458 1062 1543 1091 fletus
1556 1063 1756 1099 incitamenta,

979 1109 1008 1135 et
1022 1115 1073 1135 sex
1093 1108 1178 1137 tletus
1196 1109 1430 1145 impedimenta,
1446 1112 1473 1139 et
1497 1118 1549 1139 sex
1573 1111 1658 1140 fletus
1675 1119 1756 1140 emo-

978 1154 1120 1183 lumenta.

1014 1202 1111 1230 Fletus
1130 1202 1219 1238 igitur
1242 1203 1432 1233 incltamenta
1455 1208 1523 1234 sunt
1548 1214 1609 1234 sex.
1626 1207 1757 1236 Primum

979 1251 1021 1277 est
1040 1250 1204 1285 recognitio
1222 1251 1350 1286 propriae
1373 1251 1467 1288 culpae
1483 1261 1489 1280 :
1505 1260 1577 1281 nam
1600 1253 1709 1282 dicitur
1726 1253 1758 1282 in

979 1296 1094 1324 Psalmo
1108 1298 1118 1313 ⁸
1134 1306 1141 1324 ε
1158 1298 1258 1325 Exitus
1274 1306 1408 1333 aquarum
1423 1299 1593 1327 deduxerunt
1608 1301 1681 1328 oculi
1694 1302 1755 1328 mei.

978 1343 1149 1371 Secundum
1162 1346 1204 1372 est
1219 1344 1365 1373 incolatus
1379 1346 1529 1386 praesentis
1543 1346 1624 1382 vitae,
1640 1349 1672 1375 ut
1686 1347 1757 1375 dici-

978 1391 1024 1417 tur
1039 1390 1172 1419 similiter
1187 1391 1218 1419 in
1236 1391 1350 1420 Psalmo
1361 1393 1388 1420 ⁹:
1404 1394 1463 1420 Heu
1477 1394 1560 1428 mihi,
1576 1396 1643 1429 quia
1654 1395 1758 1422 incola-

979 1439 1021 1464 tus
1040 1445 1113 1465 meus
1132 1439 1310 1474 prolongatus
1331 1442 1379 1466 est.
1396 1440 1523 1468 Tertium
1545 1442 1588 1468 est
1602 1441 1690 1469 timor
1704 1449 1756 1477 ge-

977 1483 1083 1512 hennae
1105 1494 1112 1519 ;
1140 1492 1210 1513 nam
1241 1486 1347 1514 dicitur
1375 1487 1406 1514 in
1433 1487 1511 1515 libro
1533 1488 1696 1516 threnorum
1708 1488 1728 1505 ¹⁰
1748 1497 1755 1517 ι

977 1531 1092 1560 Plorans
1114 1533 1235 1567 ploravit
1259 1535 1287 1560 in
1310 1537 1405 1568 nocte,
1430 1534 1461 1561 id
1484 1537 1544 1567 est,
1570 1535 1601 1563 in
1623 1538 1756 1571 peccato.

978 1579 1119 1611 Quartum
1135 1582 1177 1607 est
1191 1580 1357 1608 recordatio
1372 1581 1518 1616 passionis
1537 1581 1709 1617 dominicae,
1725 1584 1758 1611 ut

976 1624 1085 1660 legitur
1099 1626 1130 1654 in
1143 1626 1259 1654 Psalmo
1272 1629 1288 1644 ¹¹
1303 1636 1309 1654 :
1326 1629 1446 1655 Fuerunt
1466 1629 1535 1655 mihi
1551 1629 1676 1663 Iacrymoe
1693 1637 1757 1657 meoe

976 1681 1059 1708 panes
1080 1673 1125 1700 die
1148 1681 1178 1700 ac
1202 1677 1285 1701 nocte.
1305 1674 1445 1707 Quintum
1467 1677 1509 1702 est
1523 1675 1690 1711 compassio
1705 1675 1757 1704 hu·

978 1727 1073 1747 manee
1091 1719 1231 1754 miseriae,
1249 1722 1281 1748 ut
1295 1720 1365 1748 dicit
1378 1721 1537 1756 Apostolus
1550 1722 1569 1740 ¹²
1584 1731 1590 1748 ι
1608 1723 1683 1749 Flere
1696 1731 1756 1750 cum

977 1767 1110 1799 flentibus
1142 1768 1262 1795 Sextum
1284 1769 1325 1794 est
1350 1767 1532 1795 desiderium
1554 1767 1678 1796 coelestis
1702 1776 1754 1804 pa<

977 1813 1055 1846 trite,
1070 1815 1102 1840 ut
1121 1812 1226 1840 dicitur
1241 1813 1271 1840 in
1289 1813 1403 1841 Psalmo
1420 1813 1439 1830 '³
1457 1823 1463 1841 τ
1479 1814 1564 1849 Super
1575 1816 1688 1849 flumina
1701 1816 1756 1843 Ba-

979 1860 1101 1894 bylonis,
1118 1859 1149 1887 id
1164 1862 1220 1894 est,
1242 1859 1385 1887 calcando
1408 1860 1634 1889 delectationem
1653 1862 1756 1890 transi-

978 1906 1103 1941 toriam,
1122 1907 1238 1934 sedimus
1257 1914 1311 1942 per
1326 1907 1456 1943 quietam
1471 1908 1694 1936 meditationem
1705 1929 1715 1943 ,
1729 1912 1755 1937 et

976 1955 1097 1987 flevimus
1111 1956 1232 1990 propter
1247 1953 1370 1982 coelestis
1393 1955 1495 1990 patriae
1517 1954 1754 1983 delectationem.

977 2000 1058 2028 Unde
1074 2001 1205 2036 sequitur
1218 2010 1224 2028 :
1244 2002 1312 2027 Dum
1330 2002 1532 2029 recordaremur
1547 2003 1601 2037 tui,
1621 2003 1704 2031 Sion:
1720 2002 1756 2030 si-

977 2051 1025 2076 cut
1052 2049 1201 2077 interdum
1229 2050 1404 2085 peregrinus
1433 2050 1593 2086 lacrymari
1619 2050 1753 2087 cogitur,

977 2103 1045 2124 cum
1061 2104 1120 2124 suae
1134 2096 1235 2132 patriae
1250 2097 1433 2125 recordatur.

1012 2144 1067 2170 Sex
1089 2145 1156 2170 sunt
1175 2143 1264 2171 etiam
1278 2144 1362 2171 fletus
1385 2144 1607 2180 impedimenta.
1625 2144 1754 2172 Primum

976 2192 1018 2217 est
1033 2190 1179 2225 superbiae
1193 2190 1292 2218 elatio.
1309 2191 1387 2218 Sicut
1402 2191 1557 2225 videmuS,
1574 2190 1658 2226 quod
1671 2198 1754 2218 mon-

976 2238 1018 2264 tes
1043 2239 1070 2264 et
1097 2236 1157 2264 alta
1184 2237 1250 2264 loca
1273 2239 1491 2265 consueverunt
1514 2245 1576 2265 esse
1593 2237 1697 2271 arida,
1713 2237 1754 2265 sic

975 2291 1062 2311 mons
1087 2283 1220 2311 elationis
1245 2286 1272 2311 et
1295 2283 1441 2319 superbire
1471 2286 1513 2311 est
1539 2284 1649 2312 aridus.
1672 2284 1753 2312 Unde

976 2331 1082 2358 dicitur
1096 2331 1126 2358 in
1147 2331 1272 2358 Josue¹⁴t
1293 2332 1400 2358 Terram
1420 2335 1537 2359 arentem
1556 2332 1657 2360 dedisti
1668 2332 1753 2366 mihi,

969 2378 1054 2413 junge
1065 2381 1089 2405 et
1104 2379 1250 2411 irrz'quam.
1271 2377 1315 2404 Sic
1331 2385 1346 2404 e
1362 2386 1505 2406 converso
1519 2378 1645 2406 humiles
1659 2378 1753 2406 abun-

976 2424 1048 2452 dant
1075 2424 1214 2460 lacrymis
1236 2445 1243 2457 ‚
1274 2424 1349 2451 sicut
1381 2425 1518 2453 videmus
1550 2425 1633 2461 quod
1659 2424 1752 2452 valles

975 2471 1131 2500 abundant
1143 2471 1242 2507 aquis:
1260 2478 1329 2498 nam
1345 2471 1494 2500 humilitas
1508 2474 1549 2499 est
1561 2471 1645 2500 vallis
1659 2470 1752 2507 lacry-

979 2549 1030 2571 130.
1045 2561 1076 2566 —
1093 2547 1101 2561 ³
1119 2546 1187 2571 Psul.
1204 2551 1274 2576 cxlx,
1290 2547 1313 2569 5.
1329 2558 1359 2563 —
1374 2546 1395 2562 ¹⁰
1411 2546 1508 2577 Thr-en„
1523 2553 1542 2577 1,
1562 2548 1585 2570 2.
1600 2559 1629 2564 —
1649 2547 1667 2562 '¹
1681 2546 1748 2570 Psal.

976 2589 1033 2613 xri,
1048 2585 1070 2607 4.
1088 2596 1116 2600 -
1133 2583 1153 2598 ¹²
1172 2582 1249 2611 Rom„
1265 2587 1320 2612 xii,
1338 2584 1374 2606 15.
1391 2595 1416 2600 ——
1441 2582 1458 2599 ¹³
1474 2582 1540 2607 Psal.
1558 2587 1668 2611 cxxxvx,
1686 2584 1707 2606 l.
1720 2595 1750 2601 —

977 2619 996 2635 ¹⁴
1008 2620 1071 2642 Jos..
1085 2624 1127 2649 xv,
1144 2619 1181 2642 19.

1017 2667 1040 2696 α)
1058 2666 1118 2690 Coet.
1133 2664 1196 2689 edit.
1211 2664 1316 2696 regitur.

1799 1072 1841 1092 Sex
1847 1070 1879 1091 in-

1771 1102 1839 1122 citant
1850 1101 1878 1122 ad

1772 1134 1854 1155 netum.

1799 2160 1875 2181 Fletus

1777 2190 1867 2217 impedi-

1786 2224 1860 2243 meum

1769 2258 1816 2273 sex.
