2004 3037
72 1335 168 1356 Habitus

70 1371 174 1392 superna-

88 1397 173 1418 turales

95 1428 159 1449 nobis

90 1459 165 1480 insun-

83 1491 172 1512 duuzur.

690 264 738 297 DE
758 263 905 303 QUINTO
929 263 1099 297 lTlNERE.
1123 265 1223 298 DIST.
1247 266 1284 298 V.

180 338 282 368 velum
295 337 442 372 removet,
458 341 580 364 omnem
598 332 752 362 veritatem
766 332 864 361 docet.
880 331 959 360 Unde

181 384 338 422 Apostolus
353 383 424 412 dicit
438 382 447 400 ¹
463 390 470 411 :
484 381 567 412 Nobis
582 381 671 408 autem
684 380 814 408 revelavit
830 381 898 408 Deus
913 387 961 415 per

181 434 311 469 spiritum
333 438 427 466 suum,
452 430 518 466 quia
544 429 636 456 omnia
659 429 859 464 perscrutatur,
880 427 962 455 etiam

181 479 319 516 profunda
342 479 401 506 Dei.
419 479 451 506 Et
468 477 596 505 Joannes
617 473 648 503 ¹:
678 475 772 502 Unctio
795 473 897 501 docebit
919 480 961 501 vos

183 529 274 555 omnia
290 526 338 563 (a),
353 527 454 554 seilicet
466 525 588 560 Spiritus
602 524 721 551 sanctus.

419 619 662 679 DJSTINGTIO
687 619 728 653 V.

217 697 338 731 Qualiter
358 703 408 731 per
431 693 723 730 superintellectualem
746 691 937 719 revelationem

186 744 344 770 aeternorum
375 740 492 776 spiritus
531 740 620 766 noster
647 736 799 764 aeternitati
835 737 964 763 uniatur.

221 810 327 845 Quinto
348 808 515 836 videndum
535 809 596 841 est,
614 805 741 842 qualiter
757 812 811 841 per
835 803 968 840 superin-

186 857 387 886 tellectualem
409 855 624 884 revelationem
647 855 828 882 aeternorum
851 851 969 888 spiritus

187 907 287 934 noster
300 903 452 933 {etei-nitati
469 902 599 930 uniatur.

224 952 281 981 Sed
308 951 356 979 hic
380 950 478 987 primo
508 947 636 978 occurrit
663 947 807 981 dubium,
832 945 915 982 quod
939 945 971 973 in

189 998 371 1027 rexelatione
401 997 457 1025 ista
480 994 762 1032 superintellectuali
788 992 905 1021 videtur
929 992 972 1019 in-

191 1047 271 1076 cludi
286 1046 458 1083 oppositum
472 1046 504 1074 in
514 1045 643 1080 adjecto,
658 1043 739 1079 quia,
754 1045 786 1070 ut
798 1042 838 1070 ait
852 1041 971 1078 Papias:

195 1105 209 1121 ι(
228 1093 378 1123 Revelatio
401 1094 444 1121 est
459 1091 656 1120 manifestatio
677 1098 797 1124 eorum,
822 1097 888 1124 quae
913 1088 974 1116 fue-

191 1142 261 1170 runt
283 1140 457 1169 abscondita
477 1150 490 1165 »
509 1148 515 1167 :
532 1139 585 1167 sed
600 1137 775 1166 abscondita
789 1136 973 1170 revelantur,

194 1197 262 1216 cum
286 1187 509 1222 intelliguntur3
535 1194 601 1222 quae
625 1185 724 1213 antem
753 1182 973 1217 intelliguntur,

194 1244 256 1264 non
277 1237 345 1263 sunt
368 1232 664 1270 superintellectualia
681 1241 686 1259 :
704 1239 774 1266 ergo
790 1229 873 1258 nulla
892 1236 975 1257 reve-

195 1282 267 1310 latio
283 1281 389 1309 dicitur
403 1278 711 1317 superintellectualis.

232 1329 289 1358 Sed
312 1329 352 1356 ad
373 1328 481 1356 horum
501 1326 702 1362 cognitionem
723 1324 911 1358 habendam,
935 1324 977 1350 est

197 1375 378 1410 notandum,
404 1374 488 1412 quod
510 1373 675 1402 secundum
699 1374 814 1400 sanctos
843 1369 977 1406 Augusti-

198 1432 286 1458 num,
303 1422 494 1458 Gregofium,
511 1420 698 1457 Dionysium,
719 1420 747 1447 et
763 1419 847 1453 alios,
863 1417 978 1445 homini

198 1479 216 1499 a
232 1472 289 1498 Deo
305 1470 454 1497 donantur
473 1468 581 1497 diversi
600 1467 719 1495 habitus
739 1464 977 1501 supernaturales

198 1518 237 1546 ad
257 1525 344 1545 suum
365 1516 471 1550 finem,
494 1515 546 1551 qui
569 1516 611 1542 est
630 1512 875 1549 supernaturalis,
898 1519 979 1538 com-

196 1563 459 1600 prehendendum,
483 1561 531 1589 vel
551 1560 807 1596 consequendum.
829 1560 979 1586 Donantur

197 1611 277 1639 enim
289 1609 450 1638 intellectui
462 1608 581 1636 habitus
592 1606 830 1643 supernaturales
841 1605 880 1633 ad
891 1612 979 1631 suum

196 1658 287 1685 finem
303 1655 562 1692 cognoscendum,
580 1656 611 1681 ut
625 1654 711 1687 fides,
726 1655 754 1680 et
768 1652 889 1680 scientia
903 1651 979 1678 divi-

196 1712 322 1738 norum,
339 1706 392 1731 etc.
409 1704 559 1730 Donantur
575 1701 663 1729 etiam
678 1698 822 1727 voluntati
838 1705 979 1734 superna-

197 1751 306 1779 turales
320 1750 439 1778 habitus
455 1749 493 1776 ad
518 1750 609 1776 Deum
625 1746 824 1782 diligendum,
840 1747 872 1772 ut
887 1743 980 1772 chari-

198 1801 252 1833 tas,
264 1798 325 1825 sive
339 1805 423 1825 amor
438 1795 593 1831 gratuitus,
612 1796 665 1822 etc.
682 1793 739 1821 Sed
754 1792 872 1820 habitus
887 1791 980 1819 chari-

200 1845 264 1873 tatis
273 1844 392 1872 excellit
405 1851 508 1870 omnes
518 1841 637 1869 habitus
648 1840 824 1873 intellectuS,
834 1841 866 1866 ut
876 1838 916 1865 fid
922 1846 978 1872 cm,

200 1894 227 1920 et
241 1899 334 1927 spem,
351 1892 379 1917 et
393 1889 555 1923 scientiam,
572 1890 640 1922 etc„
656 1889 687 1915 ut
702 1894 838 1922 expresse
855 1885 982 1913 ostendit

200 1937 356 1974 Apostolus
375 1938 406 1964 in
421 1936 546 1972 epistola
561 1935 658 1971 prima
679 1934 718 1962 ad
733 1933 913 1967 Corinthios,
929 1932 981 1959 ubi

201 1985 299 2022 primo
314 1983 493 2012 enumeratis
508 1982 657 2017 aliquibus
669 1981 783 2008 actibus
795 1982 821 2007 et
830 1979 982 2007 habitibus

201 2032 364 2060 intellectus
385 2033 413 2058 et
434 2029 594 2057 voluntatis
608 2029 638 2055 ³:
662 2029 747 2062 vu1j0r
770 2029 858 2054 autem
874 2027 983 2060 horum,

203 2079 305 2113 infert,
326 2080 362 2105 est
383 2078 512 2104 charitas.
540 2077 572 2103 Et
595 2074 722 2102 ostendit
745 2073 875 2107 ibidem,
901 2072 983 2108 quod

204 2125 304 2153 nullus
318 2124 455 2157 habitus,
477 2123 525 2150 vel
541 2124 622 2150 actus
637 2120 816 2153 intellectus,
837 2121 879 2147 est
893 2118 983 2145 meri-

204 2173 296 2200 torius
311 2172 372 2199 sine
387 2171 490 2199 habitu
513 2169 688 2203 voluntatis,
710 2167 763 2204 qui
785 2169 826 2194 est
841 2165 982 2199 charitas;

207 2221 234 2248 et
249 2219 331 2255 quod
349 2218 467 2246 habitus
490 2216 654 2245 intellectus
675 2214 844 2250 aliqualiter
859 2220 985 2240 cvacua-

207 2267 327 2300 buntur,
343 2267 463 2301 propter
482 2263 736 2300 imperfectionem
752 2269 871 2294 eorum,
888 2260 918 2287 in
933 2267 986 2294 pa-

208 2314 272 2342 tria.
297 2313 415 2340 Habitus
439 2315 538 2340 autem
559 2309 738 2343 voluntatis,
760 2309 881 2344 propter
902 2314 987 2333 suam

208 2360 429 2396 perfectionem,
445 2358 663 2394 permanebunt
678 2356 708 2383 in
720 2355 834 2392 patria:
854 2353 906 2381 sed
920 2360 987 2389 per-

209 2407 343 2435 fectiores
365 2405 485 2433 eliciunt
503 2406 585 2432 actus
595 2425 603 2438 ,
618 2406 649 2431 ut
664 2404 743 2439 patet
757 2412 763 2429 ;
781 2403 808 2429 et
826 2401 893 2428 ideo
907 2402 988 2427 actus

212 2453 376 2480 dilectionis
390 2452 438 2479 hie
451 2451 603 2487 praefertur
624 2450 701 2478 actui
719 2447 909 2483 cognitionis,
925 2448 988 2473 tan-

213 2509 305 2536 quam
331 2498 496 2535 perfectior.
524 2497 605 2525 Unde
632 2498 664 2524 in
691 2497 817 2523 Matthaeo
846 2493 987 2527 dicitur‘*,
1025 2494 1029 2497 '

214 2547 297 2583 quod
308 2546 425 2574 dilectio
437 2547 479 2573 est
490 2546 609 2580 primum
623 2547 648 2571 et
658 2545 806 2570 maselinum
817 2541 988 2568 mandatum.

216 2594 285 2621 ltem
303 2593 380 2621 actui
401 2591 566 2620 dilectionis
583 2590 721 2618 convenit
742 2589 826 2617 unire
849 2590 875 2615 et
896 2589 990 2614 trans-

250 2669 254 2682 ¹
273 2668 280 2691 1
296 2667 363 2696 Cor.,
378 2673 407 2698 11,
423 2668 461 2691 20.
478 2667 547 2690 -21
563 2667 645 2695 loun„
661 2672 689 2696 11,
705 2666 743 2689 27.
757 2678 788 2682 —
799 2664 807 2677 ³
823 2664 831 2688 1
849 2663 917 2690 Cor„
932 2667 990 2691 xm,

220 2706 256 2728 13.
272 2717 302 2722 —-
316 2704 326 2720 Α
340 2703 440 2730 Manu„
459 2709 525 2729 xxii.
549 2703 587 2726 38.
603 2715 632 2720 -—
650 2702 657 2715 ⁵
677 2701 752 2725 Dion.
771 2702 872 2730 Areop„
891 2698 920 2722 cle
935 2698 990 2721 Diu.

218 2740 300 2769 Nom„
316 2746 336 2763 c.
355 2745 388 2763 xv.
403 2752 434 2757 —
452 2739 461 2755 Ε
479 2739 484 2762 l
501 2739 634 2767 Joan.,111,
649 2739 670 2761 2.
687 2751 718 2755 -
731 2737 741 2753 '¹
753 2737 834 2763 duan„
850 2740 892 2764 xv,
910 2735 947 2757 15.
962 2745 992 2750 —

1737 264 1792 294 461

1014 332 1160 368 formare,
1174 334 1207 362 ut
1225 332 1296 361 dicit
1315 332 1472 369 Dionysius
1486 332 1507 367 ⁸,
1532 332 1565 359 de
1580 332 1688 359 Divinis
1701 331 1797 360 Nomi-

1015 380 1108 412 nibus,
1129 381 1161 407 ut
1182 379 1280 408 visum
1302 380 1344 408 est
1365 387 1473 416 supra:
1496 378 1554 407 hoc
1577 379 1677 406 autem
1698 376 1798 405 nullus

1017 427 1150 456 attribuit
1164 425 1329 456 intellectui
1342 426 1473 463 proprie.
1490 427 1530 454 Ex
1550 425 1596 453 his
1614 424 1704 460 igitur
1717 425 1799 461 patet

1017 474 1122 511 plane,
1145 474 1230 511 quod
1254 475 1336 502 actus
1357 472 1521 501 dilectionis
1546 471 1664 500 excellit
1682 473 1710 500 et
1727 479 1800 508 prae-

1019 522 1096 550 cedit
1110 523 1209 550 actum
1228 520 1405 557 cognitionis
1426 518 1631 548 intellectualis
1652 518 1683 546 in
1697 518 1800 555 aliquo

1019 568 1125 604 gradu.
1142 570 1174 597 ln
1186 570 1332 604 quantum
1347 568 1447 595 autem
1461 574 1530 594 eum
1545 565 1677 599 excellit,
1693 565 1724 593 in
1738 566 1801 593 tan-

1019 617 1083 644 tum
1104 624 1172 644 eum
1195 614 1311 643 excedit
1333 613 1506 650 attingendo
1529 614 1621 641 Deum
1641 612 1672 640 in
1697 612 1800 648 aliquo

1021 663 1116 698 gradu
1131 662 1312 697 dilectionis,
1333 662 1372 690 ad
1388 669 1479 697 quem
1501 661 1583 688 actus
1598 659 1802 687 intellectualis

1022 709 1141 738 extendi
1155 717 1218 738 non
1231 710 1337 745 potest,
1353 708 1424 745 quia
1438 705 1734 744 superintellectualis
1749 707 1801 740 est,

1022 757 1127 785 saltem
1147 757 1178 784 in
1202 756 1258 784 hac
1282 755 1359 790 vita,
1387 754 1459 791 quia
1483 754 1514 781 in
1537 753 1633 789 patria
1653 753 1804 781 videbimus

1024 805 1108 832 Deum
1128 805 1212 831 sicuti
1233 805 1285 834 est,
1307 803 1339 830 ut
1360 801 1431 829 dicit
1444 801 1455 818 θ
1474 802 1613 829 loannes,
1631 801 1686 827 Nec
1708 799 1805 827 obstat

1025 850 1108 887 quod
1122 850 1192 878 dicit
1204 849 1403 885 Augustinus:
1419 859 1433 874 «
1445 847 1597 883 Incognita
1612 854 1805 882 nequaquam

1024 898 1149 933 possunt
1170 896 1284 924 amar-i:
1306 906 1319 922 i)
1337 895 1408 932 quia
1431 897 1474 923 est
1493 894 1596 922 notitia
1619 893 1722 929 aliqua
1744 901 1806 920 non

1026 943 1246 978 intellectualis,
1268 943 1320 971 scd
1340 941 1503 970 affectualis
1525 949 1577 968 seu
1593 941 1807 976 experimenta-

1027 991 1072 1026 lis,
1088 993 1120 1019 ut
1134 991 1231 1019 statim
1244 989 1365 1026 patebit.
1378 989 1459 1016 Unde
1475 987 1641 1023 Gregorius,
1655 995 1807 1023 exponens

1028 1038 1103 1067 illud
1110 1037 1231 1066 Joannis
1240 1038 1267 1065 7:
1283 1038 1334 1065 Vos
1346 1037 1409 1064 dimi
1419 1037 1519 1063 amicos
1529 1043 1608 1068 meos,
1620 1035 1686 1069 etc„
1699 1033 1788 1062 (11011.Β
1799 1043 1807 1060 :

1030 1085 1100 1121 quia.
1118 1096 1130 1110 «
1146 1093 1215 1113 cum
1229 1083 1350 1112 affectus
1367 1082 1583 1118 discipulorum
1597 1081 1808 1117 imprimuntur

1031 1132 1133 1160 divino
1149 1131 1258 1167 amori,
1274 1131 1307 1159 fit
1320 1131 1351 1158 in
1369 1130 1410 1158 eis
1430 1129 1594 1166 praelibatio
1610 1128 1762 1165 quaedam,
1781 1129 1809 1156 et

1030 1187 1083 1216 per
1093 1186 1278 1215 consequens
1289 1178 1427 1214 quaedam
1438 1176 1541 1205 notitia
1554 1174 1808 1212 experimentalis:

1032 1227 1103 1263 quia
1123 1216 1208 1254 amor
1228 1225 1333 1253 notitia
1354 1224 1493 1261 quaedam
1515 1226 1567 1251 est.
1589 1232 1602 1248 »
1620 1224 1695 1258 Ergo
1713 1224 1810 1258 patet,

1032 1274 1116 1310 quod
1138 1281 1200 1301 non
1215 1275 1257 1301 est
1278 1271 1450 1308 oppositum
1470 1270 1500 1298 in
1521 1269 1655 1305 adjecto,
1676 1277 1745 1296 cum
1758 1269 1811 1296 illa

1031 1320 1134 1349 notitia
1154 1320 1190 1348 sit
1210 1320 1269 1348 alia
1289 1319 1327 1347 ab
1345 1317 1553 1352 intellectuali,
1574 1318 1607 1344 ut
1626 1316 1739 1344 dictum
1758 1317 1810 1343 est.

1032 1369 1105 1396 Cum
1127 1367 1274 1403 praedictis
1302 1365 1465 1394 concordat
1488 1366 1571 1400 nugo
1597 1364 1813 1391 commentator

1034 1415 1174 1450 Dionysii,
1190 1414 1291 1442 dicens
1306 1413 1346 1440 sic
1357 1414 1381 1440 ⁹:
1398 1422 1410 1438 «
1425 1411 1572 1446 Intelligas
1588 1412 1698 1446 quanta
1713 1412 1755 1437 est
1769 1409 1813 1437 vis

1033 1461 1095 1489 veri
1111 1461 1220 1489 amoris
1235 1462 1262 1488 et
1276 1460 1453 1494 dilectionis,
1469 1459 1492 1486 si
1508 1461 1607 1486 tamen
1622 1457 1746 1492 intelligi
1761 1465 1813 1493 po-

1033 1510 1087 1536 test
1100 1518 1105 1535 :
1121 1507 1265 1544 quoniam
1280 1507 1398 1534 dilectio
1414 1505 1616 1542 supereminet
1630 1504 1771 1538 scientiae,
1786 1506 1814 1531 el:

1034 1555 1130 1590 major
1158 1556 1200 1582 est
1227 1553 1440 1588 intelligentia3
1468 1552 1535 1588 plus
1565 1551 1641 1578 enim
1670 1550 1813 1586 diligitur,

1035 1610 1127 1638 quam
1148 1600 1327 1636 intelligitur.
1345 1602 1432 1628 intrat
1456 1598 1576 1626 dilectio
1602 1600 1629 1625 et
1652 1597 1813 1633 appropin-

1036 1650 1121 1685 quat,
1137 1648 1189 1676 ubi
1210 1647 1330 1675 scientia
1352 1647 1423 1674 foris
1444 1648 1509 1673 stat,
1526 1657 1538 1670 »
1557 1646 1589 1672 Et
1609 1644 1708 1672 reddit
1725 1644 1813 1672 ratio-

1035 1704 1121 1723 nem:
1138 1705 1150 1721 ‹<
1166 1695 1240 1728 Quia
1251 1702 1347 1728 amor,
1363 1693 1468 1729 inquit,
1485 1700 1666 1728 praesumens
1681 1693 1708 1719 et
1723 1691 1813 1719 conti-

1036 1743 1109 1770 dens
1124 1744 1236 1776 amato,
1252 1749 1305 1768 suo
1322 1740 1458 1768 acumine
1475 1741 1609 1776 penetrat
1625 1738 1740 1772 omnia,
1759 1738 1814 1765 im-

1036 1791 1137 1825 petum
1158 1796 1286 1824 sequens
1307 1787 1437 1816 ardentis
1456 1786 1596 1814 desiderii
1613 1785 1672 1819 sui,
1689 1793 1743 1812 nec
1759 1785 1815 1811 dis-

1036 1836 1169 1864 simulari
1190 1835 1309 1869 valens,
1330 1835 1426 1862 donec
1444 1834 1481 1861 ad
1501 1835 1634 1861 amatum
1648 1832 1816 1868 perveniat,

1038 1886 1064 1912 et
1080 1892 1115 1911 eo
1132 1883 1197 1919 ipso
1215 1882 1343 1918 amplius
1358 1881 1456 1909 adhuc
1472 1881 1571 1908 sitiens
1586 1880 1694 1907 intrare
1707 1879 1816 1915 ipsum,

1038 1933 1065 1959 et
1080 1939 1141 1959 esse
1158 1939 1226 1958 cum
1243 1930 1318 1965 ipso,
1335 1931 1363 1956 et
1378 1937 1440 1956 csse
1455 1930 1516 1956 tam
1529 1936 1638 1964 prope,
1655 1930 1699 1962 ut,
1716 1927 1739 1954 si
1754 1927 1817 1954 ficri

1037 1978 1149 2013 possit,
1170 1977 1228 2004 hoc
1247 1976 1328 2003 idem
1350 1976 1449 2011 ipsum
1471 1975 1506 2002 sit
1524 1975 1606 2010 quod
1626 1974 1698 2010 ipse.
1716 1984 1728 2000 »
1748 1976 1818 2001 Ecce

1039 2032 1175 2059 expresse
1196 2023 1279 2056 dicit,
1297 2023 1381 2058 quod
1400 2029 1487 2048 verus
1510 2029 1594 2048 amor
1615 2020 1664 2048 Dei
1682 2020 1745 2047 unit
1759 2022 1817 2047 Deo

1039 2070 1238 2098 immediatius
1262 2078 1352 2104 quam
1378 2067 1555 2100 intellectio,
1581 2070 1608 2094 et
1628 2067 1711 2103 quod
1733 2067 1818 2094 intel-

1039 2117 1130 2145 lectus
1149 2124 1211 2144 non
1225 2115 1312 2151 capit.
1334 2115 1378 2143 Sic
1393 2123 1464 2150 ergo
1486 2114 1552 2142 talis
1566 2114 1668 2142 notitia
1683 2114 1818 2141 affectua-

1041 2164 1076 2191 lis
1093 2166 1134 2191 est
1149 2163 1282 2199 superior
1297 2161 1498 2190 intellectuali.
1512 2164 1583 2190 Cum
1597 2161 1643 2188 his
1659 2161 1820 2188 concordat

1041 2219 1094 2247 per
1120 2211 1221 2238 omnia
1242 2209 1434 2237 vercellensis
1453 2217 1533 2243 super
1551 2209 1678 2239 Cantica,
1702 2208 1819 2241 dicens,

1043 2258 1149 2293 quoda
1162 2257 1282 2285 affectus
1297 2258 1324 2284 et
1339 2256 1503 2283 intellectus
1519 2255 1606 2282 simul
1618 2254 1819 2289 coambulant,

1043 2312 1137 2340 usque
1154 2304 1192 2331 ad
1208 2303 1403 2331 novissimum
1421 2302 1568 2330 desectum
1582 2301 1755 2335 intellectus,
1769 2301 1821 2328 ubi

1044 2351 1133 2380 habet
1157 2359 1216 2378 suae
1237 2350 1413 2385 cognitionis
1436 2352 1463 2377 et
1483 2350 1528 2376 sui
1547 2349 1667 2375 luminis
1686 2356 1822 2375 consum-

1044 2398 1239 2426 mationem.»
1251 2397 1377 2425 Affectus
1388 2398 1487 2424 nutem
1498 2396 1595 2423 adhuc
1607 2395 1734 2422 continet
1744 2395 1822 2430 prin-

1046 2445 1152 2481 cipalia
1179 2445 1209 2472 in
1237 2446 1329 2471 Deum
1353 2443 1494 2478 suspiria,
1524 2436 1822 2477 superintellectuales

1046 2492 1229 2520 extensiones
1249 2493 1277 2518 et
1298 2490 1513 2523 immissiones,
1529 2488 1661 2516 fervidos
1681 2488 1822 2522 fulgores,

1047 2541 1074 2566 et
1087 2538 1218 2573 fulgidos
1237 2537 1385 2565 fervores:
1408 2536 1446 2564 ad
1467 2543 1596 2572 quorum
1617 2534 1751 2562 omnium
1771 2543 1821 2562 su-

1046 2585 1153 2613 blimes
1169 2593 1304 2612 excessus
1326 2586 1352 2612 et
1373 2583 1547 2611 excedentes
1568 2581 1760 2610 sublimitates
1781 2581 1823 2609 in-

1048 2655 1056 2667 5
1072 2655 1157 2684 Greg„
1175 2654 1199 2676 in
1216 2653 1322 2683 Eranq„
1337 2652 1407 2675 hom.
1425 2657 1507 2678 xxvii,
1524 2652 1582 2674 ante
1597 2650 1665 2674 med.
1678 2663 1708 2668 —-
1722 2653 1730 2664 '³
1746 2651 1822 2681 ling„

1047 2690 1073 2713 in
1090 2692 1156 2720 sept.
1172 2696 1228 2719 cap.
1247 2688 1336 2719 Anqcl.
1354 2688 1434 2717 Hirr„
1451 2687 1516 2710 rirca
1528 2686 1596 2710 med.

1082 2733 1111 2762 (ιι)
1130 2732 1203 2762 Yulg.
1220 2731 1288 2755 {locet
1304 2739 1344 2754 ros
1360 2731 1389 2753 (le
1406 2730 1529 2753 omnibus.

1834 1606 1927 1626 Dilee‘io

1827 1637 1935 1658 intruluhi

1836 1669 1927 1689 scientia

1828 1701 1935 1721 sorisstat.
