2004 3037
663 264 997 300 CONFESSIONALE.
1022 268 1110 301 CAP.
1131 269 1185 301 111.

115 334 247 364 mittatur
263 334 303 363 ad
315 334 536 372 poenitentiam,
551 333 609 363 nisi
628 333 680 362 aut
697 333 816 362 vivente
830 341 896 364 ma-

114 383 186 420 rito,
205 385 305 414 vivere
327 386 405 414 caste
428 385 564 422 coeperit,
584 385 636 414 aut
655 385 818 421 postquam
832 384 895 421 ipse

115 431 283 462 decesserit.
299 442 313 459 n
331 433 398 461 naec
413 439 522 461 canon.

375 515 556 542 PARTICULA
573 515 664 541 xxiii.

170 575 207 600 De
223 572 374 606 paenitentia
387 572 454 605 eJus,
470 572 514 604 qui
528 572 612 597 cantat
626 571 732 596 Missam
747 573 773 597 et
785 578 838 596 non

408 608 590 634 communicat.

148 672 188 700 De
203 670 439 705 consecratione,
453 669 581 698 distinct.
597 677 629 706 11,
645 677 682 698 ex
694 668 827 697 Concilio
841 671 893 698 To-

111 717 210 746 letano
229 725 290 745 xii:
309 727 323 744 t(
344 716 480 745 Relatum
502 716 592 745 nobiS
616 717 659 745 est
685 715 834 753 quosdam
855 716 892 744 de

110 763 329 798 sacerdotibus,
361 772 423 792 non
452 765 495 792 tot
523 763 640 792 vicibus
672 762 892 791 communionis

109 812 217 839 sanctae
236 811 362 846 gratiam
382 819 516 846 sumere,
531 813 605 847 quot
624 810 768 838 sacrificia
781 810 812 838 in
829 818 891 839 uno

111 857 159 886 die
175 857 311 886 videntur
326 857 442 885 offerre.
457 857 515 885 Sed
529 857 553 885 si
568 857 599 885 in
614 864 674 885 uno
691 856 739 884 die
759 857 892 893 plurima

109 912 164 941 per
185 912 217 933 se
240 906 299 933 Deo
323 905 449 932 offerant
471 903 626 939 sacrificia,
649 903 680 931 in
701 903 841 932 omnibus
860 912 891 933 se

111 951 314 980 oblationibus
325 959 343 979 a
353 951 564 979 communione
571 951 758 988 suspendunt
768 951 816 987 (a),
825 952 853 979 et
860 951 891 979 in

110 999 175 1028 sola
192 1001 306 1028 tantum
327 1001 458 1027 extrema
473 998 608 1026 sacrificii
629 998 797 1033 oblatione,
812 1006 891 1026 com-

109 1045 260 1074 munionis
275 1048 382 1074 sanctae
394 1045 520 1081 gratiam
532 1048 653 1074 sumunt
668 1045 714 1081 (b),
730 1045 815 1081 quasi
829 1053 891 1073 non

110 1091 146 1120 sit
166 1092 251 1120 toties
275 1092 319 1120 illi
343 1100 416 1120 vero
438 1094 467 1120 et
488 1092 632 1128 singulari
655 1091 800 1120 sacrificio
822 1100 891 1128 par-

108 1139 311 1176 ticipandum,
331 1139 447 1176 quoties
467 1139 602 1175 corporis
622 1140 649 1166 et
666 1139 817 1174 sanguinis
837 1140 891 1168 Do-

109 1187 183 1214 mini
199 1186 291 1215 nostri
311 1188 379 1214 Jesu
399 1186 502 1214 Christi
522 1185 689 1214 immolatio
712 1186 790 1214 facta
806 1193 890 1214 cons-

108 1233 205 1262 titerit.
227 1235 300 1262 Nam
321 1241 388 1261 ecce
416 1232 574 1268 Apostolus
598 1232 710 1260 dicit‘2:
731 1234 825 1261 Nonne
842 1236 891 1269 qui

109 1281 192 1309 edunt
205 1281 317 1315 hostias,
333 1281 481 1316 participes
493 1283 555 1308 sunt
570 1281 689 1307 altaris?
704 1280 821 1308 Certum
836 1282 889 1315 est,

108 1328 192 1365 quod
210 1328 239 1356 hi
262 1328 314 1364 qui
333 1327 529 1356 sacrificantes
547 1335 609 1355 non
631 1327 738 1362 edunt,
760 1327 802 1356 rei
822 1329 890 1356 sunt

109 1375 253 1404 domInici
274 1375 462 1403 sacramenti.
487 1374 671 1410 Quicumque
696 1382 767 1410 ergo
791 1382 888 1403 sacer-

108 1422 213 1451 dotum
229 1422 368 1458 deinceps
382 1422 484 1450 divina
499 1421 603 1450 altaria
613 1421 793 1449 sacrificium
804 1422 889 1451 obla-

107 1470 188 1497 turus
209 1469 378 1504 accesserit,
396 1470 424 1496 et
446 1476 476 1496 se
495 1477 512 1496 a
532 1468 744 1496 communione
765 1476 888 1505 suspen-

107 1515 197 1552 derit,
214 1516 252 1544 ab
268 1516 333 1552 ipsa
348 1523 409 1551 qua
423 1523 453 1543 se
469 1515 639 1543 indecenter
653 1515 780 1550 privavit
794 1515 888 1551 gratia

107 1563 343 1598 communionis,
362 1571 441 1591 anno
457 1571 519 1590 uno
538 1562 693 1598 repulsum
713 1571 744 1591 se
761 1563 885 1592 noverit.

106 1612 179 1639 Nam
199 1611 287 1647 quale
310 1611 364 1638 erit
383 1610 459 1638 illud
476 1610 671 1645 sacrificium,
692 1610 738 1638 cui
753 1619 809 1639 nec
823 1611 886 1647 ipse

105 1657 275 1685 sacrificans
287 1657 434 1693 particeps
447 1665 508 1684 esse
520 1657 721 1692 dignoscitur?
736 1659 812 1692 Ergo
822 1666 887 1686 mo-

105 1703 150 1731 dis
165 1704 306 1732 omnibus
329 1704 490 1731 tenendum
510 1706 568 1738 est,
588 1705 621 1731 ut
640 1704 885 1741 quotiescumque

104 1750 273 1778 sacrificans
293 1758 401 1786 corpus
416 1751 444 1778 et
462 1750 638 1786 sanguinem
659 1751 776 1778 Domini
791 1752 885 1780 nostri

104 1797 171 1825 Jesu
185 1797 287 1825 Christi
301 1797 332 1824 in
347 1797 435 1825 altari
449 1797 602 1832 immolat,
618 1798 704 1825 toties
719 1799 884 1834 perceptio-

103 1843 149 1871 nis
172 1844 305 1880 corporis
331 1846 358 1872 et
378 1844 532 1879 sanguinis
558 1844 675 1873 Domini
699 1845 792 1873 nostri
816 1847 884 1874 Jesu

104 1890 207 1918 Christi
220 1891 394 1927 participem
409 1899 439 1919 se
454 1891 595 1927 praebeat.
613 1902 625 1918 >³
640 1893 702 1919 Haec
716 1900 824 1920 canon.

369 1974 504 1998 PARTICU
511 1975 549 1999 LA
567 1975 656 2000 XXIV.

135 2032 172 2056 De
186 2030 338 2062 poenitentia
354 2030 511 2062 sacerdotis,
527 2031 569 2062 qui
583 2033 713 2056 mortuum
729 2032 850 2057 clericum

321 2066 429 2090 involvit
445 2066 470 2090 in
485 2067 551 2098 palia
565 2067 660 2091 altaris.

139 2128 177 2154 De
202 2127 442 2161 Consecratione,
473 2127 658 2155 distinctione
684 2128 795 2164 prima,
818 2129 881 2157 Cle-

101 2181 185 2201 mens
200 2175 293 2209 Papa:
305 2183 318 2199 <1
332 2175 423 2201 Nemo
434 2181 486 2209 per
501 2174 701 2209 ignorantiam
713 2175 723 2191 ³
740 2175 880 2203 clericum

101 2221 253 2248 mortuum
274 2220 375 2248 credat
398 2220 640 2255 obvolvendum,
665 2223 715 2249 aut
735 2222 798 2257 ejus
819 2231 881 2251 sca-

101 2267 187 2303 pulas
201 2267 317 2303 operire
332 2268 402 2295 velit
417 2268 498 2303 palla
514 2277 580 2304 quae
599 2268 654 2296 fuit
668 2269 699 2296 in
714 2269 814 2303 altari,
830 2273 880 2299 aut

102 2317 178 2342 certe
200 2323 265 2350 quae
288 2315 415 2342 diacono
435 2315 504 2342 data
516 2317 566 2350 gest
586 2315 617 2343 in
637 2324 737 2344 mensa
753 2318 877 2346 Domini.

101 2361 155 2394 Qui
168 2362 230 2389 haee
249 2362 364 2395 fecerit,
384 2361 432 2389 vel
449 2361 561 2396 leviter,
578 2363 626 2390 vel
648 2364 732 2399 quasi
747 2364 836 2399 nihil,
853 2367 879 2393 et

101 2408 284 2443 negligenter
297 2409 450 2443 habuerit,
467 2409 611 2445 diaconus
626 2411 751 2439 triennio
767 2420 878 2448 sexque

101 2455 251 2483 mensibus
267 2463 284 2483 a
300 2455 451 2483 dominico
468 2457 520 2484 erit
535 2460 666 2485 remotus
681 2459 776 2494 altari,
794 2461 878 2495 gravi

101 2508 256 2536 percussus
271 2503 474 2537 anathemate,
496 2512 532 2531 eo
552 2505 636 2540 quod
657 2506 797 2534 clericum
816 2515 878 2535 non

102 2546 305 2584 admonuerit3
321 2550 476 2585 presbyter
492 2550 595 2578 decem
609 2552 692 2579 annis
706 2554 733 2580 et
744 2553 876 2589 quinque

101 2594 254 2621 mensibus
274 2597 545 2625 excommunicatus
565 2598 617 2633 sit,
645 2601 766 2635 propter
794 2601 877 2636 quod

102 2640 139 2668 de
164 2640 319 2668 dominicis
338 2644 543 2678 sacramentis,
565 2645 696 2680 subjecta
709 2645 720 2661 '⁴
738 2647 794 2674 sibi
816 2656 875 2674 non

136 2736 144 2753 ¹
163 2739 235 2763 Conc-
254 2738 328 2765 Tolet.
346 2745 399 2771 xil,
421 2748 477 2766 can.
499 2744 521 2766 ἰ).
542 2756 571 2760 -
592 2744 602 2759 2
623 2744 628 2767 l
653 2745 720 2776 Corn,
740 2752 770 2776 x,
791 2748 829 2771 25.
848 2761 873 2764 m

1673 278 1732 308 373

953 335 1142 366 admonuerit
1161 338 1340 377 ministeria,
1366 343 1395 371 et
1413 343 1518 380 postea
1539 350 1607 372 cum
1625 343 1733 380 grandi

951 382 1133 418 humilitate,
1150 387 1238 415 matri
1255 388 1462 418 reconcilietur
1475 389 1620 419 Ecclesiae.
1637 401 1651 418 n
1669 391 1733 420 Hoec

952 437 1061 459 canon.

1225 489 1407 515 PARTICULA
1427 491 1505 517 XXV.

951 540 987 564 De
1002 540 1156 571 poenitentia
1172 542 1245 575 ejus,
1264 544 1308 576 qui
1327 546 1465 571 committit
1489 547 1651 580 sacrilequm
1674 549 1731 573 vio-

981 577 1057 601 lando
1081 579 1226 612 ecclesiam,
1246 581 1288 606 vel
1303 581 1397 614 aliquid
1413 583 1554 608 enormiter
1569 585 1732 611 committen-

981 613 1014 638 do
1028 613 1056 639 in
1070 615 1190 640 ecclesia.

993 670 1177 700 Duodecima
1210 673 1373 709 quaestione
1411 676 1562 710 secunda,
1594 677 1732 707 Nicolaus

948 717 1046 753 Papa:
1074 727 1088 743 «
1108 719 1146 746 De
1171 719 1236 747 viro
1257 720 1390 750 nefando
1414 723 1573 758 Burgando
1593 725 1732 761 nomine,

949 764 1001 799 qui
1021 764 1105 792 rabie
1128 765 1234 795 insana
1259 770 1442 804 commotus,
1464 769 1621 798 diabolicis
1639 780 1670 800 se
1689 772 1732 801 la-

948 810 1033 846 queis
1053 811 1167 840 irretire
1190 821 1252 841 non
1276 814 1438 851 dubitavit,
1463 818 1552 853 atque
1575 818 1731 853 gentilium

947 864 1047 892 more,
1062 866 1116 894 per
1135 859 1263 896 abrupta
1274 861 1284 878 s
1306 861 1411 890 itinera
1433 865 1461 891 et
1479 864 1609 900 compita
1623 866 1644 901 Β,
1659 865 1731 893 insi-

948 903 1034 932 dians
1052 905 1140 934 vobis
1161 906 1192 935 in
1208 910 1311 936 vestrae
1334 909 1464 938 ecclesiae
1480 911 1567 946 villa,
1581 919 1642 940 una
1661 920 1731 941 cum

947 950 1061 979 clericis
1084 953 1188 981 vestris
1202 956 1417 990 gmanentibus,
1441 959 1469 985 et
1487 958 1637 994 populum
1653 959 1731 988 salu-

947 996 1052 1026 bribus
1074 999 1217 1029 instruere
1239 1002 1417 1038 dogmatum
1439 1004 1560 1032 monitis
1578 1005 1731 1035 decertan-

946 1044 1035 1080 tibuS,
1047 1054 1186 1083 paneque
1197 1048 1358 1084 spiritualis
1369 1050 1452 1078 verbi
1463 1059 1558 1079 vacua
1572 1052 1732 1082 hominum

947 1091 1038 1121 corda
1070 1093 1289 1130 reficientibus,
1326 1099 1414 1132 atque
1443 1097 1597 1127 laudabile
1629 1101 1731 1129 salutis

945 1139 1074 1175 propriae
1108 1140 1291 1170 desiderium
1325 1143 1526 1180 habentibus,
1558 1148 1730 1175 sanctorum

946 1186 1153 1221 apostolorum
1167 1188 1242 1216 Petri
1257 1190 1285 1218 et
1302 1190 1384 1219 Pauli
1398 1190 1504 1220 limina
1518 1193 1652 1228 visitare,
1668 1194 1730 1222 col-

944 1231 1028 1260 lectis
1054 1234 1174 1263 malitiae
1200 1244 1260 1264 suae
1288 1237 1485 1273 sequacibus,
1514 1241 1543 1267 et
1568 1240 1730 1276 iniquitatis

946 1279 1158 1316 complicibus,
1174 1282 1302 1310 nefarias
1316 1283 1503 1321 invasiones,
1520 1294 1554 1314 ac
1574 1286 1728 1324 depraeda-

945 1326 1040 1354 tiones
1058 1327 1204 1357 violentas
1220 1329 1346 1366 inferre,
1361 1331 1547 1361 daemoniaco
1566 1341 1641 1362 ausu
1655 1343 1729 1371 prae-

945 1374 1081 1411 sumpsit,
1096 1376 1125 1403 et
1140 1377 1172 1404 ut
1186 1376 1318 1413 epistolae
1333 1381 1437 1407 vestrae
1456 1380 1551 1408 textus
1567 1381 1727 1418 eloquitur,

944 1428 1063 1449 sacrum
1088 1422 1179 1451 altare
1201 1432 1345 1461 sacraque
1371 1426 1515 1454 dominici
1541 1429 1676 1465 corporis
1700 1432 1729 1458 et

944 1468 1098 1503 sanguinis
1126 1478 1213 1505 vasa,
1237 1471 1359 1508 insuper
1383 1475 1411 1501 et
1435 1476 1569 1502 sanctum
1598 1476 1727 1505 chrisma

943 1515 1065 1551 pollutis
1090 1517 1220 1552 arripere
1241 1519 1396 1554 manibus,
1426 1521 1511 1556 quasi
1539 1521 1611 1550 vilia
1636 1525 1664 1550 et
1687 1524 1726 1552 ad

944 1570 1032 1590 usum
1059 1571 1251 1592 communem
1279 1567 1348 1602 apta
1378 1568 1580 1604 przesumpsit,
1607 1569 1725 1599 dilectio

942 1616 998 1636 nos
1014 1612 1109 1638 vestra
1125 1611 1267 1646 consulit,
1283 1612 1307 1639 si
1328 1613 1389 1649 ipse
1405 1614 1453 1641 vel
1475 1615 1527 1650 qui
1547 1623 1616 1643 eum
1639 1625 1674 1644 eo
1694 1617 1726 1645 in

942 1657 1004 1683 tam
1018 1656 1112 1693 impio
1129 1660 1157 1685 et
1172 1658 1276 1694 iniquo
1291 1660 1401 1688 scelere
1418 1661 1552 1697 fuerunt,
1575 1663 1614 1690 ad
1630 1665 1725 1700 poeni-

942 1703 1063 1731 tentiam
1081 1705 1264 1741 quandoque
1287 1707 1382 1742 gratia
1403 1709 1517 1736 attracti
1538 1709 1657 1745 divina,
1678 1720 1725 1740 ve-

941 1749 1005 1777 nire
1033 1751 1201 1787 voluerint,
1229 1761 1290 1788 quo
1320 1762 1372 1781 eos
1399 1755 1577 1790 poenitentiae
1602 1757 1723 1787 vinculo

941 1797 1158 1833 constringatis,
1174 1801 1281 1827 nostrae
1301 1800 1490 1829 institutionis
1504 1811 1659 1831 censuram
1675 1813 1724 1833 ex-

940 1853 1063 1881 poscere
1085 1846 1218 1874 curastis.
1240 1849 1278 1875 De
1303 1848 1429 1884 quibus,
1450 1850 1474 1877 si
1492 1852 1590 1878 tamen
1610 1851 1649 1880 ita
1669 1855 1721 1887 est,

937 1892 1093 1929 jubemus,
1110 1901 1178 1921 cum
1200 1894 1239 1922 ad
1259 1895 1462 1930 poenitentiam
1478 1898 1721 1935 acceleraverint,

940 1947 1000 1967 uno
1017 1948 1096 1968 anno
1111 1943 1193 1969 extra
1210 1942 1366 1970 ecclesiam
1381 1943 1430 1971 Dei
1446 1945 1621 1980 consistere,
1638 1947 1722 1982 cujus

939 1987 1122 2015 sanctissima
1145 1996 1218 2016 vasa
1242 1991 1322 2017 extra
1346 1990 1434 2017 ritum
1456 1990 1528 2018 fidei
1551 1992 1719 2022 Christianae

939 2032 1120 2069 diripiendo,
1137 2035 1252 2062 auferre
1268 2044 1328 2064 non
1345 2037 1565 2066 dubitaverunt.
1584 2040 1719 2068 Secundo

938 2087 1010 2107 vero
1035 2088 1132 2115 anno,
1155 2083 1222 2109 ante
1246 2082 1324 2109 sores
1344 2084 1474 2111 ccclesiae
1499 2085 1561 2113 sine
1585 2094 1719 2114 commu-

938 2126 1027 2153 nione
1048 2130 1196 2155 maneant.
1222 2129 1316 2157 Tertio
1338 2138 1410 2158 vero
1437 2139 1534 2166 anno,
1564 2133 1720 2162 ecclesiam

938 2172 987 2200 Dei
1003 2173 1218 2209 ingrediantur,
1233 2178 1261 2204 et
1272 2176 1346 2204 inter
1361 2178 1515 2206 audientes
1526 2180 1535 2197 ⁷
1549 2182 1643 2208 astent
1656 2181 1718 2209 sine

938 2220 1112 2249 oblatione:
1136 2230 1199 2250 non
1226 2224 1442 2252 manducantes
1465 2234 1600 2262 carnem,
1621 2236 1718 2265 neque

937 2269 1072 2297 bibentes
1092 2271 1210 2306 vinum,
1226 2275 1330 2308 praeter
1348 2275 1456 2302 Natalis
1477 2277 1505 2303 et
1519 2277 1719 2306 Resurrectio-

936 2315 982 2343 nis
997 2317 1156 2345 Dominicae
1172 2318 1244 2347 dies.
1259 2321 1367 2353 Quarto
1379 2324 1519 2357 prceterea
1534 2332 1624 2358 anuo,
1635 2325 1659 2351 si
1673 2325 1718 2353 his

935 2363 1085 2398 prioribus
1100 2365 1194 2392 tribus
1215 2374 1318 2394 corum
1337 2367 1504 2396 fructuosus
1520 2370 1607 2398 fucrit
1626 2372 1718 2407 poeni—

936 2411 1030 2439 tentiae
1041 2412 1137 2448 labor,
1149 2416 1353 2443 communioni
1365 2417 1500 2445 fidelium
1516 2419 1716 2454 restituantur,

935 2459 1056 2494 totaque
1078 2461 1184 2488 mentis
1205 2461 1367 2491 intentione
1392 2465 1573 2500 spondentes
1598 2466 1667 2493 talia
1686 2475 1716 2494 se

935 2504 1058 2533 ulterius
1079 2515 1236 2544 nunquam
1255 2509 1399 2544 facturOS,
1419 2520 1527 2547 corpus
1547 2515 1573 2540 et
1596 2513 1716 2548 saugui-

935 2559 1005 2579 nem
1019 2554 1134 2582 Domini
1154 2556 1302 2592 suscipere
1319 2562 1498 2593 mereantnr,
1521 2561 1547 2586 et
1567 2568 1660 2594 usque
1677 2560 1715 2587 ad

934 2599 1093 2635 septimum
1104 2609 1227 2637 annum,
1240 2603 1333 2631 tribus
1345 2604 1376 2632 in
1388 2605 1581 2633 hebdomada
1598 2606 1714 2641 diebus,

935 2674 944 2689 ³
960 2674 1145 2706 Scilicctjnlis.
1162 2691 1188 2694 —
1207 2680 1212 2691 ²
1229 2679 1254 2702 td
1269 2681 1314 2708 est,
1327 2680 1456 2710 subjectos
1472 2680 1610 2704 ministros
1623 2694 1652 2698 —
1668 2682 1713 2705 51⁴}

935 2711 982 2739 esi,
998 2712 1105 2734 occulta.
1120 2725 1149 2729 -—
1162 2714 1170 2726 ⁴⁴
1187 2714 1212 2737 ld
1229 2716 1275 2744 est,
1290 2722 1428 2738 concursus
1444 2716 1550 2740 viarum.
1563 2730 1593 2734 —-
1608 2718 1614 2730 '¹
1630 2718 1654 2741 {d
1668 2722 1713 2747 est,

935 2745 1058 2770 laicos.-
1072 2748 1105 2778 (α’)
1117 2748 1176 2773 Coel.
1193 2749 1253 2773 σὼ(-
1270 2751 1469 2781 suspemlant.—
1487 2751 1518 2782 (h)
1532 2753 1591 2777 ‚Hem
1604 2756 1714 2778 sumam.
