2004 3037
138 237 197 267 {22

136 303 196 331 tem
208 300 348 330 diabolus
360 297 517 326 mulierem
530 304 585 333 per
605 296 714 333 triplex
731 295 892 333 appetibile
903 317 912 330 ,

137 348 247 378 scilieet
263 353 318 383 per
337 344 509 379 scientiam,
525 351 592 380 quoe
615 344 658 371 est
679 342 848 379 appetibilis
865 350 914 370 ra-

137 395 227 429 tioni;
241 401 296 430 per
315 391 524 420 excellentiam
546 390 586 418 ad
608 390 734 418 modum
759 389 829 423 Dei,
849 396 915 424 quae

137 443 181 470 est
199 439 370 477 appetibilis
383 437 541 473 iraseihi1i;
556 445 610 473 per
628 436 803 464 suavitatem
823 434 914 471 ligni,

139 496 205 524 quae
218 488 261 515 est
274 484 445 522 appetibilis
459 483 694 520 concupiscibili.
713 482 804 518 igitur
825 482 871 510 vir
884 482 915 510 in

139 542 200 562 uno
214 532 363 570 peccavit,
385 531 457 568 quia.
475 531 592 566 lignum
613 529 738 558 vetitum
763 528 892 564 gustavit
907 537 914 556 :

141 581 221 609 unde
242 581 271 609 et
289 586 411 616 poenam
431 577 559 613 accepit,
574 578 607 605 ut
631 576 663 604 in
683 576 794 603 sudore
816 574 916 603 vultus

140 628 185 656 sui
199 635 276 664 pane
291 634 345 654 suo
361 626 539 654 vesceretur.
555 623 659 652 Mulier
677 625 778 651 autem
796 622 827 650 in
843 622 917 650 dno-

140 674 198 702 bus
217 673 351 710 peccavit
365 681 372 699 :
388 679 460 700 nam
482 670 663 707 superbivit,
679 670 708 698 et
722 669 844 697 vetitum
865 676 916 696 co-

140 720 234 748 medit
249 729 256 748 :
274 719 354 747 unde
376 720 404 746 et
423 717 574 754 duplicem
594 715 836 744 maledictionem
860 716 916 743 ha—

141 767 224 802 buit,
248 765 358 794 scilicet
376 774 382 792 :
407 765 459 793 Sub
479 765 536 791 viri
558 765 693 798 potestate
715 764 787 796 eris,
811 764 839 790 et
861 762 918 790 hoc

140 815 262 850 propter
275 812 422 848 primum3
436 811 506 839 item
521 819 528 838 z
544 811 576 838 1η
591 810 680 837 dolore
696 811 804 844 paries,
818 810 847 836 et
860 808 918 836 hoc

141 861 261 896 propter
276 858 450 887 seeundum.
477 856 617 885 Diabolus
635 863 707 884 vero
732 855 763 883 in
783 857 918 891 serpente

141 907 198 934 tria
210 906 278 934 fecit
293 915 299 933 :
316 905 437 938 invidit,
452 903 590 932 mentitus
605 904 664 936 est,
679 902 796 937 decepit
812 911 818 929 :
835 901 916 929 unde

141 954 262 990 propter
285 952 416 988 primum
442 950 554 978 dietum
578 951 621 977 est
643 949 669 977 ei
691 957 697 976 :
717 948 807 983 Supra
829 950 919 983 pectus

144 1003 219 1027 tuum
234 999 386 1035 qradieris5
402 999 523 1034 propter
541 996 705 1024 seeundum
723 1004 729 1022 :
749 996 858 1022 Terram
880 1001 920 1022 co-

142 1047 230 1074 medes
244 1054 254 1078 ,·
281 1047 401 1081 propter
427 1043 545 1071 tertium
571 1052 578 1070 z
602 1043 668 1078 Ipsa
696 1043 812 1069 conteret
837 1043 920 1076 caput

143 1096 229 1120 tuum.
245 1092 272 1120 Si
287 1093 385 1119 autem
401 1091 474 1118 scire
494 1089 626 1119 volueris
645 1088 713 1124 quis
728 1095 833 1115 eorum
849 1087 918 1123 plus

143 1139 287 1176 peccavit,
302 1138 412 1166 scilieet
431 1137 486 1171 vir,
502 1144 540 1164 an
559 1135 677 1170 mulier,
697 1134 863 1162 notandum
879 1135 921 1162 est

144 1186 227 1222 quod
241 1187 385 1221 quantum
399 1184 438 1212 ad
453 1183 555 1219 aliqua
568 1182 635 1218 plus
650 1181 784 1218 peccavit
800 1181 917 1214 mulier,

144 1235 172 1260 et
187 1234 332 1268 quantum
356 1231 396 1259 ad
409 1231 522 1267 *aliqua
546 1229 614 1265 plus
637 1229 691 1256 vir.
718 1230 790 1256 Nam
814 1227 922 1255 mulier

144 1279 210 1315 plus
224 1278 356 1315 peccavit
376 1277 477 1313 quoad
492 1276 602 1313 pejoris
617 1275 684 1302 finis
703 1274 894 1302 intentionem
911 1295 919 1307 ,

144 1325 239 1354 voluit
253 1325 332 1353 enim
346 1324 409 1352 (ieri
425 1324 499 1351 sicut
517 1325 607 1355 Deus;
621 1322 672 1349 sed
688 1321 733 1349 vir
747 1320 921 1349 intendebat

145 1380 206 1400 non
238 1371 423 1399 constristare
456 1369 577 1397 delicias
605 1376 684 1396 suas.
713 1370 783 1396 ltem
815 1367 922 1394 mulier

145 1419 279 1455 peccavit
293 1418 323 1445 in
338 1418 453 1454 plures,
469 1416 541 1452 quia
563 1415 594 1443 in
613 1423 659 1449 se,
674 1415 704 1442 in
722 1416 810 1442 Deum
822 1436 830 1448 ,
849 1416 876 1441 et
891 1414 921 1440 in

146 1466 328 1502 proximum.
349 1466 419 1493 Item
441 1462 614 1491 damnosius
637 1461 772 1498 peccavit
795 1461 922 1494 mulier,

147 1513 218 1548 quia
239 1512 340 1548 plures
363 1509 588 1538 maledictiones
608 1508 727 1544 recepit.
752 1507 799 1535 Vir
823 1509 923 1535 autem

147 1559 279 1595 peccavit
300 1558 366 1594 plus
388 1559 532 1593 quantum
553 1556 592 1583 ad
612 1555 756 1589 originem
770 1575 777 1587 ,
793 1554 864 1590 quia
887 1562 922 1582 ex

148 1607 226 1633 certa
241 1605 379 1637 scientia;
396 1605 466 1632 item
486 1603 530 1630 vir
549 1602 681 1638 peccavit
704 1601 810 1636 majori
826 1601 922 1635 ingra-

147 1653 281 1680 titudine.

183 1701 319 1733 Quzerunt
333 1698 416 1725 multi
432 1705 483 1724 cur
498 1698 573 1724 Deus
586 1695 740 1723 hominem
755 1695 854 1723 feeerit
870 1693 925 1729 qui

148 1754 268 1782 peceare
283 1747 382 1781 posset
396 1754 403 1779 ;
420 1746 447 1771 et
461 1743 499 1771 ad
514 1743 571 1770 boc
587 1743 773 1777 assignantur
788 1740 923 1776 plurimae

148 1794 286 1821 rationes.
310 1792 405 1819 Prima
424 1794 484 1824 est,
507 1793 538 1818 ut
557 1789 726 1817 ostendatur
746 1788 847 1815 divina
866 1796 924 1823 po-

149 1840 238 1867 tentia
249 1860 258 1873 ,
278 1839 328 1875 qui
344 1839 424 1866 solus
440 1837 613 1865 invertibilis
630 1838 671 1863 est
682 1857 691 1870 ,
714 1835 810 1863 omnis
826 1836 924 1862 autem

149 1888 281 1914 creatura
296 1885 438 1913 vertibilis
458 1887 507 1911 est.
531 1883 686 1915 secunda,
709 1885 739 1909 ut
761 1881 925 1908 declaretur

150 1933 197 1960 Dei
210 1932 362 1968 sapientia,
379 1940 444 1967 quae
458 1931 494 1958 de
511 1931 590 1958 malo
607 1930 659 1957 scit
675 1928 778 1956 elicere
792 1928 922 1954 bonum:

150 1980 232 2016 quod
247 1988 307 2008 non
321 1979 418 2016 potuit
435 1979 516 2012 fieri,
539 1978 593 2005 nisi
614 1979 687 2004 Deus
703 1978 868 2003 creaturam
883 1975 924 2002 se-

149 2027 233 2054 cisset
247 2026 412 2054 vertibilem
429 2026 457 2053 in
473 2025 596 2053 malum.
613 2024 705 2051 Tertia
717 2045 724 2054 ,
741 2025 771 2050 ut
787 2021 924 2049 manifes-

150 2076 224 2102 tetur
243 2073 291 2100 Dei
313 2072 468 2100 clementia
481 2094 487 2105 ,
508 2079 568 2107 qua
588 2070 716 2098 Christus
731 2077 784 2104 per
798 2071 925 2096 mortem

150 2129 233 2147 suam
248 2120 400 2147 hominem
420 2119 568 2154 perditum
583 2117 730 2145 liberavit.
753 2117 861 2149 Quarta
872 2137 878 2148 ,
895 2117 926 2142 ut

151 2166 321 2193 ostendatur
343 2166 390 2192 Dei
409 2166 538 2200 justitia,
561 2172 619 2199 qua
636 2171 695 2190 non
718 2162 814 2189 solum
828 2161 927 2188 reddit

150 2212 237 2240 bonis
245 2212 375 2247 proemia,
387 2212 535 2238 sedetiam
546 2211 631 2237 malis
642 2208 797 2245 supplicia.
809 2208 924 2242 Quinta,

151 2261 182 2286 ut
195 2259 286 2285 homo
303 2266 362 2285 non
378 2258 413 2285 sit
427 2258 534 2293 pejoris
550 2255 741 2288 condumum,
758 2262 848 2289 quain
862 2254 926 2281 ali-'e

152 2306 291 2333 creaturae
302 2325 308 2336 ‚
324 2313 398 2340 quas
414 2312 516 2330 omnes
534 2305 606 2330 licus
621 2302 661 2329 sie
676 2301 878 2333 administrat,
896 2302 925 2327 ut

152 2359 201 2379 eas
216 2351 343 2387 propriis
363 2350 493 2378 motibus
513 2357 599 2382 agere
616 2349 689 2375 sinat
705 2357 710 2374 :
735 2347 815 2374 unde
832 2349 858 2373 et
873 2347 925 2373 ho-

152 2399 263 2425 minem
283 2398 313 2425 in
333 2397 456 2433 proprio
476 2396 597 2423 arbitrio
622 2395 787 2430 relinquere
812 2393 923 2420 debuit.

152 2446 238 2472 Sexta
251 2447 302 2478 est,
318 2444 382 2471 laus
395 2444 525 2470 hnmana
537 2452 542 2470 :
557 2443 621 2469 laus
633 2442 711 2468 enini
728 2443 769 2468 est
782 2440 836 2466 viri
845 2439 925 2474 justi,

153 2491 221 2527 qui¹
244 2493 336 2526 potuit
359 2490 532 2524 transgredi,
553 2492 576 2516 et
596 2497 647 2515 ηοη
670 2491 707 2515 est
733 2490 924 2519 lrausyiessus.

153 2538 280 2574 Septima
295 2539 337 2565 est
351 2536 441 2565 decor
455 2536 594 2569 universi,
612 2535 682 2570 quia
695 2533 831 2569 opposita
842 2533 925 2566 juxta

154 2593 183 2612 se
195 2585 290 2620 posita
302 2585 394 2619 magis
406 2583 573 2611 elucescunt
586 2591 591 2608 :
606 2582 645 2608 ita
657 2580 726 2608 mali
739 2580 836 2607 bonos
848 2586 926 2605 com-

187 2685 191 2696 “
210 2683 298 2713 Ε’.ἰ“[ι.,
314 2690 383 2711 XXXI,
403 2686 436 2706 to,
450 2696 478 2700 —
493 2683 503 2698 ²
518 2683 605 2711 (Πομ,
622 2681 730 2709 Pastum,
747 2679 789 2701 lit„
808 2677 849 2706 ΙΙΙ,
867 2684 888 2699 c.
907 2682 924 2705 l,

472 225 732 261 COMPENDIUM
752 225 1012 261 THEOLOGICAE
1032 225 1259 259 VERITATlS.
1283 225 1359 258 LlB.
1381 226 1419 258 11.

970 293 1130 327 mendant,
1153 294 1194 322 ad
1211 293 1341 322 invicem
1354 293 1528 330 comparati.
1552 294 1662 322 octava
1673 294 1749 323 ratio

970 342 1031 374 est,
1055 339 1127 377 quia
1145 340 1219 368 boni
1238 340 1435 369 exercitantur
1457 342 1486 368 et
1509 340 1677 376 probantur
1695 348 1750 378 per

969 387 1074 415 malos.
1091 387 1187 415 Adam
1200 388 1299 415 autem
1314 389 1342 415 et
1355 389 1415 415 Eva
1429 387 1469 415 ob
1481 388 1637 423 peccatum
1648 386 1686 415 de
1697 395 1751 424 pa-

972 433 1072 461 radiso
1091 433 1207 469 expulsi
1226 435 1314 468 sunt,
1333 433 1408 462 sieut
1429 433 1543 461 Lucifer
1559 433 1596 461 de
1612 433 1687 461 coelo
1698 454 1707 468 ‚
1722 435 1752 462 et

972 480 1003 508 in
1016 480 1072 508 hac
1088 479 1165 508 valle
1182 480 1308 508 miseriae
1326 480 1492 508 habitantes
1505 480 1573 508 facti
1589 482 1658 508 sunt
1671 488 1752 508 mor-

973 526 1046 555 tales
1059 536 1066 554 :
1081 534 1152 554 nam
1165 527 1241 554 sicut
1253 527 1285 554 in
1300 526 1375 555 coelo
1388 529 1504 555 estnon
1515 535 1602 563 posse
1614 526 1708 561 mori,
1723 527 1752 554 et

974 573 1005 601 in
1026 573 1167 609 paradiso
1188 581 1274 609 posse
1295 581 1357 602 non
1377 574 1472 608 mori;
1496 573 1537 601 sic
1557 573 1590 600 in
1612 576 1689 601 terra
1710 575 1754 601 est

976 627 1037 647 non
1050 627 1138 656 posse
1152 628 1214 647 non
1227 620 1304 648 mori
1315 630 1324 655 ;
1343 620 1385 648 sic
1399 620 1430 648 in
1444 619 1559 648 inferno
1575 622 1617 648 est
1635 627 1753 656 semper

972 666 1059 694 mori.
1080 668 1121 694 Ex
1135 666 1180 694 his
1194 668 1274 702 patet
1288 666 1372 703 quod
1385 667 1500 703 primus
1513 669 1604 694 status
1621 666 1751 694 hominis

972 712 1027 740 fuit
1034 713 1222 748 innocentiae3
1231 713 1389 748 secundus,
1401 713 1501 749 gratiae
1506 723 1514 748 ;
1522 713 1632 747 tertius,
1641 713 1750 749 culpem

974 762 1107 796 quartus,
1118 759 1296 796 poenitentiae
1303 769 1312 794 ;
1324 760 1454 796 quintus,
1466 760 1577 795 gloriae.
1590 761 1663 788 Dum
1674 759 1752 787 enim

973 806 1140 834 inordinate
1155 806 1249 834 erexit
1262 813 1293 833 se
1307 813 1398 842 supra
1411 814 1442 834 se
1455 827 1462 839 ,
1480 806 1585 834 cecidit
1598 805 1752 834 miserabi-

974 853 1039 880 liter
1052 852 1129 880 intra
1143 861 1173 880 se
1184 873 1192 887 ‚
1209 852 1320 880 scilicet
1333 859 1352 879 a
1365 854 1441 880 statu
1456 852 1631 880 innocentioe
1646 853 1675 880 et
1688 860 1753 888 gra-

975 899 1030 933 tiae,
1045 899 1075 926 in
1090 901 1198 926 statum
1212 898 1306 934 culpae
1321 900 1349 926 et
1362 897 1498 926 miseriae.
1515 899 1595 933 ltem,
1612 898 1683 934 quia
1696 898 1754 926 fac-

976 947 1022 972 tus
1038 947 1081 973 est
1100 945 1278 973 inobediens
1295 952 1349 973 suo
1369 945 1534 981 superiori,
1555 945 1631 980 justo
1647 945 1695 973 Dei
1707 945 1754 980 ju-

976 991 1054 1020 dicio
1071 992 1182 1020 sactum
1198 994 1249 1027 est,
1265 994 1298 1020 ut
1311 992 1367 1020 sibi
1382 992 1464 1020 fieret
1480 992 1655 1020 inobediens
1666 1000 1754 1019 suum

977 1039 1098 1066 inferius
1109 1060 1117 1073 ,
1133 1039 1243 1066 scilicet
1257 1046 1326 1066 caro
1338 1059 1347 1072 ,
1367 1041 1395 1066 et
1416 1038 1545 1066 maxime
1564 1039 1641 1066 circa
1659 1046 1753 1066 mem-

977 1085 1031 1113 bra
1045 1086 1144 1113 virtuti
1160 1085 1337 1121 generativae
1352 1085 1558 1113 deservientia.

1221 1179 1364 1212 CAPUT
1389 1178 1506 1212 LXVt.

1122 1251 1158 1276 De
1180 1249 1279 1277 Ordine
1300 1251 1465 1277 Tentatiom's
1484 1251 1513 1276 in
1532 1250 1619 1276 nobis.

1013 1318 1091 1346 Ordo
1115 1318 1281 1346 tentationis
1304 1318 1355 1354 qui
1377 1318 1431 1346 suit
1451 1319 1481 1346 in
1504 1318 1607 1354 primis
1628 1319 1755 1354 parenti-

977 1364 1034 1392 bus
1048 1385 1056 1398 ,
1072 1365 1159 1392 etiam
1175 1365 1204 1391 in
1219 1365 1307 1392 nobis
1323 1365 1497 1400 completur.
1521 1366 1594 1392 Nam
1608 1365 1682 1392 sicut
1696 1373 1756 1393 ser-

977 1419 1050 1446 pens
1073 1411 1125 1438 ubi
1148 1411 1309 1446 suggessit,
1332 1411 1439 1438 mulier
1461 1406 1606 1439 d'electata
1626 1413 1688 1446 est,
1711 1411 1757 1439 vir

978 1458 1126 1492 comedit3
1143 1458 1184 1485 sic
1200 1459 1229 1485 in
1245 1458 1332 1485 nobis
1343 1479 1351 1492 ,
1373 1457 1536 1485 secundum
1551 1458 1725 1493 Gregorium
1734 1458 1756 1490 ¹,

978 1504 1118 1532 diabolus
1146 1505 1219 1539 gerit
1246 1504 1388 1540 serpentis
1410 1504 1562 1538 officium,
1585 1504 1758 1532 sensualitas

979 1559 1061 1585 vero,
1074 1559 1140 1587 quoe
1150 1551 1179 1578 in
1190 1559 1277 1579 earne
1289 1554 1341 1584 est,
1353 1551 1484 1578 officium
1494 1550 1636 1584 mulieriS,
1646 1553 1673 1578 et
1683 1551 1756 1579 ratio

979 1600 1056 1626 tenet
1079 1598 1179 1625 locum
1200 1598 1253 1625 viri
1273 1606 1328 1633 per
1347 1605 1534 1625 consensum.
1552 1597 1602 1624 Vel
1617 1597 1698 1625 dicas
1712 1605 1758 1625 se-

979 1644 1111 1672 eundum
1127 1645 1322 1679 augustinum
1334 1646 1354 1678 ³,
1378 1644 1461 1679 quod
1474 1644 1622 1679 suggestio
1637 1651 1757 1679 serpen-

978 1691 1014 1718 tis
1029 1694 1071 1718 est
1087 1691 1198 1726 primus
1218 1693 1316 1718 motus
1330 1699 1364 1718 ex
1387 1691 1508 1724 f01nite3
1530 1691 1671 1718 comestio
1686 1698 1756 1718 vero

981 1738 1131 1771 mulieris,
1165 1737 1320 1764 delectatio
1344 1738 1544 1772 cogitationis,
1577 1737 1685 1765 scilieet
1704 1745 1757 1773 per

979 1785 1148 1813 interiorem
1168 1787 1283 1820 partem
1307 1785 1448 1819 rationis3
1472 1784 1525 1812 sed
1543 1785 1683 1813 comestio
1702 1785 1756 1813 viri

979 1835 1021 1860 cst
1036 1839 1196 1860 consensus
1208 1831 1367 1867 superioris
1380 1831 1470 1867 partis
1484 1831 1615 1858 rationis.
1632 1834 1683 1859 Per
1696 1832 1757 1860 haec

980 1879 1059 1906 enim
1073 1878 1137 1911 tria,
1154 1878 1263 1905 scilicet
1276 1878 1504 1912 suggestionem,
1520 1878 1756 1913 delectationem,

980 1927 1008 1953 et
1027 1932 1223 1957 consensum,
1243 1924 1335 1951 homo
1357 1924 1387 1951 in
1409 1924 1598 1952 tentationem
1619 1925 1755 1953 ducitur:
1799 1941 1803 1943 -

980 1972 1051 2007 quia
1064 1971 1185 1998 tentatio
1209 1979 1261 2006 per
1283 1971 1504 2005 suggestionem
1519 1971 1682 2005 inchoatur,
1705 1971 1757 1998 sed

980 2026 1033 2053 per
1048 2017 1273 2045 delectationem
1291 2017 1479 2052 progreditur
1491 2039 1499 2051 ‚
1513 2025 1566 2053 per
1581 2025 1757 2045 consensum

981 2066 1080 2092 autem
1096 2066 1328 2091 consummatur.

1016 2112 1089 2138 Sunt
1105 2114 1202 2137 autem
1219 2110 1276 2137 alia
1292 2111 1346 2137 tria
1359 2132 1366 2145 ,
1386 2118 1439 2146 per
1453 2118 1520 2146 qum
1539 2110 1605 2145 quis
1620 2110 1649 2137 in
1665 2112 1756 2137 tenta-

981 2158 1059 2184 tione
1074 2157 1229 2189 detinetur,
1245 2157 1355 2183 seilicet
1379 2165 1454 2191 opus
1474 2163 1614 2191 pravum,
1632 2164 1756 2184 eonsue-

981 2204 1071 2237 tudo,
1094 2207 1121 2230 et
1140 2203 1316 2238 desperatio.
1343 2202 1499 2229 Sciendum
1520 2202 1590 2229 item
1610 2205 1651 2230 est
1673 2203 1755 2238 quod

981 2250 1100 2277 tentatio
1121 2251 1163 2276 est
1184 2249 1307 2284 triplex:
1331 2249 1427 2284 prima
1447 2251 1488 2276 est
1507 2257 1524 2276 a
1544 2249 1687 2283 diabolo,
1709 2249 1755 2277 vel

980 2304 1034 2332 per
1045 2295 1168 2323 modum
1184 2295 1390 2330 suggestionis,
1403 2295 1450 2322 vel
1462 2303 1515 2331 per
1528 2295 1652 2322 modum
1665 2296 1755 2324 afflic-

981 2343 1086 2371 tionis:
1103 2341 1234 2369 seeunda
1250 2344 1291 2368 est
1306 2350 1321 2368 a
1338 2342 1462 2375 inundo,
1479 2343 1529 2377 qui
1544 2342 1693 2378 voluptate
1707 2343 1754 2370 vel

981 2389 1107 2416 vanitate
1122 2388 1211 2414 allicit
1225 2409 1232 2421 ,
1249 2388 1295 2415 vel
1312 2388 1515 2423 persecutione
1530 2388 1653 2423 srangit;
1671 2389 1754 2416 tertia

981 2438 1023 2462 est
1034 2435 1139 2467 carnis,
1154 2443 1219 2469 quae
1234 2442 1286 2470 per
1298 2434 1513 2461 sensualitatem
1524 2443 1557 2462 ac
1572 2434 1705 2462 fomitem
1715 2436 1753 2463 ad

980 2481 1268 2517 peecatumimpeltit
1288 2482 1335 2515 (u),
1353 2481 1460 2516 quibus
1475 2481 1548 2508 ratio
1570 2482 1753 2509 consentiens

980 2530 1133 2564 peccatum
1146 2528 1267 2562 perlicit.
1286 2528 1352 2554 Dua}
1364 2529 1431 2554 sunt
1444 2527 1608 2554 tentationis
1620 2528 1733 2563 species
1745 2538 1751 2556 :

981 2575 1076 2610 prima
1091 2573 1199 2600 seilicet
1214 2573 1345 2608 diaboli,
1362 2573 1492 2601 secunda
1499 2573 1610 2603 mundi
1625 2583 1631 2601 z
1648 2577 1675 2602 et
1687 2578 1754 2603 sunt

981 2638 1084 2661 admon.
1099 2637 1136 2659 30.
1151 2649 1176 2652 -
1193 2637 1201 2648 Ἀ
1215 2637 1289 2665 Aue„
1305 2636 1334 2659 ule
1350 2637 1435 2659 szes.
1456 2638 1514 2659 *ouh
1532 2637 1704 2662 ,tlcmi‹.·l1..liti.
1722 2638 1751 2668 tt,

982 2684 1002 2696 «A
1020 2678 1071 2702 xn',
1089 2677 1114 2694 n.
1130 2672 1169 2700 20,
1186 2672 1262 2695 21.——
1279 2672 1312 2701 (a)
1327 2672 1386 2695 sal.
1398 2671 1457 2695 edil.
1474 2672 1579 2703 impulit.
