<?xml version="1.0" encoding="UTF-8"?>
<!DOCTYPE html PUBLIC "-//W3C//DTD XHTML 1.0 Transitional//EN"
    "http://www.w3.org/TR/xhtml1/DTD/xhtml1-transitional.dtd">
<html xmlns="http://www.w3.org/1999/xhtml" xml:lang="en" lang="en">
 <head>
  <title>
</title>
<meta http-equiv="Content-Type" content="text/html;charset=utf-8" />
  <meta name='ocr-system' content='tesseract 3.04.00' />
  <meta name='ocr-capabilities' content='ocr_page ocr_carea ocr_par ocr_line ocrx_word'/>
</head>
<body>
  <div class='ocr_page' id='page_1' title='image "./operaomniasixtiv08bonauoft/operaomniasixtiv08bonauoft_0159.png"; bbox 0 0 2004 3037; ppageno 0'>
   <div class='ocr_carea' id='block_1_1' title="bbox 598 258 1335 295">
    <p class='ocr_par' dir='ltr' id='par_1_1' title="bbox 598 258 1335 295">
     <span class='ocr_line' id='line_1_1' title="bbox 598 258 1335 295; baseline -0.007 0"><span class='ocrx_word' id='word_1_1' title='bbox 598 261 648 295; x_wconf 84' lang='lat' dir='ltr'><strong>DE</strong></span> <span class='ocrx_word' id='word_1_2' title='bbox 670 258 929 294; x_wconf 81' lang='lat' dir='ltr'><strong>CORRUPTELA</strong></span> <span class='ocrx_word' id='word_1_3' title='bbox 951 258 1124 291; x_wconf 80' lang='lat' dir='ltr'>PECCATI.</span> <span class='ocrx_word' id='word_1_4' title='bbox 1149 258 1234 291; x_wconf 86' lang='lat' dir='ltr'>CAP.</span> <span class='ocrx_word' id='word_1_5' title='bbox 1257 258 1335 291; x_wconf 80' lang='lat' dir='ltr'><strong>xlx.</strong></span> 
     </span>
    </p>
   </div>
   <div class='ocr_carea' id='block_1_2' title="bbox 163 329 945 2519">
    <p class='ocr_par' dir='ltr' id='par_1_2' title="bbox 163 329 943 1450">
     <span class='ocr_line' id='line_1_2' title="bbox 201 329 942 364; baseline -0.011 -1"><span class='ocrx_word' id='word_1_6' title='bbox 201 334 242 362; x_wconf 82' lang='lat' dir='ltr'><strong>Ex</strong></span> <span class='ocrx_word' id='word_1_7' title='bbox 256 333 360 363; x_wconf 78' lang='lat' dir='ltr'><strong>acedia</strong></span> <span class='ocrx_word' id='word_1_8' title='bbox 373 333 513 362; x_wconf 82' lang='lat' dir='ltr'><strong>eveniunt</strong></span> <span class='ocrx_word' id='word_1_9' title='bbox 530 330 626 360; x_wconf 81' lang='lat' dir='ltr'><strong>multa</strong></span> <span class='ocrx_word' id='word_1_10' title='bbox 645 329 736 358; x_wconf 79' lang='lat' dir='ltr'><strong>mala.</strong></span> <span class='ocrx_word' id='word_1_11' title='bbox 762 329 942 364; x_wconf 64' lang='lat' dir='ltr'><strong>Praeceptum</strong></span> 
     </span>
     <span class='ocr_line' id='line_1_3' title="bbox 165 376 940 417; baseline -0.012 -7"><span class='ocrx_word' id='word_1_12' title='bbox 165 380 281 410; x_wconf 87' lang='lat' dir='ltr'>Domini</span> <span class='ocrx_word' id='word_1_13' title='bbox 305 380 429 417; x_wconf 79' lang='lat' dir='ltr'>negligit</span> <span class='ocrx_word' id='word_1_14' title='bbox 452 381 486 408; x_wconf 89' lang='lat'><strong>¹:</strong></span> <span class='ocrx_word' id='word_1_15' title='bbox 510 379 544 407; x_wconf 82' lang='lat' dir='ltr'><strong>In</strong></span> <span class='ocrx_word' id='word_1_16' title='bbox 568 377 664 406; x_wconf 80' lang='lat' dir='ltr'><strong>sudore</strong></span> <span class='ocrx_word' id='word_1_17' title='bbox 686 377 778 404; x_wconf 80' lang='lat' dir='ltr'><strong>vultus</strong></span> <span class='ocrx_word' id='word_1_18' title='bbox 803 376 860 410; x_wconf 76' lang='lat' dir='ltr'><strong>tui,</strong></span> <span class='ocrx_word' id='word_1_19' title='bbox 886 376 940 402; x_wconf 86' lang='lat' dir='ltr'><strong>etc.</strong></span> 
     </span>
     <span class='ocr_line' id='line_1_4' title="bbox 165 421 941 459; baseline -0.01 -3"><span class='ocrx_word' id='word_1_20' title='bbox 165 427 402 457; x_wconf 82' lang='lat' dir='ltr'><strong>Maledictionem</strong></span> <span class='ocrx_word' id='word_1_21' title='bbox 414 426 463 454; x_wconf 83' lang='lat' dir='ltr'><strong>Dei</strong></span> <span class='ocrx_word' id='word_1_22' title='bbox 475 424 599 454; x_wconf 86' lang='lat' dir='ltr'><strong>incurrit</strong></span> <span class='ocrx_word' id='word_1_23' title='bbox 612 433 619 452; x_wconf 68' lang='grc' dir='ltr'>ι</span> <span class='ocrx_word' id='word_1_24' title='bbox 632 422 802 459; x_wconf 87' lang='lat' dir='ltr'><strong>exemplum</strong></span> <span class='ocrx_word' id='word_1_25' title='bbox 819 422 856 450; x_wconf 87' lang='lat' dir='ltr'><strong>de</strong></span> <span class='ocrx_word' id='word_1_26' title='bbox 871 421 941 456; x_wconf 84' lang='lat' dir='ltr'><strong>ficu,</strong></span> 
     </span>
     <span class='ocr_line' id='line_1_5' title="bbox 166 468 941 508; baseline -0.009 -5"><span class='ocrx_word' id='word_1_27' title='bbox 166 474 214 503; x_wconf 89' lang='lat' dir='ltr'><strong>cui</strong></span> <span class='ocrx_word' id='word_1_28' title='bbox 228 474 369 502; x_wconf 80' lang='lat' dir='ltr'><strong>Dominus</strong></span> <span class='ocrx_word' id='word_1_29' title='bbox 390 472 559 506; x_wconf 81' lang='lat' dir='ltr'><strong>maledixit,</strong></span> <span class='ocrx_word' id='word_1_30' title='bbox 575 471 646 508; x_wconf 84' lang='lat' dir='ltr'><strong>quia</strong></span> <span class='ocrx_word' id='word_1_31' title='bbox 668 470 741 498; x_wconf 82' lang='lat' dir='ltr'><strong>folia</strong></span> <span class='ocrx_word' id='word_1_32' title='bbox 760 470 875 498; x_wconf 83' lang='lat' dir='ltr'><strong>tantum</strong></span> <span class='ocrx_word' id='word_1_33' title='bbox 888 468 941 496; x_wconf 86' lang='lat' dir='ltr'><strong>ha-</strong></span> 
     </span>
     <span class='ocr_line' id='line_1_6' title="bbox 165 515 942 557; baseline -0.01 -7"><span class='ocrx_word' id='word_1_34' title='bbox 165 521 238 550; x_wconf 88' lang='lat' dir='ltr'><strong>buit.</strong></span> <span class='ocrx_word' id='word_1_35' title='bbox 255 521 402 557; x_wconf 85' lang='lat' dir='ltr'><strong>Discrepat</strong></span> <span class='ocrx_word' id='word_1_36' title='bbox 420 528 438 548; x_wconf 82' lang='lat' dir='ltr'><strong>a</strong></span> <span class='ocrx_word' id='word_1_37' title='bbox 458 519 568 547; x_wconf 76' lang='lat' dir='ltr'><strong>caeteris</strong></span> <span class='ocrx_word' id='word_1_38' title='bbox 589 517 729 546; x_wconf 81' lang='lat' dir='ltr'>creaturis</span> <span class='ocrx_word' id='word_1_39' title='bbox 746 525 753 544; x_wconf 72' lang='grc' dir='ltr'><strong><em>ε</em></strong></span> <span class='ocrx_word' id='word_1_40' title='bbox 770 515 942 552; x_wconf 86' lang='lat' dir='ltr'><strong>exemplum</strong></span> 
     </span>
     <span class='ocr_line' id='line_1_7' title="bbox 165 562 941 604; baseline -0.009 -7"><span class='ocrx_word' id='word_1_41' title='bbox 165 569 245 597; x_wconf 85' lang='lat' dir='ltr'><strong>enim</strong></span> <span class='ocrx_word' id='word_1_42' title='bbox 259 567 343 596; x_wconf 84' lang='lat' dir='ltr'><strong>estin</strong></span> <span class='ocrx_word' id='word_1_43' title='bbox 358 566 534 604; x_wconf 84' lang='lat' dir='ltr'>corporibus</span> <span class='ocrx_word' id='word_1_44' title='bbox 548 564 733 600; x_wconf 85' lang='lat' dir='ltr'><strong>inanimatis,</strong></span> <span class='ocrx_word' id='word_1_45' title='bbox 743 564 818 592; x_wconf 86' lang='lat' dir='ltr'><strong>sicut</strong></span> <span class='ocrx_word' id='word_1_46' title='bbox 833 563 864 591; x_wconf 89' lang='lat' dir='ltr'><strong>in</strong></span> <span class='ocrx_word' id='word_1_47' title='bbox 878 562 941 590; x_wconf 90' lang='lat' dir='ltr'><strong>sole</strong></span> 
     </span>
     <span class='ocr_line' id='line_1_8' title="bbox 165 610 943 651; baseline -0.009 -7"><span class='ocrx_word' id='word_1_48' title='bbox 165 617 193 644; x_wconf 87' lang='lat' dir='ltr'><strong>et</strong></span> <span class='ocrx_word' id='word_1_49' title='bbox 223 615 311 650; x_wconf 82' lang='lat' dir='ltr'><strong>luna,</strong></span> <span class='ocrx_word' id='word_1_50' title='bbox 337 614 388 651; x_wconf 86' lang='lat' dir='ltr'><strong>qui</strong></span> <span class='ocrx_word' id='word_1_51' title='bbox 416 613 549 650; x_wconf 82' lang='lat' dir='ltr'><strong>quotidie</strong></span> <span class='ocrx_word' id='word_1_52' title='bbox 579 613 704 648; x_wconf 83' lang='lat' dir='ltr'><strong>surgunt</strong></span> <span class='ocrx_word' id='word_1_53' title='bbox 732 613 759 639; x_wconf 89' lang='lat' dir='ltr'><strong>ct</strong></span> <span class='ocrx_word' id='word_1_54' title='bbox 785 610 943 647; x_wconf 87' lang='lat' dir='ltr'><strong>perficiunt</strong></span> 
     </span>
     <span class='ocr_line' id='line_1_9' title="bbox 165 657 942 696; baseline -0.008 -5"><span class='ocrx_word' id='word_1_55' title='bbox 165 668 285 691; x_wconf 85' lang='lat' dir='ltr'><strong>cursum</strong></span> <span class='ocrx_word' id='word_1_56' title='bbox 299 670 395 690; x_wconf 92' lang='lat' dir='ltr'><strong>suum.</strong></span> <span class='ocrx_word' id='word_1_57' title='bbox 411 662 483 690; x_wconf 87' lang='lat' dir='ltr'><strong>ltem</strong></span> <span class='ocrx_word' id='word_1_58' title='bbox 496 661 579 696; x_wconf 84' lang='lat' dir='ltr'><strong>patet</strong></span> <span class='ocrx_word' id='word_1_59' title='bbox 591 660 622 688; x_wconf 91' lang='lat' dir='ltr'><strong>in</strong></span> <span class='ocrx_word' id='word_1_60' title='bbox 638 658 815 696; x_wconf 84' lang='lat' dir='ltr'><strong>corporibus</strong></span> <span class='ocrx_word' id='word_1_61' title='bbox 828 657 942 686; x_wconf 79' lang='lat' dir='ltr'><strong>anima-</strong></span> 
     </span>
     <span class='ocr_line' id='line_1_10' title="bbox 163 705 942 746; baseline -0.008 -8"><span class='ocrx_word' id='word_1_62' title='bbox 163 709 216 746; x_wconf 83' lang='lat' dir='ltr'><strong>tis,</strong></span> <span class='ocrx_word' id='word_1_63' title='bbox 232 709 306 738; x_wconf 86' lang='lat' dir='ltr'><strong>sicut</strong></span> <span class='ocrx_word' id='word_1_64' title='bbox 323 711 391 737; x_wconf 88' lang='lat' dir='ltr'><strong>sunt</strong></span> <span class='ocrx_word' id='word_1_65' title='bbox 413 708 535 737; x_wconf 87' lang='lat' dir='ltr'><strong>arbores</strong></span> <span class='ocrx_word' id='word_1_66' title='bbox 560 708 589 736; x_wconf 85' lang='lat' dir='ltr'><strong>et</strong></span> <span class='ocrx_word' id='word_1_67' title='bbox 610 707 726 742; x_wconf 67' lang='lat' dir='ltr'><strong>herbae,</strong></span> <span class='ocrx_word' id='word_1_68' title='bbox 742 714 808 742; x_wconf 64' lang='lat' dir='ltr'><strong>quse</strong></span> <span class='ocrx_word' id='word_1_69' title='bbox 823 705 891 734; x_wconf 88' lang='lat' dir='ltr'><strong>licet</strong></span> <span class='ocrx_word' id='word_1_70' title='bbox 911 705 942 732; x_wconf 90' lang='lat' dir='ltr'><strong>in</strong></span> 
     </span>
     <span class='ocr_line' id='line_1_11' title="bbox 164 753 942 794; baseline -0.008 -9"><span class='ocrx_word' id='word_1_71' title='bbox 164 757 271 794; x_wconf 89' lang='lat' dir='ltr'>hyeme</span> <span class='ocrx_word' id='word_1_72' title='bbox 284 756 373 784; x_wconf 73' lang='lat' dir='ltr'><strong>nudae</strong></span> <span class='ocrx_word' id='word_1_73' title='bbox 388 756 461 791; x_wconf 87' lang='lat' dir='ltr'><strong>sint,</strong></span> <span class='ocrx_word' id='word_1_74' title='bbox 478 757 577 783; x_wconf 84' lang='lat' dir='ltr'><strong>tamen</strong></span> <span class='ocrx_word' id='word_1_75' title='bbox 591 754 730 782; x_wconf 84' lang='lat' dir='ltr'><strong>virtutem</strong></span> <span class='ocrx_word' id='word_1_76' title='bbox 753 754 890 787; x_wconf 84' lang='lat' dir='ltr'><strong>servant,</strong></span> <span class='ocrx_word' id='word_1_77' title='bbox 915 753 942 780; x_wconf 91' lang='lat' dir='ltr'><strong>ct</strong></span> 
     </span>
     <span class='ocr_line' id='line_1_12' title="bbox 165 800 942 840; baseline -0.006 -8"><span class='ocrx_word' id='word_1_78' title='bbox 165 804 196 832; x_wconf 90' lang='lat' dir='ltr'><strong>in</strong></span> <span class='ocrx_word' id='word_1_79' title='bbox 209 806 342 840; x_wconf 88' lang='lat' dir='ltr'><strong>tempore</strong></span> <span class='ocrx_word' id='word_1_80' title='bbox 354 811 408 831; x_wconf 91' lang='lat' dir='ltr'><strong>suo</strong></span> <span class='ocrx_word' id='word_1_81' title='bbox 422 802 548 830; x_wconf 86' lang='lat' dir='ltr'><strong>redeunt</strong></span> <span class='ocrx_word' id='word_1_82' title='bbox 563 801 602 830; x_wconf 88' lang='lat' dir='ltr'><strong>ad</strong></span> <span class='ocrx_word' id='word_1_83' title='bbox 621 802 770 829; x_wconf 85' lang='lat' dir='ltr'><strong>consueta.</strong></span> <span class='ocrx_word' id='word_1_84' title='bbox 792 800 874 828; x_wconf 85' lang='lat' dir='ltr'><strong>Idem</strong></span> <span class='ocrx_word' id='word_1_85' title='bbox 896 807 942 827; x_wconf 89' lang='lat' dir='ltr'><strong>os-</strong></span> 
     </span>
     <span class='ocr_line' id='line_1_13' title="bbox 164 848 942 881; baseline -0.006 -2"><span class='ocrx_word' id='word_1_86' title='bbox 164 851 295 879; x_wconf 76' lang='lat' dir='ltr'><strong>tenditur</strong></span> <span class='ocrx_word' id='word_1_87' title='bbox 309 850 340 878; x_wconf 91' lang='lat' dir='ltr'><strong>in</strong></span> <span class='ocrx_word' id='word_1_88' title='bbox 359 849 549 877; x_wconf 82' lang='lat' dir='ltr'><strong>sensibilibus</strong></span> <span class='ocrx_word' id='word_1_89' title='bbox 561 850 570 866; x_wconf 71' lang='lat'><strong>²</strong></span> <span class='ocrx_word' id='word_1_90' title='bbox 585 859 590 875; x_wconf 91' lang='lat'>:</span> <span class='ocrx_word' id='word_1_91' title='bbox 612 849 686 876; x_wconf 82' lang='lat' dir='ltr'><strong>Vade</strong></span> <span class='ocrx_word' id='word_1_92' title='bbox 701 848 737 875; x_wconf 81' lang='lat' dir='ltr'><strong>acl</strong></span> <span class='ocrx_word' id='word_1_93' title='bbox 752 849 912 881; x_wconf 81' lang='lat' dir='ltr'><strong>formicam,</strong></span> <span class='ocrx_word' id='word_1_94' title='bbox 928 855 942 874; x_wconf 89' lang='grc' dir='ltr'>ο</span> 
     </span>
     <span class='ocr_line' id='line_1_14' title="bbox 163 894 942 934; baseline -0.006 -8"><span class='ocrx_word' id='word_1_95' title='bbox 163 901 252 934; x_wconf 67' lang='lat' dir='ltr'><strong>piger.</strong></span> <span class='ocrx_word' id='word_1_96' title='bbox 268 897 431 925; x_wconf 86' lang='lat' dir='ltr'><strong>Pretiosum</strong></span> <span class='ocrx_word' id='word_1_97' title='bbox 445 898 562 933; x_wconf 83' lang='lat' dir='ltr'><strong>tempus</strong></span> <span class='ocrx_word' id='word_1_98' title='bbox 576 895 691 932; x_wconf 80' lang='lat' dir='ltr'><strong>perdit,</strong></span> <span class='ocrx_word' id='word_1_99' title='bbox 707 902 767 931; x_wconf 86' lang='lat' dir='ltr'><strong>quo</strong></span> <span class='ocrx_word' id='word_1_100' title='bbox 783 894 856 922; x_wconf 91' lang='lat' dir='ltr'><strong>nihil</strong></span> <span class='ocrx_word' id='word_1_101' title='bbox 876 902 942 930; x_wconf 86' lang='lat' dir='ltr'><strong>pre-</strong></span> 
     </span>
     <span class='ocr_line' id='line_1_15' title="bbox 165 941 942 980; baseline -0.005 -6"><span class='ocrx_word' id='word_1_102' title='bbox 165 946 267 974; x_wconf 88' lang='lat' dir='ltr'><strong>tiosius</strong></span> <span class='ocrx_word' id='word_1_103' title='bbox 282 946 333 980; x_wconf 90' lang='lat' dir='ltr'><strong>est,</strong></span> <span class='ocrx_word' id='word_1_104' title='bbox 349 944 421 980; x_wconf 84' lang='lat' dir='ltr'><strong>quia</strong></span> <span class='ocrx_word' id='word_1_105' title='bbox 432 943 516 972; x_wconf 88' lang='lat' dir='ltr'><strong>brevi</strong></span> <span class='ocrx_word' id='word_1_106' title='bbox 526 944 601 971; x_wconf 83' lang='lat' dir='ltr'><strong>hora</strong></span> <span class='ocrx_word' id='word_1_107' title='bbox 615 944 714 978; x_wconf 81' lang='lat' dir='ltr'><strong>posset</strong></span> <span class='ocrx_word' id='word_1_108' title='bbox 728 942 795 978; x_wconf 88' lang='lat' dir='ltr'><strong>quis</strong></span> <span class='ocrx_word' id='word_1_109' title='bbox 810 941 942 970; x_wconf 85' lang='lat' dir='ltr'><strong>obtinere</strong></span> 
     </span>
     <span class='ocr_line' id='line_1_16' title="bbox 165 989 942 1026; baseline -0.005 -6"><span class='ocrx_word' id='word_1_110' title='bbox 165 992 298 1026; x_wconf 84' lang='lat' dir='ltr'><strong>veniam,</strong></span> <span class='ocrx_word' id='word_1_111' title='bbox 315 991 440 1026; x_wconf 80' lang='lat' dir='ltr'><strong>gratiam</strong></span> <span class='ocrx_word' id='word_1_112' title='bbox 463 992 491 1018; x_wconf 89' lang='lat' dir='ltr'><strong>et</strong></span> <span class='ocrx_word' id='word_1_113' title='bbox 512 989 649 1025; x_wconf 82' lang='lat' dir='ltr'><strong>gloriam.</strong></span> <span class='ocrx_word' id='word_1_114' title='bbox 665 991 698 1016; x_wconf 88' lang='lat' dir='ltr'><strong>Et</strong></span> <span class='ocrx_word' id='word_1_115' title='bbox 720 991 820 1016; x_wconf 86' lang='lat' dir='ltr'><strong>tamen</strong></span> <span class='ocrx_word' id='word_1_116' title='bbox 832 1009 841 1023; x_wconf 92' lang='lat'><strong>,</strong></span> <span class='ocrx_word' id='word_1_117' title='bbox 855 991 887 1016; x_wconf 90' lang='lat' dir='ltr'><strong>ut</strong></span> <span class='ocrx_word' id='word_1_118' title='bbox 902 989 942 1016; x_wconf 84' lang='lat' dir='ltr'><strong>ait</strong></span> 
     </span>
     <span class='ocr_line' id='line_1_17' title="bbox 166 1035 942 1072; baseline -0.005 -6"><span class='ocrx_word' id='word_1_119' title='bbox 166 1038 332 1067; x_wconf 76' lang='lat' dir='ltr'><strong>Bernartius</strong></span> <span class='ocrx_word' id='word_1_120' title='bbox 348 1039 369 1071; x_wconf 85' lang='lat'><strong>³,</strong></span> <span class='ocrx_word' id='word_1_121' title='bbox 385 1036 459 1064; x_wconf 87' lang='lat' dir='ltr'><strong>nihil</strong></span> <span class='ocrx_word' id='word_1_122' title='bbox 474 1036 563 1064; x_wconf 88' lang='lat' dir='ltr'><strong>vilius</strong></span> <span class='ocrx_word' id='word_1_123' title='bbox 577 1037 739 1072; x_wconf 84' lang='lat' dir='ltr'><strong>reputatur,</strong></span> <span class='ocrx_word' id='word_1_124' title='bbox 754 1035 825 1071; x_wconf 84' lang='lat' dir='ltr'><strong>quia</strong></span> <span class='ocrx_word' id='word_1_125' title='bbox 840 1035 942 1063; x_wconf 87' lang='lat' dir='ltr'><strong>dicunt</strong></span> 
     </span>
     <span class='ocr_line' id='line_1_18' title="bbox 165 1082 939 1118; baseline -0.005 -5"><span class='ocrx_word' id='word_1_126' title='bbox 165 1085 301 1113; x_wconf 90' lang='lat' dir='ltr'><strong>homines</strong></span> <span class='ocrx_word' id='word_1_127' title='bbox 314 1084 400 1112; x_wconf 89' lang='lat' dir='ltr'><strong>otiosi</strong></span> <span class='ocrx_word' id='word_1_128' title='bbox 410 1084 436 1111; x_wconf 57' lang='grc' dir='ltr'><strong>ὁε</strong></span> <span class='ocrx_word' id='word_1_129' title='bbox 450 1083 584 1118; x_wconf 83' lang='lat' dir='ltr'><strong>«Venite,</strong></span> <span class='ocrx_word' id='word_1_130' title='bbox 596 1082 778 1110; x_wconf 76' lang='lat' dir='ltr'><strong>deducamus</strong></span> <span class='ocrx_word' id='word_1_131' title='bbox 788 1084 914 1118; x_wconf 88' lang='lat' dir='ltr'><strong>tempus.</strong></span> <span class='ocrx_word' id='word_1_132' title='bbox 926 1094 939 1109; x_wconf 85' lang='lat'>»</span> 
     </span>
     <span class='ocr_line' id='line_1_19' title="bbox 165 1129 942 1168; baseline -0.004 -9"><span class='ocrx_word' id='word_1_133' title='bbox 165 1131 319 1168; x_wconf 82' lang='lat' dir='ltr'><strong>spirituale</strong></span> <span class='ocrx_word' id='word_1_134' title='bbox 334 1131 450 1159; x_wconf 88' lang='lat' dir='ltr'><strong>lucrum</strong></span> <span class='ocrx_word' id='word_1_135' title='bbox 471 1129 609 1165; x_wconf 81' lang='lat' dir='ltr'><strong>negligit,</strong></span> <span class='ocrx_word' id='word_1_136' title='bbox 626 1129 697 1166; x_wconf 81' lang='lat' dir='ltr'><strong>quia</strong></span> <span class='ocrx_word' id='word_1_137' title='bbox 712 1129 764 1166; x_wconf 87' lang='lat' dir='ltr'><strong>qui</strong></span> <span class='ocrx_word' id='word_1_138' title='bbox 785 1137 847 1157; x_wconf 89' lang='lat' dir='ltr'><strong>non</strong></span> <span class='ocrx_word' id='word_1_139' title='bbox 864 1136 942 1157; x_wconf 86' lang='lat' dir='ltr'><strong>mer-</strong></span> 
     </span>
     <span class='ocr_line' id='line_1_20' title="bbox 165 1176 942 1213; baseline -0.003 -6"><span class='ocrx_word' id='word_1_140' title='bbox 165 1180 248 1207; x_wconf 82' lang='lat' dir='ltr'><strong>catur</strong></span> <span class='ocrx_word' id='word_1_141' title='bbox 261 1178 293 1206; x_wconf 91' lang='lat' dir='ltr'><strong>in</strong></span> <span class='ocrx_word' id='word_1_142' title='bbox 306 1177 459 1212; x_wconf 88' lang='lat' dir='ltr'><strong>nundinis,</strong></span> <span class='ocrx_word' id='word_1_143' title='bbox 474 1178 578 1213; x_wconf 82' lang='lat' dir='ltr'><strong>postea</strong></span> <span class='ocrx_word' id='word_1_144' title='bbox 591 1185 653 1204; x_wconf 92' lang='lat' dir='ltr'><strong>non</strong></span> <span class='ocrx_word' id='word_1_145' title='bbox 668 1176 800 1204; x_wconf 80' lang='lat' dir='ltr'><strong>habebit.</strong></span> <span class='ocrx_word' id='word_1_146' title='bbox 816 1177 942 1212; x_wconf 73' lang='lat' dir='ltr'><strong>⁵Propter</strong></span> 
     </span>
     <span class='ocr_line' id='line_1_21' title="bbox 164 1224 940 1261; baseline -0.003 -7"><span class='ocrx_word' id='word_1_147' title='bbox 164 1227 254 1261; x_wconf 64' lang='lat' dir='ltr'><strong>frigus</strong></span> <span class='ocrx_word' id='word_1_148' title='bbox 266 1226 349 1261; x_wconf 67' lang='lat' dir='ltr'><strong>pisser.</strong></span> <span class='ocrx_word' id='word_1_149' title='bbox 361 1233 441 1252; x_wconf 82' lang='lat' dir='ltr'><strong>arare</strong></span> <span class='ocrx_word' id='word_1_150' title='bbox 463 1225 565 1258; x_wconf 80' lang='lat' dir='ltr'><strong>noluit,</strong></span> <span class='ocrx_word' id='word_1_151' title='bbox 581 1224 743 1251; x_wconf 76' lang='lat' dir='ltr'><strong>mendicabit</strong></span> <span class='ocrx_word' id='word_1_152' title='bbox 758 1231 817 1258; x_wconf 75' lang='lat' dir='ltr'><strong>erqo</strong></span> <span class='ocrx_word' id='word_1_153' title='bbox 833 1226 940 1259; x_wconf 72' lang='lat' dir='ltr'><strong>castate,</strong></span> 
     </span>
     <span class='ocr_line' id='line_1_22' title="bbox 166 1270 939 1306; baseline -0.001 -6"><span class='ocrx_word' id='word_1_154' title='bbox 166 1275 190 1300; x_wconf 85' lang='lat' dir='ltr'><strong>et</strong></span> <span class='ocrx_word' id='word_1_155' title='bbox 203 1281 255 1300; x_wconf 86' lang='lat' dir='ltr'><strong>non</strong></span> <span class='ocrx_word' id='word_1_156' title='bbox 266 1272 378 1299; x_wconf 83' lang='lat' dir='ltr'><strong>clabitur</strong></span> <span class='ocrx_word' id='word_1_157' title='bbox 389 1273 422 1299; x_wconf 85' lang='lat' dir='ltr'><strong>ei.</strong></span> <span class='ocrx_word' id='word_1_158' title='bbox 438 1271 628 1300; x_wconf 83' lang='lat' dir='ltr'><strong>incitamenta</strong></span> <span class='ocrx_word' id='word_1_159' title='bbox 639 1270 780 1298; x_wconf 82' lang='lat' dir='ltr'><strong>vitiorum</strong></span> <span class='ocrx_word' id='word_1_160' title='bbox 793 1270 906 1306; x_wconf 85' lang='lat' dir='ltr'><strong>colligit</strong></span> <span class='ocrx_word' id='word_1_161' title='bbox 915 1271 939 1299; x_wconf 81' lang='lat'><strong>⁶:</strong></span> 
     </span>
     <span class='ocr_line' id='line_1_23' title="bbox 165 1319 942 1354; baseline -0.004 -6"><span class='ocrx_word' id='word_1_162' title='bbox 165 1321 215 1348; x_wconf 85' lang='lat' dir='ltr'><strong>Per</strong></span> <span class='ocrx_word' id='word_1_163' title='bbox 236 1327 331 1354; x_wconf 66' lang='lat' dir='ltr'><strong>agrum</strong></span> <span class='ocrx_word' id='word_1_164' title='bbox 353 1319 467 1346; x_wconf 83' lang='lat' dir='ltr'><strong>hominis</strong></span> <span class='ocrx_word' id='word_1_165' title='bbox 486 1319 564 1353; x_wconf 63' lang='lat' dir='ltr'><strong>piari</strong></span> <span class='ocrx_word' id='word_1_166' title='bbox 586 1319 716 1350; x_wconf 82' lang='lat' dir='ltr'><strong>transivi,</strong></span> <span class='ocrx_word' id='word_1_167' title='bbox 737 1320 762 1345; x_wconf 84' lang='lat' dir='ltr'><strong>et</strong></span> <span class='ocrx_word' id='word_1_168' title='bbox 784 1326 839 1345; x_wconf 82' lang='lat' dir='ltr'><strong>cece</strong></span> <span class='ocrx_word' id='word_1_169' title='bbox 859 1320 942 1345; x_wconf 83' lang='lat' dir='ltr'><strong>totum</strong></span> 
     </span>
     <span class='ocr_line' id='line_1_24' title="bbox 164 1365 942 1402; baseline -0.001 -8"><span class='ocrx_word' id='word_1_170' title='bbox 164 1367 331 1402; x_wconf 80' lang='lat' dir='ltr'><strong>repleverant</strong></span> <span class='ocrx_word' id='word_1_171' title='bbox 347 1367 457 1399; x_wconf 83' lang='lat' dir='ltr'><strong>urticae,</strong></span> <span class='ocrx_word' id='word_1_172' title='bbox 468 1368 493 1392; x_wconf 80' lang='lat' dir='ltr'><strong>et</strong></span> <span class='ocrx_word' id='word_1_173' title='bbox 508 1367 698 1400; x_wconf 74' lang='lat' dir='ltr'><strong>cooperuerant</strong></span> <span class='ocrx_word' id='word_1_174' title='bbox 708 1366 875 1400; x_wconf 72' lang='lat' dir='ltr'><strong>superficiem</strong></span> <span class='ocrx_word' id='word_1_175' title='bbox 887 1365 942 1399; x_wconf 78' lang='lat' dir='ltr'><strong>ejus</strong></span> 
     </span>
     <span class='ocr_line' id='line_1_25' title="bbox 165 1416 261 1450; baseline 0.01 -9"><span class='ocrx_word' id='word_1_176' title='bbox 165 1416 261 1450; x_wconf 78' lang='lat' dir='ltr'><strong>spinoe.</strong></span> 
     </span>
    </p>

    <p class='ocr_par' dir='ltr' id='par_1_3' title="bbox 164 1459 945 2519">
     <span class='ocr_line' id='line_1_26' title="bbox 201 1459 942 1496; baseline -0.001 -7"><span class='ocrx_word' id='word_1_177' title='bbox 201 1463 273 1489; x_wconf 87' lang='lat' dir='ltr'><strong>Nota</strong></span> <span class='ocrx_word' id='word_1_178' title='bbox 287 1460 370 1496; x_wconf 84' lang='lat' dir='ltr'><strong>quod</strong></span> <span class='ocrx_word' id='word_1_179' title='bbox 384 1468 463 1495; x_wconf 83' lang='lat' dir='ltr'><strong>aqua</strong></span> <span class='ocrx_word' id='word_1_180' title='bbox 478 1459 677 1495; x_wconf 84' lang='lat' dir='ltr'><strong>corrumpitur</strong></span> <span class='ocrx_word' id='word_1_181' title='bbox 701 1460 798 1495; x_wconf 87' lang='lat' dir='ltr'><strong>quiete</strong></span> <span class='ocrx_word' id='word_1_182' title='bbox 810 1481 819 1494; x_wconf 98' lang='lat'><strong>,</strong></span> <span class='ocrx_word' id='word_1_183' title='bbox 841 1462 868 1488; x_wconf 85' lang='lat' dir='ltr'><strong>et</strong></span> <span class='ocrx_word' id='word_1_184' title='bbox 888 1460 942 1488; x_wconf 85' lang='lat' dir='ltr'><strong>fer-</strong></span> 
     </span>
     <span class='ocr_line' id='line_1_27' title="bbox 164 1507 941 1542; baseline -0.001 -6"><span class='ocrx_word' id='word_1_185' title='bbox 164 1516 232 1536; x_wconf 91' lang='lat' dir='ltr'><strong>rum</strong></span> <span class='ocrx_word' id='word_1_186' title='bbox 247 1507 393 1536; x_wconf 82' lang='lat' dir='ltr'><strong>contrabit</strong></span> <span class='ocrx_word' id='word_1_187' title='bbox 405 1507 590 1542; x_wconf 86' lang='lat' dir='ltr'><strong>rubiginem,</strong></span> <span class='ocrx_word' id='word_1_188' title='bbox 606 1508 633 1534; x_wconf 86' lang='lat' dir='ltr'><strong>et</strong></span> <span class='ocrx_word' id='word_1_189' title='bbox 645 1514 753 1542; x_wconf 83' lang='lat' dir='ltr'><strong>porcus</strong></span> <span class='ocrx_word' id='word_1_190' title='bbox 766 1508 941 1535; x_wconf 84' lang='lat' dir='ltr'><strong>mactandus</strong></span> 
     </span>
     <span class='ocr_line' id='line_1_28' title="bbox 165 1553 943 1591; baseline -0.001 -8"><span class='ocrx_word' id='word_1_191' title='bbox 165 1554 341 1591; x_wconf 81' lang='lat' dir='ltr'><strong>permittitur</strong></span> <span class='ocrx_word' id='word_1_192' title='bbox 360 1554 391 1581; x_wconf 91' lang='lat' dir='ltr'><strong>in</strong></span> <span class='ocrx_word' id='word_1_193' title='bbox 409 1553 507 1589; x_wconf 84' lang='lat' dir='ltr'><strong>quiete</strong></span> <span class='ocrx_word' id='word_1_194' title='bbox 529 1553 729 1589; x_wconf 80' lang='lat' dir='ltr'><strong>pinguescere.</strong></span> <span class='ocrx_word' id='word_1_195' title='bbox 747 1555 856 1581; x_wconf 87' lang='lat' dir='ltr'><strong>Locum</strong></span> <span class='ocrx_word' id='word_1_196' title='bbox 880 1554 943 1582; x_wconf 84' lang='lat' dir='ltr'><strong>dia-</strong></span> 
     </span>
     <span class='ocr_line' id='line_1_29' title="bbox 167 1600 943 1637; baseline 0 -8"><span class='ocrx_word' id='word_1_197' title='bbox 167 1602 238 1629; x_wconf 86' lang='lat' dir='ltr'><strong>bolo</strong></span> <span class='ocrx_word' id='word_1_198' title='bbox 261 1602 426 1637; x_wconf 67' lang='lat' dir='ltr'><strong>praeparat,</strong></span> <span class='ocrx_word' id='word_1_199' title='bbox 454 1600 525 1636; x_wconf 87' lang='lat' dir='ltr'><strong>quia</strong></span> <span class='ocrx_word' id='word_1_200' title='bbox 543 1600 634 1627; x_wconf 88' lang='lat' dir='ltr'><strong>homo</strong></span> <span class='ocrx_word' id='word_1_201' title='bbox 659 1600 771 1628; x_wconf 89' lang='lat' dir='ltr'><strong>otiosus</strong></span> <span class='ocrx_word' id='word_1_202' title='bbox 795 1602 837 1628; x_wconf 88' lang='lat' dir='ltr'><strong>est</strong></span> <span class='ocrx_word' id='word_1_203' title='bbox 858 1601 943 1637; x_wconf 84' lang='lat' dir='ltr'><strong>quasi</strong></span> 
     </span>
     <span class='ocr_line' id='line_1_30' title="bbox 165 1646 943 1684; baseline -0.001 -8"><span class='ocrx_word' id='word_1_204' title='bbox 165 1648 304 1684; x_wconf 86' lang='lat' dir='ltr'><strong>pulvinar</strong></span> <span class='ocrx_word' id='word_1_205' title='bbox 331 1647 461 1682; x_wconf 78' lang='lat' dir='ltr'><strong>diaboli3</strong></span> <span class='ocrx_word' id='word_1_206' title='bbox 488 1648 516 1674; x_wconf 93' lang='lat' dir='ltr'><strong>et</strong></span> <span class='ocrx_word' id='word_1_207' title='bbox 544 1647 575 1674; x_wconf 89' lang='lat' dir='ltr'><strong>in</strong></span> <span class='ocrx_word' id='word_1_208' title='bbox 602 1646 663 1674; x_wconf 83' lang='lat' dir='ltr'><strong>olla</strong></span> <span class='ocrx_word' id='word_1_209' title='bbox 690 1647 791 1683; x_wconf 80' lang='lat' dir='ltr'><strong>tepida</strong></span> <span class='ocrx_word' id='word_1_210' title='bbox 817 1647 943 1675; x_wconf 85' lang='lat' dir='ltr'><strong>libenter</strong></span> 
     </span>
     <span class='ocr_line' id='line_1_31' title="bbox 166 1694 943 1730; baseline 0 -8"><span class='ocrx_word' id='word_1_211' title='bbox 166 1703 274 1722; x_wconf 55' lang='lat' dir='ltr'><strong>muscae</strong></span> <span class='ocrx_word' id='word_1_212' title='bbox 289 1695 432 1729; x_wconf 83' lang='lat' dir='ltr'><strong>insident,</strong></span> <span class='ocrx_word' id='word_1_213' title='bbox 456 1702 523 1730; x_wconf 82' lang='lat' dir='ltr'><strong>quae</strong></span> <span class='ocrx_word' id='word_1_214' title='bbox 543 1694 706 1721; x_wconf 74' lang='lat' dir='ltr'><strong>ferventem</strong></span> <span class='ocrx_word' id='word_1_215' title='bbox 729 1694 854 1729; x_wconf 86' lang='lat' dir='ltr'><strong>fugiunt.</strong></span> <span class='ocrx_word' id='word_1_216' title='bbox 870 1696 943 1722; x_wconf 87' lang='lat' dir='ltr'><strong>Ten-</strong></span> 
     </span>
     <span class='ocr_line' id='line_1_32' title="bbox 166 1741 942 1778; baseline -0.001 -8"><span class='ocrx_word' id='word_1_217' title='bbox 166 1742 328 1770; x_wconf 86' lang='lat' dir='ltr'><strong>tationibus</strong></span> <span class='ocrx_word' id='word_1_218' title='bbox 349 1744 446 1778; x_wconf 86' lang='lat' dir='ltr'><strong>patet;</strong></span> <span class='ocrx_word' id='word_1_219' title='bbox 461 1741 542 1769; x_wconf 83' lang='lat' dir='ltr'><strong>unde</strong></span> <span class='ocrx_word' id='word_1_220' title='bbox 566 1741 674 1776; x_wconf 86' lang='lat' dir='ltr'><strong>legitur</strong></span> <span class='ocrx_word' id='word_1_221' title='bbox 697 1741 727 1768; x_wconf 92' lang='lat' dir='ltr'><strong>in</strong></span> <span class='ocrx_word' id='word_1_222' title='bbox 749 1742 942 1769; x_wconf 74' lang='lat' dir='ltr'><strong>collationibus</strong></span> 
     </span>
     <span class='ocr_line' id='line_1_33' title="bbox 166 1788 942 1825; baseline -0.003 -8"><span class='ocrx_word' id='word_1_223' title='bbox 166 1789 310 1823; x_wconf 78' lang='lat' dir='ltr'><strong>Patrum7,</strong></span> <span class='ocrx_word' id='word_1_224' title='bbox 326 1788 409 1825; x_wconf 90' lang='lat' dir='ltr'><strong>quod</strong></span> <span class='ocrx_word' id='word_1_225' title='bbox 428 1788 610 1816; x_wconf 84' lang='lat' dir='ltr'><strong>monachum</strong></span> <span class='ocrx_word' id='word_1_226' title='bbox 630 1790 804 1824; x_wconf 73' lang='lat' dir='ltr'><strong>operantem</strong></span> <span class='ocrx_word' id='word_1_227' title='bbox 824 1788 942 1816; x_wconf 84' lang='lat' dir='ltr'><strong>daemon</strong></span> 
     </span>
     <span class='ocr_line' id='line_1_34' title="bbox 167 1835 943 1871; baseline -0.001 -8"><span class='ocrx_word' id='word_1_228' title='bbox 167 1844 243 1863; x_wconf 90' lang='lat' dir='ltr'><strong>unus</strong></span> <span class='ocrx_word' id='word_1_229' title='bbox 257 1835 369 1871; x_wconf 85' lang='lat' dir='ltr'><strong>pulsat,</strong></span> <span class='ocrx_word' id='word_1_230' title='bbox 387 1835 513 1862; x_wconf 89' lang='lat' dir='ltr'><strong>otiosum</strong></span> <span class='ocrx_word' id='word_1_231' title='bbox 536 1843 608 1867; x_wconf 84' lang='lat' dir='ltr'><strong>vero</strong></span> <span class='ocrx_word' id='word_1_232' title='bbox 625 1835 785 1863; x_wconf 85' lang='lat' dir='ltr'><strong>innumeri.</strong></span> <span class='ocrx_word' id='word_1_233' title='bbox 802 1837 848 1862; x_wconf 88' lang='lat' dir='ltr'><strong>Est</strong></span> <span class='ocrx_word' id='word_1_234' title='bbox 863 1836 943 1863; x_wconf 87' lang='lat' dir='ltr'><strong>enim</strong></span> 
     </span>
     <span class='ocr_line' id='line_1_35' title="bbox 167 1881 943 1917; baseline -0.001 -7"><span class='ocrx_word' id='word_1_235' title='bbox 167 1883 257 1910; x_wconf 88' lang='lat' dir='ltr'><strong>homo</strong></span> <span class='ocrx_word' id='word_1_236' title='bbox 282 1882 435 1909; x_wconf 82' lang='lat' dir='ltr'><strong>acediosus</strong></span> <span class='ocrx_word' id='word_1_237' title='bbox 451 1881 537 1917; x_wconf 81' lang='lat' dir='ltr'><strong>quasi</strong></span> <span class='ocrx_word' id='word_1_238' title='bbox 563 1881 635 1909; x_wconf 85' lang='lat' dir='ltr'><strong>urbs</strong></span> <span class='ocrx_word' id='word_1_239' title='bbox 657 1882 771 1917; x_wconf 83' lang='lat' dir='ltr'><strong>absque</strong></span> <span class='ocrx_word' id='word_1_240' title='bbox 787 1890 943 1909; x_wconf 85' lang='lat' dir='ltr'><strong>murorum</strong></span> 
     </span>
     <span class='ocr_line' id='line_1_36' title="bbox 167 1928 941 1964; baseline -0.001 -7"><span class='ocrx_word' id='word_1_241' title='bbox 167 1929 294 1963; x_wconf 84' lang='lat' dir='ltr'><strong>ambitu,</strong></span> <span class='ocrx_word' id='word_1_242' title='bbox 311 1931 338 1956; x_wconf 88' lang='lat' dir='ltr'><strong>et</strong></span> <span class='ocrx_word' id='word_1_243' title='bbox 353 1929 436 1964; x_wconf 87' lang='lat' dir='ltr'><strong>quasi</strong></span> <span class='ocrx_word' id='word_1_244' title='bbox 458 1928 577 1963; x_wconf 87' lang='lat' dir='ltr'><strong>signum</strong></span> <span class='ocrx_word' id='word_1_245' title='bbox 595 1928 726 1964; x_wconf 88' lang='lat' dir='ltr'><strong>positum</strong></span> <span class='ocrx_word' id='word_1_246' title='bbox 742 1929 781 1956; x_wconf 86' lang='lat' dir='ltr'><strong>ad</strong></span> <span class='ocrx_word' id='word_1_247' title='bbox 796 1929 941 1963; x_wconf 78' lang='lat' dir='ltr'><strong>sagittam.</strong></span> 
     </span>
     <span class='ocr_line' id='line_1_37' title="bbox 168 1975 943 2011; baseline -0.001 -7"><span class='ocrx_word' id='word_1_248' title='bbox 168 1978 261 2004; x_wconf 90' lang='lat' dir='ltr'><strong>Mores</strong></span> <span class='ocrx_word' id='word_1_249' title='bbox 280 1975 434 2011; x_wconf 81' lang='lat' dir='ltr'><strong>pervertit,</strong></span> <span class='ocrx_word' id='word_1_250' title='bbox 454 1975 525 2010; x_wconf 84' lang='lat' dir='ltr'><strong>quia</strong></span> <span class='ocrx_word' id='word_1_251' title='bbox 545 1975 609 2002; x_wconf 91' lang='lat' dir='ltr'><strong>vult</strong></span> <span class='ocrx_word' id='word_1_252' title='bbox 627 1977 735 2003; x_wconf 87' lang='lat' dir='ltr'><strong>metere</strong></span> <span class='ocrx_word' id='word_1_253' title='bbox 747 1997 756 2010; x_wconf 96' lang='lat'><strong>,</strong></span> <span class='ocrx_word' id='word_1_254' title='bbox 777 1977 804 2003; x_wconf 89' lang='lat' dir='ltr'><strong>et</strong></span> <span class='ocrx_word' id='word_1_255' title='bbox 822 1984 883 2004; x_wconf 91' lang='lat' dir='ltr'><strong>non</strong></span> <span class='ocrx_word' id='word_1_256' title='bbox 898 1985 943 2003; x_wconf 59' lang='lat' dir='ltr'><strong>se&lt;</strong></span> 
     </span>
     <span class='ocr_line' id='line_1_38' title="bbox 168 2021 942 2057; baseline 0.001 -8"><span class='ocrx_word' id='word_1_257' title='bbox 168 2023 296 2055; x_wconf 83' lang='lat' dir='ltr'><strong>minare,</strong></span> <span class='ocrx_word' id='word_1_258' title='bbox 311 2022 385 2048; x_wconf 88' lang='lat' dir='ltr'><strong>sicut</strong></span> <span class='ocrx_word' id='word_1_259' title='bbox 404 2023 484 2048; x_wconf 77' lang='lat' dir='ltr'><strong>catus</strong></span> <span class='ocrx_word' id='word_1_260' title='bbox 502 2021 552 2056; x_wconf 85' lang='lat' dir='ltr'><strong>qui</strong></span> <span class='ocrx_word' id='word_1_261' title='bbox 572 2021 698 2049; x_wconf 85' lang='lat' dir='ltr'><strong>libenter</strong></span> <span class='ocrx_word' id='word_1_262' title='bbox 721 2022 816 2057; x_wconf 86' lang='lat' dir='ltr'><strong>pisces</strong></span> <span class='ocrx_word' id='word_1_263' title='bbox 843 2031 942 2050; x_wconf 81' lang='lat' dir='ltr'><strong>come-</strong></span> 
     </span>
     <span class='ocr_line' id='line_1_39' title="bbox 169 2067 941 2104; baseline 0 -7"><span class='ocrx_word' id='word_1_264' title='bbox 169 2070 220 2104; x_wconf 88' lang='lat' dir='ltr'><strong>dit,</strong></span> <span class='ocrx_word' id='word_1_265' title='bbox 239 2068 291 2096; x_wconf 88' lang='lat' dir='ltr'><strong>sed</strong></span> <span class='ocrx_word' id='word_1_266' title='bbox 315 2076 366 2096; x_wconf 86' lang='lat' dir='ltr'><strong>cos</strong></span> <span class='ocrx_word' id='word_1_267' title='bbox 388 2075 449 2095; x_wconf 89' lang='lat' dir='ltr'><strong>non</strong></span> <span class='ocrx_word' id='word_1_268' title='bbox 468 2067 593 2095; x_wconf 86' lang='lat' dir='ltr'><strong>libenter</strong></span> <span class='ocrx_word' id='word_1_269' title='bbox 613 2068 698 2103; x_wconf 84' lang='lat' dir='ltr'><strong>capit.</strong></span> <span class='ocrx_word' id='word_1_270' title='bbox 720 2069 829 2096; x_wconf 70' lang='lat' dir='ltr'><strong>Seneca</strong></span> <span class='ocrx_word' id='word_1_271' title='bbox 845 2078 851 2096; x_wconf 70' lang='grc' dir='ltr'><strong><em>ι</em></strong></span> <span class='ocrx_word' id='word_1_272' title='bbox 867 2079 879 2095; x_wconf 74' lang='grc' dir='ltr'><strong>ι(</strong></span> <span class='ocrx_word' id='word_1_273' title='bbox 896 2071 941 2097; x_wconf 88' lang='lat' dir='ltr'><strong>In-</strong></span> 
     </span>
     <span class='ocr_line' id='line_1_40' title="bbox 169 2114 943 2150; baseline -0.001 -6"><span class='ocrx_word' id='word_1_274' title='bbox 169 2118 279 2144; x_wconf 87' lang='lat' dir='ltr'><strong>certum</strong></span> <span class='ocrx_word' id='word_1_275' title='bbox 312 2116 354 2142; x_wconf 87' lang='lat' dir='ltr'><strong>est</strong></span> <span class='ocrx_word' id='word_1_276' title='bbox 371 2136 379 2149; x_wconf 88' lang='lat'><strong>,</strong></span> <span class='ocrx_word' id='word_1_277' title='bbox 410 2122 470 2150; x_wconf 89' lang='lat' dir='ltr'><strong>quo</strong></span> <span class='ocrx_word' id='word_1_278' title='bbox 494 2114 561 2142; x_wconf 91' lang='lat' dir='ltr'><strong>loco</strong></span> <span class='ocrx_word' id='word_1_279' title='bbox 583 2135 590 2148; x_wconf 99' lang='lat'><strong>,</strong></span> <span class='ocrx_word' id='word_1_280' title='bbox 621 2115 775 2150; x_wconf 85' lang='lat' dir='ltr'><strong>quomodo</strong></span> <span class='ocrx_word' id='word_1_281' title='bbox 807 2123 887 2143; x_wconf 88' lang='lat' dir='ltr'><strong>mors</strong></span> <span class='ocrx_word' id='word_1_282' title='bbox 916 2119 943 2143; x_wconf 87' lang='lat' dir='ltr'><strong>tc</strong></span> 
     </span>
     <span class='ocr_line' id='line_1_41' title="bbox 168 2160 945 2199; baseline -0.001 -8"><span class='ocrx_word' id='word_1_283' title='bbox 168 2162 292 2199; x_wconf 85' lang='lat' dir='ltr'><strong>excipiat</strong></span> <span class='ocrx_word' id='word_1_284' title='bbox 307 2171 315 2188; x_wconf 88' lang='lat'><strong>.·</strong></span> <span class='ocrx_word' id='word_1_285' title='bbox 329 2163 356 2189; x_wconf 90' lang='lat' dir='ltr'><strong>et</strong></span> <span class='ocrx_word' id='word_1_286' title='bbox 371 2161 439 2188; x_wconf 90' lang='lat' dir='ltr'><strong>ideo</strong></span> <span class='ocrx_word' id='word_1_287' title='bbox 455 2163 486 2188; x_wconf 93' lang='lat' dir='ltr'><strong>tu</strong></span> <span class='ocrx_word' id='word_1_288' title='bbox 505 2160 586 2188; x_wconf 83' lang='lat' dir='ltr'><strong>illam</strong></span> <span class='ocrx_word' id='word_1_289' title='bbox 603 2161 633 2188; x_wconf 91' lang='lat' dir='ltr'><strong>in</strong></span> <span class='ocrx_word' id='word_1_290' title='bbox 652 2161 734 2188; x_wconf 89' lang='lat' dir='ltr'><strong>omni</strong></span> <span class='ocrx_word' id='word_1_291' title='bbox 750 2161 816 2189; x_wconf 85' lang='lat' dir='ltr'><strong>loco</strong></span> <span class='ocrx_word' id='word_1_292' title='bbox 832 2163 859 2189; x_wconf 84' lang='lat' dir='ltr'><strong>ct</strong></span> <span class='ocrx_word' id='word_1_293' title='bbox 873 2165 945 2190; x_wconf 85' lang='lat' dir='ltr'><strong>tem-</strong></span> 
     </span>
     <span class='ocr_line' id='line_1_42' title="bbox 167 2207 944 2246; baseline -0.003 -8"><span class='ocrx_word' id='word_1_294' title='bbox 167 2218 239 2246; x_wconf 88' lang='lat' dir='ltr'><strong>pore</strong></span> <span class='ocrx_word' id='word_1_295' title='bbox 255 2209 387 2245; x_wconf 83' lang='lat' dir='ltr'><strong>expecta.</strong></span> <span class='ocrx_word' id='word_1_296' title='bbox 403 2217 417 2234; x_wconf 84' lang='grc'>»</span> <span class='ocrx_word' id='word_1_297' title='bbox 427 2208 537 2235; x_wconf 77' lang='lat' dir='ltr'><strong>‘Furem</strong></span> <span class='ocrx_word' id='word_1_298' title='bbox 551 2207 713 2235; x_wconf 79' lang='lat' dir='ltr'><strong>fodientem</strong></span> <span class='ocrx_word' id='word_1_299' title='bbox 727 2209 870 2243; x_wconf 78' lang='lat' dir='ltr'><strong>parietem</strong></span> <span class='ocrx_word' id='word_1_300' title='bbox 883 2217 944 2237; x_wconf 92' lang='lat' dir='ltr'><strong>non</strong></span> 
     </span>
     <span class='ocr_line' id='line_1_43' title="bbox 168 2253 945 2292; baseline -0.003 -7"><span class='ocrx_word' id='word_1_301' title='bbox 168 2256 299 2292; x_wconf 85' lang='lat' dir='ltr'><strong>repellit,</strong></span> <span class='ocrx_word' id='word_1_302' title='bbox 315 2255 386 2291; x_wconf 81' lang='lat' dir='ltr'><strong>quia</strong></span> <span class='ocrx_word' id='word_1_303' title='bbox 408 2262 489 2282; x_wconf 88' lang='lat' dir='ltr'><strong>mors</strong></span> <span class='ocrx_word' id='word_1_304' title='bbox 512 2253 559 2281; x_wconf 83' lang='lat' dir='ltr'><strong>fur</strong></span> <span class='ocrx_word' id='word_1_305' title='bbox 579 2256 641 2287; x_wconf 88' lang='lat' dir='ltr'><strong>est,</strong></span> <span class='ocrx_word' id='word_1_306' title='bbox 662 2256 689 2282; x_wconf 92' lang='lat' dir='ltr'><strong>et</strong></span> <span class='ocrx_word' id='word_1_307' title='bbox 712 2255 844 2290; x_wconf 85' lang='lat' dir='ltr'><strong>quotidie</strong></span> <span class='ocrx_word' id='word_1_308' title='bbox 868 2256 945 2283; x_wconf 86' lang='lat' dir='ltr'><strong>tollit</strong></span> 
     </span>
     <span class='ocr_line' id='line_1_44' title="bbox 168 2300 945 2335; baseline -0.001 -4"><span class='ocrx_word' id='word_1_309' title='bbox 168 2311 261 2331; x_wconf 91' lang='lat' dir='ltr'><strong>unum</strong></span> <span class='ocrx_word' id='word_1_310' title='bbox 283 2309 429 2335; x_wconf 85' lang='lat' dir='ltr'><strong>asserem,</strong></span> <span class='ocrx_word' id='word_1_311' title='bbox 449 2300 480 2327; x_wconf 86' lang='lat' dir='ltr'><strong>id</strong></span> <span class='ocrx_word' id='word_1_312' title='bbox 505 2303 547 2328; x_wconf 87' lang='lat' dir='ltr'><strong>est</strong></span> <span class='ocrx_word' id='word_1_313' title='bbox 565 2309 661 2328; x_wconf 90' lang='lat' dir='ltr'><strong>unum</strong></span> <span class='ocrx_word' id='word_1_314' title='bbox 685 2301 774 2329; x_wconf 89' lang='lat' dir='ltr'><strong>diem.</strong></span> <span class='ocrx_word' id='word_1_315' title='bbox 794 2303 804 2319; x_wconf 64' lang='grc' dir='ltr'>Β</span> <span class='ocrx_word' id='word_1_316' title='bbox 820 2304 851 2330; x_wconf 86' lang='lat' dir='ltr'><strong>Si</strong></span> <span class='ocrx_word' id='word_1_317' title='bbox 865 2305 945 2330; x_wconf 81' lang='lat' dir='ltr'><strong>sciret</strong></span> 
     </span>
     <span class='ocr_line' id='line_1_45' title="bbox 167 2348 943 2386; baseline -0.001 -8"><span class='ocrx_word' id='word_1_318' title='bbox 167 2350 384 2385; x_wconf 78' lang='lat' dir='ltr'><strong>paterfamilias,</strong></span> <span class='ocrx_word' id='word_1_319' title='bbox 401 2356 455 2382; x_wconf 83' lang='lat' dir='ltr'><strong>qua</strong></span> <span class='ocrx_word' id='word_1_320' title='bbox 472 2348 537 2375; x_wconf 85' lang='lat' dir='ltr'><strong>hora</strong></span> <span class='ocrx_word' id='word_1_321' title='bbox 555 2350 603 2381; x_wconf 79' lang='lat' dir='ltr'><strong>far</strong></span> <span class='ocrx_word' id='word_1_322' title='bbox 617 2350 738 2383; x_wconf 85' lang='lat' dir='ltr'><strong>veniret,</strong></span> <span class='ocrx_word' id='word_1_323' title='bbox 758 2351 811 2376; x_wconf 85' lang='lat' dir='ltr'><strong>etc.</strong></span> <span class='ocrx_word' id='word_1_324' title='bbox 834 2351 943 2386; x_wconf 79' lang='lat' dir='ltr'><strong>Recep-</strong></span> 
     </span>
     <span class='ocr_line' id='line_1_46' title="bbox 168 2394 945 2429; baseline -0.003 -4"><span class='ocrx_word' id='word_1_325' title='bbox 168 2397 300 2425; x_wconf 89' lang='lat' dir='ltr'><strong>tacuium</strong></span> <span class='ocrx_word' id='word_1_326' title='bbox 315 2394 449 2422; x_wconf 88' lang='lat' dir='ltr'><strong>sordium</strong></span> <span class='ocrx_word' id='word_1_327' title='bbox 463 2402 493 2422; x_wconf 87' lang='lat' dir='ltr'><strong>se</strong></span> <span class='ocrx_word' id='word_1_328' title='bbox 510 2394 597 2429; x_wconf 78' lang='lat' dir='ltr'><strong>facit3</strong></span> <span class='ocrx_word' id='word_1_329' title='bbox 620 2396 785 2423; x_wconf 68' lang='lat' dir='ltr'><strong>Bernartius</strong></span> <span class='ocrx_word' id='word_1_330' title='bbox 801 2398 811 2413; x_wconf 64' lang='lat'><strong>‘³</strong></span> <span class='ocrx_word' id='word_1_331' title='bbox 829 2405 835 2423; x_wconf 89' lang='lat'>:</span> <span class='ocrx_word' id='word_1_332' title='bbox 853 2407 866 2422; x_wconf 87' lang='lat'>«</span> <span class='ocrx_word' id='word_1_333' title='bbox 878 2398 945 2424; x_wconf 85' lang='lat' dir='ltr'><strong>Om-</strong></span> 
     </span>
     <span class='ocr_line' id='line_1_47' title="bbox 168 2441 944 2479; baseline 0.001 -8"><span class='ocrx_word' id='word_1_334' title='bbox 168 2444 253 2471; x_wconf 89' lang='lat' dir='ltr'><strong>nium</strong></span> <span class='ocrx_word' id='word_1_335' title='bbox 272 2442 466 2470; x_wconf 85' lang='lat' dir='ltr'><strong>tentationum</strong></span> <span class='ocrx_word' id='word_1_336' title='bbox 490 2441 603 2468; x_wconf 86' lang='lat' dir='ltr'><strong>sentina</strong></span> <span class='ocrx_word' id='word_1_337' title='bbox 628 2444 670 2469; x_wconf 83' lang='lat' dir='ltr'><strong>est</strong></span> <span class='ocrx_word' id='word_1_338' title='bbox 695 2443 798 2470; x_wconf 88' lang='lat' dir='ltr'><strong>otium.</strong></span> <span class='ocrx_word' id='word_1_339' title='bbox 814 2453 826 2469; x_wconf 73' lang='lat' dir='ltr'><strong>n</strong></span> <span class='ocrx_word' id='word_1_340' title='bbox 846 2445 944 2479; x_wconf 86' lang='lat' dir='ltr'><strong>Ipsum</strong></span> 
     </span>
     <span class='ocr_line' id='line_1_48' title="bbox 171 2487 945 2519; baseline 0.003 -2"><span class='ocrx_word' id='word_1_341' title='bbox 171 2490 249 2517; x_wconf 87' lang='lat' dir='ltr'><strong>enim</strong></span> <span class='ocrx_word' id='word_1_342' title='bbox 264 2491 306 2517; x_wconf 91' lang='lat' dir='ltr'><strong>est</strong></span> <span class='ocrx_word' id='word_1_343' title='bbox 320 2488 436 2516; x_wconf 82' lang='lat' dir='ltr'><strong>occasio</strong></span> <span class='ocrx_word' id='word_1_344' title='bbox 456 2488 579 2515; x_wconf 73' lang='lat' dir='ltr'><strong>luxuriae</strong></span> <span class='ocrx_word' id='word_1_345' title='bbox 594 2487 632 2515; x_wconf 80' lang='lat'><strong>¹0:</strong></span> <span class='ocrx_word' id='word_1_346' title='bbox 649 2489 758 2516; x_wconf 79' lang='lat' dir='ltr'><strong>Factam</strong></span> <span class='ocrx_word' id='word_1_347' title='bbox 773 2493 812 2517; x_wconf 83' lang='lat' dir='ltr'><strong>est</strong></span> <span class='ocrx_word' id='word_1_348' title='bbox 831 2499 858 2518; x_wconf 85' lang='lat' dir='ltr'><strong>eo</strong></span> <span class='ocrx_word' id='word_1_349' title='bbox 875 2494 945 2519; x_wconf 82' lang='lat' dir='ltr'><strong>tem-</strong></span> 
     </span>
    </p>
   </div>
   <div class='ocr_carea' id='block_1_3' title="bbox 204 2585 945 2617">
    <p class='ocr_par' dir='ltr' id='par_1_4' title="bbox 204 2585 945 2617">
     <span class='ocr_line' id='line_1_49' title="bbox 204 2585 945 2617; baseline 0.004 -8"><span class='ocrx_word' id='word_1_350' title='bbox 204 2586 211 2602; x_wconf 91' lang='lat'><strong>¹</strong></span> <span class='ocrx_word' id='word_1_351' title='bbox 225 2586 297 2615; x_wconf 62' lang='lat' dir='ltr'><strong>Gen,</strong></span> <span class='ocrx_word' id='word_1_352' title='bbox 311 2591 356 2616; x_wconf 85' lang='lat'><strong>111,</strong></span> <span class='ocrx_word' id='word_1_353' title='bbox 377 2586 415 2609; x_wconf 84' lang='grc'><strong>19.</strong></span> <span class='ocrx_word' id='word_1_354' title='bbox 429 2598 459 2603; x_wconf 90' lang='grc'><strong>-</strong></span> <span class='ocrx_word' id='word_1_355' title='bbox 478 2585 486 2599; x_wconf 78' lang='lat'><strong>²</strong></span> <span class='ocrx_word' id='word_1_356' title='bbox 500 2586 586 2615; x_wconf 53' lang='lat' dir='ltr'><strong>Prota,</strong></span> <span class='ocrx_word' id='word_1_357' title='bbox 604 2591 643 2615; x_wconf 72' lang='lat' dir='ltr'><strong>vr,</strong></span> <span class='ocrx_word' id='word_1_358' title='bbox 659 2587 681 2610; x_wconf 82' lang='lat'><strong>6.</strong></span> <span class='ocrx_word' id='word_1_359' title='bbox 694 2599 724 2604; x_wconf 92' lang='lat'><strong>—-</strong></span> <span class='ocrx_word' id='word_1_360' title='bbox 744 2587 753 2600; x_wconf 83' lang='lat'><strong>³</strong></span> <span class='ocrx_word' id='word_1_361' title='bbox 768 2587 853 2617; x_wconf 64' lang='lat' dir='ltr'><strong>Rern„</strong></span> <span class='ocrx_word' id='word_1_362' title='bbox 869 2594 945 2616; x_wconf 80' lang='lat' dir='ltr'><strong>super</strong></span> 
     </span>
    </p>
   </div>
   <div class='ocr_carea' id='block_1_4' title="bbox 170 2620 945 2725">
    <p class='ocr_par' dir='ltr' id='par_1_5' title="bbox 170 2620 945 2725">
     <span class='ocr_line' id='line_1_50' title="bbox 171 2620 945 2655; baseline 0.001 -9"><span class='ocrx_word' id='word_1_363' title='bbox 171 2622 232 2646; x_wconf 79' lang='lat' dir='ltr'><strong>Ecce</strong></span> <span class='ocrx_word' id='word_1_364' title='bbox 247 2627 298 2651; x_wconf 82' lang='lat' dir='ltr'><strong>nos,</strong></span> <span class='ocrx_word' id='word_1_365' title='bbox 312 2620 387 2651; x_wconf 82' lang='lat' dir='ltr'><strong>longe</strong></span> <span class='ocrx_word' id='word_1_366' title='bbox 402 2622 460 2651; x_wconf 87' lang='lat' dir='ltr'><strong>post</strong></span> <span class='ocrx_word' id='word_1_367' title='bbox 473 2621 541 2644; x_wconf 87' lang='lat' dir='ltr'><strong>med.</strong></span> <span class='ocrx_word' id='word_1_368' title='bbox 556 2634 586 2638; x_wconf 91' lang='lat'>—</span> <span class='ocrx_word' id='word_1_369' title='bbox 600 2621 609 2637; x_wconf 57' lang='grc' dir='ltr'><strong><em>Β</em></strong></span> <span class='ocrx_word' id='word_1_370' title='bbox 625 2621 695 2652; x_wconf 63' lang='lat' dir='ltr'><strong>Sap„</strong></span> <span class='ocrx_word' id='word_1_371' title='bbox 713 2627 741 2652; x_wconf 86' lang='lat'><strong>11,</strong></span> <span class='ocrx_word' id='word_1_372' title='bbox 758 2624 780 2646; x_wconf 79' lang='grc' dir='ltr'><strong>ὓ.</strong></span> <span class='ocrx_word' id='word_1_373' title='bbox 792 2636 822 2640; x_wconf 89' lang='lat'>-</span> <span class='ocrx_word' id='word_1_374' title='bbox 837 2624 846 2639; x_wconf 77' lang='lat'>⁵</span> <span class='ocrx_word' id='word_1_375' title='bbox 860 2624 945 2655; x_wconf 57' lang='lat' dir='ltr'><strong>Pron„</strong></span> 
     </span>
     <span class='ocr_line' id='line_1_51' title="bbox 170 2656 944 2688; baseline 0.005 -10"><span class='ocrx_word' id='word_1_376' title='bbox 170 2662 215 2685; x_wconf 74' lang='lat' dir='ltr'><strong>xx,</strong></span> <span class='ocrx_word' id='word_1_377' title='bbox 232 2657 254 2679; x_wconf 81' lang='lat'><strong>4.</strong></span> <span class='ocrx_word' id='word_1_378' title='bbox 266 2668 295 2673; x_wconf 91' lang='lat'><strong>—-</strong></span> <span class='ocrx_word' id='word_1_379' title='bbox 307 2656 316 2670; x_wconf 66' lang='grc' dir='ltr'><strong><em>ὃ</em></strong></span> <span class='ocrx_word' id='word_1_380' title='bbox 331 2656 413 2685; x_wconf 65' lang='lat' dir='ltr'><strong>Pron„</strong></span> <span class='ocrx_word' id='word_1_381' title='bbox 427 2661 497 2686; x_wconf 67' lang='lat' dir='ltr'><strong>xxm,</strong></span> <span class='ocrx_word' id='word_1_382' title='bbox 510 2657 549 2686; x_wconf 81' lang='lat'><strong>30,</strong></span> <span class='ocrx_word' id='word_1_383' title='bbox 567 2657 604 2680; x_wconf 81' lang='lat'><strong>31.</strong></span> <span class='ocrx_word' id='word_1_384' title='bbox 618 2670 643 2674; x_wconf 53' lang='lat'><strong>»-</strong></span> <span class='ocrx_word' id='word_1_385' title='bbox 662 2658 669 2671; x_wconf 89' lang='lat'><strong>⁷</strong></span> <span class='ocrx_word' id='word_1_386' title='bbox 682 2657 805 2688; x_wconf 62' lang='lat' dir='ltr'><strong>Cassian„</strong></span> <span class='ocrx_word' id='word_1_387' title='bbox 820 2658 848 2681; x_wconf 76' lang='lat' dir='ltr'><strong>(le</strong></span> <span class='ocrx_word' id='word_1_388' title='bbox 862 2660 944 2683; x_wconf 68' lang='lat' dir='ltr'><strong>lnslit.</strong></span> 
     </span>
     <span class='ocr_line' id='line_1_52' title="bbox 173 2690 945 2725; baseline 0.008 -11"><span class='ocrx_word' id='word_1_389' title='bbox 173 2690 279 2719; x_wconf 58' lang='lat' dir='ltr'><strong>Cccnoh„</strong></span> <span class='ocrx_word' id='word_1_390' title='bbox 301 2690 345 2714; x_wconf 83' lang='lat' dir='ltr'><strong>lib.</strong></span> <span class='ocrx_word' id='word_1_391' title='bbox 365 2691 399 2719; x_wconf 76' lang='grc' dir='ltr'><strong>Χ,</strong></span> <span class='ocrx_word' id='word_1_392' title='bbox 419 2697 441 2714; x_wconf 78' lang='lat' dir='ltr'><strong>c.</strong></span> <span class='ocrx_word' id='word_1_393' title='bbox 465 2697 542 2715; x_wconf 80' lang='lat' dir='ltr'><strong>xxm.</strong></span> <span class='ocrx_word' id='word_1_394' title='bbox 562 2705 591 2709; x_wconf 93' lang='lat'><strong>-—</strong></span> <span class='ocrx_word' id='word_1_395' title='bbox 610 2692 620 2708; x_wconf 79' lang='lat'>8</span> <span class='ocrx_word' id='word_1_396' title='bbox 644 2693 745 2724; x_wconf 62' lang='lat' dir='ltr'><strong>Malui„</strong></span> <span class='ocrx_word' id='word_1_397' title='bbox 767 2701 838 2725; x_wconf 76' lang='lat' dir='ltr'><strong>xxw,</strong></span> <span class='ocrx_word' id='word_1_398' title='bbox 859 2697 896 2719; x_wconf 76' lang='lat'><strong>43.</strong></span> <span class='ocrx_word' id='word_1_399' title='bbox 916 2709 945 2713; x_wconf 94' lang='lat'>—</span> 
     </span>
    </p>
   </div>
   <div class='ocr_carea' id='block_1_5' title="bbox 173 2726 943 2761">
    <p class='ocr_par' dir='ltr' id='par_1_6' title="bbox 173 2726 943 2761">
     <span class='ocr_line' id='line_1_53' title="bbox 173 2726 943 2761; baseline 0.006 -11"><span class='ocrx_word' id='word_1_400' title='bbox 173 2728 181 2741; x_wconf 76' lang='lat'><em>⁹</em></span> <span class='ocrx_word' id='word_1_401' title='bbox 202 2728 285 2756; x_wconf 72' lang='lat' dir='ltr'><strong>Rern.¹</strong></span> <span class='ocrx_word' id='word_1_402' title='bbox 304 2726 332 2749; x_wconf 82' lang='lat' dir='ltr'><strong>de</strong></span> <span class='ocrx_word' id='word_1_403' title='bbox 356 2726 402 2750; x_wconf 74' lang='lat' dir='ltr'><strong>Vit.</strong></span> <span class='ocrx_word' id='word_1_404' title='bbox 421 2726 495 2750; x_wconf 81' lang='lat' dir='ltr'><strong>Solit.</strong></span> <span class='ocrx_word' id='word_1_405' title='bbox 513 2727 547 2749; x_wconf 74' lang='lat' dir='ltr'><strong>tul</strong></span> <span class='ocrx_word' id='word_1_406' title='bbox 560 2727 631 2751; x_wconf 74' lang='lat' dir='ltr'><strong>Frat.</strong></span> <span class='ocrx_word' id='word_1_407' title='bbox 647 2728 676 2751; x_wconf 76' lang='lat' dir='ltr'><strong>cle</strong></span> <span class='ocrx_word' id='word_1_408' title='bbox 694 2731 779 2753; x_wconf 80' lang='lat' dir='ltr'><strong>Monte</strong></span> <span class='ocrx_word' id='word_1_409' title='bbox 794 2730 853 2761; x_wconf 81' lang='lat' dir='ltr'><strong>Dei,</strong></span> <span class='ocrx_word' id='word_1_410' title='bbox 868 2731 943 2761; x_wconf 74' lang='lat' dir='ltr'><strong>longe</strong></span> 
     </span>
    </p>
   </div>
   <div class='ocr_carea' id='block_1_6' title="bbox 1715 259 1774 289">
    <p class='ocr_par' dir='ltr' id='par_1_7' title="bbox 1715 259 1774 289">
     <span class='ocr_line' id='line_1_54' title="bbox 1715 259 1774 289; baseline 0 0"><span class='ocrx_word' id='word_1_411' title='bbox 1715 259 1774 289; x_wconf 80' lang='lat'><strong>¹39</strong></span> 
     </span>
    </p>
   </div>
   <div class='ocr_carea' id='block_1_7' title="bbox 995 326 1778 966">
    <p class='ocr_par' dir='ltr' id='par_1_8' title="bbox 995 326 1778 966">
     <span class='ocr_line' id='line_1_55' title="bbox 995 326 1776 362; baseline -0.001 -8"><span class='ocrx_word' id='word_1_412' title='bbox 995 333 1077 362; x_wconf 79' lang='lat' dir='ltr'><strong>pore,</strong></span> <span class='ocrx_word' id='word_1_413' title='bbox 1090 334 1143 362; x_wconf 81' lang='lat' dir='ltr'><strong>quo</strong></span> <span class='ocrx_word' id='word_1_414' title='bbox 1154 327 1239 355; x_wconf 84' lang='lat' dir='ltr'><strong>solent</strong></span> <span class='ocrx_word' id='word_1_415' title='bbox 1252 333 1326 362; x_wconf 68' lang='lat' dir='ltr'><strong>reyes</strong></span> <span class='ocrx_word' id='word_1_416' title='bbox 1337 327 1375 354; x_wconf 84' lang='lat' dir='ltr'><strong>ad</strong></span> <span class='ocrx_word' id='word_1_417' title='bbox 1390 327 1459 355; x_wconf 84' lang='lat' dir='ltr'><strong>bella</strong></span> <span class='ocrx_word' id='word_1_418' title='bbox 1471 326 1623 362; x_wconf 79' lang='lat' dir='ltr'><strong>procedere,</strong></span> <span class='ocrx_word' id='word_1_419' title='bbox 1635 326 1689 354; x_wconf 81' lang='lat' dir='ltr'><strong>etc.</strong></span> <span class='ocrx_word' id='word_1_420' title='bbox 1705 326 1776 354; x_wconf 89' lang='lat' dir='ltr'><strong>item</strong></span> 
     </span>
     <span class='ocr_line' id='line_1_56' title="bbox 998 372 1777 410; baseline -0.003 -8"><span class='ocrx_word' id='word_1_421' title='bbox 998 373 1114 402; x_wconf 85' lang='lat' dir='ltr'><strong>occasio</strong></span> <span class='ocrx_word' id='word_1_422' title='bbox 1139 375 1182 402; x_wconf 87' lang='lat' dir='ltr'><strong>est</strong></span> <span class='ocrx_word' id='word_1_423' title='bbox 1203 381 1353 410; x_wconf 82' lang='lat' dir='ltr'><strong>nugarum</strong></span> <span class='ocrx_word' id='word_1_424' title='bbox 1373 373 1391 390; x_wconf 79' lang='lat'><strong>¹¹</strong></span> <span class='ocrx_word' id='word_1_425' title='bbox 1414 382 1420 401; x_wconf 95' lang='lat'><strong>:</strong></span> <span class='ocrx_word' id='word_1_426' title='bbox 1446 374 1621 401; x_wconf 79' lang='lat' dir='ltr'><strong>Athenienses</strong></span> <span class='ocrx_word' id='word_1_427' title='bbox 1645 373 1682 401; x_wconf 84' lang='lat' dir='ltr'><strong>ad</strong></span> <span class='ocrx_word' id='word_1_428' title='bbox 1704 372 1777 400; x_wconf 82' lang='lat' dir='ltr'><strong>nihil</strong></span> 
     </span>
     <span class='ocr_line' id='line_1_57' title="bbox 998 419 1773 456; baseline -0.003 -8"><span class='ocrx_word' id='word_1_429' title='bbox 998 421 1079 448; x_wconf 79' lang='lat' dir='ltr'><strong>aliud</strong></span> <span class='ocrx_word' id='word_1_430' title='bbox 1093 421 1236 456; x_wconf 79' lang='lat' dir='ltr'><strong>vacabant,</strong></span> <span class='ocrx_word' id='word_1_431' title='bbox 1252 422 1305 448; x_wconf 86' lang='lat' dir='ltr'><strong>etc.</strong></span> <span class='ocrx_word' id='word_1_432' title='bbox 1322 422 1392 448; x_wconf 86' lang='lat' dir='ltr'><strong>item</strong></span> <span class='ocrx_word' id='word_1_433' title='bbox 1407 420 1524 448; x_wconf 81' lang='lat' dir='ltr'><strong>occasio</strong></span> <span class='ocrx_word' id='word_1_434' title='bbox 1539 419 1714 448; x_wconf 82' lang='lat' dir='ltr'><strong>curiositatis</strong></span> <span class='ocrx_word' id='word_1_435' title='bbox 1729 419 1749 436; x_wconf 88' lang='lat'><strong>¹²</strong></span> <span class='ocrx_word' id='word_1_436' title='bbox 1766 427 1773 446; x_wconf 90' lang='lat'>:</span> 
     </span>
     <span class='ocr_line' id='line_1_58' title="bbox 999 465 1777 502; baseline -0.001 -7"><span class='ocrx_word' id='word_1_437' title='bbox 999 469 1112 495; x_wconf 75' lang='lat' dir='ltr'><strong>Discunt</strong></span> <span class='ocrx_word' id='word_1_438' title='bbox 1127 469 1241 495; x_wconf 82' lang='lat' dir='ltr'><strong>circuire</strong></span> <span class='ocrx_word' id='word_1_439' title='bbox 1256 468 1356 495; x_wconf 84' lang='lat' dir='ltr'><strong>domos.</strong></span> <span class='ocrx_word' id='word_1_440' title='bbox 1376 467 1532 496; x_wconf 80' lang='lat' dir='ltr'><strong>stultitiam</strong></span> <span class='ocrx_word' id='word_1_441' title='bbox 1547 466 1689 501; x_wconf 89' lang='lat' dir='ltr'><strong>ostendit,</strong></span> <span class='ocrx_word' id='word_1_442' title='bbox 1706 465 1777 502; x_wconf 81' lang='lat' dir='ltr'><strong>quia</strong></span> 
     </span>
     <span class='ocr_line' id='line_1_59' title="bbox 998 513 1777 550; baseline -0.001 -8"><span class='ocrx_word' id='word_1_443' title='bbox 998 515 1126 543; x_wconf 85' lang='lat' dir='ltr'><strong>tonitrua</strong></span> <span class='ocrx_word' id='word_1_444' title='bbox 1153 514 1277 543; x_wconf 81' lang='lat' dir='ltr'><strong>audiens</strong></span> <span class='ocrx_word' id='word_1_445' title='bbox 1307 522 1369 542; x_wconf 91' lang='lat' dir='ltr'><strong>non</strong></span> <span class='ocrx_word' id='word_1_446' title='bbox 1398 514 1491 550; x_wconf 87' lang='lat' dir='ltr'><strong>surgit</strong></span> <span class='ocrx_word' id='word_1_447' title='bbox 1518 523 1524 541; x_wconf 90' lang='lat'>:</span> <span class='ocrx_word' id='word_1_448' title='bbox 1554 513 1650 541; x_wconf 88' lang='lat' dir='ltr'><strong>tonuit</strong></span> <span class='ocrx_word' id='word_1_449' title='bbox 1678 515 1777 541; x_wconf 90' lang='lat' dir='ltr'><strong>autem</strong></span> 
     </span>
     <span class='ocr_line' id='line_1_60' title="bbox 998 560 1778 598; baseline -0.001 -9"><span class='ocrx_word' id='word_1_450' title='bbox 998 562 1126 590; x_wconf 89' lang='lat' dir='ltr'><strong>Christus</strong></span> <span class='ocrx_word' id='word_1_451' title='bbox 1144 561 1175 589; x_wconf 90' lang='lat' dir='ltr'><strong>in</strong></span> <span class='ocrx_word' id='word_1_452' title='bbox 1190 569 1292 596; x_wconf 81' lang='lat' dir='ltr'><strong>cruce,</strong></span> <span class='ocrx_word' id='word_1_453' title='bbox 1309 563 1337 589; x_wconf 90' lang='lat' dir='ltr'><strong>et</strong></span> <span class='ocrx_word' id='word_1_454' title='bbox 1357 561 1391 589; x_wconf 91' lang='lat' dir='ltr'><strong>in</strong></span> <span class='ocrx_word' id='word_1_455' title='bbox 1416 560 1646 598; x_wconf 82' lang='lat' dir='ltr'><strong>proedicatione3</strong></span> <span class='ocrx_word' id='word_1_456' title='bbox 1662 560 1778 588; x_wconf 87' lang='lat' dir='ltr'><strong>tonabit</strong></span> 
     </span>
     <span class='ocr_line' id='line_1_61' title="bbox 998 607 1777 644; baseline -0.001 -8"><span class='ocrx_word' id='word_1_457' title='bbox 998 608 1087 636; x_wconf 86' lang='lat' dir='ltr'><strong>etiam</strong></span> <span class='ocrx_word' id='word_1_458' title='bbox 1108 609 1139 636; x_wconf 90' lang='lat' dir='ltr'><strong>in</strong></span> <span class='ocrx_word' id='word_1_459' title='bbox 1160 608 1334 644; x_wconf 84' lang='lat' dir='ltr'><strong>diejudicii.</strong></span> <span class='ocrx_word' id='word_1_460' title='bbox 1360 610 1431 637; x_wconf 89' lang='lat' dir='ltr'><strong>ltem</strong></span> <span class='ocrx_word' id='word_1_461' title='bbox 1452 608 1558 636; x_wconf 86' lang='lat' dir='ltr'><strong>stultus</strong></span> <span class='ocrx_word' id='word_1_462' title='bbox 1580 610 1636 641; x_wconf 89' lang='lat' dir='ltr'><strong>est,</strong></span> <span class='ocrx_word' id='word_1_463' title='bbox 1653 607 1705 644; x_wconf 91' lang='lat' dir='ltr'><strong>qui</strong></span> <span class='ocrx_word' id='word_1_464' title='bbox 1721 607 1777 635; x_wconf 89' lang='lat' dir='ltr'><strong>im-</strong></span> 
     </span>
     <span class='ocr_line' id='line_1_62' title="bbox 998 654 1778 691; baseline -0.001 -8"><span class='ocrx_word' id='word_1_465' title='bbox 998 655 1159 683; x_wconf 80' lang='lat' dir='ltr'><strong>munditias</strong></span> <span class='ocrx_word' id='word_1_466' title='bbox 1171 655 1209 683; x_wconf 92' lang='lat' dir='ltr'><strong>de</strong></span> <span class='ocrx_word' id='word_1_467' title='bbox 1224 655 1312 683; x_wconf 86' lang='lat' dir='ltr'><strong>oculo</strong></span> <span class='ocrx_word' id='word_1_468' title='bbox 1327 663 1388 683; x_wconf 93' lang='lat' dir='ltr'><strong>non</strong></span> <span class='ocrx_word' id='word_1_469' title='bbox 1399 654 1476 691; x_wconf 84' lang='lat' dir='ltr'><strong>ejicit</strong></span> <span class='ocrx_word' id='word_1_470' title='bbox 1487 656 1509 673; x_wconf 77' lang='lat'><strong>¹³</strong></span> <span class='ocrx_word' id='word_1_471' title='bbox 1521 663 1528 682; x_wconf 78' lang='lat' dir='ltr'><em>z</em></span> <span class='ocrx_word' id='word_1_472' title='bbox 1540 656 1698 690; x_wconf 62' lang='lat' dir='ltr'><strong>Hypocrsta,</strong></span> <span class='ocrx_word' id='word_1_473' title='bbox 1714 655 1778 689; x_wconf 82' lang='lat' dir='ltr'><strong>ejice</strong></span> 
     </span>
     <span class='ocr_line' id='line_1_63' title="bbox 995 701 1777 738; baseline -0.001 -8"><span class='ocrx_word' id='word_1_474' title='bbox 995 704 1117 738; x_wconf 77' lang='lat' dir='ltr'><strong>primum</strong></span> <span class='ocrx_word' id='word_1_475' title='bbox 1132 704 1231 730; x_wconf 83' lang='lat' dir='ltr'><strong>trabem</strong></span> <span class='ocrx_word' id='word_1_476' title='bbox 1246 703 1278 730; x_wconf 78' lang='lat' dir='ltr'><strong>de</strong></span> <span class='ocrx_word' id='word_1_477' title='bbox 1292 704 1366 730; x_wconf 86' lang='lat' dir='ltr'><strong>oculo</strong></span> <span class='ocrx_word' id='word_1_478' title='bbox 1382 704 1436 730; x_wconf 81' lang='lat' dir='ltr'><strong>tuo.</strong></span> <span class='ocrx_word' id='word_1_479' title='bbox 1459 702 1504 730; x_wconf 83' lang='lat' dir='ltr'><strong>Ad</strong></span> <span class='ocrx_word' id='word_1_480' title='bbox 1525 701 1654 729; x_wconf 87' lang='lat' dir='ltr'><strong>coelestia</strong></span> <span class='ocrx_word' id='word_1_481' title='bbox 1676 701 1777 730; x_wconf 88' lang='lat' dir='ltr'><strong>venire</strong></span> 
     </span>
     <span class='ocr_line' id='line_1_64' title="bbox 998 748 1778 786; baseline -0.001 -9"><span class='ocrx_word' id='word_1_482' title='bbox 998 749 1139 785; x_wconf 83' lang='lat' dir='ltr'><strong>negligit,</strong></span> <span class='ocrx_word' id='word_1_483' title='bbox 1162 749 1233 786; x_wconf 84' lang='lat' dir='ltr'><strong>quia</strong></span> <span class='ocrx_word' id='word_1_484' title='bbox 1256 749 1306 777; x_wconf 89' lang='lat' dir='ltr'><strong>vix</strong></span> <span class='ocrx_word' id='word_1_485' title='bbox 1327 749 1367 777; x_wconf 86' lang='lat' dir='ltr'><strong>ad</strong></span> <span class='ocrx_word' id='word_1_486' title='bbox 1384 749 1483 777; x_wconf 86' lang='lat' dir='ltr'><strong>locum</strong></span> <span class='ocrx_word' id='word_1_487' title='bbox 1504 748 1570 785; x_wconf 90' lang='lat' dir='ltr'><strong>quis</strong></span> <span class='ocrx_word' id='word_1_488' title='bbox 1594 748 1709 781; x_wconf 85' lang='lat' dir='ltr'><strong>veniet,</strong></span> <span class='ocrx_word' id='word_1_489' title='bbox 1726 748 1778 784; x_wconf 83' lang='lat' dir='ltr'><strong>qui</strong></span> 
     </span>
     <span class='ocr_line' id='line_1_65' title="bbox 998 796 1775 832; baseline -0.003 -8"><span class='ocrx_word' id='word_1_490' title='bbox 998 804 1093 824; x_wconf 89' lang='lat' dir='ltr'><strong>unum</strong></span> <span class='ocrx_word' id='word_1_491' title='bbox 1115 796 1224 832; x_wconf 90' lang='lat' dir='ltr'><strong>pedem</strong></span> <span class='ocrx_word' id='word_1_492' title='bbox 1247 796 1337 824; x_wconf 89' lang='lat' dir='ltr'><strong>hodie</strong></span> <span class='ocrx_word' id='word_1_493' title='bbox 1360 798 1481 830; x_wconf 88' lang='lat' dir='ltr'><strong>movet,</strong></span> <span class='ocrx_word' id='word_1_494' title='bbox 1506 798 1534 823; x_wconf 88' lang='lat' dir='ltr'><strong>et</strong></span> <span class='ocrx_word' id='word_1_495' title='bbox 1555 797 1622 832; x_wconf 87' lang='lat' dir='ltr'><strong>post</strong></span> <span class='ocrx_word' id='word_1_496' title='bbox 1643 803 1775 830; x_wconf 87' lang='lat' dir='ltr'><strong>annum,</strong></span> 
     </span>
     <span class='ocr_line' id='line_1_66' title="bbox 998 841 1777 880; baseline -0.001 -9"><span class='ocrx_word' id='word_1_497' title='bbox 998 843 1102 871; x_wconf 88' lang='lat' dir='ltr'><strong>alium.</strong></span> <span class='ocrx_word' id='word_1_498' title='bbox 1118 844 1163 871; x_wconf 90' lang='lat' dir='ltr'><strong>Sic</strong></span> <span class='ocrx_word' id='word_1_499' title='bbox 1178 845 1205 871; x_wconf 90' lang='lat' dir='ltr'><strong>et</strong></span> <span class='ocrx_word' id='word_1_500' title='bbox 1218 843 1261 871; x_wconf 91' lang='lat' dir='ltr'><strong>ilii</strong></span> <span class='ocrx_word' id='word_1_501' title='bbox 1284 851 1414 880; x_wconf 84' lang='lat' dir='ltr'><strong>quorum</strong></span> <span class='ocrx_word' id='word_1_502' title='bbox 1437 844 1535 870; x_wconf 91' lang='lat' dir='ltr'><strong>motus</strong></span> <span class='ocrx_word' id='word_1_503' title='bbox 1555 844 1598 870; x_wconf 88' lang='lat' dir='ltr'><strong>est</strong></span> <span class='ocrx_word' id='word_1_504' title='bbox 1617 850 1669 878; x_wconf 87' lang='lat' dir='ltr'><strong>pes</strong></span> <span class='ocrx_word' id='word_1_505' title='bbox 1692 841 1777 870; x_wconf 87' lang='lat' dir='ltr'><strong>intel-</strong></span> 
     </span>
     <span class='ocr_line' id='line_1_67' title="bbox 997 888 1777 926; baseline -0.001 -9"><span class='ocrx_word' id='word_1_506' title='bbox 997 889 1105 925; x_wconf 89' lang='lat' dir='ltr'><strong>lectus,</strong></span> <span class='ocrx_word' id='word_1_507' title='bbox 1121 892 1149 918; x_wconf 91' lang='lat' dir='ltr'><strong>et</strong></span> <span class='ocrx_word' id='word_1_508' title='bbox 1169 898 1231 918; x_wconf 93' lang='lat' dir='ltr'><strong>non</strong></span> <span class='ocrx_word' id='word_1_509' title='bbox 1249 899 1301 926; x_wconf 88' lang='lat' dir='ltr'><strong>pes</strong></span> <span class='ocrx_word' id='word_1_510' title='bbox 1324 890 1461 925; x_wconf 83' lang='lat' dir='ltr'><strong>affectus,</strong></span> <span class='ocrx_word' id='word_1_511' title='bbox 1477 897 1545 918; x_wconf 87' lang='lat' dir='ltr'><strong>cum</strong></span> <span class='ocrx_word' id='word_1_512' title='bbox 1566 890 1666 917; x_wconf 86' lang='lat' dir='ltr'><strong>tamen</strong></span> <span class='ocrx_word' id='word_1_513' title='bbox 1684 888 1721 916; x_wconf 91' lang='lat' dir='ltr'><strong>sit</strong></span> <span class='ocrx_word' id='word_1_514' title='bbox 1734 888 1777 916; x_wconf 83' lang='lat' dir='ltr'><strong>af-</strong></span> 
     </span>
     <span class='ocr_line' id='line_1_68' title="bbox 998 936 1364 966; baseline 0 -2"><span class='ocrx_word' id='word_1_515' title='bbox 998 936 1122 965; x_wconf 80' lang='lat' dir='ltr'><strong>fectibus</strong></span> <span class='ocrx_word' id='word_1_516' title='bbox 1135 937 1364 966; x_wconf 82' lang='lat' dir='ltr'><strong>ambulandum.</strong></span> 
     </span>
    </p>
   </div>
   <div class='ocr_carea' id='block_1_8' title="bbox 1233 1031 1533 1065">
    <p class='ocr_par' dir='ltr' id='par_1_9' title="bbox 1233 1031 1533 1065">
     <span class='ocr_line' id='line_1_69' title="bbox 1233 1031 1533 1065; baseline 0 -1"><span class='ocrx_word' id='word_1_517' title='bbox 1233 1031 1398 1065; x_wconf 84' lang='lat' dir='ltr'>CAPUT</span> <span class='ocrx_word' id='word_1_518' title='bbox 1430 1031 1533 1065; x_wconf 91' lang='lat' dir='ltr'>XIX.</span> 
     </span>
    </p>
   </div>
   <div class='ocr_carea' id='block_1_9' title="bbox 1285 1105 1487 1132">
    <p class='ocr_par' dir='ltr' id='par_1_10' title="bbox 1285 1105 1487 1132">
     <span class='ocr_line' id='line_1_70' title="bbox 1285 1105 1487 1132; baseline -0.005 0"><span class='ocrx_word' id='word_1_519' title='bbox 1285 1106 1323 1132; x_wconf 88' lang='lat' dir='ltr'><strong>De</strong></span> <span class='ocrx_word' id='word_1_520' title='bbox 1342 1105 1487 1132; x_wconf 81' lang='lat' dir='ltr'><strong>Avaritia.</strong></span> 
     </span>
    </p>
   </div>
   <div class='ocr_carea' id='block_1_10' title="bbox 996 1173 1796 2525">
    <p class='ocr_par' dir='ltr' id='par_1_11' title="bbox 996 1173 1776 2246">
     <span class='ocr_line' id='line_1_71' title="bbox 1033 1173 1774 1208; baseline 0 -7"><span class='ocrx_word' id='word_1_521' title='bbox 1033 1174 1161 1201; x_wconf 82' lang='lat' dir='ltr'><strong>Avaritia</strong></span> <span class='ocrx_word' id='word_1_522' title='bbox 1177 1195 1185 1208; x_wconf 87' lang='lat'><strong>,</strong></span> <span class='ocrx_word' id='word_1_523' title='bbox 1215 1176 1246 1202; x_wconf 82' lang='lat' dir='ltr'><strong>ut</strong></span> <span class='ocrx_word' id='word_1_524' title='bbox 1274 1174 1314 1201; x_wconf 87' lang='lat' dir='ltr'><strong>ait</strong></span> <span class='ocrx_word' id='word_1_525' title='bbox 1327 1174 1437 1202; x_wconf 90' lang='lat' dir='ltr'><strong>Tullius</strong></span> <span class='ocrx_word' id='word_1_526' title='bbox 1452 1195 1461 1208; x_wconf 93' lang='lat'><strong>,</strong></span> <span class='ocrx_word' id='word_1_527' title='bbox 1490 1176 1532 1202; x_wconf 89' lang='lat' dir='ltr'><strong>est</strong></span> <span class='ocrx_word' id='word_1_528' title='bbox 1560 1173 1774 1202; x_wconf 86' lang='lat' dir='ltr'><strong>immoderatus</strong></span> 
     </span>
     <span class='ocr_line' id='line_1_72' title="bbox 998 1220 1771 1248; baseline 0 0"><span class='ocrx_word' id='word_1_529' title='bbox 998 1228 1083 1248; x_wconf 84' lang='lat' dir='ltr'><strong>amor</strong></span> <span class='ocrx_word' id='word_1_530' title='bbox 1096 1220 1238 1248; x_wconf 83' lang='lat' dir='ltr'><strong>habendi.</strong></span> <span class='ocrx_word' id='word_1_531' title='bbox 1256 1222 1326 1248; x_wconf 88' lang='lat' dir='ltr'><strong>ltem</strong></span> <span class='ocrx_word' id='word_1_532' title='bbox 1342 1220 1506 1248; x_wconf 90' lang='lat' dir='ltr'><strong>secundum</strong></span> <span class='ocrx_word' id='word_1_533' title='bbox 1527 1220 1711 1248; x_wconf 86' lang='lat' dir='ltr'><strong>Bernardum</strong></span> <span class='ocrx_word' id='word_1_534' title='bbox 1728 1220 1749 1238; x_wconf 71' lang='lat'><strong>¹¹*</strong></span> <span class='ocrx_word' id='word_1_535' title='bbox 1765 1230 1771 1248; x_wconf 92' lang='lat'><strong>:</strong></span> 
     </span>
     <span class='ocr_line' id='line_1_73' title="bbox 1000 1267 1774 1303; baseline 0.001 -10"><span class='ocrx_word' id='word_1_536' title='bbox 1000 1276 1013 1292; x_wconf 76' lang='grc' dir='ltr'><strong>ι(</strong></span> <span class='ocrx_word' id='word_1_537' title='bbox 1035 1267 1163 1295; x_wconf 84' lang='lat' dir='ltr'><strong>Avaritia</strong></span> <span class='ocrx_word' id='word_1_538' title='bbox 1184 1268 1226 1295; x_wconf 88' lang='lat' dir='ltr'><strong>est</strong></span> <span class='ocrx_word' id='word_1_539' title='bbox 1250 1267 1453 1303; x_wconf 84' lang='lat' dir='ltr'><strong>quarumlibet</strong></span> <span class='ocrx_word' id='word_1_540' title='bbox 1473 1275 1574 1295; x_wconf 89' lang='lat' dir='ltr'><strong>rerum</strong></span> <span class='ocrx_word' id='word_1_541' title='bbox 1600 1267 1774 1295; x_wconf 80' lang='lat' dir='ltr'><strong>insatiabilis</strong></span> 
     </span>
     <span class='ocr_line' id='line_1_74' title="bbox 998 1313 1772 1351; baseline 0 -10"><span class='ocrx_word' id='word_1_542' title='bbox 998 1315 1025 1342; x_wconf 91' lang='lat' dir='ltr'><strong>et</strong></span> <span class='ocrx_word' id='word_1_543' title='bbox 1039 1314 1195 1342; x_wconf 78' lang='lat' dir='ltr'><strong>inhonesta</strong></span> <span class='ocrx_word' id='word_1_544' title='bbox 1206 1314 1327 1350; x_wconf 80' lang='lat' dir='ltr'><strong>cupido.</strong></span> <span class='ocrx_word' id='word_1_545' title='bbox 1340 1325 1353 1341; x_wconf 65' lang='lat'><strong>&gt;³</strong></span> <span class='ocrx_word' id='word_1_546' title='bbox 1369 1314 1537 1342; x_wconf 86' lang='lat' dir='ltr'><strong>Secundum</strong></span> <span class='ocrx_word' id='word_1_547' title='bbox 1547 1314 1723 1351; x_wconf 80' lang='lat' dir='ltr'><strong>Apostolum</strong></span> <span class='ocrx_word' id='word_1_548' title='bbox 1735 1313 1772 1341; x_wconf 75' lang='lat'><strong>¹⁵:</strong></span> 
     </span>
     <span class='ocr_line' id='line_1_75' title="bbox 996 1362 1776 1398; baseline 0 -9"><span class='ocrx_word' id='word_1_549' title='bbox 996 1362 1128 1389; x_wconf 72' lang='lat' dir='ltr'><strong>Avaritia</strong></span> <span class='ocrx_word' id='word_1_550' title='bbox 1143 1364 1181 1389; x_wconf 85' lang='lat' dir='ltr'><strong>est</strong></span> <span class='ocrx_word' id='word_1_551' title='bbox 1202 1362 1335 1389; x_wconf 80' lang='lat' dir='ltr'><strong>idolorum</strong></span> <span class='ocrx_word' id='word_1_552' title='bbox 1356 1363 1488 1397; x_wconf 82' lang='lat' dir='ltr'><strong>servitus,</strong></span> <span class='ocrx_word' id='word_1_553' title='bbox 1505 1362 1576 1398; x_wconf 84' lang='lat' dir='ltr'><strong>quia</strong></span> <span class='ocrx_word' id='word_1_554' title='bbox 1593 1362 1685 1390; x_wconf 89' lang='lat' dir='ltr'><strong>homo</strong></span> <span class='ocrx_word' id='word_1_555' title='bbox 1705 1369 1776 1389; x_wconf 84' lang='lat' dir='ltr'><strong>ava-</strong></span> 
     </span>
     <span class='ocr_line' id='line_1_76' title="bbox 996 1409 1776 1445; baseline 0 -9"><span class='ocrx_word' id='word_1_556' title='bbox 996 1416 1046 1436; x_wconf 86' lang='lat' dir='ltr'><strong>rus</strong></span> <span class='ocrx_word' id='word_1_557' title='bbox 1073 1409 1193 1437; x_wconf 79' lang='lat' dir='ltr'><strong>exhibet</strong></span> <span class='ocrx_word' id='word_1_558' title='bbox 1216 1411 1376 1443; x_wconf 64' lang='lat' dir='ltr'><strong>creaturae,</strong></span> <span class='ocrx_word' id='word_1_559' title='bbox 1404 1410 1488 1445; x_wconf 84' lang='lat' dir='ltr'><strong>quod</strong></span> <span class='ocrx_word' id='word_1_560' title='bbox 1513 1409 1602 1437; x_wconf 87' lang='lat' dir='ltr'><strong>debet</strong></span> <span class='ocrx_word' id='word_1_561' title='bbox 1626 1409 1776 1442; x_wconf 84' lang='lat' dir='ltr'><strong>Creatori,</strong></span> 
     </span>
     <span class='ocr_line' id='line_1_77' title="bbox 998 1456 1776 1492; baseline 0.001 -9"><span class='ocrx_word' id='word_1_562' title='bbox 998 1456 1107 1483; x_wconf 86' lang='lat' dir='ltr'><strong>scilieet</strong></span> <span class='ocrx_word' id='word_1_563' title='bbox 1122 1456 1230 1491; x_wconf 87' lang='lat' dir='ltr'><strong>fidem,</strong></span> <span class='ocrx_word' id='word_1_564' title='bbox 1247 1464 1331 1492; x_wconf 90' lang='lat' dir='ltr'><strong>spem</strong></span> <span class='ocrx_word' id='word_1_565' title='bbox 1352 1458 1380 1484; x_wconf 88' lang='lat' dir='ltr'><strong>et</strong></span> <span class='ocrx_word' id='word_1_566' title='bbox 1394 1457 1622 1484; x_wconf 82' lang='lat' dir='ltr'><strong>delectationem</strong></span> <span class='ocrx_word' id='word_1_567' title='bbox 1640 1456 1672 1491; x_wconf 86' lang='lat' dir='ltr'><strong>(a)</strong></span> <span class='ocrx_word' id='word_1_568' title='bbox 1691 1465 1698 1484; x_wconf 72' lang='grc' dir='ltr'>ε</span> <span class='ocrx_word' id='word_1_569' title='bbox 1714 1456 1776 1484; x_wconf 76' lang='lat' dir='ltr'><strong>haec</strong></span> 
     </span>
     <span class='ocr_line' id='line_1_78' title="bbox 998 1503 1774 1539; baseline 0.001 -10"><span class='ocrx_word' id='word_1_570' title='bbox 998 1503 1077 1529; x_wconf 88' lang='lat' dir='ltr'><strong>enim</strong></span> <span class='ocrx_word' id='word_1_571' title='bbox 1093 1503 1174 1530; x_wconf 82' lang='lat' dir='ltr'><strong>avari</strong></span> <span class='ocrx_word' id='word_1_572' title='bbox 1189 1503 1329 1530; x_wconf 79' lang='lat' dir='ltr'><strong>exhibent</strong></span> <span class='ocrx_word' id='word_1_573' title='bbox 1342 1503 1483 1538; x_wconf 61' lang='lat' dir='ltr'><strong>pecuniae.</strong></span> <span class='ocrx_word' id='word_1_574' title='bbox 1502 1506 1534 1531; x_wconf 92' lang='lat' dir='ltr'><strong>ln</strong></span> <span class='ocrx_word' id='word_1_575' title='bbox 1548 1503 1605 1531; x_wconf 89' lang='lat' dir='ltr'><strong>hoc</strong></span> <span class='ocrx_word' id='word_1_576' title='bbox 1620 1511 1692 1538; x_wconf 85' lang='lat' dir='ltr'><strong>ergo</strong></span> <span class='ocrx_word' id='word_1_577' title='bbox 1707 1511 1774 1539; x_wconf 89' lang='lat' dir='ltr'><strong>spe-</strong></span> 
     </span>
     <span class='ocr_line' id='line_1_79' title="bbox 998 1549 1776 1586; baseline 0.003 -10"><span class='ocrx_word' id='word_1_578' title='bbox 998 1549 1109 1577; x_wconf 81' lang='lat' dir='ltr'><strong>cialiter</strong></span> <span class='ocrx_word' id='word_1_579' title='bbox 1128 1549 1386 1585; x_wconf 82' lang='lat' dir='ltr'><strong>reprehenduntur</strong></span> <span class='ocrx_word' id='word_1_580' title='bbox 1401 1550 1462 1584; x_wconf 87' lang='lat' dir='ltr'><strong>isti,</strong></span> <span class='ocrx_word' id='word_1_581' title='bbox 1480 1550 1551 1586; x_wconf 84' lang='lat' dir='ltr'><strong>quia</strong></span> <span class='ocrx_word' id='word_1_582' title='bbox 1566 1550 1609 1578; x_wconf 91' lang='lat' dir='ltr'><strong>rei</strong></span> <span class='ocrx_word' id='word_1_583' title='bbox 1628 1549 1776 1578; x_wconf 84' lang='lat' dir='ltr'><strong>vilissimae</strong></span> 
     </span>
     <span class='ocr_line' id='line_1_80' title="bbox 998 1596 1774 1632; baseline 0 -8"><span class='ocrx_word' id='word_1_584' title='bbox 998 1604 1132 1624; x_wconf 78' lang='lat' dir='ltr'><strong>amorem</strong></span> <span class='ocrx_word' id='word_1_585' title='bbox 1158 1605 1245 1623; x_wconf 89' lang='lat' dir='ltr'><strong>suum</strong></span> <span class='ocrx_word' id='word_1_586' title='bbox 1271 1597 1430 1631; x_wconf 79' lang='lat' dir='ltr'><strong>exhibent,</strong></span> <span class='ocrx_word' id='word_1_587' title='bbox 1454 1596 1610 1632; x_wconf 83' lang='lat' dir='ltr'><strong>pecuniae,</strong></span> <span class='ocrx_word' id='word_1_588' title='bbox 1641 1605 1708 1632; x_wconf 84' lang='lat' dir='ltr'><strong>quae</strong></span> <span class='ocrx_word' id='word_1_589' title='bbox 1737 1597 1774 1624; x_wconf 90' lang='lat' dir='ltr'><strong>de</strong></span> 
     </span>
     <span class='ocr_line' id='line_1_81' title="bbox 997 1646 1772 1681; baseline 0.001 -8"><span class='ocrx_word' id='word_1_590' title='bbox 997 1647 1075 1673; x_wconf 89' lang='lat' dir='ltr'><strong>terra</strong></span> <span class='ocrx_word' id='word_1_591' title='bbox 1090 1646 1218 1680; x_wconf 87' lang='lat' dir='ltr'><strong>tollitur,</strong></span> <span class='ocrx_word' id='word_1_592' title='bbox 1235 1654 1327 1681; x_wconf 87' lang='lat' dir='ltr'><strong>quam</strong></span> <span class='ocrx_word' id='word_1_593' title='bbox 1342 1648 1447 1673; x_wconf 87' lang='lat' dir='ltr'><strong>natura</strong></span> <span class='ocrx_word' id='word_1_594' title='bbox 1465 1646 1600 1673; x_wconf 82' lang='lat' dir='ltr'><strong>intimam</strong></span> <span class='ocrx_word' id='word_1_595' title='bbox 1615 1646 1772 1674; x_wconf 85' lang='lat' dir='ltr'><strong>ordinavit.</strong></span> 
     </span>
     <span class='ocr_line' id='line_1_82' title="bbox 998 1692 1776 1728; baseline 0.001 -9"><span class='ocrx_word' id='word_1_596' title='bbox 998 1692 1105 1720; x_wconf 86' lang='lat' dir='ltr'><strong>Dicitur</strong></span> <span class='ocrx_word' id='word_1_597' title='bbox 1129 1692 1160 1719; x_wconf 93' lang='lat' dir='ltr'><strong>in</strong></span> <span class='ocrx_word' id='word_1_598' title='bbox 1175 1692 1391 1726; x_wconf 81' lang='lat' dir='ltr'><strong>Ecclesiastico,</strong></span> <span class='ocrx_word' id='word_1_599' title='bbox 1407 1693 1492 1728; x_wconf 86' lang='lat' dir='ltr'><strong>quo&#39;d</strong></span> <span class='ocrx_word' id='word_1_600' title='bbox 1508 1692 1526 1709; x_wconf 65' lang='grc' dir='ltr'><strong>’θ</strong></span> <span class='ocrx_word' id='word_1_601' title='bbox 1541 1701 1622 1720; x_wconf 82' lang='lat' dir='ltr'><strong>avaro</strong></span> <span class='ocrx_word' id='word_1_602' title='bbox 1643 1694 1714 1720; x_wconf 85' lang='lat' dir='ltr'><strong>nihil</strong></span> <span class='ocrx_word' id='word_1_603' title='bbox 1738 1695 1776 1720; x_wconf 84' lang='lat' dir='ltr'><strong>est</strong></span> 
     </span>
     <span class='ocr_line' id='line_1_83' title="bbox 997 1740 1775 1776; baseline 0 -9"><span class='ocrx_word' id='word_1_604' title='bbox 997 1741 1153 1772; x_wconf 81' lang='lat' dir='ltr'><strong>scelestius,¹</strong></span> <span class='ocrx_word' id='word_1_605' title='bbox 1168 1740 1225 1767; x_wconf 88' lang='lat' dir='ltr'><strong>hoc</strong></span> <span class='ocrx_word' id='word_1_606' title='bbox 1239 1742 1362 1776; x_wconf 87' lang='lat' dir='ltr'><strong>propter</strong></span> <span class='ocrx_word' id='word_1_607' title='bbox 1377 1742 1506 1776; x_wconf 85' lang='lat' dir='ltr'><strong>quatuor</strong></span> <span class='ocrx_word' id='word_1_608' title='bbox 1528 1748 1643 1767; x_wconf 83' lang='lat' dir='ltr'><strong>causas:</strong></span> <span class='ocrx_word' id='word_1_609' title='bbox 1657 1740 1755 1776; x_wconf 86' lang='lat' dir='ltr'><strong>primo</strong></span> <span class='ocrx_word' id='word_1_610' title='bbox 1766 1762 1775 1774; x_wconf 87' lang='lat'><strong>,</strong></span> 
     </span>
     <span class='ocr_line' id='line_1_84' title="bbox 998 1786 1776 1823; baseline 0.001 -10"><span class='ocrx_word' id='word_1_611' title='bbox 998 1787 1068 1823; x_wconf 80' lang='lat' dir='ltr'><strong>quia</strong></span> <span class='ocrx_word' id='word_1_612' title='bbox 1082 1786 1143 1814; x_wconf 84' lang='lat' dir='ltr'><strong>fere</strong></span> <span class='ocrx_word' id='word_1_613' title='bbox 1162 1786 1263 1815; x_wconf 86' lang='lat' dir='ltr'><strong>omnia</strong></span> <span class='ocrx_word' id='word_1_614' title='bbox 1287 1786 1397 1814; x_wconf 85' lang='lat' dir='ltr'><strong>scelera</strong></span> <span class='ocrx_word' id='word_1_615' title='bbox 1418 1795 1472 1823; x_wconf 86' lang='lat' dir='ltr'><strong>per</strong></span> <span class='ocrx_word' id='word_1_616' title='bbox 1496 1786 1650 1814; x_wconf 81' lang='lat' dir='ltr'><strong>avaritiam</strong></span> <span class='ocrx_word' id='word_1_617' title='bbox 1671 1795 1776 1823; x_wconf 85' lang='lat' dir='ltr'><strong>perpe-</strong></span> 
     </span>
     <span class='ocr_line' id='line_1_85' title="bbox 996 1833 1776 1869; baseline 0.001 -8"><span class='ocrx_word' id='word_1_618' title='bbox 996 1835 1132 1869; x_wconf 86' lang='lat' dir='ltr'><strong>trantur,</strong></span> <span class='ocrx_word' id='word_1_619' title='bbox 1161 1836 1193 1861; x_wconf 93' lang='lat' dir='ltr'><strong>ut</strong></span> <span class='ocrx_word' id='word_1_620' title='bbox 1224 1833 1301 1861; x_wconf 82' lang='lat' dir='ltr'><strong>furta</strong></span> <span class='ocrx_word' id='word_1_621' title='bbox 1317 1854 1325 1867; x_wconf 93' lang='lat'><strong>,</strong></span> <span class='ocrx_word' id='word_1_622' title='bbox 1351 1834 1502 1869; x_wconf 82' lang='lat' dir='ltr'><strong>perjuria,</strong></span> <span class='ocrx_word' id='word_1_623' title='bbox 1531 1833 1694 1861; x_wconf 85' lang='lat' dir='ltr'><strong>homicidia</strong></span> <span class='ocrx_word' id='word_1_624' title='bbox 1710 1855 1718 1868; x_wconf 91' lang='lat'><strong>,</strong></span> <span class='ocrx_word' id='word_1_625' title='bbox 1749 1836 1776 1862; x_wconf 84' lang='lat' dir='ltr'><strong>et</strong></span> 
     </span>
     <span class='ocr_line' id='line_1_86' title="bbox 998 1881 1776 1917; baseline 0 -9"><span class='ocrx_word' id='word_1_626' title='bbox 998 1881 1190 1917; x_wconf 73' lang='lat' dir='ltr'><strong>buJ&#39;usmodi3</strong></span> <span class='ocrx_word' id='word_1_627' title='bbox 1216 1881 1347 1908; x_wconf 85' lang='lat' dir='ltr'><strong>secundo</strong></span> <span class='ocrx_word' id='word_1_628' title='bbox 1363 1902 1372 1916; x_wconf 89' lang='lat'><strong>,</strong></span> <span class='ocrx_word' id='word_1_629' title='bbox 1398 1882 1469 1917; x_wconf 86' lang='lat' dir='ltr'><strong>quia</strong></span> <span class='ocrx_word' id='word_1_630' title='bbox 1490 1884 1532 1909; x_wconf 89' lang='lat' dir='ltr'><strong>est</strong></span> <span class='ocrx_word' id='word_1_631' title='bbox 1555 1884 1657 1909; x_wconf 86' lang='lat' dir='ltr'><strong>contra</strong></span> <span class='ocrx_word' id='word_1_632' title='bbox 1678 1881 1776 1916; x_wconf 87' lang='lat' dir='ltr'><strong>legem</strong></span> 
     </span>
     <span class='ocr_line' id='line_1_87' title="bbox 997 1929 1776 1964; baseline -0.001 -7"><span class='ocrx_word' id='word_1_633' title='bbox 997 1932 1108 1957; x_wconf 82' lang='lat' dir='ltr'><strong>naturae</strong></span> <span class='ocrx_word' id='word_1_634' title='bbox 1124 1929 1164 1956; x_wconf 80' lang='lat'><strong>¹⁷:</strong></span> <span class='ocrx_word' id='word_1_635' title='bbox 1183 1929 1356 1964; x_wconf 75' lang='lat' dir='ltr'><strong>Quaecumque</strong></span> <span class='ocrx_word' id='word_1_636' title='bbox 1378 1931 1462 1956; x_wconf 77' lang='lat' dir='ltr'><strong>vultis</strong></span> <span class='ocrx_word' id='word_1_637' title='bbox 1477 1950 1486 1963; x_wconf 82' lang='grc'>,</span> <span class='ocrx_word' id='word_1_638' title='bbox 1511 1932 1541 1956; x_wconf 86' lang='lat' dir='ltr'><strong>ut</strong></span> <span class='ocrx_word' id='word_1_639' title='bbox 1567 1931 1674 1962; x_wconf 81' lang='lat' dir='ltr'><strong>faciant</strong></span> <span class='ocrx_word' id='word_1_640' title='bbox 1702 1929 1776 1956; x_wconf 84' lang='lat' dir='ltr'><strong>vobis</strong></span> 
     </span>
     <span class='ocr_line' id='line_1_88' title="bbox 997 1976 1774 2011; baseline 0.001 -8"><span class='ocrx_word' id='word_1_641' title='bbox 997 1977 1132 2010; x_wconf 82' lang='lat' dir='ltr'><strong>homines,</strong></span> <span class='ocrx_word' id='word_1_642' title='bbox 1159 1978 1224 2011; x_wconf 84' lang='lat' dir='ltr'><strong>etc.;</strong></span> <span class='ocrx_word' id='word_1_643' title='bbox 1244 1976 1328 2003; x_wconf 86' lang='lat' dir='ltr'><strong>tertio</strong></span> <span class='ocrx_word' id='word_1_644' title='bbox 1346 1997 1354 2010; x_wconf 90' lang='lat'><strong>,</strong></span> <span class='ocrx_word' id='word_1_645' title='bbox 1379 1977 1450 2011; x_wconf 82' lang='lat' dir='ltr'><strong>quia</strong></span> <span class='ocrx_word' id='word_1_646' title='bbox 1477 1977 1518 2003; x_wconf 88' lang='lat' dir='ltr'><strong>est</strong></span> <span class='ocrx_word' id='word_1_647' title='bbox 1547 1979 1649 2004; x_wconf 81' lang='lat' dir='ltr'><strong>contra</strong></span> <span class='ocrx_word' id='word_1_648' title='bbox 1676 1976 1774 2011; x_wconf 87' lang='lat' dir='ltr'><strong>legem</strong></span> 
     </span>
     <span class='ocr_line' id='line_1_89' title="bbox 997 2022 1775 2059; baseline 0 -9"><span class='ocrx_word' id='word_1_649' title='bbox 997 2023 1136 2059; x_wconf 88' lang='lat' dir='ltr'><strong>scriptam</strong></span> <span class='ocrx_word' id='word_1_650' title='bbox 1151 2022 1170 2040; x_wconf 69' lang='lat'><strong>¹8</strong></span> <span class='ocrx_word' id='word_1_651' title='bbox 1192 2032 1198 2050; x_wconf 73' lang='grc' dir='ltr'>ε</span> <span class='ocrx_word' id='word_1_652' title='bbox 1222 2024 1315 2050; x_wconf 83' lang='lat' dir='ltr'><strong>Estote</strong></span> <span class='ocrx_word' id='word_1_653' title='bbox 1334 2023 1536 2056; x_wconf 76' lang='lat' dir='ltr'><strong>misericordes,</strong></span> <span class='ocrx_word' id='word_1_654' title='bbox 1557 2024 1626 2050; x_wconf 85' lang='lat' dir='ltr'><strong>sicut</strong></span> <span class='ocrx_word' id='word_1_655' title='bbox 1652 2025 1677 2050; x_wconf 84' lang='lat' dir='ltr'><strong>et</strong></span> <span class='ocrx_word' id='word_1_656' title='bbox 1696 2026 1775 2057; x_wconf 78' lang='lat' dir='ltr'><strong>pater</strong></span> 
     </span>
     <span class='ocr_line' id='line_1_90' title="bbox 997 2069 1774 2104; baseline 0 -8"><span class='ocrx_word' id='word_1_657' title='bbox 997 2073 1098 2103; x_wconf 81' lang='lat' dir='ltr'><strong>vester,</strong></span> <span class='ocrx_word' id='word_1_658' title='bbox 1114 2071 1180 2103; x_wconf 83' lang='lat' dir='ltr'><strong>etc.;</strong></span> <span class='ocrx_word' id='word_1_659' title='bbox 1198 2071 1322 2104; x_wconf 82' lang='lat' dir='ltr'><strong>quarto,</strong></span> <span class='ocrx_word' id='word_1_660' title='bbox 1339 2069 1410 2104; x_wconf 86' lang='lat' dir='ltr'><strong>quia</strong></span> <span class='ocrx_word' id='word_1_661' title='bbox 1425 2071 1466 2096; x_wconf 88' lang='lat' dir='ltr'><strong>est</strong></span> <span class='ocrx_word' id='word_1_662' title='bbox 1482 2071 1584 2097; x_wconf 85' lang='lat' dir='ltr'><strong>contra</strong></span> <span class='ocrx_word' id='word_1_663' title='bbox 1598 2070 1694 2104; x_wconf 83' lang='lat' dir='ltr'><strong>legem</strong></span> <span class='ocrx_word' id='word_1_664' title='bbox 1710 2069 1774 2096; x_wconf 90' lang='lat' dir='ltr'><strong>uni-</strong></span> 
     </span>
     <span class='ocr_line' id='line_1_91' title="bbox 997 2115 1775 2152; baseline 0.001 -9"><span class='ocrx_word' id='word_1_665' title='bbox 997 2117 1164 2150; x_wconf 81' lang='lat' dir='ltr'><strong>versalem,</strong></span> <span class='ocrx_word' id='word_1_666' title='bbox 1191 2124 1257 2150; x_wconf 78' lang='lat' dir='ltr'><strong>quoe</strong></span> <span class='ocrx_word' id='word_1_667' title='bbox 1286 2117 1328 2142; x_wconf 83' lang='lat' dir='ltr'><strong>est</strong></span> <span class='ocrx_word' id='word_1_668' title='bbox 1350 2116 1380 2142; x_wconf 92' lang='lat' dir='ltr'><strong>in</strong></span> <span class='ocrx_word' id='word_1_669' title='bbox 1402 2116 1542 2143; x_wconf 89' lang='lat' dir='ltr'><strong>omnibus</strong></span> <span class='ocrx_word' id='word_1_670' title='bbox 1566 2115 1656 2143; x_wconf 89' lang='lat' dir='ltr'><strong>rebus</strong></span> <span class='ocrx_word' id='word_1_671' title='bbox 1671 2136 1680 2150; x_wconf 91' lang='lat'><strong>,</strong></span> <span class='ocrx_word' id='word_1_672' title='bbox 1709 2124 1775 2152; x_wconf 76' lang='lat' dir='ltr'><strong>quae</strong></span> 
     </span>
     <span class='ocr_line' id='line_1_92' title="bbox 999 2162 1775 2199; baseline 0 -9"><span class='ocrx_word' id='word_1_673' title='bbox 999 2163 1218 2198; x_wconf 81' lang='lat' dir='ltr'><strong>compelluntur</strong></span> <span class='ocrx_word' id='word_1_674' title='bbox 1234 2170 1263 2189; x_wconf 90' lang='lat' dir='ltr'><strong>se</strong></span> <span class='ocrx_word' id='word_1_675' title='bbox 1280 2162 1350 2189; x_wconf 87' lang='lat' dir='ltr'><strong>dare</strong></span> <span class='ocrx_word' id='word_1_676' title='bbox 1368 2172 1374 2190; x_wconf 87' lang='lat'>:</span> <span class='ocrx_word' id='word_1_677' title='bbox 1392 2170 1499 2190; x_wconf 86' lang='lat' dir='ltr'><strong>avarus</strong></span> <span class='ocrx_word' id='word_1_678' title='bbox 1512 2163 1591 2190; x_wconf 87' lang='lat' dir='ltr'><strong>enim</strong></span> <span class='ocrx_word' id='word_1_679' title='bbox 1609 2163 1693 2198; x_wconf 86' lang='lat' dir='ltr'><strong>quasi</strong></span> <span class='ocrx_word' id='word_1_680' title='bbox 1709 2171 1775 2199; x_wconf 87' lang='lat' dir='ltr'><strong>cap-</strong></span> 
     </span>
     <span class='ocr_line' id='line_1_93' title="bbox 998 2209 1773 2246; baseline 0.001 -9"><span class='ocrx_word' id='word_1_681' title='bbox 998 2210 1072 2237; x_wconf 88' lang='lat' dir='ltr'><strong>tivas</strong></span> <span class='ocrx_word' id='word_1_682' title='bbox 1088 2209 1197 2236; x_wconf 88' lang='lat' dir='ltr'><strong>detinet</strong></span> <span class='ocrx_word' id='word_1_683' title='bbox 1215 2216 1261 2236; x_wconf 87' lang='lat' dir='ltr'><strong>res</strong></span> <span class='ocrx_word' id='word_1_684' title='bbox 1273 2231 1280 2243; x_wconf 89' lang='lat'>‚</span> <span class='ocrx_word' id='word_1_685' title='bbox 1297 2217 1334 2236; x_wconf 86' lang='lat' dir='ltr'><strong>ne</strong></span> <span class='ocrx_word' id='word_1_686' title='bbox 1354 2217 1384 2236; x_wconf 91' lang='lat' dir='ltr'><strong>se</strong></span> <span class='ocrx_word' id='word_1_687' title='bbox 1405 2209 1626 2237; x_wconf 83' lang='lat' dir='ltr'><strong>communicare</strong></span> <span class='ocrx_word' id='word_1_688' title='bbox 1649 2210 1773 2246; x_wconf 88' lang='lat' dir='ltr'><strong>possint.</strong></span> 
     </span>
    </p>

    <p class='ocr_par' dir='ltr' id='par_1_12' title="bbox 998 2255 1796 2525">
     <span class='ocr_line' id='line_1_94' title="bbox 1034 2255 1774 2291; baseline 0.001 -8"><span class='ocrx_word' id='word_1_689' title='bbox 1034 2258 1134 2284; x_wconf 89' lang='lat' dir='ltr'><strong>Utrum</strong></span> <span class='ocrx_word' id='word_1_690' title='bbox 1149 2256 1249 2283; x_wconf 85' lang='lat' dir='ltr'><strong>autem</strong></span> <span class='ocrx_word' id='word_1_691' title='bbox 1264 2255 1405 2291; x_wconf 82' lang='lat' dir='ltr'><strong>cuiquam</strong></span> <span class='ocrx_word' id='word_1_692' title='bbox 1426 2256 1514 2283; x_wconf 86' lang='lat' dir='ltr'><strong>liceat</strong></span> <span class='ocrx_word' id='word_1_693' title='bbox 1536 2257 1688 2284; x_wconf 84' lang='lat' dir='ltr'><strong>thesauros</strong></span> <span class='ocrx_word' id='word_1_694' title='bbox 1704 2265 1774 2284; x_wconf 88' lang='lat' dir='ltr'><strong>con—</strong></span> 
     </span>
     <span class='ocr_line' id='line_1_95' title="bbox 999 2302 1774 2338; baseline 0.001 -8"><span class='ocrx_word' id='word_1_695' title='bbox 999 2311 1098 2338; x_wconf 86' lang='lat' dir='ltr'><strong>gerere</strong></span> <span class='ocrx_word' id='word_1_696' title='bbox 1114 2312 1119 2330; x_wconf 91' lang='lat'><strong>:</strong></span> <span class='ocrx_word' id='word_1_697' title='bbox 1136 2302 1303 2330; x_wconf 82' lang='lat' dir='ltr'><strong>notandum</strong></span> <span class='ocrx_word' id='word_1_698' title='bbox 1318 2302 1400 2338; x_wconf 89' lang='lat' dir='ltr'><strong>quod</strong></span> <span class='ocrx_word' id='word_1_699' title='bbox 1416 2305 1459 2330; x_wconf 88' lang='lat' dir='ltr'><strong>est</strong></span> <span class='ocrx_word' id='word_1_700' title='bbox 1473 2311 1534 2330; x_wconf 91' lang='lat' dir='ltr'><strong>uno</strong></span> <span class='ocrx_word' id='word_1_701' title='bbox 1550 2303 1641 2330; x_wconf 91' lang='lat' dir='ltr'><strong>modo</strong></span> <span class='ocrx_word' id='word_1_702' title='bbox 1658 2303 1774 2331; x_wconf 78' lang='lat' dir='ltr'><strong>thesau-</strong></span> 
     </span>
     <span class='ocr_line' id='line_1_96' title="bbox 998 2349 1774 2386; baseline 0 -9"><span class='ocrx_word' id='word_1_703' title='bbox 998 2350 1089 2377; x_wconf 87' lang='lat' dir='ltr'><strong>rizare</strong></span> <span class='ocrx_word' id='word_1_704' title='bbox 1115 2358 1151 2377; x_wconf 79' lang='lat' dir='ltr'><strong>ex</strong></span> <span class='ocrx_word' id='word_1_705' title='bbox 1178 2349 1284 2376; x_wconf 81' lang='lat' dir='ltr'><strong>affectu</strong></span> <span class='ocrx_word' id='word_1_706' title='bbox 1311 2350 1440 2377; x_wconf 83' lang='lat' dir='ltr'><strong>avaritiae</strong></span> <span class='ocrx_word' id='word_1_707' title='bbox 1474 2350 1587 2386; x_wconf 83' lang='lat' dir='ltr'><strong>absque</strong></span> <span class='ocrx_word' id='word_1_708' title='bbox 1615 2350 1774 2377; x_wconf 87' lang='lat' dir='ltr'><strong>intentione</strong></span> 
     </span>
     <span class='ocr_line' id='line_1_97' title="bbox 998 2396 1773 2432; baseline 0 -8"><span class='ocrx_word' id='word_1_709' title='bbox 998 2396 1177 2425; x_wconf 87' lang='lat' dir='ltr'><strong>necessitatis</strong></span> <span class='ocrx_word' id='word_1_710' title='bbox 1198 2396 1326 2432; x_wconf 75' lang='lat' dir='ltr'><strong>propriae</strong></span> <span class='ocrx_word' id='word_1_711' title='bbox 1347 2397 1393 2424; x_wconf 81' lang='lat' dir='ltr'><strong>vel</strong></span> <span class='ocrx_word' id='word_1_712' title='bbox 1417 2396 1534 2428; x_wconf 76' lang='lat' dir='ltr'><strong>alienae,</strong></span> <span class='ocrx_word' id='word_1_713' title='bbox 1554 2399 1581 2424; x_wconf 91' lang='lat' dir='ltr'><strong>et</strong></span> <span class='ocrx_word' id='word_1_714' title='bbox 1604 2397 1660 2424; x_wconf 88' lang='lat' dir='ltr'><strong>hoc</strong></span> <span class='ocrx_word' id='word_1_715' title='bbox 1682 2397 1773 2424; x_wconf 88' lang='lat' dir='ltr'><strong>modo</strong></span> 
     </span>
     <span class='ocr_line' id='line_1_98' title="bbox 998 2443 1796 2479; baseline -0.001 -8"><span class='ocrx_word' id='word_1_716' title='bbox 998 2443 1194 2471; x_wconf 81' lang='lat' dir='ltr'><strong>thesaurizare</strong></span> <span class='ocrx_word' id='word_1_717' title='bbox 1209 2443 1348 2470; x_wconf 87' lang='lat' dir='ltr'><strong>omnibus</strong></span> <span class='ocrx_word' id='word_1_718' title='bbox 1363 2445 1405 2470; x_wconf 88' lang='lat' dir='ltr'><strong>est</strong></span> <span class='ocrx_word' id='word_1_719' title='bbox 1424 2443 1620 2479; x_wconf 83' lang='lat' dir='ltr'><strong>prohibitum3</strong></span> <span class='ocrx_word' id='word_1_720' title='bbox 1637 2444 1696 2470; x_wconf 89' lang='lat' dir='ltr'><strong>alio</strong></span> <span class='ocrx_word' id='word_1_721' title='bbox 1710 2451 1774 2470; x_wconf 89' lang='lat' dir='ltr'><strong>mo-</strong></span> <span class='ocrx_word' id='word_1_722' title='bbox 1793 2449 1796 2452; x_wconf 64' lang='lat'><em>⁴</em></span> 
     </span>
     <span class='ocr_line' id='line_1_99' title="bbox 1000 2490 1774 2525; baseline 0 -7"><span class='ocrx_word' id='word_1_723' title='bbox 1000 2490 1039 2518; x_wconf 91' lang='lat' dir='ltr'><strong>do</strong></span> <span class='ocrx_word' id='word_1_724' title='bbox 1055 2492 1097 2518; x_wconf 83' lang='lat' dir='ltr'><strong>est</strong></span> <span class='ocrx_word' id='word_1_725' title='bbox 1112 2490 1305 2518; x_wconf 84' lang='lat' dir='ltr'><strong>thesaurizare</strong></span> <span class='ocrx_word' id='word_1_726' title='bbox 1327 2498 1363 2517; x_wconf 76' lang='lat' dir='ltr'><strong>ex</strong></span> <span class='ocrx_word' id='word_1_727' title='bbox 1383 2490 1587 2525; x_wconf 87' lang='lat' dir='ltr'><strong>providentia,</strong></span> <span class='ocrx_word' id='word_1_728' title='bbox 1604 2492 1630 2518; x_wconf 82' lang='lat' dir='ltr'><strong>et</strong></span> <span class='ocrx_word' id='word_1_729' title='bbox 1650 2491 1707 2518; x_wconf 89' lang='lat' dir='ltr'><strong>hoc</strong></span> <span class='ocrx_word' id='word_1_730' title='bbox 1727 2491 1774 2518; x_wconf 88' lang='lat' dir='ltr'><strong>vel</strong></span> 
     </span>
    </p>
   </div>
   <div class='ocr_carea' id='block_1_11' title="bbox 999 2588 1828 2761">
    <p class='ocr_par' dir='ltr' id='par_1_13' title="bbox 999 2588 1828 2761">
     <span class='ocr_line' id='line_1_100' title="bbox 999 2588 1773 2619; baseline 0 -7"><span class='ocrx_word' id='word_1_731' title='bbox 999 2590 1056 2612; x_wconf 86' lang='lat' dir='ltr'><strong>anie</strong></span> <span class='ocrx_word' id='word_1_732' title='bbox 1071 2588 1141 2612; x_wconf 87' lang='lat' dir='ltr'><strong>med.</strong></span> <span class='ocrx_word' id='word_1_733' title='bbox 1153 2588 1589 2619; x_wconf 34' lang='lat' dir='ltr'><strong>—1011Req.‚x1‚1.—¹·Aet⁴,</strong></span> <span class='ocrx_word' id='word_1_734' title='bbox 1606 2593 1674 2618; x_wconf 79' lang='lat' dir='ltr'><strong>xvu,</strong></span> <span class='ocrx_word' id='word_1_735' title='bbox 1690 2588 1729 2612; x_wconf 78' lang='lat'><strong>21.</strong></span> <span class='ocrx_word' id='word_1_736' title='bbox 1743 2600 1773 2606; x_wconf 89' lang='lat'>—</span> 
     </span>
     <span class='ocr_line' id='line_1_101' title="bbox 1001 2622 1774 2653; baseline -0.001 -5"><span class='ocrx_word' id='word_1_737' title='bbox 1001 2625 1020 2640; x_wconf 75' lang='lat'><strong>¹2</strong></span> <span class='ocrx_word' id='word_1_738' title='bbox 1039 2625 1046 2648; x_wconf 95' lang='grc'>1</span> <span class='ocrx_word' id='word_1_739' title='bbox 1067 2624 1139 2652; x_wconf 62' lang='lat' dir='ltr'><strong>Tim„</strong></span> <span class='ocrx_word' id='word_1_740' title='bbox 1156 2629 1179 2653; x_wconf 83' lang='lat' dir='ltr'><strong>v,</strong></span> <span class='ocrx_word' id='word_1_741' title='bbox 1200 2624 1237 2648; x_wconf 82' lang='lat'><strong>13.</strong></span> <span class='ocrx_word' id='word_1_742' title='bbox 1258 2637 1288 2640; x_wconf 97' lang='lat'><strong>—</strong></span> <span class='ocrx_word' id='word_1_743' title='bbox 1309 2624 1326 2638; x_wconf 73' lang='lat'><strong>¹⁵</strong></span> <span class='ocrx_word' id='word_1_744' title='bbox 1342 2623 1408 2653; x_wconf 61' lang='lat' dir='ltr'><strong>Luc,</strong></span> <span class='ocrx_word' id='word_1_745' title='bbox 1428 2630 1467 2653; x_wconf 68' lang='lat' dir='ltr'><strong>vi,</strong></span> <span class='ocrx_word' id='word_1_746' title='bbox 1490 2624 1527 2647; x_wconf 78' lang='lat'><strong>42.</strong></span> <span class='ocrx_word' id='word_1_747' title='bbox 1548 2636 1574 2640; x_wconf 84' lang='lat'>—</span> <span class='ocrx_word' id='word_1_748' title='bbox 1600 2622 1616 2638; x_wconf 72' lang='lat'><strong>¹⁴</strong></span> <span class='ocrx_word' id='word_1_749' title='bbox 1637 2623 1722 2653; x_wconf 63' lang='lat' dir='ltr'><strong>Bern„</strong></span> <span class='ocrx_word' id='word_1_750' title='bbox 1739 2624 1774 2647; x_wconf 85' lang='lat' dir='ltr'><strong>ad</strong></span> 
     </span>
     <span class='ocr_line' id='line_1_102' title="bbox 1000 2659 1796 2690; baseline -0.001 -7"><span class='ocrx_word' id='word_1_751' title='bbox 1000 2661 1099 2684; x_wconf 62' lang='lat' dir='ltr'><strong>Hem-[c.</strong></span> <span class='ocrx_word' id='word_1_752' title='bbox 1125 2660 1213 2684; x_wconf 75' lang='lat' dir='ltr'><strong>Senon.</strong></span> <span class='ocrx_word' id='word_1_753' title='bbox 1237 2659 1362 2689; x_wconf 59' lang='lat' dir='ltr'><strong>Avelzz&#39;ep„</strong></span> <span class='ocrx_word' id='word_1_754' title='bbox 1382 2660 1453 2690; x_wconf 79' lang='lat' dir='ltr'><strong>epist.</strong></span> <span class='ocrx_word' id='word_1_755' title='bbox 1478 2664 1548 2688; x_wconf 67' lang='lat' dir='ltr'><strong>nii,</strong></span> <span class='ocrx_word' id='word_1_756' title='bbox 1573 2660 1631 2689; x_wconf 83' lang='lat' dir='ltr'><strong>post</strong></span> <span class='ocrx_word' id='word_1_757' title='bbox 1652 2660 1722 2683; x_wconf 87' lang='lat' dir='ltr'><strong>med.</strong></span> <span class='ocrx_word' id='word_1_758' title='bbox 1742 2672 1773 2676; x_wconf 88' lang='lat'>—</span> <span class='ocrx_word' id='word_1_759' title='bbox 1793 2687 1796 2689; x_wconf 71' lang='lat'><em>.</em></span> 
     </span>
     <span class='ocr_line' id='line_1_103' title="bbox 1001 2687 1828 2726; baseline -0.002 -6"><span class='ocrx_word' id='word_1_760' title='bbox 1001 2697 1021 2713; x_wconf 75' lang='lat'><strong>¹⁵</strong></span> <span class='ocrx_word' id='word_1_761' title='bbox 1034 2695 1135 2726; x_wconf 60' lang='lat' dir='ltr'><strong>Ephes„</strong></span> <span class='ocrx_word' id='word_1_762' title='bbox 1148 2701 1172 2725; x_wconf 79' lang='lat' dir='ltr'><strong>v,</strong></span> <span class='ocrx_word' id='word_1_763' title='bbox 1186 2697 1210 2719; x_wconf 64' lang='lat'><strong>5.</strong></span> <span class='ocrx_word' id='word_1_764' title='bbox 1222 2708 1251 2714; x_wconf 89' lang='lat'><em>-</em></span> <span class='ocrx_word' id='word_1_765' title='bbox 1265 2695 1286 2712; x_wconf 67' lang='grc' dir='ltr'><strong>ιο</strong></span> <span class='ocrx_word' id='word_1_766' title='bbox 1298 2695 1387 2723; x_wconf 47' lang='grc' dir='ltr'><em>Εα-[ιῃ</em></span> <span class='ocrx_word' id='word_1_767' title='bbox 1404 2701 1429 2723; x_wconf 79' lang='lat' dir='ltr'><strong>x,</strong></span> <span class='ocrx_word' id='word_1_768' title='bbox 1446 2696 1468 2717; x_wconf 79' lang='lat'><strong>9.</strong></span> <span class='ocrx_word' id='word_1_769' title='bbox 1484 2708 1514 2712; x_wconf 93' lang='lat'><em>-</em></span> <span class='ocrx_word' id='word_1_770' title='bbox 1528 2695 1544 2708; x_wconf 73' lang='lat'><strong>¹⁷</strong></span> <span class='ocrx_word' id='word_1_771' title='bbox 1557 2695 1729 2724; x_wconf 36' lang='lat' dir='ltr'><strong>Laesa-1734.</strong></span> <span class='ocrx_word' id='word_1_772' title='bbox 1742 2707 1772 2712; x_wconf 73' lang='lat'>-</span> <span class='ocrx_word' id='word_1_773' title='bbox 1787 2687 1791 2718; x_wconf 74' lang='lat' dir='ltr'><strong>i</strong></span> <span class='ocrx_word' id='word_1_774' title='bbox 1825 2702 1828 2703; x_wconf 28' lang='grc' dir='ltr'><em>ν</em></span> 
     </span>
     <span class='ocr_line' id='line_1_104' title="bbox 1001 2726 1698 2761; baseline -0.001 -6"><span class='ocrx_word' id='word_1_775' title='bbox 1001 2732 1018 2745; x_wconf 61' lang='lat'><strong>¹²³</strong></span> <span class='ocrx_word' id='word_1_776' title='bbox 1034 2732 1095 2756; x_wconf 67' lang='lat' dir='ltr'><strong>ibid.</strong></span> <span class='ocrx_word' id='word_1_777' title='bbox 1122 2726 1161 2757; x_wconf 62' lang='grc' dir='ltr'><strong>Βία</strong></span> <span class='ocrx_word' id='word_1_778' title='bbox 1174 2744 1204 2748; x_wconf 90' lang='grc'><strong>-</strong></span> <span class='ocrx_word' id='word_1_779' title='bbox 1219 2731 1253 2761; x_wconf 81' lang='lat' dir='ltr'><strong>(a)</strong></span> <span class='ocrx_word' id='word_1_780' title='bbox 1272 2731 1365 2754; x_wconf 69' lang='lat' dir='ltr'><strong>Forsan</strong></span> <span class='ocrx_word' id='word_1_781' title='bbox 1383 2730 1511 2761; x_wconf 67' lang='lat' dir='ltr'><strong>legendum</strong></span> <span class='ocrx_word' id='word_1_782' title='bbox 1527 2730 1698 2754; x_wconf 81' lang='lat' dir='ltr'><strong>dilectionem.</strong></span> 
     </span>
    </p>
   </div>
  </div>
 </body>
</html>
