2004 3037
615 239 664 271 DE
686 238 841 270 CHRISTI
866 237 1142 270 ΗΠΜΑΝΙΤΑἸῈ.
1167 238 1254 270 CAP.
1279 239 1329 270 VI.

166 308 232 336 Sion
241 329 252 341 ,
267 308 395 336 Salvator
407 309 523 343 ponetur
536 308 568 334 in
587 313 620 334 ea
633 314 736 334 murus.
757 307 858 334 Emitte
873 305 881 322 ¹
897 314 944 341 aq-

166 362 243 387 num,
259 356 379 382 Domine.
395 355 495 382 Rorate
507 352 526 386 ²,
543 353 602 381 eoeli
609 373 618 388 ,
630 352 754 388 desuper,
770 355 824 381 etc.
841 354 943 381 Ascen—

165 401 211 428 det
226 401 236 418 θ
253 401 382 429 Dominus
402 408 483 436 super
506 400 600 427 nubem
616 400 706 427 levem.
731 399 920 427 Misericordia
934 398 944 414 ⁶

166 449 192 475 et
205 449 308 475 veritas
320 447 494 475 obviaverunt
508 446 570 473 sibi.
595 445 703 474 Gemma
717 446 873 473 carbunculi
889 446 899 461 ¹⁵
914 447 944 473 in

166 496 321 522 ornamento
335 495 407 521 auri.
428 493 516 521 Simul
531 493 541 510 ⁶
556 494 586 520 in
601 500 683 520 uuum
698 492 772 520 dives
788 495 813 520 et
827 500 942 527 pauper.

167 541 223 575 qu
234 541 339 575 primus
353 539 364 557 ⁷
384 541 410 566 et
429 539 600 566 novissimus.
624 538 767 566 Chai-itate
789 540 921 573 perpetua
935 538 945 555 ⁸

165 586 253 614 dileaei
279 587 314 614 te.
343 585 460 614 Mittitur
478 586 489 602 ⁹
503 584 604 612 Daniel
628 584 659 612 in
685 584 784 612 lacum
808 584 942 613 leonum.

164 633 292 668 Apparet
313 632 345 660 in
363 631 481 660 camino
498 631 518 649 ¹⁰
534 632 655 668 quartus
670 631 774 659 similis
798 631 870 658 Filio
889 631 943 659 ho-

163 678 262 706 minis.
277 678 386 706 Umbra
404 678 423 696 ¹¹
441 677 593 706 descendit
615 677 646 706 in
666 677 824 713 horologio
849 677 944 706 Achaz

163 723 268 753 decem
288 725 440 760 gradibus.
460 724 538 760 Ignis
557 726 680 760 apparet
695 724 717 741 ¹2
738 724 769 752 in
783 723 860 752 rubo
882 732 944 752 non

164 771 353 800 comburens.
370 772 456 800 Solem
475 771 493 788 ¹³
508 771 577 799 nube
592 774 687 806 teqam.
704 771 777 804 Quid
794 771 811 787 't
824 770 943 798 lucidius

163 818 244 846 Sole?
261 820 287 845 et
309 819 351 846 hie
375 818 490 853 deficiet.
510 817 643 845 Psalmus
661 817 678 834 ¹¹⁵
696 826 702 845 :
718 819 743 845 A
758 825 859 845 summo
881 818 943 844 coelo

165 866 279 899 egressio
296 865 363 899 eJus.

440 945 584 979 CAPUT
608 945 666 979 VI.

333 1025 371 1051 De
389 1023 541 1050 rationibus
559 1024 771 1050 Incarnationis.

197 1100 250 1126 Per
271 1098 402 1126 Verbum
422 1098 511 1134 igitur
531 1098 717 1126 incarnatum
732 1098 808 1126 facta
827 1100 869 1126 est
883 1099 940 1127 hu-

161 1145 241 1173 mani
258 1145 373 1180 generis
384 1145 530 1181 reparatio
547 1153 553 1172 :
569 1153 631 1173 non
646 1145 717 1181 quia
732 1145 817 1173 aliter
831 1146 940 1173 salvari

160 1199 223 1218 non
242 1193 374 1227 poterat,
394 1192 446 1219 sed
461 1191 533 1227 quia
550 1191 651 1218 nullus
667 1191 741 1219 alius
757 1192 865 1219 modus
886 1192 940 1219 fuit

160 1237 200 1265 ita
221 1246 368 1273 congruus
383 1238 439 1274 ipsi
454 1237 644 1274 Reparatori,
666 1240 693 1265 et
710 1238 888 1273 reparabili,
905 1246 939 1266 ac

159 1284 348 1319 reparationi.
376 1284 581 1319 Congruebat,
597 1284 739 1320 inquam,
754 1284 806 1311 iste
830 1285 939 1313 modus

159 1330 331 1366 Reparatori
343 1351 351 1365 ,
376 1338 466 1366 quem
493 1330 618 1358 decebat
644 1338 728 1358 suam
754 1331 917 1366 potentiam
931 1353 938 1365 ,

158 1377 352 1413 sapientiam,
369 1379 396 1404 et
420 1377 583 1405 bonitatem
603 1377 768 1404 ostendere.
784 1377 861 1410 Quid
883 1386 937 1405 au-

158 1425 218 1451 tem
231 1423 391 1459 potentius,
407 1432 498 1459 quam
513 1424 693 1458 conjungere
708 1425 840 1451 extrema
854 1433 936 1452 sum-

157 1468 206 1497 me
219 1469 366 1504 distantia,
381 1470 436 1497 hoc
452 1471 507 1504 est,
524 1471 691 1497 Creatorem
707 1473 734 1498 et
749 1473 913 1498 creaturam
923 1473 936 1498 ²?

157 1517 263 1551 Magna
282 1517 414 1552 potentia
435 1516 489 1543 suit
502 1516 533 1543 in
548 1516 756 1551 conjunctione
772 1517 936 1552 disparium

157 1563 389 1598 elementorum3
411 1562 508 1597 major
528 1562 559 1589 in
583 1563 791 1597 conjunctione
815 1563 935 1591 illorum

156 1607 195 1635 ad
210 1607 345 1643 spiritum
360 1608 509 1642 creatum;
524 1607 657 1634 maxima
677 1607 707 1634 in
726 1608 935 1642 conjunctione

155 1653 277 1681 illorum
292 1654 428 1681 omnium
442 1653 481 1680 ad
495 1653 630 1689 spiritum
643 1653 806 1681 increatum
816 1675 824 1688 ‚
841 1655 893 1682 ubi
908 1657 936 1682 et

155 1699 286 1728 maxima
306 1699 462 1735 disparitas
485 1701 536 1726 est.
563 1699 639 1733 Quid
662 1707 732 1727 vero
755 1701 932 1736 sapientius,

155 1755 247 1782 quam
273 1746 357 1782 quod
385 1746 424 1774 ad
450 1745 662 1781 perfectionem
687 1746 775 1774 totius
803 1748 934 1775 universi

153 1793 236 1821 fieret
250 1793 419 1828 conjunctio
434 1792 522 1828 primi
544 1795 571 1820 ct
585 1793 690 1827 ultimi,
706 1793 764 1821 hoc
779 1796 830 1828 est,
846 1795 933 1823 Verbi

155 1841 215 1875 Dei,
236 1840 319 1876 quod
333 1843 375 1868 est
389 1841 524 1868 omnium
540 1841 736 1877 principium,
751 1843 779 1869 et
792 1842 932 1870 humanae

155 1888 308 1920 creaturae,
325 1895 391 1922 quae
404 1887 436 1914 in
450 1887 590 1923 operibus
602 1895 652 1915 sex
667 1888 782 1915 dierum
797 1888 851 1916 fuit
864 1889 932 1916 ulti-

155 1941 205 1960 ma
224 1933 360 1960 omnium
379 1935 604 1961 creaturarum?
624 1934 700 1967 Quid
721 1936 819 1962 autem
838 1935 930 1963 bene-

155 1978 315 2013 volentius,
333 1987 424 2014 quam
447 1979 530 2014 quod
545 1982 664 2008 Creator
681 1988 781 2007 rerum
796 1989 931 2009 commu-

155 2024 254 2052 nicare
270 2032 300 2051 se
309 2024 403 2052 voluit
413 2025 502 2052 rebus
513 2025 636 2052 creatis?
648 2027 679 2053 Et
693 2026 753 2053 haec
766 2027 933 2061 benignitas

156 2079 266 2105 magna
289 2070 343 2098 suit
370 2070 401 2097 in
429 2071 696 2099 communicatione
719 2072 763 2098 sui
793 2073 932 2101 omnibus

155 2116 244 2144 rebus
262 2124 316 2152 per
331 2117 536 2152 praesentiam;
549 2117 662 2152 major,
679 2118 749 2153 quia
763 2120 932 2146 communi—

156 2163 233 2191 cavit
260 2171 290 2190 se
318 2163 406 2190 bonis
432 2171 486 2198 per
514 2163 655 2198 gratiam;
683 2164 830 2198 maxima,
861 2165 933 2200 qnia

157 2209 386 2237 communicavit
404 2217 434 2236 se
453 2209 568 2236 homini
590 2218 643 2245 per
657 2210 815 2244 unionem,
832 2213 859 2238 et
878 2219 932 2246 per

156 2264 340 2292 consequens
368 2256 525 2291 generibus
549 2256 735 2291 singulorum
760 2257 790 2284 in
822 2258 932 2286 unitate

155 2311 299 2339 personae.

191 2350 255 2377 Fuit
273 2350 360 2378 etiam
378 2350 431 2377 iste
453 2350 562 2378 modus
581 2350 861 2385 congruentissimus
876 2351 932 2387 ipsi

156 2397 331 2433 reparabili,
347 2397 418 2432 quia
431 2397 523 2424 homo
543 2405 596 2432 per
609 2399 763 2432 peccatum
778 2399 886 2425 corruit
901 2398 932 2426 in

156 2442 366 2477 infirmitatem,
382 2443 581 2478 ignorantiam
592 2445 619 2470 et
628 2443 780 2478 malitiam,
796 2452 849 2479 per
864 2453 930 2479 qufe

156 2488 271 2524 ineptus
295 2489 387 2517 factus
411 2491 453 2517 est
480 2489 519 2517 ad
546 2489 684 2517 virtutem
711 2490 843 2518 divinam
867 2491 932 2518 imi-

193 2572 273 2602 ¹1sa.‚
287 2579 339 2603 xvi,
357 2576 378 2596 t.
391 2586 421 2590 -—-
438 2573 446 2587 ²
462 2574 596 2603 Isa.‚x1.v,
610 2575 632 2597 8.
648 2587 679 2591 -
697 2574 850 2603 ³lsc1.‚.xix,
869 2578 931 2599 1.—

157 2608 166 2621 ⁴
186 2607 252 2631 Psal.
273 2614 378 2639 LXXXW,
402 2611 438 2633 11.
453 2622 484 2626 —
501 2609 511 2625 ὅ
526 2609 611 2639 eccla,
631 2615 718 2639 xxxu,
740 2612 763 2638 7,
782 2623 813 2627 ——
835 2612 843 2625 u
862 2611 930 2634 Psal.

158 2647 250 2672 vaul,
266 2644 289 2666 3.
304 2656 334 2660 —
346 2644 356 2659 ⁷
369 2644 453 2674 Apocu,
471 2650 537 2674 xxu,
555 2647 589 2668 13.
603 2658 634 2662 -
648 2645 657 2660 Β
669 2645 770 2674 ,ΙειὉηι.,
786 2653 859 2676 xxxt,
875 2649 930 2670 Q«-

159 2678 167 2691 ‘'
183 2677 258 2708 Dan„
272 2683 319 2708 vn,
337 2679 373 2702 16.
387 2691 417 2696 —-
432 2679 452 2696 ¹⁰
464 2680 540 2710 Dan.y
556 2685 604 2709 vii,
621 2681 657 2703 13.
672 2693 702 2697 -
719 2682 736 2697 ¹¹
755 2682 784 2705 tv
803 2682 870 2712 lte-as„
886 2689 930 2712 xx,

1720 242 1772 270 45¹

998 305 1132 340 tendam,
1148 307 1177 333 et
1196 306 1235 334 ud
1258 306 1411 334 veritatem
1435 306 1681 341 cognoscendam,
1698 308 1726 334 et
1739 306 1778 335 ad

998 351 1162 379 bonitatem
1190 351 1384 388 diligendam.
1415 351 1484 380 Ideo
1514 354 1588 380 Dens
1614 352 1708 380 factus
1737 355 1779 381 est

998 399 1101 434 homo,
1114 407 1167 435 per
1181 399 1264 435 quod
1275 407 1305 427 se
1319 398 1449 426 reddidit
1462 399 1575 426 homini
1591 399 1777 434 imitabilem,

998 445 1243 480 cognoscibilem,
1270 447 1298 473 ct
1321 445 1491 473 amabilem.
1520 445 1584 473 Fuit
1612 446 1701 473 etiam
1725 446 1778 474 iste

998 491 1108 519 modus
1135 491 1416 526 congruentissimus
1444 492 1550 519 nostrae
1579 492 1778 528 reparationi,

999 537 1070 573 quia
1085 538 1225 565 DomInus
1248 538 1278 565 in
1299 537 1396 566 forma
1412 537 1489 565 servi
1509 539 1681 573 procuravit
1699 538 1778 566 salu-

998 586 1056 612 tem
1071 584 1158 612 servi.

1034 632 1106 659 Sunt
1126 632 1154 658 ct
1174 631 1239 658 aliae
1259 630 1388 658 rationes
1412 638 1503 666 quare
1528 630 1706 658 conveniens
1725 631 1780 660 tuit

999 679 1091 705 Deum
1111 677 1268 706 incarnari.
1291 677 1387 705 Prima
1406 678 1464 712 est,
1481 677 1552 713 quia
1570 678 1779 713 praevaricator

998 723 1119 752 abstulit
1133 724 1221 752 nobis
1236 725 1347 752 Deum:
1372 723 1452 751 unde
1475 724 1656 752 conveniens
1677 724 1732 752 fuit
1746 727 1779 753 ut

998 772 1160 806 Reparator
1171 770 1309 798 redderet
1321 770 1409 798 nobis
1422 771 1522 798 Deum.
1539 770 1690 805 Secunda,
1707 771 1778 807 quia

997 817 1149 845 humilitas
1163 817 1262 845 decuit
1276 825 1345 845 eum
1358 826 1365 844 :
1377 817 1430 844 sed
1444 825 1506 844 non
1520 817 1616 853 potuit
1625 817 1777 845 humiliari

998 871 1092 899 usque
1116 864 1156 891 ad
1179 871 1282 899 poenas
1309 864 1340 891 in
1365 865 1470 891 natura
1496 863 1621 891 divina:
1647 864 1777 899 oportuit

998 917 1068 945 ergo
1083 910 1167 946 quod
1181 910 1212 937 in
1226 910 1294 938 alia.
1309 910 1420 944 Tertia,
1435 912 1467 938 ut
1480 911 1652 946 prophetias
1671 910 1777 946 imple-

997 957 1041 983 ret
1057 955 1074 972 ¹⁶
1091 966 1096 984 :
1113 958 1169 991 qu
1181 958 1229 992 qui
1244 957 1378 992 loquebar,
1394 965 1449 984 ecce
1470 957 1574 984 adsum.
1589 958 1606 974 ‘⁷
1621 957 1778 992 Apparebit

997 1004 1027 1029 in
1040 1005 1130 1038 finem,
1148 1007 1173 1030 et
1186 1012 1239 1031 uon
1258 1005 1423 1031 mentietur:
1440 1005 1464 1031 si
1478 1011 1581 1031 moram
1602 1005 1709 1036 feeerit,
1728 1012 1775 1031 em-

993 1053 1074 1084 pecta
1089 1058 1147 1077 eum
1158 1071 1165 1083 ‚
1182 1052 1248 1085 quia
1263 1052 1370 1078 veniens
1384 1052 1472 1078 veniet
1489 1060 1496 1076 .-
1513 1052 1545 1077 ut
1560 1050 1670 1078 scilicet
1684 1050 1774 1078 doce-

995 1098 1040 1124 ret
1066 1097 1165 1132 potius
1190 1097 1308 1124 vincere
1336 1105 1389 1132 per
1416 1096 1557 1132 justitiam
1568 1118 1577 1131 ,
1607 1105 1698 1132 quam
1722 1105 1776 1133 per

996 1143 1169 1178 potentiam.
1195 1144 1322 1178 Quarta,
1346 1145 1469 1178 propter
1493 1143 1648 1171 vitandum
1672 1144 1775 1171 incon-

995 1189 1136 1223 veniens,
1153 1189 1224 1225 quia
1238 1189 1261 1216 si
1279 1191 1352 1217 Deus
1371 1189 1519 1217 incarnari
1533 1197 1595 1217 non
1614 1189 1775 1225 potuisset,

994 1235 1043 1263 vel
1058 1235 1238 1270 nescivisset,
1249 1236 1298 1263 vel
1311 1236 1465 1270 noluisset,
1477 1236 1627 1264 videretur
1641 1236 1666 1264 ei
1681 1237 1775 1264 inesse

994 1282 1184 1318 impotentia,
1206 1282 1254 1310 vel
1269 1282 1452 1317 ignorantia,
1467 1282 1517 1310 vel
1540 1282 1668 1317 invidia,
1691 1283 1775 1318 quod

994 1329 1078 1356 absit.
1091 1329 1207 1364 Quinta,
1219 1332 1250 1357 ut
1262 1332 1341 1358 tanta
1355 1332 1429 1358 esset
1442 1330 1592 1358 humilitas
1606 1331 1635 1358 in
1652 1331 1775 1358 Redem-

992 1377 1093 1411 ptore,
1113 1378 1224 1412 quanta
1240 1376 1294 1404 fuit
1314 1377 1456 1412 superbia
1476 1377 1506 1404 in
1528 1378 1772 1412 przevaricatore:

994 1422 1065 1457 quia
1080 1424 1161 1450 tanta
1175 1422 1228 1450 fuit
1244 1423 1394 1459 superbia,
1410 1426 1442 1451 ut
1455 1424 1547 1451 homo
1562 1424 1652 1451 vellet
1667 1432 1728 1452 esse
1743 1427 1775 1452 ut

994 1470 1069 1497 Deus
1083 1479 1089 1497 :
1105 1470 1185 1497 unde
1198 1470 1348 1498 humilitas
1358 1472 1439 1498 tanta
1450 1471 1554 1498 debuit
1568 1479 1638 1503 esse,
1651 1473 1683 1498 ut
1698 1473 1773 1498 Deus

992 1515 1075 1543 fieret
1095 1516 1196 1544 homo.
1220 1518 1320 1551 Sexta,
1341 1518 1370 1544 ut
1384 1520 1518 1544 nostrum
1539 1526 1673 1547 amorem
1692 1518 1772 1544 exci-

991 1564 1079 1597 taret,
1105 1565 1133 1590 et
1155 1565 1287 1590 nostram
1308 1571 1391 1599 spem
1417 1563 1548 1598 erigeret.
1576 1564 1724 1599 Septima,
1741 1566 1773 1591 ut

990 1609 1160 1645 exemplum
1187 1609 1337 1637 imitandae
1364 1610 1478 1637 virtutis
1512 1610 1600 1637 nobis
1628 1610 1711 1638 daret
1740 1611 1771 1638 in

989 1654 1086 1682 forma
1100 1655 1210 1683 visibili
1230 1658 1258 1683 et
1273 1656 1413 1683 humana.
1431 1657 1571 1689 Quamvis
1586 1659 1684 1684 autem
1700 1664 1770 1692 ope-

988 1709 1022 1729 ra
1031 1701 1176 1730 'trinitatis
1190 1702 1247 1729 sint
1260 1702 1403 1736 indivisa,
1417 1702 1456 1730 ita
1468 1705 1500 1730 ut
1513 1703 1544 1737 (ιι)
1560 1703 1642 1738 quod
1657 1703 1771 1738 aliquid

989 1749 1128 1783 operatur
1142 1756 1202 1776 una
1215 1757 1343 1784 persona
1353 1770 1362 1784 ,
1379 1751 1517 1784 operetur
1533 1751 1560 1776 et
1581 1749 1656 1782 alia,
1672 1751 1771 1777 tamen

989 1795 1086 1822 solum
1105 1795 1194 1822 Filius
1209 1795 1322 1831 accepit
1336 1803 1470 1829 carnem,
1487 1798 1514 1823 et
1528 1804 1589 1823 non
1609 1797 1708 1829 Pater,
1722 1796 1770 1823 vcl

989 1841 1110 1877 Spiritus
1130 1844 1256 1869 sanctus.
1285 1844 1315 1869 Et
1334 1842 1480 1869 habemus
1502 1842 1596 1869 simile
1622 1843 1652 1869 in
1676 1843 1769 1870 tribus

989 1887 1155 1915 domicellis
1183 1889 1375 1916 induentibus
1404 1890 1518 1916 tertiam
1552 1889 1683 1925 ipsarum
1695 1911 1704 1923 ,
1732 1889 1768 1917 de

987 1934 1098 1969 quibus
1113 1936 1209 1970 potest
1225 1935 1282 1962 dici
1300 1945 1306 1962 :
1327 1945 1339 1961 (ι
1356 1935 1507 1971 Quidquid
1523 1936 1592 1963 facit
1606 1945 1685 1970 una,
1701 1937 1769 1964 facit

988 1981 1063 2015 alia3
1080 1991 1092 2006 »
1110 1989 1170 2008 una
1188 1984 1287 2009 tamen
1307 1981 1372 2009 sola
1386 1982 1528 2010 induitur.
1549 1983 1659 2010 Eodem
1675 1983 1767 2011 modo

989 2027 1148 2054 dicendum
1165 2028 1248 2063 quod
1263 2028 1475 2056 incarnationis
1495 2037 1570 2063 opus
1586 2029 1767 2064 quandoque

988 2073 1155 2100 attribuitur
1171 2075 1256 2108 Patri,
1273 2076 1304 2101 ut
1319 2074 1360 2101 ibi
1375 2074 1394 2089 ¹⁵
1408 2083 1414 2101 ε
1432 2075 1468 2100 At
1483 2075 1529 2101 ubi
1542 2077 1615 2101 venit
1627 2076 1768 2109 plenitudo

989 2121 1131 2153 temporis,
1155 2122 1230 2146 misit
1259 2122 1328 2146 Deus
1351 2121 1439 2154 silium
1466 2128 1553 2148 suum.
1581 2121 1767 2156 Quandoque

988 2166 1154 2193 attribuitur
1168 2166 1251 2200 Filio,
1267 2168 1299 2193 ut
1314 2166 1355 2193 ibi
1373 2168 1391 2183 ¹⁹
1407 2176 1413 2193 :
1431 2167 1516 2194 Eaeivi‘
1530 2176 1545 2194 a
1559 2169 1651 2202 Patre,
1668 2170 1693 2195 et
1706 2170 1768 2195 reni

989 2213 1018 2238 iu
1032 2212 1169 2239 mundum.
1181 2212 1366 2248 Quandoque
1378 2213 1544 2240 attribuitur
1559 2214 1676 2249 Spiritui
1687 2222 1767 2241 sanc-

989 2260 1033 2293 to,
1049 2260 1081 2285 ut
1098 2259 1128 2285 in
1143 2258 1286 2294 Symbolo
1304 2268 1310 2285 ε
1328 2259 1381 2291 Qut
1401 2262 1538 2294 conceptus
1561 2264 1599 2287 cst
1613 2261 1645 2287 ‹Ie
1659 2262 1767 2295 Spiritu

988 2308 1088 2332 saneto.
1104 2306 1161 2333 Sed
1176 2306 1237 2333 haec
1252 2306 1321 2333 ideo
1339 2306 1487 2340 dicuntur,
1499 2307 1569 2342 quia
1582 2315 1658 2342 opus
1672 2308 1767 2334 incar-

988 2352 1115 2379 nationis
1137 2352 1191 2379 suit
1214 2353 1350 2380 maximae
1370 2353 1524 2388 potentiae,
1548 2354 1713 2389 salienti-ee,
1739 2356 1766 2380 ct

987 2397 1126 2425 bonitatis
1140 2408 1146 2426 ι
1168 2407 1234 2434 quie
1248 2399 1341 2426 tribus
1355 2400 1489 2434 personis
1504 2400 1710 2427 attribuuntur.

1024 2446 1094 2472 Sunt
1108 2447 1207 2473 autem
1227 2445 1327 2473 multoe
1349 2446 1478 2474 rationes
1502 2454 1594 2482 quare
1616 2447 1703 2473 Filius
1719 2447 1764 2473 in-
1790 2454 1794 2457 ¹

989 2493 1123 2519 carnatus
1141 2491 1191 2526 sit,
1208 2493 1235 2519 et
1249 2499 1309 2519 non
1325 2493 1423 2527 Pater,
1440 2492 1487 2519 vel
1502 2493 1623 2528 Spiritus
1638 2494 1763 2521 sanctus.

990 2579 1027 2600 11.
1047 2590 1076 2594 -
1099 2577 1116 2591 ¹²
1138 2577 1227 2605 Eroti,
1254 2582 1298 2606 111,
1320 2579 1343 2601 2.
1363 2591 1393 2594 —
1420 2578 1436 2593 ¹³
1458 2577 1534 2601 Emi-t
1549 2595 1556 2605 ,
1580 2583 1668 2608 xxm,
1691 2579 1713 2601 7.
1734 2591 1765 2597 --

991 2612 1009 2628 ¹4
1021 2612 1108 2640 Eccli„
1122 2618 1187 2642 xvti,
1204 2614 1283 2636 30-
1297 2613 1313 2628 “5
1328 2613 1487 2641 [salax-111,
1499 2615 1520 2635 Ῑ.
1532 2626 1562 2629 -
1575 2613 1593 2628 '¹⁴³
1611 2613 1648 2635 Im
1662 2631 1668 2641 ,
1683 2620 1726 2641 Lu,
1740 2615 1763 2638 6,

987 2661 1016 2665 --
1040 2649 1058 2664 ¹⁷
1079 2648 1181 2676 llatae„
1206 2654 1239 2673 11,
1262 2649 1284 2671 3.
1307 2662 1333 2665 —-
1359 2650 1374 2662 ¹⁸
1396 2648 1462 2677 (iul,
1485 2655 1525 2678 iv,
1547 2650 1570 2672 4.
1592 2661 1620 2664 κ
1643 2649 1661 2665 ¹⁹
1682 2649 1763 2679 joam,

986 2689 1043 2713 XVI,
1057 2685 1127 2707 28.-
1144 2684 1176 2714 (a)
1195 2684 1253 2706 Coez'.
1270 2683 1329 2706 ulis.
1346 2683 1377 2706 vla¹
1394 2686 1409 2706 vl
1426 2686 1458 2707 ut.
