2004 3037
679 208 730 241 DE
751 206 875 240 PRIMO
895 207 1065 241 lTINERE.
1090 207 1190 240 nls'r.
1214 208 1238 240 1.

150 278 236 313 Surae
243 277 334 313 igitur
343 285 361 306 a
370 276 585 314 temporalibus
594 276 634 306 ad
643 277 753 305 aeterna
760 275 925 311 tendend05

150 326 179 353 et
188 331 322 360 propera,
346 326 457 353 aeterna
480 322 705 360 investigando,
731 323 760 352 et
782 324 844 351 veni
856 344 865 358 ,
892 330 928 351 εε-

150 371 316 400 ternitatem
338 379 439 400 meam
464 370 672 408 ingrediendo.
698 369 789 405 nujus
810 369 929 406 petitio-

149 417 194 446 nis
207 418 307 447 reddit
317 426 453 454 eausam,
463 418 565 447 dicens
577 426 584 446 :
597 419 676 452 veni,
694 424 786 452 surae,
797 423 926 452 propera,

149 467 238 494 amica
250 474 324 501 mea,
338 469 365 495 ec
378 467 454 500 veni,
476 465 548 502 quia
558 465 622 500 jam
637 465 680 492 est
699 463 858 492 itinerandi
873 471 927 500 op-

148 513 315 549 portunitas
329 514 538 549 temporanea,
554 511 626 548 quia
634 512 695 547 jam
712 511 796 539 hiems
813 512 928 539 transiit

148 560 260 595 peccati
284 559 503 596 infrigidantis‚
531 560 559 587 et
581 558 686 587 itinera
708 558 927 587 ambulantium

149 606 347 643 obliquitatis,
364 607 436 643 quia
448 607 512 642 jam
527 608 570 634 est
583 606 722 635 itinerum
738 607 838 643 optata
857 606 928 634 faei-

148 653 229 690 litas,
245 654 316 690 quia
327 653 392 690 jam
405 655 488 682 imber
503 654 574 682 abiit
596 656 622 682 et
641 655 751 682 recessit
776 662 853 682 curae
868 654 927 682 dis-

147 700 287 729 trahentis
310 702 339 729 et
362 701 533 730 itinerantes
547 701 751 738 impedientis3
775 701 847 738 quia
862 701 927 737 jam

148 750 190 776 est
204 747 404 776 itinerantIum
428 756 548 777 amoena
566 748 754 784 jucunditas,
771 749 843 785 quia
863 748 927 784 Jam

145 796 223 829 stores
238 799 426 830 apparuerunt
439 797 470 824 in
485 798 559 824 terra
573 798 685 828 nostra,-
697 795 768 832 quia
781 796 845 831 jam
856 797 926 824 tem-

145 849 202 877 pus
216 842 337 870 vernale
351 842 448 875 venit,
474 851 511 871 ex
525 843 681 879 praesentia
703 842 796 871 divini
811 843 881 871 solis
895 843 926 871 in

146 890 223 916 terra
236 891 344 916 nostrae
359 889 472 925 carnis3
489 890 561 926 quia
576 890 639 925 jam
655 891 697 918 est
710 889 925 926 perambulan-

146 935 219 963 tium
232 935 370 964 alleviata
384 937 513 972 agiIItas,
528 937 599 973 quia
610 937 673 972 jam
684 940 789 973 tempus
801 938 927 972 putatio-

145 984 189 1010 nis
203 983 330 1017 advenit,
354 992 414 1020 quo
429 984 548 1020 spiritus
571 986 671 1012 noster
687 986 865 1012 exoneratur
886 984 925 1012 ab

146 1029 285 1057 omnibus
303 1030 462 1067 superfluis
478 1033 506 1059 et
521 1031 607 1059 vanis
615 1040 624 1066 3
642 1031 713 1067 quia
729 1031 792 1067 jam
806 1033 849 1060 est
863 1031 926 1060 via-

143 1084 211 1104 rum
232 1077 363 1106 revelata
380 1077 489 1106 veritas
501 1098 510 1112 ,
531 1078 607 1114 quia
621 1086 674 1106 vooe
692 1080 810 1106 turturis
829 1079 926 1107 audita

143 1125 224 1151 estin
238 1127 311 1152 terra
330 1127 439 1160 nostra,
455 1125 543 1153 Verbi
558 1125 718 1158 incarnati,
736 1133 858 1153 omnem
872 1133 926 1154 ve-

143 1170 259 1198 ritatem
273 1171 406 1199 doeentis
415 1181 423 1207 3
436 1171 507 1208 quia
515 1172 578 1207 jam
593 1173 636 1200 est
649 1172 748 1200 viatici
763 1172 926 1202 desiderati

143 1218 275 1254 satietas,
301 1219 372 1255 quia
394 1221 461 1254 ficus
483 1221 601 1254 protulit
615 1227 718 1254 grossos
737 1228 819 1254 suos,
846 1220 924 1248 soili-

143 1267 188 1293 cet
204 1267 296 1300 Pater,
308 1265 375 1294 fons
391 1266 568 1301 dulcedinis,
584 1266 691 1295 Filium
702 1275 813 1303 panem
827 1268 925 1295 omnis

143 1312 310 1347 suavitatis,
334 1315 362 1341 et
378 1313 518 1349 Spiritum
538 1315 674 1341 sanetum
696 1316 803 1350 potum
817 1314 925 1342 sobriae

142 1359 311 1395 ebrietati53
328 1360 399 1396 quia
417 1360 481 1396 jam
496 1362 538 1388 est
551 1359 642 1388 medii
657 1360 808 1390 odorifera
828 1362 925 1389 suavi-

142 1409 186 1434 tas
200 1428 209 1442 ,
226 1407 296 1443 quia
314 1409 398 1435 vineoe
411 1409 532 1442 florentes
555 1408 662 1436 odorem
676 1416 755 1436 suum
773 1409 922 1444 dederunt,

142 1453 174 1481 id
202 1456 259 1489 est,
287 1454 426 1490 potentiae
453 1454 601 1482 foecundae
625 1455 772 1483 dederunt
797 1456 924 1484 odorem

141 1499 229 1528 bonoe
252 1499 338 1528 famoe
372 1508 409 1529 ex
434 1501 577 1537 operibus
603 1501 761 1530 odoriferis
783 1523 792 1537 ,
820 1503 891 1538 quia
914 1503 924 1520 ¹

142 1548 224 1575 bonus
246 1548 310 1575 odor
332 1549 437 1576 Christi
460 1551 534 1576 sunt.
555 1548 645 1584 Igitur
668 1557 767 1584 surge,
787 1558 922 1585 propera,

141 1596 230 1622 amica
243 1603 316 1629 mea,
332 1598 357 1623 et
369 1598 441 1623 veni.
457 1595 540 1624 Unde
563 1596 635 1625 dicit
649 1596 789 1632 Origenes
804 1605 811 1624 ε
826 1597 923 1631 «Quis

139 1641 202 1676 jam
217 1649 279 1670 non
292 1643 394 1678 surgat
404 1642 460 1679 (a)?
471 1643 538 1679 quis
551 1650 614 1672 non
626 1644 785 1680 properet?
795 1645 845 1673 aut
857 1644 923 1680 quis

1703 211 1762 242 403

982 281 1045 305 non
1059 275 1158 305 veniat
1179 276 1233 304 ubi
1247 277 1290 305 tot
1308 275 1468 306 utilitatum
1489 275 1618 312 insignia
1635 283 1763 305 concur-

981 323 1072 352 runt?
1087 332 1101 350 ι»
1117 322 1240 358 Singula
1255 323 1380 352 istorum
1393 323 1647 352 adminiculorum
1667 323 1762 360 appli-

982 369 1131 399 cabuntur
1150 370 1275 406 singulis
1293 369 1467 407 itineribus,
1491 372 1524 400 ut
1537 370 1650 408 patebit
1670 370 1763 406 infra,

982 418 1011 445 et
1022 416 1085 445 haee
1101 415 1207 446 itinera
1220 419 1232 435 ²
1253 417 1411 446 abscondita
1428 419 1492 446 sunt
1512 426 1530 446 a
1549 418 1720 454 sapientibus
1737 420 1764 446 et

980 463 1161 499 prudentibus
1176 465 1257 500 hujus
1271 465 1369 493 mundi
1376 486 1384 497 ,
1407 468 1433 494 et
1447 465 1566 494 revelata
1580 467 1644 493 sunt
1659 473 1765 501 parvu-

983 513 1034 546 lis,
1058 512 1091 541 id
1105 514 1164 548 est,
1179 512 1354 541 humilibus.
1381 512 1463 541 Unde
1487 512 1559 541 dicit
1577 513 1715 542 Habacue
1728 513 1740 531 ²
1755 521 1762 542 :

982 561 1126 588 Incurvati
1138 562 1201 588 sunt
1213 560 1292 588 colles
1306 559 1417 593 mundi,
1442 559 1475 587 id
1490 560 1544 594 est,
1558 559 1716 596 sapientes,
1731 559 1765 588 ab

981 607 1129 634 itineribus
1143 607 1308 634 <eternitatis
1323 606 1397 642 ejus,
1411 606 1444 634 id
1459 607 1518 642 est,
1534 606 1680 643 obliquati
1697 608 1765 635 sunt

982 661 1000 682 a
1013 653 1069 682 viis
1090 653 1177 682 rectis
1197 653 1299 681 aeterni
1326 653 1376 681 Dei
1391 662 1398 681 :
1421 652 1493 689 quia
1511 653 1564 690 qui
1581 661 1600 682 a
1617 655 1698 683 reeta
1716 654 1765 683 via

982 699 1152 736 declinant,
1168 702 1282 736 quanto
1303 700 1372 737 plus
1394 700 1529 736 vadunt,
1554 701 1636 729 tanto
1657 701 1726 737 plus
1747 709 1766 730 a

982 747 1109 776 termino
1123 748 1209 776 rectae
1223 747 1278 775 viae
1299 747 1446 776 recedunt
1451 768 1460 783 ,
1477 749 1505 776 et
1520 749 1632 784 quanto
1650 747 1719 785 plus
1733 756 1765 777 se

980 794 1127 830 sapientes
1140 794 1247 823 mundi
1262 794 1300 822 ab
1325 796 1435 824 aeterna
1456 795 1580 823 veritate
1605 796 1760 828 avertunt,

980 842 1062 870 tanto
1077 841 1145 877 plus
1159 841 1239 870 stulti
1253 841 1321 870 faeti
1343 842 1375 870 in
1396 842 1613 879 temporalibus
1635 850 1764 872 evanue·

980 891 1067 924 runt,
1083 889 1214 917 dicentes
1228 889 1304 918 illud
1325 889 1480 926 Sapientiae
1492 890 1503 906 ⁴
1519 898 1526 918 z
1549 890 1595 918 Sol
1609 891 1765 926 intelliyen-

982 937 1027 964 tioe
1041 944 1094 963 non
1109 939 1148 964 est
1162 939 1237 964 ortus
1251 937 1344 969 uobis,
1362 937 1461 964 lassati
1475 945 1567 965 sumus
1589 938 1619 965 in
1642 938 1690 965 via
1708 938 1765 965 ini-

980 984 1113 1018 quitatis,
1138 985 1213 1011 viam
1240 984 1349 1011 Domini
1372 985 1568 1019 ignoravimus.
1593 985 1668 1012 Cum
1691 992 1764 1020 ergo

979 1030 1179 1066 Augustinus,
1199 1039 1251 1059 xrv
1270 1032 1298 1059 et
1318 1039 1355 1060 xv
1373 1031 1406 1059 de
1430 1033 1575 1068 Trinitate‚
1593 1032 1664 1061 dicit
1678 1032 1763 1069 quod

980 1079 1098 1115 spiritus
1117 1081 1218 1107 noster
1240 1078 1280 1108 ad
1298 1079 1463 1114 imaginem
1483 1081 1511 1108 et
1535 1079 1762 1109 similitudinem

981 1126 1030 1154 Dei
1046 1126 1145 1154 aeterni
1160 1126 1217 1162 sit,
1233 1128 1312 1154 etex
1334 1126 1392 1154 hoe
1413 1127 1580 1155 {eternitatis
1600 1135 1695 1163 capax
1711 1127 1764 1162 sit,

981 1174 1008 1200 et
1023 1180 1059 1201 ex
1073 1173 1131 1201 hoo
1145 1173 1283 1201 sortiatur
1298 1173 1463 1210 quamdam
1476 1174 1540 1210 Jam
1560 1174 1762 1211 participatio-

980 1227 1070 1254 nem,
1086 1228 1159 1248 oum
1173 1220 1208 1256 (b)
1224 1221 1314 1248 etiam
1337 1221 1503 1249 secundum
1525 1221 1721 1250 substantiam
1738 1223 1767 1250 et

980 1267 1146 1294 seeundum
1169 1267 1286 1303 aliquas
1313 1268 1501 1303 operationes
1529 1267 1703 1296 intrinsecas
1729 1267 1766 1297 sit

979 1321 1071 1350 supra
1084 1316 1217 1350 tempus,
1234 1315 1305 1351 quia
1319 1314 1352 1342 in
1365 1323 1447 1351 aevo,
1464 1316 1548 1352 quod
1565 1317 1608 1344 est
1622 1315 1762 1353 quaedam

979 1361 1146 1388 aeternitatis
1169 1361 1373 1398 participatio,
1396 1364 1430 1390 ut
1455 1371 1546 1400 supra
1567 1363 1680 1391 dictum
1705 1363 1763 1398 est;

979 1407 1048 1436 ideo
1062 1408 1182 1444 spiritus
1205 1411 1306 1437 noster
1320 1409 1494 1438 humillatus
1510 1412 1538 1438 et
1557 1411 1698 1439 contritus
1709 1431 1718 1446 ,
1735 1413 1764 1440 et

980 1463 998 1483 a
1012 1457 1070 1483 Deo
1086 1463 1224 1483 amorose
1238 1455 1378 1484 invitatus
1393 1457 1433 1484 ad
1447 1457 1632 1486 veniendum
1649 1466 1703 1494 per
1717 1458 1762 1486 iti-

980 1510 1051 1530 nera
1066 1502 1234 1531 aeternitatis
1248 1503 1288 1531 ad
1302 1511 1392 1531 suum
1406 1503 1599 1533 intrinsecum
1616 1507 1762 1534 secretum

979 1551 1008 1578 et
1020 1550 1158 1578 aeternale
1175 1551 1343 1578 manerium
1354 1573 1363 1586 ,
1379 1559 1481 1580 secure
1496 1554 1524 1580 et
1543 1553 1677 1589 gaudens
1692 1561 1761 1582 cum

979 1598 1131 1627 psalmista
1142 1600 1236 1634 petat,
1253 1598 1354 1627 dleens
1369 1599 1378 1616 ⁵
1396 1608 1402 1627 :
1421 1600 1512 1628 Deduc
1526 1609 1578 1636 me,
1591 1602 1714 1636 Domine,
1729 1603 1760 1629 in

979 1647 1026 1673 via
1041 1648 1154 1675 (eterna.

697 1898 774 1940 DE
824 1899 1196 1942 ITINERIBUS

196 2005 303 2031 QUIBUS
324 2005 364 2026 AD
388 2005 475 2028 lLLUD
497 2007 701 2030 INTRINSECUM
721 2009 879 2032 SECRETUM
900 2010 938 2032 ET
958 2011 1123 2034 AETERNALE
1145 2012 1308 2034 MANERIUM
1330 2013 1362 2034 IN
1383 2013 1511 2036 CHRISTO
1533 2014 1700 2036 ACCEDITUR

139 2211 193 2248 DE
222 2212 359 2249 PRIMO
385 2214 565 2251 ITINERE
593 2215 914 2263 AETERNITATIS,

240 2311 308 2334 ouon
320 2312 364 2331 esr
376 2312 537 2332 AErmonun
548 2314 629 2333 naen
641 2314 759 2334 mrmrro
772 2306 815 2342 (c).

177 2393 306 2422 Primum
320 2394 409 2430 igitur
422 2394 477 2423 iter
490 2395 667 2432 aeternitatis,
685 2396 769 2432 quod
783 2397 826 2424 est
835 2397 918 2424 aeter-

140 2447 248 2468 uorum
261 2443 341 2469 reeta
364 2441 489 2470 intentio
500 2463 509 2477 ,
534 2442 652 2478 spiritus
668 2443 818 2472 humanus
839 2443 917 2471 desi-

142 2486 223 2514 derio
239 2489 416 2516 aeternorum
431 2489 469 2517 ab
489 2489 630 2517 omnibus
650 2490 823 2526 alleviatus,
837 2492 865 2519 et
879 2490 919 2519 ad

140 2534 411 2569 perambulandum
429 2536 566 2564 incitatus
581 2538 609 2564 et
623 2537 778 2573 expeditus
788 2558 798 2573 ,
819 2537 918 2574 primo

141 2580 330 2615 aggrediatur
344 2590 439 2611 uuum
454 2585 597 2612 aeternum
608 2583 791 2613 intendendo
800 2606 810 2620 ,
824 2592 919 2613 unum

174 2644 206 2676 (a)
219 2644 283 2669 θαι.
294 2645 354 2669 edit.
364 2648 494 2678 surget.—
505 2646 541 2678 (b)
554 2646 615 2671 Caet.
625 2646 684 2672 edit.
698 2648 801 2673 dum.-
814 2649 843 2680 (c)
856 2649 917 2673 Caet.

143 2680 202 2705 edit.
212 2687 263 2705 uou
279 2681 450 2713 hnbeutquod
462 2684 499 2707 est
511 2684 662 2707 oeternorum
676 2686 743 2709 recta
757 2685 871 2709 intentio.

975 2210 1117 2237 aeternum
1141 2209 1339 2246 attendendo,
1369 2218 1465 2239 unum
1487 2213 1631 2241 aeternum
1653 2213 1753 2249 ingre-

976 2255 1107 2290 diendo,
1128 2255 1159 2284 in
1177 2264 1238 2285 uno
1257 2259 1368 2286 aeterno
1387 2259 1612 2295 permanendo,
1631 2262 1754 2296 propter

975 2310 1070 2331 unum
1089 2305 1250 2340 aeternum,
1273 2304 1357 2341 quod
1378 2306 1421 2333 est
1439 2306 1586 2342 optimum
1606 2309 1635 2335 et
1658 2315 1754 2335 unum

974 2350 1192 2387 necessarium,
1209 2352 1237 2380 et
1251 2350 1318 2379 finis
1332 2352 1483 2388 quietans,
1501 2354 1530 2381 et
1543 2361 1754 2382 consummans

975 2396 1197 2426 multitudinem
1211 2398 1346 2427 omnium
1363 2399 1580 2428 desideriorum
1594 2401 1626 2429 in
1638 2409 1751 2436 unum,
1786 2428 1788 2430 .

975 2444 1059 2480 quod
1072 2453 1135 2473 non
1151 2445 1300 2474 auferetur
1315 2446 1353 2474 ab
1370 2454 1405 2475 eo
1421 2446 1452 2475 in
1470 2449 1632 2482 aeternum,
1652 2450 1684 2476 ut
1701 2456 1754 2484 pa-

975 2492 1015 2520 tet
1028 2492 1058 2520 in
1073 2494 1146 2521 Luca
1155 2493 1175 2521 Β.
1192 2494 1248 2522 Sed
1262 2494 1333 2530 quia
1347 2502 1437 2523 nemo
1453 2497 1538 2524 caute
1552 2496 1683 2529 ifinerat,
1700 2496 1755 2532 qui

974 2538 1038 2567 vias
1055 2539 1168 2569 itineris
1189 2540 1328 2576 ignorat,
1351 2541 1421 2571 ideo
1439 2542 1479 2571 ad
1498 2542 1699 2579 cognitionem
1714 2542 1753 2571 is-

1007 2613 1047 2638 ¹11
1065 2613 1133 2646 Cor„
1149 2620 1181 2644 11,
1196 2615 1233 2639 15.
1246 2627 1276 2632 -
1288 2615 1298 2631 ²
1310 2615 1412 2645 Mattlz„
1426 2622 1462 2645 si,
1477 2617 1517 2641 25.
1530 2629 1561 2635 —
1572 2617 1582 2633 ³
1592 2617 1695 2648 Hebae„
1710 2623 1754 2649 111,

975 2648 999 2708 Ξ.
1011 2662 1044 2708 2-2
1062 2649 1072 2666 ⁸
1087 2650 1157 2681 Sap„
1172 2656 1197 2680 v,
1212 2651 1234 2674 7.
1250 2663 1276 2667 --
1298 2651 1307 2667 ⁵
1326 2651 1394 2676 Psal.
1415 2658 1546 2683 cxxxvui,
1561 2653 1600 2677 24.
1614 2666 1645 2671 -
1661 2653 1670 2668 ⁸
1686 2654 1754 2684 Luc.,

994 2701 1002 2714 ,
1048 2703 1054 2708 .
