2004 3037
299 207 360 239 120
711 199 763 231 DE
783 198 942 231 SEPTEM
962 196 1190 230 ITINERIBUS
1209 194 1501 245 AETERNITATIS.

298 281 427 308 norum,
446 272 475 300 et
492 275 584 306 quare
599 265 770 295 immediate
792 265 848 295 iter
871 265 1073 294 meditationis

298 321 450 357 sequatur.
469 319 509 346 De
526 323 585 353 quo
599 313 770 346 sciendum,
788 313 873 350 quod
888 321 956 342 eum
975 311 1072 341 medi-

297 367 369 396 tatio
384 368 561 394 aeternorum
575 361 612 390 sit
625 360 764 398 quaedam
777 359 964 396 investigatio
980 361 1008 388 et
1028 359 1074 387 in-

1165 265 1196 293 ln
1210 264 1266 292 hac
1279 263 1476 301 descriptione
1499 264 1664 293 innuuntur
1682 265 1818 302 quatuor,
1839 263 1907 301 quae
1919 266 1951 290 eo

1129 310 1400 347 contemplantibus
1417 312 1485 339 sunt
1507 309 1683 339 necessaria.
1709 310 1840 340 Primum
1862 311 1906 340 est
1918 329 1962 351 h„
2002 303 2004 307 ¹

1128 357 1206 386 liber
1219 357 1476 394 contemplationis
1490 358 1589 386 motus
1600 379 1610 390 ,
1628 356 1667 385 ab
1681 357 1822 386 omnibus
1835 365 1904 386 exo·
1919 361 1970 382 tuor

1129 406 1262 440 neratus,
1278 406 1315 439 fet
1332 405 1364 433 in
1386 404 1472 433 nullo
1493 403 1668 440 impeditus,
1692 405 1725 432 ut
1742 404 1906 434 Richardus
1923 398 1970 428 ¹²⁶-

180 278 276 299 medita-

192 309 268 330 tionis.

165 2123 269 2142 Contem-

166 2152 271 2178 plutionis

165 2183 272 2203 diffinitio.

298 413 418 451 quisitio
429 434 438 448 ‚
454 419 522 440 cum
536 416 647 444 magna
661 407 754 435 animi
767 406 930 440 industria,
944 405 1074 434 veritatis

297 463 475 488 aeternorum
482 478 492 493 ,
503 464 558 485 nec
570 455 608 483 ab
621 453 812 490 inquisitione
827 453 965 486 desistat,
978 452 1075 480 donec

297 507 382 544 quod
393 505 514 543 quaerit,
526 501 657 531 inveniat
667 502 811 537 quantum
820 501 930 536 potest;
947 499 1075 536 planum

298 556 357 589 est,
372 552 456 590 quod
469 551 595 588 spiritus*
602 549 751 577 humanus
764 555 818 584 per
832 547 928 584 ipsam
947 545 1074 575 medita-

297 601 410 630 tionem
419 599 450 627 in
463 597 577 627 aeternis
589 604 652 625 non
666 595 765 631 figitur
779 602 835 623 nec
850 594 1007 630 quietatur,
1022 593 1076 621 do-

297 655 352 676 nec
365 655 418 683 per
433 643 715 681 contemplationem
733 641 760 670 ei
780 641 970 676 ostendatur,
992 640 1076 676 quod

296 703 350 732 per
362 693 585 722 meditationem
607 690 805 728 quaerebatur.
829 689 886 717 Sed
904 696 996 725 quam
1017 687 1075 716 cito

297 741 453 778 quaesitum
475 739 638 774 invenitur,
660 740 688 766 et
710 737 828 773 spiritus
851 735 894 763 illi
915 735 1001 772 quasi
1025 741 1075 763 ac-

297 788 478 826 quiescendo
493 795 562 815 cum
577 783 772 814 admiratione
784 783 927 811 inhaerere
941 781 1074 818 coeperit,

299 838 358 865 tam
366 836 423 864 cito
434 833 587 863 meditatio
601 839 663 860 esse
675 830 795 864 desinit,
806 830 834 857 et
847 829 879 857 in
892 827 1075 864 contempla-

297 882 410 911 tionem
424 881 535 909 transit.
544 879 590 908 Ait
603 877 767 907 Richardus
779 878 787 894 ¹
803 885 830 904 ει(
843 877 897 904 Per
910 874 1076 903 meditatio-

297 937 368 958 nem
385 928 540 957 veritatem
559 926 612 954 diu
630 924 785 962 quaesitam
800 944 809 958 ,
828 922 951 950 tandem
971 921 1076 949 inven-

296 979 358 1005 tam
367 997 376 1010 ,
389 983 472 1004 mens
481 974 555 1002 solct
567 981 636 1001 cum
647 971 787 1000 aviditate
798 969 961 1006 suscipere,
973 967 1076 996 mirari

297 1031 367 1052 cum
381 1021 576 1056 exultatione,
593 1019 729 1055 ejusdem
747 1025 870 1054 quoque
887 1015 1075 1044 admirationi

298 1071 408 1099 diutius
423 1069 564 1097 inhaerere
581 1076 587 1095 :
606 1068 634 1095 et
647 1067 705 1094 hoc
719 1066 762 1093 est
774 1065 837 1101 jam
851 1063 1076 1092 meditationem

297 1117 470 1146 meditando
492 1115 653 1148 excedere,
673 1115 701 1142 et
719 1120 774 1149 per
796 1110 1022 1139 meditationem
1045 1109 1076 1136 in

298 1163 581 1200 contemplationem
600 1160 733 1190 transire.
759 1158 914 1195 Proprium
936 1159 978 1185 est
997 1156 1077 1184 enim

298 1207 752 1248 contemplationi,jucunditatis
760 1215 819 1235 suae
831 1204 1060 1251 spectaculodpfi',

297 1258 495 1288 admiratione
523 1256 683 1290 inliaerere5
705 1252 891 1282 meditationi
910 1260 1060 1289 Ymerjora

297 1307 396 1342 prium
411 1307 470 1340 est,
486 1312 541 1332 sua
555 1301 745 1340 promotione
758 1307 940 1345 sen-infimove
961 1309 1059 1345 potest

297 1353 429 1382 tendere.
446 1363 458 1377 n
476 1353 540 1380 llaec
555 1350 616 1379 illc.
633 1351 673 1377 Ex
685 1348 767 1392 hjaia
781 1357 879 1383 motus
894 1355 1059 1383 meditatio.

297 1400 379 1428 istius
393 1399 504 1427 itineris
519 1396 680 1431 necessitas
697 1402 774 1430 utilis
792 1403 983 1442 permaperet
997 1402 1059 1430 sine

298 1448 343 1475 nis
357 1446 568 1483 imperfectum,
584 1449 866 1486 contemplationis,
882 1458 950 1477 cum
966 1449 1060 1477 medi-

299 1495 532 1527 terminQffi'etur
542 1500 569 1526 et
580 1499 709 1526 transcat
721 1497 751 1524 in
763 1496 1058 1532 contemplationem,

298 1542 423 1583 taquam
446 1546 476 1573 in
497 1545 572 1573 illud
592 1544 676 1580 quod
696 1544 854 1580 perfectius
877 1546 927 1571 cst.
947 1546 987 1571 Ex
1014 1543 1060 1571 his

280 1595 369 1621 etiam
384 1595 462 1629 patet
481 1593 555 1620 ordo
576 1592 657 1620 istius
672 1591 782 1618 itineris
802 1590 1060 1626 contemplationis

280 1641 319 1669 ad
334 1641 387 1668 iter
400 1639 599 1668 meditationis
616 1649 622 1666 :
640 1647 675 1666 ex
691 1646 751 1674 quo
775 1637 873 1665 studio
890 1637 1058 1665 meditatio·

280 1688 339 1723 nis,
356 1687 474 1723 spiritus
489 1686 636 1713 hamanus
651 1685 743 1720 surgit
757 1685 787 1712 in
805 1684 859 1712 iter
874 1684 1059 1720 contempla-

280 1734 385 1769 tionis,
404 1736 435 1760 ut
454 1733 494 1760 ait
509 1731 692 1766 lticliardus;
718 1733 745 1758 ct
769 1739 822 1766 per
840 1731 969 1757 veritatis
989 1738 1059 1757 con-

283 1781 506 1816 templationem
526 1779 618 1807 homo
643 1778 823 1805 convertitur
844 1777 883 1805 ad
902 1777 1059 1813 justitiam,

284 1830 311 1856 et
329 1828 520 1856 confirmatur
544 1825 582 1854 ad
607 1825 733 1861 gloriam
755 1834 762 1852 ε
783 1827 810 1853 et
830 1824 871 1851 sic
896 1825 976 1860 patet
998 1824 1059 1860 pri-

283 1883 376 1903 mum.

519 1921 714 1954 DISTINCT
718 1919 759 1953 10
785 1920 826 1952 11.

287 1996 357 2029 Quid
376 1998 411 2023 sit
430 1995 640 2030 comtemplatio,
663 1996 687 2021 et
707 1994 824 2027 qualiter
843 1993 987 2028 descriptio
1006 1992 1062 2027 ejus

581 2039 766 2072 z'nteltiqatur.

323 2109 458 2139 Secundo
486 2107 653 2135 videndum
686 2107 746 2140 cst,
776 2105 848 2142 quid
874 2106 910 2132 sit
933 2105 969 2140 (a)
994 2112 1064 2133 eon-

288 2157 457 2193 tcmplatio,
473 2157 500 2183 et
514 2154 640 2191 qualiter
662 2153 820 2188 descriptio
842 2152 904 2187 ejus
920 2152 1065 2187 intelliga-

289 2208 344 2232 tur.
362 2206 398 2231 De
415 2211 475 2239 quo
491 2202 657 2230 notandum
673 2203 731 2234 est,
746 2199 829 2236 quod
843 2199 1064 2235 contemplatio,

289 2251 453 2280 secuudum
474 2249 660 2286 potissimum
676 2250 798 2281 statum,
824 2248 865 2273 cst
880 2249 960 2273 actus
982 2246 1066 2273 iutel-

289 2299 380 2326 lcetus
394 2305 454 2324 non
471 2295 622 2332 impediti,
651 2294 745 2329 gratia
767 2293 878 2327 sanati,
906 2294 934 2320 in
958 2295 1066 2320 autema

289 2344 455 2382 spectacula
470 2343 588 2376 directi,
612 2349 678 2368 uum
700 2340 897 2367 admiratione
919 2340 1063 2375 suspensi.

289 2393 334 2421 Sio
349 2391 465 2418 videtur
484 2389 646 2417 ltu-hardus
661 2387 941 2422 contemplationem
957 2387 1066 2413 descri-

289 2441 377 2473 bere,
402 2437 503 2465 (licens
529 2436 569 2462 sio
594 2438 604 2452 ’ν’
631 2444 636 2462 :
656 2445 669 2460 «
686 2433 899 2468 Contemplatio
916 2435 957 2460 0>t
973 2434 1066 2461 libera

290 2486 396 2514 mentis
409 2482 606 2520 perspicacia,
623 2482 652 2508 iu
665 2480 816 2516 sapientias
831 2479 995 2515 spectacula
1016 2480 1067 2507 ad-

289 2532 445 2561 miratione
461 2537 609 2565 suspensm
625 2529 669 2563 (b).

323 2596 355 2625 (a)
370 2596 430 2619 Ctri.
446 2593 505 2617 edil.
520 2593 568 2616 est.
584 2603 615 2608 -
631 2590 663 2620 (b)
680 2591 740 2613 1!an
754 2596 813 2613 cum
828 2588 997 2613 admiratione
1014 2596 1067 2613 sus-

290 2639 378 2663 pensa.
391 2644 421 2648 —
436 2630 465 2659 (c)
481 2629 554 2658 Vulg.
571 2627 633 2658 (izci't
646 2628 784 2656 Ju’w'rttmn.

1129 451 1243 480 ibidem
1267 451 1338 480 dicit
1355 461 1362 479 :
1385 461 1400 478 α
1414 451 1627 487 Contemplatio
1651 450 1748 480 libero
1771 451 1906 488 quodam

1130 499 1233 533 motu,
1249 500 1277 526 et
1297 498 1463 527 secundum
1485 499 1683 534 spontaneum
1703 498 1828 533 nutum,
1847 498 1907 526 huc

1130 544 1262 581 illucque
1277 544 1492 580 circumfertur,
1506 546 1534 573 et
1542 544 1627 573 nullo
1642 543 1824 573 difficultatis
1837 543 1908 573 obs-

1130 592 1229 620 taculo
1253 600 1271 620 a
1294 592 1485 620 discursionis
1508 600 1570 620 suae
1591 591 1706 628 impetu
1726 590 1906 628 impeditur,

1131 640 1205 676 quin
1214 640 1445 676 contemplanda
1455 639 1681 676 contempletur,
1693 641 1838 676 quantum
1849 646 1907 675 po-

1130 687 1194 714 test.
1210 697 1224 713 i>
1243 688 1284 714 Ex
1297 687 1356 714 hoc
1370 688 1513 723 apparet,
1537 686 1621 723 quod
1634 686 1757 723 ‚spiritus
1775 687 1907 714 contem-

1130 733 1260 770 plativus
1274 733 1364 762 debet
1376 742 1438 762 esse
1454 734 1516 762 sine
1530 736 1665 771 peceato,
1680 733 1771 770 quia³
1785 734 1835 769 qui
1846 740 1908 768 pec-

1111 773 1120 780 ’
1131 783 1174 809 cat
1193 781 1227 818 (c)
1239 802 1248 817 ,
1263 789 1358 810 servus
1372 784 1411 810 est
1422 784 1545 819 peccati,
1561 784 1589 810 et
1607 781 1734 810 vinculis
1748 781 1812 817 ejus
1831 781 1907 817 liga-

1131 829 1189 862 tur,
1203 836 1241 856 ne
1262 836 1381 856 sursum
1398 827 1519 856 feratur.
1534 828 1626 856 Debet
1643 828 1732 856 etiam
1746 836 1809 856 esse
1819 827 1895 880 styga

1131 882 1150 903 a
1161 874 1308 903 desiderio
1321 877 1349 904 et
1360 883 1430 903 cura
1441 875 1662 912 temporalium,
1678 865 1882 919 quaegsmifffimr

1132 921 1215 950 durae
1229 921 1385 950 servitutis.
1397 922 1483 950 Liber
1497 911 1715 973 autflmffl‘r'i'is]
1726 937 1765 966 ab
1781 912 1895 975 appeti:

1132 968 1271 1005 q¹¹³nd⁰’
1286 968 1404 997 caleatis
1418 968 1633 1012 terr‘³¹313iiritate
1656 985 1764 1013 mentis
1785 992 1894 1014 exone-

1132 1015 1212 1044 tione
1226 1015 1474 1065 ῖΘΠΨΟΜΠΠΗῦἕ,
1490 1031 1575 1059 tertio
1590 1032 1748 1060 Moralium.

1132 1065 1223 1091 ratur·
1238 1063 1351 1110 Haegss
1363 1077 1447 1112 quod
1470 1078 1670 1106 necessarium
1691 1081 1734 1107 est
1757 1080 1891 1108 contem-

1153 1110 1278 1162 ·S‘qu'us,
1294 1122 1378 1158 quod
1389 1122 1437 1151 hic
1451 1124 1572 1160 ponitur
1583 1124 1614 1152 in
1629 1124 1838 1161 descriptione,
1850 1127 1894 1154 est

1116 1164 1199 1204 qnod
1218 1169 1323 1197 oculus
1342 1170 1600 1208 contemplationis
1618 1171 1655 1199 sit
1668 1171 1845 1208 perspicax,
1861 1171 1892 1200 id

1115 1216 1173 1250 est,
1191 1215 1285 1250 gratia
1299 1218 1428 1244 sanatus.
1446 1216 1518 1244 Dicit
1531 1217 1611 1245 enim
1625 1217 1708 1253 Hugo
1717 1216 1728 1234 ⁴
1742 1225 1892 1246 commen-

1114 1263 1192 1289 tator
1204 1269 1292 1298 super
1305 1263 1463 1297 Anqelicam
1476 1264 1676 1299 Hierarchiam,
1691 1265 1775 1301 quod
1786 1265 1893 1301 triplex

1115 1311 1157 1335 est
1173 1308 1286 1337 oculus.
1305 1319 1318 1334 t<
1333 1311 1380 1338 Est
1394 1310 1474 1338 enim
1489 1311 1593 1339 oculus
1608 1311 1720 1346 carnis,
1735 1320 1797 1348 quo
1811 1311 1894 1341 videt

1113 1355 1206 1383 homo
1221 1364 1256 1384 ea
1271 1364 1337 1393 quae
1353 1358 1420 1385 sunt
1435 1359 1515 1385 extra
1532 1366 1578 1393 se3
1595 1359 1623 1386 et
1637 1358 1741 1386 oculus
1753 1359 1890 1395 rationis,

1115 1409 1175 1438 quo
1191 1402 1272 1431 videt
1285 1403 1377 1432 homo
1393 1411 1427 1431 ca
1442 1412 1508 1440 quae
1520 1406 1587 1432 suut
1602 1404 1732 1441 intrase3
1746 1406 1773 1434 ct
1788 1405 1892 1434 oculus

1115 1449 1387 1485 contemplationis.
1409 1459 1470 1487 quo
1485 1450 1568 1479 videt
1583 1451 1674 1480 homo
1691 1459 1725 1480 ea
1741 1460 1809 1488 quae
1825 1454 1893 1480 sunt

1114 1504 1205 1532 supra
1221 1505 1261 1524 se.
1278 1497 1386 1525 Oculus
1401 1498 1497 1525 carnis
1514 1499 1632 1534 apertus
1648 1500 1707 1534 est3
1725 1498 1830 1527 oculus
1843 1506 1891 1527 ra-

1114 1542 1203 1570 tionis
1217 1543 1316 1579 lippus
1325 1565 1335 1578 ,
1348 1546 1375 1572 et
1385 1544 1490 1572 oculus
1507 1545 1764 1581 contemplationis
1775 1545 1892 1574 clausus

1115 1591 1166 1618 est.
1179 1600 1192 1615 u
1205 1591 1268 1617 nmo
1283 1591 1341 1618 ille.
1359 1591 1448 1626 igitur
1463 1599 1581 1619 necesse
1593 1593 1648 1626 est,
1659 1594 1691 1620 ut
1705 1592 1808 1620 oculus
1823 1599 1893 1620 con-

1115 1637 1315 1672 templationis
1331 1638 1486 1673 perspicax
1501 1638 1554 1673 sit,
1578 1641 1604 1666 et
1623 1641 1751 1668 sanetur.
1773 1640 1892 1676 Oportet

1115 1683 1204 1718 igitur
1218 1684 1291 1711 scire
1307 1686 1436 1719 quatuor
1453 1694 1460 1712 ε
1477 1685 1575 1720 primo
1587 1706 1596 1719 ‚
1612 1685 1685 1722 quid
1700 1685 1804 1713 oculus
1819 1694 1890 1714 eon-

1116 1730 1315 1765 tcmplationis
1331 1730 1458 1766 dicatur3
1476 1732 1625 1766 seeundo,
1643 1731 1769 1768 qualiter
1787 1731 1892 1760 oculus

1115 1779 1251 1811 sanetur;
1268 1778 1367 1812 tertio,
1384 1778 1457 1814 quid
1472 1778 1508 1806 sit
1522 1780 1656 1814 aspectus
1671 1779 1735 1814 ejus
1745 1788 1754 1814 ς
1770 1781 1891 1815 quarto,

1117 1823 1190 1859 quid
1205 1823 1240 1852 sit
1255 1823 1328 1852 visio
1345 1825 1417 1860 ejus.
1435 1826 1498 1853 Haec
1513 1827 1639 1861 quatuor
1654 1825 1724 1853 dicit
1745 1828 1847 1854 auctor
1859 1825 1893 1854 de

1117 1872 1227 1906 Spiritu
1242 1872 1266 1898 ct
1279 1871 1409 1905 Animass‘,
1426 1871 1509 1899 omni
1523 1872 1629 1899 animae
1639 1872 1805 1901 necessaria
1819 1880 1893 1908 esse,

1117 1918 1145 1944 et
1160 1917 1286 1945 ostendit
1300 1918 1458 1953 quodlibet
1473 1926 1591 1954 eorum,
1606 1919 1707 1946 dicens
1720 1929 1727 1947 :
1743 1928 1756 1945 «
1771 1919 1893 1956 Spiritus

1117 1963 1224 1991 dicitur
1238 1972 1322 1992 mens
1341 1965 1508 2001 rationalis,
1528 1965 1580 1993 ubi
1597 1967 1639 1994 est
1657 1965 1796 2002 quaedam
1817 1966 1893 1994 scin-

1118 2012 1180 2039 tilla
1196 2014 1335 2047 tanquam
1351 2012 1456 2040 oculus
1470 2011 1576 2041 animm
1586 2034 1595 2048 ,
1612 2013 1650 2041 ad
1664 2021 1755 2049 quam
1768 2013 1893 2050 pertinet

1118 2059 1218 2094 imago
1233 2060 1260 2086 et
1276 2059 1405 2094 cognitio
1421 2059 1479 2087 Dei.
1492 2069 1506 2085 ι)
1523 2059 1679 2096 Sequitur:
1698 2070 1712 2086 (ι
1727 2060 1834 2089 Oculus
1849 2067 1893 2088 er-

1119 2114 1157 2141 go
1174 2106 1280 2133 animm
1295 2109 1337 2133 est
1350 2114 1447 2141 mens3
1465 2109 1493 2134 et
1506 2106 1569 2134 hmo
1583 2106 1621 2134 ab
1643 2107 1725 2135 omni
1739 2107 1807 2135 labe
1828 2114 1893 2135 cor-

1118 2153 1199 2188 poris
1214 2153 1303 2180 debet
1317 2161 1378 2180 esse
1392 2161 1484 2188 pura,
1501 2155 1528 2180 et
1546 2155 1615 2182 tunc
1634 2156 1676 2181 cst
1691 2162 1773 2182 sana.
1795 2153 1894 2183 Mentis

1120 2202 1218 2227 autem
1238 2202 1372 2236 aspectus
1388 2202 1430 2227 est
1451 2200 1542 2234 rati03
1565 2200 1729 2228 intellectus
1743 2208 1832 2235 vero,
1850 2200 1894 2228 vi-

1120 2247 1174 2274 sio.
1197 2248 1262 2274 Hmc
1277 2247 1358 2273 omni
1382 2247 1487 2274 animae
1503 2248 1668 2276 necessaria
1684 2250 1766 2282 sunt,
1786 2247 1817 2275 id
1832 2249 1893 2282 cst,

1120 2295 1151 2321 ut
1166 2293 1267 2321 oculos
1288 2293 1395 2321 habeat
1408 2315 1414 2323 ,
1440 2296 1467 2321 et
1490 2302 1594 2329 sanos,
1615 2296 1647 2321 ut
1667 2293 1788 2329 aspiciat
1806 2295 1834 2321 et
1855 2293 1896 2321 vi-

1121 2339 1197 2367 deat.
1212 2351 1224 2365 »
1244 2340 1398 2373 Sequitur:
1419 2350 1432 2365 α
1443 2342 1533 2368 Sanos
1549 2340 1651 2368 oculos
1665 2340 1763 2374 habet,
1774 2348 1842 2368 cum
1856 2341 1895 2369 ab

1121 2394 1221 2414 amore
1237 2387 1339 2414 talium
1353 2387 1547 2423 cupiditatum
1560 2390 1684 2422 purgata
1693 2389 1735 2414 est
1749 2389 1837 2423 atque
1852 2396 1896 2416 re-

1121 2437 1220 2468 mota,
1236 2434 1344 2462 scilicet
1366 2435 1403 2462 ab
1426 2434 1615 2469 imaginibus.
1641 2435 1765 2470 Aspicit,
1783 2444 1850 2463 cum
1865 2435 1896 2463 in

1123 2481 1171 2508 Dei
1186 2481 1298 2509 lumine
1314 2481 1415 2509 oculos
1428 2481 1508 2516 sigim
1525 2481 1577 2508 scd
1592 2481 1691 2515 videt,
1712 2490 1780 2509 cum
1797 2482 1827 2510 in
1841 2483 1896 2510 ista

1155 2556 1160 2568 ¹
1181 2554 1308 2586 nichasii„
1323 2555 1352 2578 de
1366 2555 1424 2579 Arc.
1439 2555 1526 2585 Myr&
1539 2554 1583 2578 lib.
1601 2555 1619 2583 l,
1635 2562 1656 2580 C.
1675 2561 1709 2579 tv.
1725 2569 1752 2572 —
1770 2557 1780 2573 ¹
1795 2555 1897 2580 thid.—

1123 2590 1133 2606 3
1146 2590 1226 2619 lomi„
1241 2596 1296 2619 viti,
1310 2592 1348 2615 34.
1361 2604 1391 2608 —
1406 2590 1416 2606 Β
1427 2591 1504 2621 nug„
1519 2590 1545 2614 iu
1558 2598 1613 2622 cap.
1631 2593 1696 2622 sept.
1711 2591 1792 2622 Anyel
1817 2592 1896 2623 Hier.,

1122 2625 1165 2650 lib.
1183 2626 1230 2656 iil,
1246 2628 1306 2657 post
1322 2626 1391 2651 med.
1405 2638 1435 2644 —
1448 2626 1459 2642 ¹⁵
1474 2626 1510 2649 Dc
1521 2625 1590 2657 sz'r.
1607 2628 1631 2650 ee
1645 2627 1739 2658 Arnim„
1753 2634 1777 2651 c.
1792 2633 1818 2652 x.
