2004 3037
214 182 254 212 86
439 213 450 217 ,
558 177 820 212 GOMPENDIUM
839 170 1100 212 THEOLOGICAE
1120 178 1345 214 VERITATIS.
1368 179 1444 212 LlB.
1468 179 1494 212 1.

213 248 376 278 tationibus
403 247 539 282 diaboli,
562 253 629 283 quae
646 247 773 283 prosunt
790 245 993 288 multipliciter

214 295 332 326 sanctis.
341 295 493 329 Praeterea,
507 293 533 322 si
546 300 609 322 non
622 294 700 322 esset
707 292 833 328 malum,
841 301 905 322 non
918 295 995 322 esset

212 343 245 372 in
260 342 343 372 bono
355 339 561 378 pulchritudo,
577 339 634 368 nIsi
647 339 801 376 absoluta3
815 347 896 369 nunc
909 348 993 376 vere,

212 389 335 426 propter
348 387 605 424 comparationem
618 386 658 415 ad
671 386 797 422 malum,
807 386 916 416 clarius
929 387 994 416 elu-

213 434 310 464 cescit.
324 433 461 471 Operatio
472 434 556 462 notat
563 432 724 462 factionem
737 432 769 461 in
782 441 826 469 re,
837 441 892 469 per
901 441 994 470 quam

213 480 337 511 refertur
350 481 485 510 creatura
499 480 539 509 ad
553 481 732 509 Creatorem.

248 529 288 557 De
302 527 508 557 conformitate
532 528 693 557 voluntatis
714 529 821 556 nostrae
839 527 880 556 ad
903 529 994 558 Deum

213 575 383 611 sciendum,
398 574 483 611 quod
502 574 527 602 si
546 574 625 603 hanc
648 574 827 604 attendimus
843 575 875 603 in
897 575 996 605 forma

212 621 354 657 volendi,
381 622 451 650 tunc
473 621 499 650 si
521 621 662 650 volumus
686 621 807 658 habere·
824 623 995 651 mercedem

212 669 305 699 nostri
320 668 430 706 operis,
452 669 569 705 oportet
589 668 674 704 quod
691 668 768 697 ratio
789 677 908 706 semper
922 676 994 698 con-

211 716 356 745 formetur
374 715 402 744 ei
425 715 457 743 in
475 715 573 744 forma
590 715 722 743 volendi.
744 715 773 744 Si
794 718 894 744 autem
913 723 994 752 qum-

211 762 286 792 ritur
298 764 399 791 utrum
413 761 548 790 absolute
566 763 719 790 teneamur
729 783 738 798 ,
751 762 914 791 dIcendum
935 765 993 798 est,

213 810 298 847 quod
312 809 504 838 conformitas
519 811 561 838 est
571 808 710 846 quaedam
721 809 751 837 in
761 810 840 845 actu,
852 808 890 837 ad
902 816 995 845 quam

212 865 275 887 non
295 859 441 892 tenemur,
463 856 519 884 nisi
543 855 646 884 habita
660 855 800 884 charitate
807 865 815 891 ;
837 863 892 884 nec
912 857 994 890 tunc,

212 905 270 933 nisi
284 912 340 940 pro
355 905 489 940 tempore
501 904 530 931 ct
544 902 629 930 loco:
647 905 678 930 ut
694 901 817 939 quando
833 902 899 938 quis
914 901 994 937 cogi-

213 953 255 980 tat
266 950 316 979 Dei
329 949 493 983 veritatem,
509 948 619 977 scilicet
634 948 773 977 articulos
783 947 864 983 fidei,
881 949 996 976 tenetur

213 997 352 1032 credor-133
369 995 492 1033 quando
505 995 614 1031 cogitat
627 995 677 1023 Dei
691 995 865 1029 honitatem,
881 995 996 1022 tenetur

214 1043 347 1080 diligere.
375 1045 422 1071 Est
444 1042 503 1071 alia
526 1042 718 1070 conformitas
746 1041 776 1069 in
805 1040 928 1076 habitu,
957 1041 996 1069 ad

214 1098 307 1127 quam
320 1097 383 1118 non
403 1091 518 1122 tenetur
539 1088 624 1125 quis,
641 1088 696 1116 nisi
717 1087 839 1124 quando
863 1090 931 1116 actu
947 1088 996 1116 Dei

214 1137 377 1166 bonitatem
398 1131 557 1171 recogitat,
578 1135 649 1172 quia
674 1137 742 1163 tunc
767 1136 880 1163 tenetur
903 1142 934 1162 se
957 1134 996 1163 ad

215 1183 385 1212 charitatem
401 1182 449 1211 Dei
464 1190 642 1219 praeparare.

250 1232 289 1259 De
305 1229 510 1257 conformitate
536 1229 634 1256 autem
661 1229 690 1256 in
714 1228 817 1263 volito,
842 1228 997 1256 sciendum

215 1277 299 1315 quod
312 1277 464 1304 voluntate
480 1275 677 1304 sensualitatis
699 1282 760 1302 non
775 1278 909 1303 tenemur
924 1283 996 1303 con-

214 1324 337 1354 formari
351 1323 496 1351 voluntati
516 1322 642 1357 divinae,
659 1329 712 1350 nec
727 1322 757 1349 in
772 1321 881 1356 volito,
898 1330 952 1349 nec
968 1321 998 1350 in

215 1371 313 1400 forma
324 1369 456 1398 volendi.
472 1369 613 1398 Voluntas
629 1369 708 1396 enim
723 1369 918 1396 sensualitatis
934 1371 997 1396 tan—

216 1420 280 1446 tum
301 1419 344 1445 cst
362 1417 393 1445 in
412 1416 514 1444 brutis.
533 1415 613 1443 t'nde
636 1417 782 1451 quantum
802 1415 840 1443 ad
861 1415 919 1443 hoc
943 1423 999 1443 nos

216 1465 272 1494 hac
292 1464 444 1492 voluntate
468 1471 529 1491 non
554 1470 756 1499 peccaremus,
783 1462 807 1489 si
831 1463 906 1490 ratio
930 1463 999 1491 huic

217 1510 363 1539 voluntati
383 1511 485 1546 juncta
504 1517 565 1537 non
592 1509 681 1544 foret,
697 1509 781 1544 cujus
797 1511 839 1536 est
863 1509 999 1538 animali-

217 1560 305 1586 tatem
320 1557 492 1593 reprimere.
508 1556 564 1584 Sed
580 1556 730 1584 voluntat:
749 1556 871 1584 rationis
888 1556 1000 1584 delibe-

217 1604 312 1633 rativa
327 1606 461 1632 tenemur
478 1605 535 1631 Deo
551 1603 730 1630 conformari
748 1602 777 1630 in
791 1603 883 1630 volito
894 1626 902 1637 ‚
917 1603 1000 1639 quod

219 1653 331 1679 constat
346 1651 432 1678 nohis
449 1652 539 1678 Deum
554 1649 688 1677 absolute
703 1649 789 1684 velle,
807 1650 853 1677 vel
865 1650 999 1685 congruit

219 1698 308 1726 nobis
325 1697 409 1725 velle.
427 1697 454 1725 Si
468 1705 540 1724 vero
557 1704 617 1724 non
632 1696 766 1731 congruit
784 1697 881 1731 nobis,
897 1705 1001 1733 quam-

220 1746 264 1774 vis
279 1745 393 1773 bonum
410 1745 443 1772 sit
460 1745 489 1772 in
505 1753 546 1779 se,
562 1752 623 1772 non
638 1744 696 1771 vult
716 1746 789 1771 Deus
804 1744 834 1771 iil
846 1752 900 1771 nos
914 1744 1000 1771 velle.

221 1792 301 1820 Unde
323 1792 379 1819 hoc
402 1799 463 1819 non
479 1794 611 1819 tenemur
632 1791 722 1826 velle,
738 1790 794 1818 nisi
810 1791 840 1818 iu
858 1794 1003 1826 quant-im

223 1841 265 1867 est
289 1838 414 1866 volitum
436 1846 454 1866 a
474 1840 552 1866 lieo:
576 1837 655 1865 unde
685 1837 709 1864 si
728 1837 787 1864 scio
812 1838 903 1864 Deum
927 1837 1003 1865 velle

223 1887 349 1914 mortem
368 1885 458 1921 patris
476 1884 551 1918 mei,
572 1887 668 1911 tamen
688 1892 809 1920 possum
833 1883 923 1911 vitam
942 1885 1005 1919 ejus

223 1932 315 1966 velle,
331 1934 358 1959 et
373 1931 509 1959 laborare
525 1930 563 1957 :ul
585 1931 657 1965 hoe,
684 1931 754 1967 quia
769 1938 830 1957 non
855 1931 916 1958 vult
933 1932 1005 1959 Deus

225 1978 301 2007 velle
316 1986 363 2006 me
387 1977 577 2006 contrarium.
600 1978 670 2004 item
691 1977 842 2005 voluntate
859 1978 1006 2005 mnditio-

225 2025 325 2054 nativa
339 2033 400 2053 non
416 2027 550 2052 tenemur
565 2025 622 2051 Deo
639 2024 817 2052 conformari
833 2033 839 2050 t
856 2028 897 2059 ut,
915 2032 1006 2059 quan-

227 2072 266 2101 do
281 2072 372 2108 pluit,
394 2072 537 2099 relicum<
558 2071 640 2107 qiiml
657 2080 717 2098 non
741 2071 872 2107 plueret,
891 2071 914 2098 si
933 2073 1007 2099 Ueiis

226 2119 333 2154 vellet3
355 2119 425 2155 quia
445 2118 575 2146 volendo
598 2118 846 2151 conditionaliter,
864 2125 924 2145 non
949 2118 1008 2145 dis-

229 2166 411 2194 cardamus-a
422 2166 572 2193 voluntat:
590 2166 647 2198 lici,
660 2165 730 2200 quia
741 2165 797 2191 hoc
812 2172 871 2191 non
882 2167 922 2192 est
933 2164 1007 2192 velle

230 2213 408 2249 simpliciter.
429 2216 498 2240 Item
517 2213 545 2239 iil
563 2213 645 2247 qumi
662 2214 734 2239 licus
747 2219 806 2239 non
823 2212 882 2239 vuli
899 2212 1009 2248 simpli-

231 2260 301 2288 citer
316 2262 344 2287 et
364 2259 508 2293 absolute,
526 2262 554 2286 iit
571 2259 743 2286 sententiam
760 2259 1007 2294 eonnninationis,

232 2315 324 2343 quam
344 2306 506 2342 ailquando
529 2308 638 2339 mutat,
670 2305 790 2341 quintio
814 2305 917 2332 merita
945 2314 1009 2333 mu-

233 2356 341 2388 tantur,
357 2361 417 2380 non
438 2356 570 2380 tenemur
585 2352 670 2379 velle.

269 2400 465 2429 conformitas
481 2400 587 2427 divine
604 2400 760 2427 voluntatis
779 2400 1011 2435 quadrupliciter

233 2449 330 2484 potest
345 2447 525 2475 considerari
541 2447 705 2474 seeundum
721 2446 926 2473 lialfitzidincm
939 2455 1011 2482 qua-

235 2498 302 2523 tuor
317 2503 482 2523 causarum.
499 2493 595 2521 Primo
610 2492 774 2520 secundum
788 2500 906 2520 causam
922 2496 1012 2521 mtite-

236 2542 350 2576 rialem,
381 2541 502 2577 quando
528 2541 607 2567 iden]
637 2542 677 2567 cst
705 2540 844 2573 vellium,
873 2540 955 2575 quoti
982 2549 1012 2568 se

237 2588 327 2616 habet
340 2591 370 2616 ut
392 2587 515 2615 materia
536 2586 612 2614 eirca
633 2594 723 2622 quam
740 2589 778 2613 est
802 2588 882 2613 aetus
905 2586 1011 2614 volun-

239 2634 320 2669 tatis;
345 2637 371 2663 et
393 2635 461 2664 ideo
485 2635 539 2663 ista
566 2633 755 2662 conformitas
779 2635 821 2661 est
849 2633 1013 2662 secundum

1049 247 1124 285 quid
1138 249 1263 284 tantum,
1278 249 1308 276 et
1319 254 1383 276 non
1397 245 1579 285 simpliciter,
1593 244 1667 286 «iaia
1679 247 1743 282 essse
1755 247 1828 278 sim-

1048 293 1182 332 pliciter,
1195 301 1258 323 non
1277 295 1321 324 est
1341 294 1485 330 materia,
1497 293 1547 323 vel
1559 293 1667 324 forium
1689 288 1827 325 Secundo

1049 341 1143 379 modo
1167 340 1310 378 accipitur
1343 340 1537 370 conformitas
1566 339 1737 371 secunaum
1759 342 1829 371 eau-

1050 395 1115 417 sam
1146 387 1342 424 efficientem,
1368 388 1443 417 sicut
1474 388 1599 426 quando
1626 387 1736 426 aliquis
1763 383 1830 418 'vim

1049 435 1124 470 hoc,
1144 435 1228 472 quod
1251 436 1327 464 Deus
1352 434 1417 464 vult
1439 443 1509 464 eum
1531 434 1628 471 velle,
1655 435 1730 472 quia
1753 431 1830 464 Deua

1049 481 1128 510 hanc
1148 481 1334 510 voluntatem
1346 481 1379 510 in
1397 489 1434 511 eo
1447 481 1524 510 fecit.
1540 482 1615 510 Deus
1633 480 1712 510 enim
1724 483 1831 511 unam-

1051 536 1206 566 quamque
1237 528 1422 557 voluntatem
1443 528 1476 557 in
1501 528 1618 557 bonum
1650 527 1829 557 ordinavit:

1052 578 1080 604 et
1099 576 1158 605 hoc
1175 576 1240 604 vult
1262 583 1318 604 nos
1338 575 1426 604 velle.
1449 575 1545 604 Tertio
1568 575 1735 604 secundum
1762 582 1832 604 cau-

1051 630 1116 652 sam
1136 622 1274 658 finalem,
1299 623 1332 651 ut
1349 622 1473 660 quando
1494 622 1562 660 quis
1579 622 1610 650 in
1635 621 1763 658 gloriam
1780 622 1832 651 Dei

1050 677 1105 698 sua
1126 669 1204 698 facta
1226 668 1360 704 ordinatss,
1385 670 1506 706 propter
1528 676 1622 706 quam
1643 671 1672 697 et
1693 670 1770 698 Deus
1790 667 1832 698 fe-

1051 716 1090 744 cit
1103 716 1206 744 omnia
1222 725 1229 744 ε
1245 717 1274 744 et
1294 716 1325 744 in
1344 715 1391 744 his
1414 715 1536 744 duobus
1556 715 1746 745 essentialiter
1765 723 1831 744 om-

1051 763 1097 791 nis
1129 762 1322 792 conformitas
1349 762 1491 791 consistit.
1524 763 1634 797 Quarto
1664 761 1832 792 secundum

1051 818 1173 839 causam
1189 809 1364 844 formalem,
1377 810 1411 837 nt
1424 808 1535 838 scilicet
1551 816 1589 844 ex
1607 809 1748 838 charitate
1761 808 1833 838 velit

1052 856 1118 893 quis
1132 856 1216 893 quod
1229 855 1309 890 vult,
1328 855 1403 883 sicut
1417 856 1446 883 et
1464 856 1540 883 neus
1558 863 1596 884 ex
1613 855 1754 884 charitate
1768 855 1834 895 vult

1052 902 1154 931 omnia
1169 911 1176 930 ε
1193 904 1221 930 et
1242 901 1274 930 in
1293 901 1348 930 isto
1370 901 1501 930 consistit
1515 901 1657 938 perfectio
1672 901 1833 931 conformi-

1052 949 1128 984 tatis,
1142 951 1174 977 ut
1187 948 1295 977 scilicet
1309 950 1392 976 actus
1405 948 1566 976 voluntatis
1580 950 1688 978 nostroe
1702 949 1783 977 tanto
1797 948 1834 977 sit

1051 997 1198 1026 voluntati
1210 996 1317 1025 divina:
1332 995 1525 1031 conformior,
1543 997 1656 1033 quanto
1671 997 1715 1024 est
1726 995 1834 1025 melior

1053 1047 1082 1073 et
1094 1043 1260 1081 perfectior.

1088 1093 1127 1120 Ex
1143 1090 1290 1127 proedictis
1303 1090 1423 1126 collige,
1439 1089 1523 1126 quod
1537 1089 1628 1126 plena
1641 1089 1834 1118 conformitas

1053 1138 1092 1166 ad
1120 1139 1212 1166 Deum
1235 1136 1461 1174 comprehendit
1487 1139 1638 1173 quatuor:
1663 1136 1778 1173 primo,
1801 1138 1835 1166 ut

1053 1184 1179 1213 velimus
1198 1185 1281 1220 quod
1303 1185 1377 1212 Deus
1396 1183 1474 1218 vult3
1491 1183 1640 1218 secundo,
1654 1185 1687 1212 ut
1707 1183 1834 1212 velimus

1053 1231 1138 1268 quod
1148 1231 1211 1259 vult
1225 1238 1280 1259 nos
1294 1229 1384 1265 velle3
1401 1229 1498 1264 tertio,
1510 1231 1542 1258 ut
1552 1229 1679 1258 velimus
1689 1229 1698 1246 ¹
1713 1231 1835 1266 propter

1054 1278 1138 1314 quod
1156 1278 1241 1306 vult:
1267 1278 1372 1314 quarto
1396 1278 1428 1304 ut
1450 1276 1576 1304 velimus
1597 1284 1632 1304 eo
1655 1275 1749 1304 modo
1772 1283 1834 1312 quo

1054 1325 1126 1353 vult.
1148 1323 1205 1352 Sed
1226 1323 1418 1352 conformitas
1441 1331 1503 1352 non
1521 1323 1611 1360 plena
1638 1324 1681 1351 est
1704 1322 1834 1359 triplex:

1054 1372 1152 1408 primo
1168 1371 1370 1399 conformatur
1388 1370 1454 1407 quis
1475 1370 1534 1398 Deo
1550 1369 1581 1397 in
1600 1369 1694 1398 volito
1709 1371 1834 1404 tantum,

1055 1419 1128 1446 sicut
1147 1421 1174 1446 ct
1197 1417 1288 1445 Judwi
1310 1416 1477 1445 conformes
1499 1418 1583 1444 erant
1603 1417 1662 1444 Deo
1686 1415 1716 1444 in
1740 1417 1836 1444 morte

1055 1465 1176 1499 Cliristi;
1197 1463 1345 1498 secundo,
1360 1463 1385 1491 si
1402 1462 1604 1492 conformatur
1617 1462 1685 1499 quis
1698 1462 1729 1490 in
1742 1461 1835 1490 volito

1056 1512 1127 1540 etin
1143 1512 1217 1546 fine,
1233 1511 1284 1539 sed
1305 1518 1365 1538 non
1387 1510 1417 1538 in
1437 1509 1541 1544 modo,
1564 1511 1596 1538 ut
1617 1508 1740 1546 quando
1762 1508 1836 1545 quid

1057 1567 1118 1587 non
1133 1559 1163 1586 tit
1177 1566 1212 1587 ex
1225 1557 1380 1592 charitate;
1392 1557 1485 1591 tertio,
1502 1555 1625 1592 quando
1641 1555 1707 1592 quis
1722 1555 1837 1583 eonfor-

1057 1608 1154 1634 matur
1169 1605 1198 1633 iu
1213 1604 1306 1633 volito
1322 1606 1349 1632 et
1364 1604 1394 1631 in
1410 1603 1514 1638 modo,
1531 1602 1585 1631 sed
1598 1609 1660 1630 non
1675 1602 1705 1629 in
1719 1601 1790 1636 fine,
1805 1603 1837 1630 ut

1058 1661 1126 1680 cum
1157 1651 1197 1680 ad
1219 1652 1312 1679 alium
1331 1651 1436 1685 tinem,
1466 1652 1565 1678 tamen
1592 1648 1721 1684 honum,
1743 1649 1835 1678 retor—

1059 1701 1164 1734 quetur
1179 1697 1311 1726 intentio.

1235 1790 1421 1825 CAPUT
1457 1789 1660 1823 XXXIII.
1704 1815 1708 1834 3

1329 1864 1366 1890 De
1380 1862 1499 1889 Iustitia
1513 1862 1571 1889 Dei.

1096 1932 1207 1961 ,iustitia
1236 1932 1284 1960 liei
1314 1931 1406 1959 tribus
1430 1930 1529 1959 modis
1555 1930 1681 1958 sumitur
1705 1938 1713 1959 :
1741 1930 1839 1967 primo

1061 1980 1169 2013 modo,
1196 1978 1318 2015 quando
1342 1977 1476 2006 redditur
1501 1977 1588 2005 alicui
1613 1977 1697 2013 quod
1714 1977 1839 2012 meruit;

1062 2025 1192 2054 seeundo
1216 2025 1325 2060 modo,
1349 2024 1472 2061 quando
1501 2023 1681 2060 promissum
1703 2023 1839 2058 solvitur;

1062 2074 1146 2102 tertio
1167 2073 1276 2108 modo,
1298 2072 1421 2109 quando
1451 2071 1655 2108 imperfectum
1680 2071 1839 2108 perficitur.

1065 2120 1160 2148 t‘rimo
1176 2120 1269 2148 modo
1291 2119 1489 2147 remuneratio
1507 2118 1671 2152 bonorum,
1687 2120 1714 2146 et
1728 2118 1842 2154 punitio

1063 2167 1277 2203 reproborum,
1293 2168 1335 2194 est
1355 2173 1431 2202 opus
1447 2164 1574 2200 justitiae.
1597 2163 1731 2192 Secundo
1749 2163 1843 2192 modo

1064 2213 1226 2242 incarnatio
1245 2213 1348 2241 Christi
1372 2220 1447 2248 opus
1461 2213 1503 2239 est
1521 2210 1660 2246 justitiae,
1682 2210 1753 2247 quia
1773 2218 1844 2247 pro-

1065 2262 1188 2289 missum
1208 2260 1262 2288 fuit
1283 2259 1340 2287 hoc
1364 2267 1417 2295 per
1439 2259 1610 2295 prophetas.
1637 2258 1732 2287 Tertio
1751 2258 1844 2287 modo

1066 2307 1171 2335 dicitur
1186 2314 1262 2343 opus
1276 2306 1409 2341 justitias,
1425 2305 1548 2342 quando
1566 2307 1641 2333 Deus
1659 2307 1845 2341 peecatorem

1064 2354 1211 2389 justificat,
1228 2361 1296 2381 eum
1311 2361 1341 2379 se
1361 2352 1400 2380 ad
1415 2353 1541 2388 gratiam
1557 2352 1693 2380 habilitat
1708 2351 1845 2380 faciendo

1067 2401 1150 2437 quod
1166 2400 1194 2427 in
1210 2408 1239 2427 se
1255 2401 1306 2427 cst.
1322 2401 1395 2428 Nota
1410 2399 1493 2435 quod
1504 2399 1534 2426 in
1549 2398 1688 2427 omnibus
1703 2399 1845 2435 operibus

1067 2448 1115 2475 Dei
1132 2446 1278 2474 invenitur
1290 2446 1400 2481 justitia
1415 2448 1443 2473 et
1457 2445 1678 2473 misericordia:
1695 2445 1748 2473 sed
1760 2445 1846 2480 justi-

1068 2495 1106 2522 tia
1121 2492 1303 2529 quandoque
1319 2494 1361 2520 est
1375 2492 1502 2526 occulta,
1517 2494 1545 2520 et
1563 2491 1769 2520 misericordia
1783 2499 1847 2520 ma-

1068 2540 1185 2575 nifesta,
1207 2540 1239 2567 ut
1259 2539 1288 2567 in
1305 2539 1511 2574 justificatione
1532 2537 1635 2575 impii,
1656 2539 1684 2567 et
1702 2538 1732 2566 in
1746 2538 1845 2575 primo

1103 2641 1107 2651 ‘
1119 2637 1237 2668 Subandi,
1253 2639 1358 2669 propter
1374 2637 1408 2662 id.
