<?xml version="1.0" encoding="UTF-8"?>
<!DOCTYPE html PUBLIC "-//W3C//DTD XHTML 1.0 Transitional//EN"
    "http://www.w3.org/TR/xhtml1/DTD/xhtml1-transitional.dtd">
<html xmlns="http://www.w3.org/1999/xhtml" xml:lang="en" lang="en">
 <head>
  <title>
</title>
<meta http-equiv="Content-Type" content="text/html;charset=utf-8" />
  <meta name='ocr-system' content='tesseract 3.04.00' />
  <meta name='ocr-capabilities' content='ocr_page ocr_carea ocr_par ocr_line ocrx_word'/>
</head>
<body>
  <div class='ocr_page' id='page_1' title='image "./operaomniasixtiv08bonauoft/operaomniasixtiv08bonauoft_0597.png"; bbox 0 0 2004 3037; ppageno 0'>
   <div class='ocr_carea' id='block_1_1' title="bbox 869 180 1139 217">
    <p class='ocr_par' dir='ltr' id='par_1_1' title="bbox 869 180 1139 217">
     <span class='ocr_line' id='line_1_1' title="bbox 869 180 1139 217; baseline -0.015 -1"><span class='ocrx_word' id='word_1_1' title='bbox 869 182 1002 217; x_wconf 78' lang='lat' dir='ltr'><strong>CAPUT</strong></span> <span class='ocrx_word' id='word_1_2' title='bbox 1022 180 1139 214; x_wconf 82' lang='lat' dir='ltr'>LXXV.</span> 
     </span>
    </p>
   </div>
   <div class='ocr_carea' id='block_1_2' title="bbox 190 251 982 2608">
    <p class='ocr_par' dir='ltr' id='par_1_2' title="bbox 191 251 975 340">
     <span class='ocr_line' id='line_1_2' title="bbox 191 251 975 292; baseline -0.011 -3"><span class='ocrx_word' id='word_1_3' title='bbox 191 259 298 288; x_wconf 87' lang='lat' dir='ltr'><strong>vinum</strong></span> <span class='ocrx_word' id='word_1_4' title='bbox 318 265 382 288; x_wconf 88' lang='lat' dir='ltr'><strong>non</strong></span> <span class='ocrx_word' id='word_1_5' title='bbox 403 255 569 292; x_wconf 82' lang='lat' dir='ltr'><strong>bibebant3</strong></span> <span class='ocrx_word' id='word_1_6' title='bbox 584 253 638 284; x_wconf 89' lang='lat' dir='ltr'><strong>sed</strong></span> <span class='ocrx_word' id='word_1_7' title='bbox 656 254 688 282; x_wconf 86' lang='lat' dir='ltr'><strong>in</strong></span> <span class='ocrx_word' id='word_1_8' title='bbox 706 251 906 282; x_wconf 79' lang='lat' dir='ltr'><strong>tabernaculis</strong></span> <span class='ocrx_word' id='word_1_9' title='bbox 919 251 975 280; x_wconf 83' lang='lat' dir='ltr'><strong>ha-</strong></span> 
     </span>
     <span class='ocr_line' id='line_1_3' title="bbox 193 306 573 340; baseline -0.011 -5"><span class='ocrx_word' id='word_1_10' title='bbox 193 306 339 335; x_wconf 82' lang='lat' dir='ltr'><strong>bitabant.</strong></span> <span class='ocrx_word' id='word_1_11' title='bbox 355 306 466 340; x_wconf 69' lang='lat' dir='ltr'><strong>Jerem„</strong></span> <span class='ocrx_word' id='word_1_12' title='bbox 480 310 573 332; x_wconf 83' lang='lat' dir='ltr'><strong>xxxv.</strong></span> 
     </span>
    </p>

    <p class='ocr_par' dir='ltr' id='par_1_3' title="bbox 191 347 978 571">
     <span class='ocr_line' id='line_1_4' title="bbox 229 347 977 391; baseline -0.012 -8"><span class='ocrx_word' id='word_1_13' title='bbox 229 355 269 383; x_wconf 90' lang='lat' dir='ltr'><strong>De</strong></span> <span class='ocrx_word' id='word_1_14' title='bbox 283 353 373 391; x_wconf 83' lang='lat' dir='ltr'>plebe</span> <span class='ocrx_word' id='word_1_15' title='bbox 388 358 575 390; x_wconf 87' lang='lat' dir='ltr'><strong>pauperum,</strong></span> <span class='ocrx_word' id='word_1_16' title='bbox 595 349 648 386; x_wconf 89' lang='lat' dir='ltr'><strong>qui</strong></span> <span class='ocrx_word' id='word_1_17' title='bbox 663 348 740 378; x_wconf 85' lang='lat' dir='ltr'><strong>nihil</strong></span> <span class='ocrx_word' id='word_1_18' title='bbox 750 347 869 385; x_wconf 87' lang='lat' dir='ltr'><strong>penitus</strong></span> <span class='ocrx_word' id='word_1_19' title='bbox 883 347 977 375; x_wconf 85' lang='lat' dir='ltr'><strong>habe-</strong></span> 
     </span>
     <span class='ocr_line' id='line_1_5' title="bbox 192 394 978 436; baseline -0.011 -6"><span class='ocrx_word' id='word_1_20' title='bbox 192 401 282 436; x_wconf 86' lang='lat' dir='ltr'><strong>bant,</strong></span> <span class='ocrx_word' id='word_1_21' title='bbox 297 400 409 429; x_wconf 80' lang='lat' dir='ltr'><strong>dimisit</strong></span> <span class='ocrx_word' id='word_1_22' title='bbox 427 397 638 428; x_wconf 88' lang='lat' dir='ltr'><strong>Nabuzardam</strong></span> <span class='ocrx_word' id='word_1_23' title='bbox 656 396 688 425; x_wconf 89' lang='lat' dir='ltr'><strong>in</strong></span> <span class='ocrx_word' id='word_1_24' title='bbox 702 397 780 424; x_wconf 85' lang='lat' dir='ltr'><strong>terra</strong></span> <span class='ocrx_word' id='word_1_25' title='bbox 801 394 887 423; x_wconf 67' lang='lat' dir='ltr'><strong>luda.</strong></span> <span class='ocrx_word' id='word_1_26' title='bbox 903 395 978 422; x_wconf 89' lang='lat' dir='ltr'><strong>Pau-</strong></span> 
     </span>
     <span class='ocr_line' id='line_1_6' title="bbox 191 440 978 486; baseline -0.011 -9"><span class='ocrx_word' id='word_1_27' title='bbox 191 448 317 486; x_wconf 84' lang='lat' dir='ltr'><strong>peribus</strong></span> <span class='ocrx_word' id='word_1_28' title='bbox 333 455 403 483; x_wconf 84' lang='lat' dir='ltr'><strong>ergo</strong></span> <span class='ocrx_word' id='word_1_29' title='bbox 423 444 570 483; x_wconf 82' lang='lat' dir='ltr'><strong>pepercit,</strong></span> <span class='ocrx_word' id='word_1_30' title='bbox 586 444 692 472; x_wconf 90' lang='lat' dir='ltr'><strong>divites</strong></span> <span class='ocrx_word' id='word_1_31' title='bbox 711 445 739 471; x_wconf 88' lang='lat' dir='ltr'><strong>et</strong></span> <span class='ocrx_word' id='word_1_32' title='bbox 751 444 887 480; x_wconf 84' lang='lat' dir='ltr'><strong>potentes</strong></span> <span class='ocrx_word' id='word_1_33' title='bbox 900 440 978 469; x_wconf 84' lang='lat' dir='ltr'><strong>ocei-</strong></span> 
     </span>
     <span class='ocr_line' id='line_1_7' title="bbox 193 489 976 531; baseline -0.011 -6"><span class='ocrx_word' id='word_1_34' title='bbox 193 495 252 530; x_wconf 85' lang='lat' dir='ltr'><strong>dit,</strong></span> <span class='ocrx_word' id='word_1_35' title='bbox 268 495 318 524; x_wconf 89' lang='lat' dir='ltr'><strong>vel</strong></span> <span class='ocrx_word' id='word_1_36' title='bbox 338 493 472 531; x_wconf 87' lang='lat' dir='ltr'><strong>captivos</strong></span> <span class='ocrx_word' id='word_1_37' title='bbox 490 492 523 521; x_wconf 88' lang='lat' dir='ltr'><strong>in</strong></span> <span class='ocrx_word' id='word_1_38' title='bbox 546 489 732 528; x_wconf 85' lang='lat' dir='ltr'>Babylonem</span> <span class='ocrx_word' id='word_1_39' title='bbox 753 489 848 518; x_wconf 79' lang='lat' dir='ltr'><strong>duxit.</strong></span> <span class='ocrx_word' id='word_1_40' title='bbox 866 489 976 521; x_wconf 76' lang='lat' dir='ltr'><strong>Jerem..</strong></span> 
     </span>
     <span class='ocr_line' id='line_1_8' title="bbox 192 551 295 571; baseline -0.01 0"><span class='ocrx_word' id='word_1_41' title='bbox 192 551 295 571; x_wconf 80' lang='lat' dir='ltr'><strong>xxxix.</strong></span> 
     </span>
    </p>

    <p class='ocr_par' dir='ltr' id='par_1_4' title="bbox 192 582 980 954">
     <span class='ocr_line' id='line_1_9' title="bbox 228 582 978 625; baseline -0.011 -7"><span class='ocrx_word' id='word_1_42' title='bbox 228 588 406 625; x_wconf 82' lang='lat' dir='ltr'><strong>Exemplum</strong></span> <span class='ocrx_word' id='word_1_43' title='bbox 426 585 610 624; x_wconf 78' lang='lat' dir='ltr'><strong>paupertatis</strong></span> <span class='ocrx_word' id='word_1_44' title='bbox 627 584 765 614; x_wconf 76' lang='lat' dir='ltr'><strong>amandae</strong></span> <span class='ocrx_word' id='word_1_45' title='bbox 785 583 932 612; x_wconf 86' lang='lat' dir='ltr'><strong>habemus</strong></span> <span class='ocrx_word' id='word_1_46' title='bbox 947 582 978 610; x_wconf 90' lang='lat' dir='ltr'><strong>in</strong></span> 
     </span>
     <span class='ocr_line' id='line_1_10' title="bbox 192 631 979 670; baseline -0.009 -5"><span class='ocrx_word' id='word_1_47' title='bbox 192 636 319 666; x_wconf 89' lang='lat' dir='ltr'><strong>Domino</strong></span> <span class='ocrx_word' id='word_1_48' title='bbox 334 635 501 669; x_wconf 79' lang='lat' dir='ltr'><strong>salvatore,</strong></span> <span class='ocrx_word' id='word_1_49' title='bbox 523 633 575 670; x_wconf 91' lang='lat' dir='ltr'><strong>qui</strong></span> <span class='ocrx_word' id='word_1_50' title='bbox 597 632 652 661; x_wconf 85' lang='lat' dir='ltr'><strong>fuit</strong></span> <span class='ocrx_word' id='word_1_51' title='bbox 675 632 713 660; x_wconf 89' lang='lat' dir='ltr'><strong>de</strong></span> <span class='ocrx_word' id='word_1_52' title='bbox 736 639 869 668; x_wconf 84' lang='lat' dir='ltr'><strong>paupere</strong></span> <span class='ocrx_word' id='word_1_53' title='bbox 884 631 979 658; x_wconf 81' lang='lat' dir='ltr'><strong>matre</strong></span> 
     </span>
     <span class='ocr_line' id='line_1_11' title="bbox 193 678 980 718; baseline -0.01 -6"><span class='ocrx_word' id='word_1_54' title='bbox 193 685 280 712; x_wconf 84' lang='lat' dir='ltr'><strong>natus</strong></span> <span class='ocrx_word' id='word_1_55' title='bbox 293 704 304 718; x_wconf 90' lang='lat'><em>‚</em></span> <span class='ocrx_word' id='word_1_56' title='bbox 327 685 356 710; x_wconf 88' lang='lat' dir='ltr'><strong>et</strong></span> <span class='ocrx_word' id='word_1_57' title='bbox 378 690 395 711; x_wconf 84' lang='lat' dir='ltr'><strong>a</strong></span> <span class='ocrx_word' id='word_1_58' title='bbox 413 689 547 718; x_wconf 85' lang='lat' dir='ltr'><strong>paupere</strong></span> <span class='ocrx_word' id='word_1_59' title='bbox 570 681 658 709; x_wconf 82' lang='lat' dir='ltr'><strong>fabro</strong></span> <span class='ocrx_word' id='word_1_60' title='bbox 681 679 824 714; x_wconf 80' lang='lat' dir='ltr'><strong>nutritus,</strong></span> <span class='ocrx_word' id='word_1_61' title='bbox 845 678 980 706; x_wconf 83' lang='lat' dir='ltr'><strong>recenter</strong></span> 
     </span>
     <span class='ocr_line' id='line_1_12' title="bbox 193 718 978 767; baseline -0.009 -8"><span class='ocrx_word' id='word_1_62' title='bbox 193 731 311 767; x_wconf 88' lang='lat' dir='ltr'><strong>genitus</strong></span> <span class='ocrx_word' id='word_1_63' title='bbox 331 729 387 758; x_wconf 77' lang='lat' dir='ltr'><strong>fuit</strong></span> <span class='ocrx_word' id='word_1_64' title='bbox 408 729 516 766; x_wconf 85' lang='lat' dir='ltr'><strong>pannis</strong></span> <span class='ocrx_word' id='word_1_65' title='bbox 537 718 706 761; x_wconf 74' lang='lat' dir='ltr'><strong>involutus,</strong></span> <span class='ocrx_word' id='word_1_66' title='bbox 729 728 757 755; x_wconf 87' lang='lat' dir='ltr'><strong>et</strong></span> <span class='ocrx_word' id='word_1_67' title='bbox 779 726 810 754; x_wconf 90' lang='lat' dir='ltr'><strong>in</strong></span> <span class='ocrx_word' id='word_1_68' title='bbox 831 724 978 762; x_wconf 60' lang='lat' dir='ltr'><strong>praesepio</strong></span> 
     </span>
     <span class='ocr_line' id='line_1_13' title="bbox 192 772 980 813; baseline -0.008 -7"><span class='ocrx_word' id='word_1_69' title='bbox 192 777 352 807; x_wconf 86' lang='lat' dir='ltr'><strong>reclinatus</strong></span> <span class='ocrx_word' id='word_1_70' title='bbox 364 786 372 812; x_wconf 80' lang='lat'><em>3</em></span> <span class='ocrx_word' id='word_1_71' title='bbox 390 777 418 804; x_wconf 87' lang='lat' dir='ltr'><strong>et</strong></span> <span class='ocrx_word' id='word_1_72' title='bbox 431 777 499 813; x_wconf 89' lang='lat' dir='ltr'><strong>post</strong></span> <span class='ocrx_word' id='word_1_73' title='bbox 512 776 543 804; x_wconf 92' lang='lat' dir='ltr'><strong>in</strong></span> <span class='ocrx_word' id='word_1_74' title='bbox 557 775 766 812; x_wconf 85' lang='lat' dir='ltr'><strong>purificatione</strong></span> <span class='ocrx_word' id='word_1_75' title='bbox 776 774 902 809; x_wconf 80' lang='lat' dir='ltr'><strong>Virginis</strong></span> <span class='ocrx_word' id='word_1_76' title='bbox 915 772 980 808; x_wconf 91' lang='lat' dir='ltr'><strong>glo-</strong></span> 
     </span>
     <span class='ocr_line' id='line_1_14' title="bbox 192 821 979 859; baseline -0.006 -7"><span class='ocrx_word' id='word_1_77' title='bbox 192 825 279 852; x_wconf 84' lang='lat' dir='ltr'><strong>riosae</strong></span> <span class='ocrx_word' id='word_1_78' title='bbox 302 823 488 852; x_wconf 90' lang='lat' dir='ltr'><strong>oblationem</strong></span> <span class='ocrx_word' id='word_1_79' title='bbox 507 830 678 859; x_wconf 86' lang='lat' dir='ltr'><strong>pauperum</strong></span> <span class='ocrx_word' id='word_1_80' title='bbox 698 821 882 849; x_wconf 86' lang='lat' dir='ltr'><strong>obtulerunt.</strong></span> <span class='ocrx_word' id='word_1_81' title='bbox 903 821 979 855; x_wconf 64' lang='lat' dir='ltr'><strong>Luc„</strong></span> 
     </span>
     <span class='ocr_line' id='line_1_15' title="bbox 193 868 980 907; baseline -0.008 -7"><span class='ocrx_word' id='word_1_82' title='bbox 193 879 225 900; x_wconf 88' lang='lat'><strong>11.</strong></span> <span class='ocrx_word' id='word_1_83' title='bbox 241 873 315 900; x_wconf 83' lang='lat' dir='ltr'><strong>Item</strong></span> <span class='ocrx_word' id='word_1_84' title='bbox 330 871 388 899; x_wconf 85' lang='lat' dir='ltr'><strong>cito</strong></span> <span class='ocrx_word' id='word_1_85' title='bbox 409 871 493 907; x_wconf 87' lang='lat' dir='ltr'><strong>post,</strong></span> <span class='ocrx_word' id='word_1_86' title='bbox 508 869 618 906; x_wconf 74' lang='lat' dir='ltr'><strong>loseph</strong></span> <span class='ocrx_word' id='word_1_87' title='bbox 643 877 712 897; x_wconf 91' lang='lat' dir='ltr'><strong>cum</strong></span> <span class='ocrx_word' id='word_1_88' title='bbox 733 875 828 905; x_wconf 89' lang='lat' dir='ltr'><strong>puero</strong></span> <span class='ocrx_word' id='word_1_89' title='bbox 844 869 872 896; x_wconf 90' lang='lat' dir='ltr'><strong>et</strong></span> <span class='ocrx_word' id='word_1_90' title='bbox 885 868 980 895; x_wconf 89' lang='lat' dir='ltr'><strong>matre</strong></span> 
     </span>
     <span class='ocr_line' id='line_1_16' title="bbox 194 917 754 954; baseline -0.005 -8"><span class='ocrx_word' id='word_1_91' title='bbox 194 919 259 954; x_wconf 90' lang='lat' dir='ltr'><strong>ejus</strong></span> <span class='ocrx_word' id='word_1_92' title='bbox 273 918 349 954; x_wconf 87' lang='lat' dir='ltr'><strong>fugit</strong></span> <span class='ocrx_word' id='word_1_93' title='bbox 363 918 394 945; x_wconf 90' lang='lat' dir='ltr'><strong>in</strong></span> <span class='ocrx_word' id='word_1_94' title='bbox 407 919 578 954; x_wconf 88' lang='lat' dir='ltr'><strong>AEgyptum.</strong></span> <span class='ocrx_word' id='word_1_95' title='bbox 594 917 708 951; x_wconf 64' lang='lat' dir='ltr'><strong>Mami„</strong></span> <span class='ocrx_word' id='word_1_96' title='bbox 723 924 754 944; x_wconf 84' lang='lat' dir='ltr'><strong>n.</strong></span> 
     </span>
    </p>

    <p class='ocr_par' dir='ltr' id='par_1_5' title="bbox 192 960 982 1187">
     <span class='ocr_line' id='line_1_17' title="bbox 231 960 981 999; baseline -0.007 -5"><span class='ocrx_word' id='word_1_97' title='bbox 231 967 303 994; x_wconf 90' lang='lat' dir='ltr'><strong>Cum</strong></span> <span class='ocrx_word' id='word_1_98' title='bbox 317 965 412 993; x_wconf 85' lang='lat' dir='ltr'><strong>factus</strong></span> <span class='ocrx_word' id='word_1_99' title='bbox 427 966 502 993; x_wconf 88' lang='lat' dir='ltr'><strong>esset</strong></span> <span class='ocrx_word' id='word_1_100' title='bbox 514 966 597 992; x_wconf 76' lang='lat' dir='ltr'><strong>Iesus</strong></span> <span class='ocrx_word' id='word_1_101' title='bbox 612 971 687 999; x_wconf 87' lang='lat' dir='ltr'><strong>puer</strong></span> <span class='ocrx_word' id='word_1_102' title='bbox 701 970 850 991; x_wconf 87' lang='lat' dir='ltr'><strong>annorum</strong></span> <span class='ocrx_word' id='word_1_103' title='bbox 866 960 981 990; x_wconf 87' lang='lat' dir='ltr'><strong>duode-</strong></span> 
     </span>
     <span class='ocr_line' id='line_1_18' title="bbox 195 1008 981 1048; baseline -0.005 -7"><span class='ocrx_word' id='word_1_104' title='bbox 195 1014 271 1048; x_wconf 89' lang='lat' dir='ltr'><strong>cim,</strong></span> <span class='ocrx_word' id='word_1_105' title='bbox 287 1012 429 1041; x_wconf 84' lang='lat' dir='ltr'><strong>remansit</strong></span> <span class='ocrx_word' id='word_1_106' title='bbox 448 1011 481 1039; x_wconf 90' lang='lat' dir='ltr'><strong>in</strong></span> <span class='ocrx_word' id='word_1_107' title='bbox 502 1011 703 1046; x_wconf 79' lang='lat' dir='ltr'><strong>Hierusalem,</strong></span> <span class='ocrx_word' id='word_1_108' title='bbox 718 1010 876 1046; x_wconf 83' lang='lat' dir='ltr'><strong>ignorante</strong></span> <span class='ocrx_word' id='word_1_109' title='bbox 890 1008 981 1037; x_wconf 82' lang='lat' dir='ltr'><strong>Maria</strong></span> 
     </span>
     <span class='ocr_line' id='line_1_19' title="bbox 195 1057 982 1096; baseline -0.005 -8"><span class='ocrx_word' id='word_1_110' title='bbox 195 1062 224 1088; x_wconf 88' lang='lat' dir='ltr'><strong>et</strong></span> <span class='ocrx_word' id='word_1_111' title='bbox 237 1059 347 1096; x_wconf 85' lang='lat' dir='ltr'><strong>Joseph</strong></span> <span class='ocrx_word' id='word_1_112' title='bbox 359 1068 368 1093; x_wconf 75' lang='grc' dir='ltr'><strong><em>ς</em></strong></span> <span class='ocrx_word' id='word_1_113' title='bbox 389 1066 443 1094; x_wconf 89' lang='lat' dir='ltr'><strong>per</strong></span> <span class='ocrx_word' id='word_1_114' title='bbox 458 1058 543 1094; x_wconf 85' lang='lat' dir='ltr'><strong>quod</strong></span> <span class='ocrx_word' id='word_1_115' title='bbox 568 1059 707 1094; x_wconf 89' lang='lat' dir='ltr'><strong>apparet,</strong></span> <span class='ocrx_word' id='word_1_116' title='bbox 730 1057 815 1094; x_wconf 89' lang='lat' dir='ltr'><strong>quod</strong></span> <span class='ocrx_word' id='word_1_117' title='bbox 838 1064 982 1092; x_wconf 86' lang='lat' dir='ltr'><strong>magnam</strong></span> 
     </span>
     <span class='ocr_line' id='line_1_20' title="bbox 192 1104 981 1140; baseline -0.004 -6"><span class='ocrx_word' id='word_1_118' title='bbox 192 1105 340 1135; x_wconf 84' lang='lat' dir='ltr'><strong>familiam</strong></span> <span class='ocrx_word' id='word_1_119' title='bbox 359 1113 421 1133; x_wconf 91' lang='lat' dir='ltr'><strong>non</strong></span> <span class='ocrx_word' id='word_1_120' title='bbox 443 1105 598 1133; x_wconf 82' lang='lat' dir='ltr'><strong>habebant</strong></span> <span class='ocrx_word' id='word_1_121' title='bbox 619 1105 659 1133; x_wconf 90' lang='lat' dir='ltr'><strong>ad</strong></span> <span class='ocrx_word' id='word_1_122' title='bbox 679 1104 891 1132; x_wconf 82' lang='lat' dir='ltr'><strong>associandum</strong></span> <span class='ocrx_word' id='word_1_123' title='bbox 906 1111 981 1140; x_wconf 88' lang='lat' dir='ltr'><strong>pue-</strong></span> 
     </span>
     <span class='ocr_line' id='line_1_21' title="bbox 192 1152 797 1187; baseline -0.005 -5"><span class='ocrx_word' id='word_1_124' title='bbox 192 1161 277 1187; x_wconf 88' lang='lat' dir='ltr'><strong>rum,</strong></span> <span class='ocrx_word' id='word_1_125' title='bbox 291 1153 341 1181; x_wconf 85' lang='lat' dir='ltr'><strong>vel</strong></span> <span class='ocrx_word' id='word_1_126' title='bbox 355 1153 395 1181; x_wconf 90' lang='lat' dir='ltr'><strong>ad</strong></span> <span class='ocrx_word' id='word_1_127' title='bbox 409 1152 602 1181; x_wconf 86' lang='lat' dir='ltr'><strong>serviendum</strong></span> <span class='ocrx_word' id='word_1_128' title='bbox 617 1152 655 1180; x_wconf 92' lang='lat' dir='ltr'><strong>ei.</strong></span> <span class='ocrx_word' id='word_1_129' title='bbox 672 1153 751 1185; x_wconf 63' lang='lat' dir='ltr'><strong>Luc„</strong></span> <span class='ocrx_word' id='word_1_130' title='bbox 767 1159 797 1179; x_wconf 85' lang='lat'><strong>11.</strong></span> 
     </span>
    </p>

    <p class='ocr_par' dir='ltr' id='par_1_6' title="bbox 194 1196 981 1379">
     <span class='ocr_line' id='line_1_22' title="bbox 231 1196 981 1234; baseline -0.003 -6"><span class='ocrx_word' id='word_1_131' title='bbox 231 1200 381 1228; x_wconf 86' lang='lat' dir='ltr'><strong>Circuiens</strong></span> <span class='ocrx_word' id='word_1_132' title='bbox 402 1201 485 1228; x_wconf 87' lang='lat' dir='ltr'><strong>Jesus</strong></span> <span class='ocrx_word' id='word_1_133' title='bbox 500 1199 632 1227; x_wconf 86' lang='lat' dir='ltr'><strong>civitates</strong></span> <span class='ocrx_word' id='word_1_134' title='bbox 652 1201 680 1227; x_wconf 92' lang='lat' dir='ltr'><strong>et</strong></span> <span class='ocrx_word' id='word_1_135' title='bbox 694 1198 832 1234; x_wconf 86' lang='lat' dir='ltr'><strong>castella,</strong></span> <span class='ocrx_word' id='word_1_136' title='bbox 853 1205 916 1226; x_wconf 92' lang='lat' dir='ltr'><strong>non</strong></span> <span class='ocrx_word' id='word_1_137' title='bbox 930 1196 981 1226; x_wconf 87' lang='lat' dir='ltr'><strong>ha-</strong></span> 
     </span>
     <span class='ocr_line' id='line_1_23' title="bbox 194 1246 979 1284; baseline -0.005 -8"><span class='ocrx_word' id='word_1_138' title='bbox 194 1247 287 1276; x_wconf 86' lang='lat' dir='ltr'><strong>bebat</strong></span> <span class='ocrx_word' id='word_1_139' title='bbox 308 1247 362 1275; x_wconf 91' lang='lat' dir='ltr'><strong>ubi</strong></span> <span class='ocrx_word' id='word_1_140' title='bbox 384 1247 474 1284; x_wconf 86' lang='lat' dir='ltr'><strong>caput</strong></span> <span class='ocrx_word' id='word_1_141' title='bbox 501 1246 679 1281; x_wconf 84' lang='lat' dir='ltr'><strong>reclinaret,</strong></span> <span class='ocrx_word' id='word_1_142' title='bbox 703 1246 816 1280; x_wconf 66' lang='lat' dir='ltr'><strong>Match„</strong></span> <span class='ocrx_word' id='word_1_143' title='bbox 837 1253 907 1280; x_wconf 84' lang='lat' dir='ltr'><strong>vm,</strong></span> <span class='ocrx_word' id='word_1_144' title='bbox 922 1246 979 1272; x_wconf 78' lang='lat'><strong>20:</strong></span> 
     </span>
     <span class='ocr_line' id='line_1_24' title="bbox 196 1291 981 1331; baseline -0.003 -9"><span class='ocrx_word' id='word_1_145' title='bbox 196 1305 211 1322; x_wconf 75' lang='grc' dir='ltr'><strong>ιι</strong></span> <span class='ocrx_word' id='word_1_146' title='bbox 225 1294 333 1331; x_wconf 88' lang='lat' dir='ltr'><strong>Vulpes</strong></span> <span class='ocrx_word' id='word_1_147' title='bbox 347 1294 449 1322; x_wconf 77' lang='lat' dir='ltr'><strong>foveas</strong></span> <span class='ocrx_word' id='word_1_148' title='bbox 463 1293 586 1328; x_wconf 81' lang='lat' dir='ltr'><strong>habent,</strong></span> <span class='ocrx_word' id='word_1_149' title='bbox 602 1303 616 1320; x_wconf 83' lang='lat'>»</span> <span class='ocrx_word' id='word_1_150' title='bbox 634 1295 701 1328; x_wconf 68' lang='lat' dir='ltr'><strong>etc„</strong></span> <span class='ocrx_word' id='word_1_151' title='bbox 718 1295 745 1321; x_wconf 86' lang='lat' dir='ltr'><strong>et</strong></span> <span class='ocrx_word' id='word_1_152' title='bbox 760 1293 791 1320; x_wconf 92' lang='lat' dir='ltr'><strong>in</strong></span> <span class='ocrx_word' id='word_1_153' title='bbox 806 1292 866 1320; x_wconf 91' lang='lat' dir='ltr'><strong>fine</strong></span> <span class='ocrx_word' id='word_1_154' title='bbox 880 1291 981 1320; x_wconf 90' lang='lat' dir='ltr'><strong>nudus</strong></span> 
     </span>
     <span class='ocr_line' id='line_1_25' title="bbox 194 1341 744 1379; baseline -0.004 -9"><span class='ocrx_word' id='word_1_155' title='bbox 194 1349 346 1379; x_wconf 90' lang='lat' dir='ltr'><strong>appensus</strong></span> <span class='ocrx_word' id='word_1_156' title='bbox 362 1341 448 1370; x_wconf 85' lang='lat' dir='ltr'><strong>estin</strong></span> <span class='ocrx_word' id='word_1_157' title='bbox 462 1349 560 1370; x_wconf 87' lang='lat' dir='ltr'><strong>cruce.</strong></span> <span class='ocrx_word' id='word_1_158' title='bbox 574 1342 668 1375; x_wconf 85' lang='lat' dir='ltr'><strong>Joan.,</strong></span> <span class='ocrx_word' id='word_1_159' title='bbox 681 1349 744 1368; x_wconf 73' lang='lat' dir='ltr'><strong>mx.</strong></span> 
     </span>
    </p>

    <p class='ocr_par' dir='ltr' id='par_1_7' title="bbox 192 1387 980 1566">
     <span class='ocr_line' id='line_1_26' title="bbox 230 1387 980 1426; baseline -0.004 -9"><span class='ocrx_word' id='word_1_160' title='bbox 230 1389 370 1426; x_wconf 85' lang='lat' dir='ltr'><strong>Discipuli</strong></span> <span class='ocrx_word' id='word_1_161' title='bbox 391 1388 495 1417; x_wconf 86' lang='lat' dir='ltr'><strong>Christi</strong></span> <span class='ocrx_word' id='word_1_162' title='bbox 519 1396 575 1425; x_wconf 93' lang='lat' dir='ltr'><strong>pro</strong></span> <span class='ocrx_word' id='word_1_163' title='bbox 601 1388 710 1424; x_wconf 87' lang='lat' dir='ltr'><strong>majori</strong></span> <span class='ocrx_word' id='word_1_164' title='bbox 732 1389 816 1424; x_wconf 88' lang='lat' dir='ltr'><strong>parte</strong></span> <span class='ocrx_word' id='word_1_165' title='bbox 840 1387 878 1415; x_wconf 91' lang='lat' dir='ltr'><strong>de</strong></span> <span class='ocrx_word' id='word_1_166' title='bbox 904 1388 980 1415; x_wconf 80' lang='lat' dir='ltr'><strong>statu</strong></span> 
     </span>
     <span class='ocr_line' id='line_1_27' title="bbox 192 1435 979 1473; baseline -0.005 -8"><span class='ocrx_word' id='word_1_167' title='bbox 192 1436 376 1473; x_wconf 84' lang='lat' dir='ltr'><strong>paupertatis</strong></span> <span class='ocrx_word' id='word_1_168' title='bbox 398 1435 520 1464; x_wconf 82' lang='lat' dir='ltr'><strong>suerunt</strong></span> <span class='ocrx_word' id='word_1_169' title='bbox 547 1435 701 1472; x_wconf 82' lang='lat' dir='ltr'><strong>assumpti.</strong></span> <span class='ocrx_word' id='word_1_170' title='bbox 727 1436 842 1470; x_wconf 61' lang='lat' dir='ltr'><strong>Match„</strong></span> <span class='ocrx_word' id='word_1_171' title='bbox 860 1443 890 1463; x_wconf 90' lang='lat' dir='ltr'><strong>1v</strong></span> <span class='ocrx_word' id='word_1_172' title='bbox 901 1455 910 1470; x_wconf 89' lang='lat'><strong>,</strong></span> <span class='ocrx_word' id='word_1_173' title='bbox 926 1435 979 1462; x_wconf 78' lang='lat'><strong>2¹:</strong></span> 
     </span>
     <span class='ocr_line' id='line_1_28' title="bbox 197 1481 978 1517; baseline -0.001 -8"><span class='ocrx_word' id='word_1_174' title='bbox 197 1493 211 1509; x_wconf 84' lang='lat'>«</span> <span class='ocrx_word' id='word_1_175' title='bbox 232 1483 361 1512; x_wconf 72' lang='lat' dir='ltr'><strong>,lacobus</strong></span> <span class='ocrx_word' id='word_1_176' title='bbox 377 1484 405 1511; x_wconf 84' lang='lat' dir='ltr'><strong>et</strong></span> <span class='ocrx_word' id='word_1_177' title='bbox 426 1485 555 1511; x_wconf 68' lang='lat' dir='ltr'><strong>,Ioannes</strong></span> <span class='ocrx_word' id='word_1_178' title='bbox 575 1482 750 1510; x_wconf 86' lang='lat' dir='ltr'><strong>reficiebant</strong></span> <span class='ocrx_word' id='word_1_179' title='bbox 773 1481 846 1510; x_wconf 82' lang='lat' dir='ltr'><strong>retia</strong></span> <span class='ocrx_word' id='word_1_180' title='bbox 872 1489 946 1517; x_wconf 70' lang='lat' dir='ltr'><strong>sua,</strong></span> <span class='ocrx_word' id='word_1_181' title='bbox 964 1491 978 1508; x_wconf 85' lang='grc'>»</span> 
     </span>
     <span class='ocr_line' id='line_1_29' title="bbox 193 1530 852 1566; baseline -0.003 -7"><span class='ocrx_word' id='word_1_182' title='bbox 193 1531 272 1566; x_wconf 66' lang='lat' dir='ltr'><strong>Luc„</strong></span> <span class='ocrx_word' id='word_1_183' title='bbox 286 1539 317 1566; x_wconf 86' lang='lat' dir='ltr'><strong>v,</strong></span> <span class='ocrx_word' id='word_1_184' title='bbox 330 1532 347 1558; x_wconf 74' lang='grc' dir='ltr'>Ξ</span> <span class='ocrx_word' id='word_1_185' title='bbox 363 1540 370 1559; x_wconf 91' lang='grc'>;</span> <span class='ocrx_word' id='word_1_186' title='bbox 391 1541 405 1556; x_wconf 91' lang='lat'>«</span> <span class='ocrx_word' id='word_1_187' title='bbox 419 1531 572 1559; x_wconf 86' lang='lat' dir='ltr'><strong>Lavabant</strong></span> <span class='ocrx_word' id='word_1_188' title='bbox 591 1530 666 1558; x_wconf 87' lang='lat' dir='ltr'><strong>retia</strong></span> <span class='ocrx_word' id='word_1_189' title='bbox 680 1538 749 1565; x_wconf 87' lang='lat' dir='ltr'><strong>sua,</strong></span> <span class='ocrx_word' id='word_1_190' title='bbox 765 1539 779 1556; x_wconf 93' lang='lat'>»</span> <span class='ocrx_word' id='word_1_191' title='bbox 798 1532 852 1557; x_wconf 82' lang='lat' dir='ltr'><strong>etc.</strong></span> 
     </span>
    </p>

    <p class='ocr_par' dir='ltr' id='par_1_8' title="bbox 192 1578 981 1757">
     <span class='ocr_line' id='line_1_30' title="bbox 229 1578 981 1615; baseline -0.003 -7"><span class='ocrx_word' id='word_1_192' title='bbox 229 1581 262 1608; x_wconf 90' lang='lat' dir='ltr'><strong>In</strong></span> <span class='ocrx_word' id='word_1_193' title='bbox 285 1588 423 1608; x_wconf 84' lang='lat' dir='ltr'><strong>sermone</strong></span> <span class='ocrx_word' id='word_1_194' title='bbox 444 1579 562 1608; x_wconf 83' lang='lat' dir='ltr'><strong>Domini</strong></span> <span class='ocrx_word' id='word_1_195' title='bbox 577 1580 608 1607; x_wconf 90' lang='lat' dir='ltr'><strong>in</strong></span> <span class='ocrx_word' id='word_1_196' title='bbox 629 1580 732 1607; x_wconf 83' lang='lat' dir='ltr'><strong>monte</strong></span> <span class='ocrx_word' id='word_1_197' title='bbox 747 1579 878 1615; x_wconf 87' lang='lat' dir='ltr'><strong>primum</strong></span> <span class='ocrx_word' id='word_1_198' title='bbox 894 1578 981 1615; x_wconf 88' lang='lat' dir='ltr'><strong>poni-</strong></span> 
     </span>
     <span class='ocr_line' id='line_1_31' title="bbox 193 1625 981 1663; baseline -0.003 -7"><span class='ocrx_word' id='word_1_199' title='bbox 193 1629 242 1656; x_wconf 87' lang='lat' dir='ltr'><strong>tur</strong></span> <span class='ocrx_word' id='word_1_200' title='bbox 256 1627 479 1655; x_wconf 83' lang='lat' dir='ltr'><strong>commendatio</strong></span> <span class='ocrx_word' id='word_1_201' title='bbox 494 1627 695 1663; x_wconf 80' lang='lat' dir='ltr'><strong>paupertatis,</strong></span> <span class='ocrx_word' id='word_1_202' title='bbox 711 1626 798 1663; x_wconf 84' lang='lat' dir='ltr'><strong>quasi</strong></span> <span class='ocrx_word' id='word_1_203' title='bbox 821 1625 887 1662; x_wconf 86' lang='lat' dir='ltr'><strong>ipsa</strong></span> <span class='ocrx_word' id='word_1_204' title='bbox 906 1627 981 1654; x_wconf 89' lang='lat' dir='ltr'><strong>esset</strong></span> 
     </span>
     <span class='ocr_line' id='line_1_32' title="bbox 193 1673 978 1711; baseline -0.004 -8"><span class='ocrx_word' id='word_1_205' title='bbox 193 1674 283 1704; x_wconf 83' lang='lat' dir='ltr'><strong>totius</strong></span> <span class='ocrx_word' id='word_1_206' title='bbox 297 1674 459 1711; x_wconf 86' lang='lat' dir='ltr'><strong>spiritualis</strong></span> <span class='ocrx_word' id='word_1_207' title='bbox 474 1674 592 1702; x_wconf 77' lang='lat' dir='ltr'><strong>aedificii</strong></span> <span class='ocrx_word' id='word_1_208' title='bbox 608 1673 848 1702; x_wconf 85' lang='lat' dir='ltr'><strong>fundamentum.</strong></span> <span class='ocrx_word' id='word_1_209' title='bbox 865 1673 978 1706; x_wconf 70' lang='lat' dir='ltr'><strong>Matth„</strong></span> 
     </span>
     <span class='ocr_line' id='line_1_33' title="bbox 192 1722 483 1757; baseline 0 -8"><span class='ocrx_word' id='word_1_210' title='bbox 192 1729 223 1757; x_wconf 88' lang='lat' dir='ltr'><strong>v,</strong></span> <span class='ocrx_word' id='word_1_211' title='bbox 239 1723 270 1757; x_wconf 78' lang='lat'><strong>33</strong></span> <span class='ocrx_word' id='word_1_212' title='bbox 284 1722 361 1754; x_wconf 72' lang='lat' dir='ltr'><strong>Luc„</strong></span> <span class='ocrx_word' id='word_1_213' title='bbox 377 1729 422 1755; x_wconf 80' lang='grc' dir='ltr'><strong>νῐ,</strong></span> <span class='ocrx_word' id='word_1_214' title='bbox 439 1722 483 1749; x_wconf 85' lang='lat'><strong>20.</strong></span> 
     </span>
    </p>

    <p class='ocr_par' dir='ltr' id='par_1_9' title="bbox 192 1769 980 1940">
     <span class='ocr_line' id='line_1_34' title="bbox 228 1769 980 1806; baseline -0.003 -7"><span class='ocrx_word' id='word_1_215' title='bbox 228 1772 305 1800; x_wconf 87' lang='lat' dir='ltr'><strong>Inter</strong></span> <span class='ocrx_word' id='word_1_216' title='bbox 320 1772 425 1799; x_wconf 82' lang='lat' dir='ltr'><strong>caetera</strong></span> <span class='ocrx_word' id='word_1_217' title='bbox 444 1770 548 1799; x_wconf 83' lang='lat' dir='ltr'><strong>Christi</strong></span> <span class='ocrx_word' id='word_1_218' title='bbox 562 1769 725 1805; x_wconf 88' lang='lat' dir='ltr'><strong>miracula,</strong></span> <span class='ocrx_word' id='word_1_219' title='bbox 748 1777 844 1798; x_wconf 90' lang='lat' dir='ltr'><strong>unum</strong></span> <span class='ocrx_word' id='word_1_220' title='bbox 858 1769 980 1806; x_wconf 87' lang='lat' dir='ltr'><strong>ponitur</strong></span> 
     </span>
     <span class='ocr_line' id='line_1_35' title="bbox 194 1817 978 1854; baseline -0.003 -8"><span class='ocrx_word' id='word_1_221' title='bbox 194 1818 279 1854; x_wconf 87' lang='lat' dir='ltr'><strong>quod</strong></span> <span class='ocrx_word' id='word_1_222' title='bbox 296 1827 310 1844; x_wconf 73' lang='grc' dir='ltr'><strong>ι(</strong></span> <span class='ocrx_word' id='word_1_223' title='bbox 334 1825 482 1854; x_wconf 87' lang='lat' dir='ltr'><strong>pauperes</strong></span> <span class='ocrx_word' id='word_1_224' title='bbox 505 1817 788 1853; x_wconf 81' lang='lat' dir='ltr'><strong>evangelizabantur</strong></span> <span class='ocrx_word' id='word_1_225' title='bbox 800 1838 809 1852; x_wconf 91' lang='lat'><strong>,</strong></span> <span class='ocrx_word' id='word_1_226' title='bbox 833 1827 847 1843; x_wconf 78' lang='grc'>»</span> <span class='ocrx_word' id='word_1_227' title='bbox 865 1817 978 1849; x_wconf 74' lang='grc' dir='ltr'><strong>Ματιὴ.,</strong></span> 
     </span>
     <span class='ocr_line' id='line_1_36' title="bbox 192 1863 978 1900; baseline -0.001 -7"><span class='ocrx_word' id='word_1_228' title='bbox 192 1873 239 1899; x_wconf 80' lang='lat' dir='ltr'><strong>x1,</strong></span> <span class='ocrx_word' id='word_1_229' title='bbox 254 1867 282 1898; x_wconf 80' lang='lat'><strong>5,</strong></span> <span class='ocrx_word' id='word_1_230' title='bbox 297 1873 332 1892; x_wconf 90' lang='lat' dir='ltr'><strong>eo</strong></span> <span class='ocrx_word' id='word_1_231' title='bbox 349 1864 434 1900; x_wconf 88' lang='lat' dir='ltr'><strong>quod</strong></span> <span class='ocrx_word' id='word_1_232' title='bbox 448 1866 516 1892; x_wconf 88' lang='lat' dir='ltr'><strong>ante</strong></span> <span class='ocrx_word' id='word_1_233' title='bbox 532 1865 649 1892; x_wconf 87' lang='lat' dir='ltr'><strong>Domini</strong></span> <span class='ocrx_word' id='word_1_234' title='bbox 673 1864 837 1892; x_wconf 89' lang='lat' dir='ltr'><strong>adventum</strong></span> <span class='ocrx_word' id='word_1_235' title='bbox 858 1864 899 1892; x_wconf 85' lang='lat' dir='ltr'><strong>ita</strong></span> <span class='ocrx_word' id='word_1_236' title='bbox 913 1863 978 1892; x_wconf 87' lang='lat' dir='ltr'><strong>fieri</strong></span> 
     </span>
     <span class='ocr_line' id='line_1_37' title="bbox 192 1911 396 1940; baseline -0.01 0"><span class='ocrx_word' id='word_1_237' title='bbox 192 1919 254 1940; x_wconf 91' lang='lat' dir='ltr'><strong>non</strong></span> <span class='ocrx_word' id='word_1_238' title='bbox 269 1911 396 1939; x_wconf 87' lang='lat' dir='ltr'><strong>solebat.</strong></span> 
     </span>
    </p>

    <p class='ocr_par' dir='ltr' id='par_1_10' title="bbox 190 1956 979 2134">
     <span class='ocr_line' id='line_1_38' title="bbox 229 1956 979 1993; baseline -0.001 -7"><span class='ocrx_word' id='word_1_239' title='bbox 229 1958 418 1987; x_wconf 82' lang='lat' dir='ltr'><strong>Adolescenti</strong></span> <span class='ocrx_word' id='word_1_240' title='bbox 438 1957 476 1986; x_wconf 89' lang='lat' dir='ltr'><strong>de</strong></span> <span class='ocrx_word' id='word_1_241' title='bbox 501 1957 635 1993; x_wconf 90' lang='lat' dir='ltr'><strong>ingressu</strong></span> <span class='ocrx_word' id='word_1_242' title='bbox 660 1956 701 1985; x_wconf 88' lang='lat' dir='ltr'><strong>ad</strong></span> <span class='ocrx_word' id='word_1_243' title='bbox 724 1957 816 1985; x_wconf 86' lang='lat' dir='ltr'><strong>vitam</strong></span> <span class='ocrx_word' id='word_1_244' title='bbox 837 1959 979 1985; x_wconf 81' lang='lat' dir='ltr'><strong>aeternam</strong></span> 
     </span>
     <span class='ocr_line' id='line_1_39' title="bbox 196 2004 977 2042; baseline -0.003 -8"><span class='ocrx_word' id='word_1_245' title='bbox 196 2005 341 2042; x_wconf 87' lang='lat' dir='ltr'><strong>quaerenti</strong></span> <span class='ocrx_word' id='word_1_246' title='bbox 357 2005 431 2033; x_wconf 79' lang='lat' dir='ltr'><strong>dixit</strong></span> <span class='ocrx_word' id='word_1_247' title='bbox 446 2004 588 2032; x_wconf 88' lang='lat' dir='ltr'><strong>Dominus</strong></span> <span class='ocrx_word' id='word_1_248' title='bbox 602 2013 609 2032; x_wconf 90' lang='lat'>:</span> <span class='ocrx_word' id='word_1_249' title='bbox 625 2013 639 2030; x_wconf 93' lang='lat'>«</span> <span class='ocrx_word' id='word_1_250' title='bbox 650 2005 678 2033; x_wconf 89' lang='lat' dir='ltr'><strong>Si</strong></span> <span class='ocrx_word' id='word_1_251' title='bbox 688 2004 733 2032; x_wconf 85' lang='lat' dir='ltr'><strong>vis</strong></span> <span class='ocrx_word' id='word_1_252' title='bbox 744 2004 891 2041; x_wconf 81' lang='lat' dir='ltr'><strong>perfectus</strong></span> <span class='ocrx_word' id='word_1_253' title='bbox 904 2012 977 2040; x_wconf 88' lang='lat' dir='ltr'><strong>esse,</strong></span> 
     </span>
     <span class='ocr_line' id='line_1_40' title="bbox 190 2050 978 2087; baseline -0.003 -6"><span class='ocrx_word' id='word_1_254' title='bbox 190 2053 268 2081; x_wconf 90' lang='lat' dir='ltr'><strong>vade</strong></span> <span class='ocrx_word' id='word_1_255' title='bbox 283 2055 312 2081; x_wconf 87' lang='lat' dir='ltr'><strong>et</strong></span> <span class='ocrx_word' id='word_1_256' title='bbox 323 2052 422 2081; x_wconf 87' lang='lat' dir='ltr'><strong>vende</strong></span> <span class='ocrx_word' id='word_1_257' title='bbox 441 2051 544 2080; x_wconf 83' lang='lat' dir='ltr'><strong>omnia</strong></span> <span class='ocrx_word' id='word_1_258' title='bbox 559 2059 626 2087; x_wconf 85' lang='lat' dir='ltr'><strong>quae</strong></span> <span class='ocrx_word' id='word_1_259' title='bbox 639 2050 749 2086; x_wconf 81' lang='lat' dir='ltr'><strong>habes,</strong></span> <span class='ocrx_word' id='word_1_260' title='bbox 765 2062 779 2078; x_wconf 91' lang='lat'>»</span> <span class='ocrx_word' id='word_1_261' title='bbox 794 2053 849 2079; x_wconf 86' lang='lat' dir='ltr'><strong>eie.</strong></span> <span class='ocrx_word' id='word_1_262' title='bbox 865 2052 978 2086; x_wconf 63' lang='lat' dir='ltr'><strong>Matth„</strong></span> 
     </span>
     <span class='ocr_line' id='line_1_41' title="bbox 191 2102 316 2134; baseline 0 -6"><span class='ocrx_word' id='word_1_263' title='bbox 191 2108 255 2134; x_wconf 78' lang='lat' dir='ltr'><strong>xxi,</strong></span> <span class='ocrx_word' id='word_1_264' title='bbox 271 2102 316 2130; x_wconf 79' lang='lat'><strong>21.</strong></span> 
     </span>
    </p>

    <p class='ocr_par' dir='ltr' id='par_1_11' title="bbox 192 2145 977 2277">
     <span class='ocr_line' id='line_1_42' title="bbox 228 2145 977 2182; baseline -0.004 -6"><span class='ocrx_word' id='word_1_265' title='bbox 228 2147 330 2177; x_wconf 87' lang='lat' dir='ltr'><strong>Miram</strong></span> <span class='ocrx_word' id='word_1_266' title='bbox 358 2145 631 2175; x_wconf 87' lang='lat' dir='ltr'><strong>remunerationem</strong></span> <span class='ocrx_word' id='word_1_267' title='bbox 660 2145 805 2182; x_wconf 84' lang='lat' dir='ltr'><strong>promittit</strong></span> <span class='ocrx_word' id='word_1_268' title='bbox 834 2145 977 2173; x_wconf 89' lang='lat' dir='ltr'><strong>Dominus</strong></span> 
     </span>
     <span class='ocr_line' id='line_1_43' title="bbox 192 2193 976 2229; baseline -0.004 -6"><span class='ocrx_word' id='word_1_269' title='bbox 192 2194 296 2223; x_wconf 90' lang='lat' dir='ltr'><strong>omnia</strong></span> <span class='ocrx_word' id='word_1_270' title='bbox 311 2193 587 2229; x_wconf 88' lang='lat' dir='ltr'><strong>derelinquentibus</strong></span> <span class='ocrx_word' id='word_1_271' title='bbox 601 2195 724 2229; x_wconf 82' lang='lat' dir='ltr'><strong>propter</strong></span> <span class='ocrx_word' id='word_1_272' title='bbox 741 2201 853 2221; x_wconf 90' lang='lat' dir='ltr'><strong>nomen</strong></span> <span class='ocrx_word' id='word_1_273' title='bbox 867 2193 976 2229; x_wconf 87' lang='lat' dir='ltr'><strong>ipsius,</strong></span> 
     </span>
     <span class='ocr_line' id='line_1_44' title="bbox 192 2241 974 2277; baseline -0.004 -5"><span class='ocrx_word' id='word_1_274' title='bbox 192 2243 305 2276; x_wconf 64' lang='lat' dir='ltr'><strong>Matlh„</strong></span> <span class='ocrx_word' id='word_1_275' title='bbox 327 2250 395 2277; x_wconf 79' lang='lat' dir='ltr'><strong>xlx,</strong></span> <span class='ocrx_word' id='word_1_276' title='bbox 411 2243 466 2277; x_wconf 68' lang='lat'><strong>295</strong></span> <span class='ocrx_word' id='word_1_277' title='bbox 483 2242 580 2274; x_wconf 76' lang='lat' dir='ltr'><strong>Marc..</strong></span> <span class='ocrx_word' id='word_1_278' title='bbox 602 2249 639 2276; x_wconf 80' lang='lat' dir='ltr'><strong>x,</strong></span> <span class='ocrx_word' id='word_1_279' title='bbox 655 2242 709 2276; x_wconf 77' lang='lat'><strong>293</strong></span> <span class='ocrx_word' id='word_1_280' title='bbox 727 2242 804 2273; x_wconf 72' lang='lat' dir='ltr'><strong>Luc..</strong></span> <span class='ocrx_word' id='word_1_281' title='bbox 824 2249 913 2276; x_wconf 76' lang='lat' dir='ltr'><strong>xvnr,</strong></span> <span class='ocrx_word' id='word_1_282' title='bbox 929 2241 974 2269; x_wconf 85' lang='lat'><strong>29.</strong></span> 
     </span>
    </p>

    <p class='ocr_par' dir='ltr' id='par_1_12' title="bbox 190 2287 976 2558">
     <span class='ocr_line' id='line_1_45' title="bbox 229 2287 976 2325; baseline -0.004 -7"><span class='ocrx_word' id='word_1_283' title='bbox 229 2291 267 2318; x_wconf 90' lang='lat' dir='ltr'><strong>De</strong></span> <span class='ocrx_word' id='word_1_284' title='bbox 297 2289 351 2317; x_wconf 92' lang='lat' dir='ltr'><strong>illo</strong></span> <span class='ocrx_word' id='word_1_285' title='bbox 379 2289 496 2317; x_wconf 77' lang='lat' dir='ltr'><strong>famoso</strong></span> <span class='ocrx_word' id='word_1_286' title='bbox 523 2296 656 2325; x_wconf 82' lang='lat' dir='ltr'><strong>paupere</strong></span> <span class='ocrx_word' id='word_1_287' title='bbox 684 2289 794 2316; x_wconf 85' lang='lat' dir='ltr'><strong>Lazaro</strong></span> <span class='ocrx_word' id='word_1_288' title='bbox 823 2287 854 2315; x_wconf 90' lang='lat' dir='ltr'><strong>in</strong></span> <span class='ocrx_word' id='word_1_289' title='bbox 877 2288 976 2316; x_wconf 89' lang='lat' dir='ltr'><strong>sinum</strong></span> 
     </span>
     <span class='ocr_line' id='line_1_46' title="bbox 192 2335 976 2371; baseline -0.005 -5"><span class='ocrx_word' id='word_1_290' title='bbox 192 2336 317 2366; x_wconf 79' lang='lat' dir='ltr'><strong>Abrahae</strong></span> <span class='ocrx_word' id='word_1_291' title='bbox 332 2336 370 2364; x_wconf 88' lang='lat' dir='ltr'><strong>ab</strong></span> <span class='ocrx_word' id='word_1_292' title='bbox 386 2336 499 2371; x_wconf 84' lang='lat' dir='ltr'><strong>angelis</strong></span> <span class='ocrx_word' id='word_1_293' title='bbox 514 2335 671 2371; x_wconf 84' lang='lat' dir='ltr'><strong>deportato</strong></span> <span class='ocrx_word' id='word_1_294' title='bbox 686 2335 805 2363; x_wconf 91' lang='lat' dir='ltr'><strong>nullum</strong></span> <span class='ocrx_word' id='word_1_295' title='bbox 817 2335 900 2363; x_wconf 86' lang='lat' dir='ltr'><strong>aliud</strong></span> <span class='ocrx_word' id='word_1_296' title='bbox 912 2335 976 2371; x_wconf 87' lang='lat' dir='ltr'><strong>jus-</strong></span> 
     </span>
     <span class='ocr_line' id='line_1_47' title="bbox 190 2382 975 2420; baseline -0.003 -8"><span class='ocrx_word' id='word_1_297' title='bbox 190 2384 260 2412; x_wconf 83' lang='lat' dir='ltr'><strong>titiae</strong></span> <span class='ocrx_word' id='word_1_298' title='bbox 275 2392 366 2420; x_wconf 91' lang='lat' dir='ltr'><strong>opus,</strong></span> <span class='ocrx_word' id='word_1_299' title='bbox 386 2383 435 2410; x_wconf 88' lang='lat' dir='ltr'><strong>vel</strong></span> <span class='ocrx_word' id='word_1_300' title='bbox 459 2390 580 2410; x_wconf 81' lang='lat' dir='ltr'><strong>causam</strong></span> <span class='ocrx_word' id='word_1_301' title='bbox 604 2382 708 2418; x_wconf 75' lang='lat' dir='ltr'><strong>gloriae</strong></span> <span class='ocrx_word' id='word_1_302' title='bbox 729 2382 880 2418; x_wconf 72' lang='lat' dir='ltr'><strong>Scriptura</strong></span> <span class='ocrx_word' id='word_1_303' title='bbox 900 2382 975 2410; x_wconf 85' lang='lat' dir='ltr'><strong>alle-</strong></span> 
     </span>
     <span class='ocr_line' id='line_1_48' title="bbox 191 2429 973 2467; baseline -0.003 -8"><span class='ocrx_word' id='word_1_304' title='bbox 191 2439 262 2467; x_wconf 83' lang='lat' dir='ltr'><strong>gare</strong></span> <span class='ocrx_word' id='word_1_305' title='bbox 276 2431 404 2465; x_wconf 78' lang='lat' dir='ltr'><strong>videtur,</strong></span> <span class='ocrx_word' id='word_1_306' title='bbox 420 2430 476 2458; x_wconf 86' lang='lat' dir='ltr'><strong>nisi</strong></span> <span class='ocrx_word' id='word_1_307' title='bbox 498 2429 582 2466; x_wconf 89' lang='lat' dir='ltr'><strong>quod</strong></span> <span class='ocrx_word' id='word_1_308' title='bbox 601 2429 665 2466; x_wconf 87' lang='lat' dir='ltr'><strong>ipse</strong></span> <span class='ocrx_word' id='word_1_309' title='bbox 679 2431 832 2466; x_wconf 82' lang='lat' dir='ltr'><strong>receperat</strong></span> <span class='ocrx_word' id='word_1_310' title='bbox 848 2429 927 2457; x_wconf 90' lang='lat' dir='ltr'><strong>mala</strong></span> <span class='ocrx_word' id='word_1_311' title='bbox 942 2429 973 2458; x_wconf 91' lang='lat' dir='ltr'><strong>in</strong></span> 
     </span>
     <span class='ocr_line' id='line_1_49' title="bbox 191 2475 974 2510; baseline -0.001 -4"><span class='ocrx_word' id='word_1_312' title='bbox 191 2477 248 2506; x_wconf 88' lang='lat' dir='ltr'><strong>hac</strong></span> <span class='ocrx_word' id='word_1_313' title='bbox 273 2477 394 2506; x_wconf 77' lang='lat' dir='ltr'><strong>mortali</strong></span> <span class='ocrx_word' id='word_1_314' title='bbox 419 2477 495 2510; x_wconf 79' lang='lat' dir='ltr'><strong>vita,</strong></span> <span class='ocrx_word' id='word_1_315' title='bbox 516 2478 545 2505; x_wconf 90' lang='lat' dir='ltr'><strong>et</strong></span> <span class='ocrx_word' id='word_1_316' title='bbox 570 2475 640 2504; x_wconf 90' lang='lat' dir='ltr'><strong>ideo</strong></span> <span class='ocrx_word' id='word_1_317' title='bbox 660 2477 736 2504; x_wconf 90' lang='lat' dir='ltr'><strong>Deus</strong></span> <span class='ocrx_word' id='word_1_318' title='bbox 759 2476 882 2505; x_wconf 85' lang='lat' dir='ltr'><strong>volebat</strong></span> <span class='ocrx_word' id='word_1_319' title='bbox 905 2484 974 2505; x_wconf 91' lang='lat' dir='ltr'><strong>eum</strong></span> 
     </span>
     <span class='ocr_line' id='line_1_50' title="bbox 192 2524 703 2558; baseline -0.002 -6"><span class='ocrx_word' id='word_1_320' title='bbox 192 2525 339 2553; x_wconf 85' lang='lat' dir='ltr'><strong>consolari</strong></span> <span class='ocrx_word' id='word_1_321' title='bbox 353 2525 384 2552; x_wconf 91' lang='lat' dir='ltr'><strong>in</strong></span> <span class='ocrx_word' id='word_1_322' title='bbox 396 2524 465 2552; x_wconf 83' lang='lat' dir='ltr'><strong>alia.</strong></span> <span class='ocrx_word' id='word_1_323' title='bbox 479 2524 557 2556; x_wconf 71' lang='lat' dir='ltr'><strong>Luc„</strong></span> <span class='ocrx_word' id='word_1_324' title='bbox 571 2531 622 2551; x_wconf 77' lang='lat' dir='ltr'><strong>xw</strong></span> <span class='ocrx_word' id='word_1_325' title='bbox 636 2543 646 2558; x_wconf 94' lang='lat'><strong>,</strong></span> <span class='ocrx_word' id='word_1_326' title='bbox 657 2525 703 2552; x_wconf 69' lang='lat'><strong>25.</strong></span> 
     </span>
    </p>

    <p class='ocr_par' dir='ltr' id='par_1_13' title="bbox 226 2570 973 2608">
     <span class='ocr_line' id='line_1_51' title="bbox 226 2570 973 2608; baseline -0.003 -8"><span class='ocrx_word' id='word_1_327' title='bbox 226 2573 373 2608; x_wconf 75' lang='lat' dir='ltr'><strong>pauperes</strong></span> <span class='ocrx_word' id='word_1_328' title='bbox 387 2574 415 2600; x_wconf 88' lang='lat' dir='ltr'><strong>et</strong></span> <span class='ocrx_word' id='word_1_329' title='bbox 430 2570 544 2599; x_wconf 86' lang='lat' dir='ltr'><strong>debiles</strong></span> <span class='ocrx_word' id='word_1_330' title='bbox 562 2570 601 2599; x_wconf 90' lang='lat' dir='ltr'><strong>ad</strong></span> <span class='ocrx_word' id='word_1_331' title='bbox 620 2578 737 2600; x_wconf 83' lang='lat' dir='ltr'><strong>coenam</strong></span> <span class='ocrx_word' id='word_1_332' title='bbox 753 2570 836 2599; x_wconf 82' lang='lat' dir='ltr'><strong>illam</strong></span> <span class='ocrx_word' id='word_1_333' title='bbox 856 2570 973 2601; x_wconf 90' lang='lat' dir='ltr'><strong>Domini</strong></span> 
     </span>
    </p>
   </div>
   <div class='ocr_carea' id='block_1_3' title="bbox 223 2671 437 2704">
    <p class='ocr_par' dir='ltr' id='par_1_14' title="bbox 223 2671 437 2704">
     <span class='ocr_line' id='line_1_52' title="bbox 223 2671 437 2704; baseline 0 -8"><span class='ocrx_word' id='word_1_334' title='bbox 223 2671 259 2703; x_wconf 76' lang='lat' dir='ltr'><strong>(a)</strong></span> <span class='ocrx_word' id='word_1_335' title='bbox 272 2671 347 2704; x_wconf 81' lang='lat' dir='ltr'><strong>Vulg.</strong></span> <span class='ocrx_word' id='word_1_336' title='bbox 363 2671 437 2696; x_wconf 71' lang='lat' dir='ltr'><strong>milii.</strong></span> 
     </span>
    </p>
   </div>
   <div class='ocr_carea' id='block_1_4' title="bbox 1758 182 1817 213">
    <p class='ocr_par' dir='ltr' id='par_1_15' title="bbox 1758 182 1817 213">
     <span class='ocr_line' id='line_1_53' title="bbox 1758 182 1817 213; baseline 0 -1"><span class='ocrx_word' id='word_1_337' title='bbox 1758 182 1817 213; x_wconf 78' lang='lat'><strong>575</strong></span> 
     </span>
    </p>
   </div>
   <div class='ocr_carea' id='block_1_5' title="bbox 1031 247 1823 1138">
    <p class='ocr_par' dir='ltr' id='par_1_16' title="bbox 1031 247 1817 381">
     <span class='ocr_line' id='line_1_54' title="bbox 1031 247 1817 289; baseline -0.003 -11"><span class='ocrx_word' id='word_1_338' title='bbox 1031 256 1174 285; x_wconf 84' lang='lat' dir='ltr'><strong>magnam</strong></span> <span class='ocrx_word' id='word_1_339' title='bbox 1185 247 1305 289; x_wconf 78' lang='lat' dir='ltr'><strong>fuerunt</strong></span> <span class='ocrx_word' id='word_1_340' title='bbox 1317 248 1497 284; x_wconf 87' lang='lat' dir='ltr'><strong>introducti;</strong></span> <span class='ocrx_word' id='word_1_341' title='bbox 1512 249 1575 278; x_wconf 90' lang='lat' dir='ltr'><strong>imo</strong></span> <span class='ocrx_word' id='word_1_342' title='bbox 1587 249 1676 278; x_wconf 84' lang='lat' dir='ltr'><strong>etiam</strong></span> <span class='ocrx_word' id='word_1_343' title='bbox 1690 248 1817 285; x_wconf 83' lang='lat' dir='ltr'><strong>quidam</strong></span> 
     </span>
     <span class='ocr_line' id='line_1_55' title="bbox 1033 295 1816 333; baseline 0.001 -9"><span class='ocrx_word' id='word_1_344' title='bbox 1033 297 1071 325; x_wconf 88' lang='lat' dir='ltr'><strong>de</strong></span> <span class='ocrx_word' id='word_1_345' title='bbox 1090 296 1148 325; x_wconf 85' lang='lat' dir='ltr'><strong>viis</strong></span> <span class='ocrx_word' id='word_1_346' title='bbox 1162 298 1190 324; x_wconf 89' lang='lat' dir='ltr'><strong>et</strong></span> <span class='ocrx_word' id='word_1_347' title='bbox 1205 295 1327 332; x_wconf 88' lang='lat' dir='ltr'><strong>sepibus</strong></span> <span class='ocrx_word' id='word_1_348' title='bbox 1341 296 1482 333; x_wconf 84' lang='lat' dir='ltr'><strong>leguntur</strong></span> <span class='ocrx_word' id='word_1_349' title='bbox 1495 296 1538 325; x_wconf 91' lang='lat' dir='ltr'><strong>ibi</strong></span> <span class='ocrx_word' id='word_1_350' title='bbox 1552 295 1642 325; x_wconf 82' lang='lat' dir='ltr'><strong>fuisse</strong></span> <span class='ocrx_word' id='word_1_351' title='bbox 1657 295 1816 333; x_wconf 81' lang='lat' dir='ltr'><strong>compulsi.</strong></span> 
     </span>
     <span class='ocr_line' id='line_1_56' title="bbox 1032 345 1246 381; baseline -0.005 -8"><span class='ocrx_word' id='word_1_352' title='bbox 1032 346 1112 381; x_wconf 65' lang='lat' dir='ltr'><strong>Luc„</strong></span> <span class='ocrx_word' id='word_1_353' title='bbox 1124 352 1184 380; x_wconf 80' lang='lat' dir='ltr'><strong>xiv,</strong></span> <span class='ocrx_word' id='word_1_354' title='bbox 1199 345 1246 373; x_wconf 77' lang='lat'><strong>21.</strong></span> 
     </span>
    </p>

    <p class='ocr_par' dir='ltr' id='par_1_17' title="bbox 1033 391 1819 617">
     <span class='ocr_line' id='line_1_57' title="bbox 1070 391 1817 430; baseline 0 -10"><span class='ocrx_word' id='word_1_355' title='bbox 1070 393 1178 421; x_wconf 84' lang='lat' dir='ltr'><strong>Omnes</strong></span> <span class='ocrx_word' id='word_1_356' title='bbox 1197 391 1250 428; x_wconf 89' lang='lat' dir='ltr'><strong>qui</strong></span> <span class='ocrx_word' id='word_1_357' title='bbox 1270 391 1434 421; x_wconf 86' lang='lat' dir='ltr'><strong>credebant</strong></span> <span class='ocrx_word' id='word_1_358' title='bbox 1458 393 1489 421; x_wconf 89' lang='lat' dir='ltr'><strong>in</strong></span> <span class='ocrx_word' id='word_1_359' title='bbox 1503 391 1655 430; x_wconf 86' lang='lat' dir='ltr'><strong>primitiva</strong></span> <span class='ocrx_word' id='word_1_360' title='bbox 1676 391 1817 428; x_wconf 87' lang='lat' dir='ltr'><strong>Ecclesia,</strong></span> 
     </span>
     <span class='ocr_line' id='line_1_58' title="bbox 1033 439 1817 476; baseline 0 -8"><span class='ocrx_word' id='word_1_361' title='bbox 1033 441 1117 468; x_wconf 83' lang='lat' dir='ltr'><strong>erant</strong></span> <span class='ocrx_word' id='word_1_362' title='bbox 1137 439 1265 476; x_wconf 87' lang='lat' dir='ltr'><strong>pariter,</strong></span> <span class='ocrx_word' id='word_1_363' title='bbox 1290 441 1318 467; x_wconf 90' lang='lat' dir='ltr'><strong>et</strong></span> <span class='ocrx_word' id='word_1_364' title='bbox 1336 439 1490 468; x_wconf 86' lang='lat' dir='ltr'><strong>habebant</strong></span> <span class='ocrx_word' id='word_1_365' title='bbox 1510 440 1613 468; x_wconf 88' lang='lat' dir='ltr'><strong>omnia</strong></span> <span class='ocrx_word' id='word_1_366' title='bbox 1634 439 1817 475; x_wconf 88' lang='lat' dir='ltr'><strong>communia,</strong></span> 
     </span>
     <span class='ocr_line' id='line_1_59' title="bbox 1033 486 1819 523; baseline 0 -9"><span class='ocrx_word' id='word_1_367' title='bbox 1033 487 1238 523; x_wconf 86' lang='lat' dir='ltr'><strong>possessiones</strong></span> <span class='ocrx_word' id='word_1_368' title='bbox 1252 488 1280 515; x_wconf 89' lang='lat' dir='ltr'><strong>et</strong></span> <span class='ocrx_word' id='word_1_369' title='bbox 1293 487 1475 516; x_wconf 82' lang='lat' dir='ltr'><strong>substantias</strong></span> <span class='ocrx_word' id='word_1_370' title='bbox 1489 487 1679 523; x_wconf 86' lang='lat' dir='ltr'><strong>vendebant,</strong></span> <span class='ocrx_word' id='word_1_371' title='bbox 1696 489 1723 515; x_wconf 90' lang='lat' dir='ltr'><strong>et</strong></span> <span class='ocrx_word' id='word_1_372' title='bbox 1738 486 1819 515; x_wconf 88' lang='lat' dir='ltr'><strong>divi-</strong></span> 
     </span>
     <span class='ocr_line' id='line_1_60' title="bbox 1035 533 1818 571; baseline 0.003 -10"><span class='ocrx_word' id='word_1_373' title='bbox 1035 533 1148 562; x_wconf 90' lang='lat' dir='ltr'><strong>debant</strong></span> <span class='ocrx_word' id='word_1_374' title='bbox 1166 533 1234 562; x_wconf 90' lang='lat' dir='ltr'><strong>illas</strong></span> <span class='ocrx_word' id='word_1_375' title='bbox 1249 534 1408 570; x_wconf 81' lang='lat' dir='ltr'><strong>omnibus,</strong></span> <span class='ocrx_word' id='word_1_376' title='bbox 1428 536 1519 571; x_wconf 89' lang='lat' dir='ltr'><strong>prout</strong></span> <span class='ocrx_word' id='word_1_377' title='bbox 1533 534 1640 571; x_wconf 83' lang='lat' dir='ltr'><strong>cuique</strong></span> <span class='ocrx_word' id='word_1_378' title='bbox 1655 542 1731 571; x_wconf 90' lang='lat' dir='ltr'><strong>opus</strong></span> <span class='ocrx_word' id='word_1_379' title='bbox 1747 535 1818 563; x_wconf 88' lang='lat' dir='ltr'><strong>erat.</strong></span> 
     </span>
     <span class='ocr_line' id='line_1_61' title="bbox 1034 581 1277 617; baseline 0 -8"><span class='ocrx_word' id='word_1_380' title='bbox 1034 581 1110 617; x_wconf 62' lang='lat' dir='ltr'><strong>Act„</strong></span> <span class='ocrx_word' id='word_1_381' title='bbox 1124 589 1156 617; x_wconf 88' lang='lat'><strong>11,</strong></span> <span class='ocrx_word' id='word_1_382' title='bbox 1169 583 1216 617; x_wconf 78' lang='lat'><strong>44,</strong></span> <span class='ocrx_word' id='word_1_383' title='bbox 1231 581 1277 609; x_wconf 79' lang='lat'><strong>45.</strong></span> 
     </span>
    </p>

    <p class='ocr_par' dir='ltr' id='par_1_18' title="bbox 1035 628 1821 760">
     <span class='ocr_line' id='line_1_62' title="bbox 1070 628 1821 667; baseline 0.003 -11"><span class='ocrx_word' id='word_1_384' title='bbox 1070 630 1171 657; x_wconf 85' lang='lat' dir='ltr'><strong>Petrus</strong></span> <span class='ocrx_word' id='word_1_385' title='bbox 1201 628 1277 657; x_wconf 87' lang='lat' dir='ltr'><strong>dixit</strong></span> <span class='ocrx_word' id='word_1_386' title='bbox 1306 629 1416 657; x_wconf 82' lang='lat' dir='ltr'><strong>claudo</strong></span> <span class='ocrx_word' id='word_1_387' title='bbox 1441 629 1568 666; x_wconf 88' lang='lat' dir='ltr'><strong>pauperi</strong></span> <span class='ocrx_word' id='word_1_388' title='bbox 1599 629 1821 667; x_wconf 83' lang='lat' dir='ltr'><strong>eleemosynam</strong></span> 
     </span>
     <span class='ocr_line' id='line_1_63' title="bbox 1035 675 1820 712; baseline 0.004 -10"><span class='ocrx_word' id='word_1_389' title='bbox 1035 675 1171 712; x_wconf 88' lang='lat' dir='ltr'><strong>petenti:</strong></span> <span class='ocrx_word' id='word_1_390' title='bbox 1198 684 1212 701; x_wconf 75' lang='grc' dir='ltr'><strong>ιι</strong></span> <span class='ocrx_word' id='word_1_391' title='bbox 1235 677 1399 711; x_wconf 80' lang='lat' dir='ltr'><strong>Argentum</strong></span> <span class='ocrx_word' id='word_1_392' title='bbox 1424 678 1452 704; x_wconf 87' lang='lat' dir='ltr'><strong>et</strong></span> <span class='ocrx_word' id='word_1_393' title='bbox 1474 684 1583 704; x_wconf 87' lang='lat' dir='ltr'><strong>aurum</strong></span> <span class='ocrx_word' id='word_1_394' title='bbox 1605 684 1668 705; x_wconf 88' lang='lat' dir='ltr'><strong>non</strong></span> <span class='ocrx_word' id='word_1_395' title='bbox 1692 679 1734 705; x_wconf 86' lang='lat' dir='ltr'><strong>est</strong></span> <span class='ocrx_word' id='word_1_396' title='bbox 1753 685 1820 705; x_wconf 87' lang='lat' dir='ltr'><strong>me-</strong></span> 
     </span>
     <span class='ocr_line' id='line_1_64' title="bbox 1035 722 1452 760; baseline 0 -9"><span class='ocrx_word' id='word_1_397' title='bbox 1035 731 1104 751; x_wconf 87' lang='lat' dir='ltr'><strong>cum</strong></span> <span class='ocrx_word' id='word_1_398' title='bbox 1116 722 1165 760; x_wconf 87' lang='lat' dir='ltr'><strong>(a),</strong></span> <span class='ocrx_word' id='word_1_399' title='bbox 1181 733 1194 750; x_wconf 89' lang='lat'>»</span> <span class='ocrx_word' id='word_1_400' title='bbox 1212 724 1266 751; x_wconf 88' lang='lat' dir='ltr'><strong>ete.</strong></span> <span class='ocrx_word' id='word_1_401' title='bbox 1285 725 1318 752; x_wconf 85' lang='lat' dir='ltr'><strong>Ill</strong></span> <span class='ocrx_word' id='word_1_402' title='bbox 1334 724 1409 758; x_wconf 65' lang='lat' dir='ltr'><strong>Act„</strong></span> <span class='ocrx_word' id='word_1_403' title='bbox 1426 725 1452 751; x_wconf 90' lang='grc'><strong>6.</strong></span> 
     </span>
    </p>

    <p class='ocr_par' dir='ltr' id='par_1_19' title="bbox 1034 771 1823 1138">
     <span class='ocr_line' id='line_1_65' title="bbox 1072 771 1823 807; baseline 0 -7"><span class='ocrx_word' id='word_1_404' title='bbox 1072 771 1247 800; x_wconf 75' lang='lat' dir='ltr'><strong>valedicens</strong></span> <span class='ocrx_word' id='word_1_405' title='bbox 1263 772 1372 800; x_wconf 84' lang='lat' dir='ltr'><strong>Paulus</strong></span> <span class='ocrx_word' id='word_1_406' title='bbox 1392 772 1536 801; x_wconf 88' lang='lat' dir='ltr'><strong>fidelibus</strong></span> <span class='ocrx_word' id='word_1_407' title='bbox 1551 772 1589 800; x_wconf 88' lang='lat' dir='ltr'><strong>de</strong></span> <span class='ocrx_word' id='word_1_408' title='bbox 1603 772 1728 807; x_wconf 82' lang='lat' dir='ltr'><strong>Achaia,</strong></span> <span class='ocrx_word' id='word_1_409' title='bbox 1749 772 1823 801; x_wconf 85' lang='lat' dir='ltr'><strong>dixit</strong></span> 
     </span>
     <span class='ocr_line' id='line_1_66' title="bbox 1034 819 1821 855; baseline 0.001 -9"><span class='ocrx_word' id='word_1_410' title='bbox 1034 819 1111 847; x_wconf 86' lang='lat' dir='ltr'><strong>inter</strong></span> <span class='ocrx_word' id='word_1_411' title='bbox 1128 820 1251 847; x_wconf 86' lang='lat' dir='ltr'><strong>caetera:</strong></span> <span class='ocrx_word' id='word_1_412' title='bbox 1272 820 1464 855; x_wconf 80' lang='lat' dir='ltr'><strong>«Argentum</strong></span> <span class='ocrx_word' id='word_1_413' title='bbox 1488 822 1516 848; x_wconf 87' lang='lat' dir='ltr'><strong>et</strong></span> <span class='ocrx_word' id='word_1_414' title='bbox 1535 827 1660 854; x_wconf 88' lang='lat' dir='ltr'><strong>aurum,</strong></span> <span class='ocrx_word' id='word_1_415' title='bbox 1682 821 1732 848; x_wconf 89' lang='lat' dir='ltr'><strong>aut</strong></span> <span class='ocrx_word' id='word_1_416' title='bbox 1755 827 1821 848; x_wconf 87' lang='lat' dir='ltr'><strong>ves-</strong></span> 
     </span>
     <span class='ocr_line' id='line_1_67' title="bbox 1034 866 1822 904; baseline 0.001 -10"><span class='ocrx_word' id='word_1_417' title='bbox 1034 868 1095 895; x_wconf 90' lang='lat' dir='ltr'><strong>tem</strong></span> <span class='ocrx_word' id='word_1_418' title='bbox 1108 866 1221 894; x_wconf 86' lang='lat' dir='ltr'><strong>nullius</strong></span> <span class='ocrx_word' id='word_1_419' title='bbox 1237 867 1416 903; x_wconf 86' lang='lat' dir='ltr'><strong>concupivi,</strong></span> <span class='ocrx_word' id='word_1_420' title='bbox 1431 867 1488 904; x_wconf 87' lang='lat' dir='ltr'><strong>ipsi</strong></span> <span class='ocrx_word' id='word_1_421' title='bbox 1505 867 1601 902; x_wconf 83' lang='lat' dir='ltr'><strong>scitis,</strong></span> <span class='ocrx_word' id='word_1_422' title='bbox 1622 867 1768 904; x_wconf 88' lang='lat' dir='ltr'><strong>quoniam</strong></span> <span class='ocrx_word' id='word_1_423' title='bbox 1782 867 1822 896; x_wconf 91' lang='lat' dir='ltr'><strong>ad</strong></span> 
     </span>
     <span class='ocr_line' id='line_1_68' title="bbox 1036 915 1823 951; baseline 0.001 -9"><span class='ocrx_word' id='word_1_424' title='bbox 1036 922 1083 950; x_wconf 91' lang='lat' dir='ltr'><strong>ea,</strong></span> <span class='ocrx_word' id='word_1_425' title='bbox 1108 922 1174 950; x_wconf 81' lang='lat' dir='ltr'><strong>quae</strong></span> <span class='ocrx_word' id='word_1_426' title='bbox 1199 916 1282 943; x_wconf 84' lang='lat' dir='ltr'><strong>erant</strong></span> <span class='ocrx_word' id='word_1_427' title='bbox 1307 922 1383 951; x_wconf 91' lang='lat' dir='ltr'><strong>opus</strong></span> <span class='ocrx_word' id='word_1_428' title='bbox 1407 915 1492 950; x_wconf 86' lang='lat' dir='ltr'><strong>mihi,</strong></span> <span class='ocrx_word' id='word_1_429' title='bbox 1517 917 1545 943; x_wconf 84' lang='lat' dir='ltr'><strong>et</strong></span> <span class='ocrx_word' id='word_1_430' title='bbox 1565 915 1612 943; x_wconf 91' lang='lat' dir='ltr'><strong>his</strong></span> <span class='ocrx_word' id='word_1_431' title='bbox 1632 915 1684 951; x_wconf 88' lang='lat' dir='ltr'><strong>qui</strong></span> <span class='ocrx_word' id='word_1_432' title='bbox 1702 923 1823 943; x_wconf 88' lang='lat' dir='ltr'><strong>mecum</strong></span> 
     </span>
     <span class='ocr_line' id='line_1_69' title="bbox 1036 961 1822 998; baseline 0.003 -10"><span class='ocrx_word' id='word_1_433' title='bbox 1036 962 1115 996; x_wconf 87' lang='lat' dir='ltr'><strong>sunt,</strong></span> <span class='ocrx_word' id='word_1_434' title='bbox 1131 961 1374 990; x_wconf 87' lang='lat' dir='ltr'><strong>ministraverunt</strong></span> <span class='ocrx_word' id='word_1_435' title='bbox 1384 970 1492 990; x_wconf 89' lang='lat' dir='ltr'><strong>manus</strong></span> <span class='ocrx_word' id='word_1_436' title='bbox 1505 962 1577 990; x_wconf 79' lang='lat' dir='ltr'><strong>istae.</strong></span> <span class='ocrx_word' id='word_1_437' title='bbox 1594 973 1607 988; x_wconf 92' lang='lat'>»</span> <span class='ocrx_word' id='word_1_438' title='bbox 1619 963 1694 998; x_wconf 64' lang='lat' dir='ltr'><strong>Act„</strong></span> <span class='ocrx_word' id='word_1_439' title='bbox 1709 970 1760 998; x_wconf 86' lang='lat' dir='ltr'><strong>xx,</strong></span> <span class='ocrx_word' id='word_1_440' title='bbox 1775 963 1822 997; x_wconf 88' lang='grc'><strong>33,</strong></span> 
     </span>
     <span class='ocr_line' id='line_1_70' title="bbox 1037 1009 1823 1044; baseline 0.001 -8"><span class='ocrx_word' id='word_1_441' title='bbox 1037 1009 1083 1036; x_wconf 85' lang='grc'><strong>34.</strong></span> <span class='ocrx_word' id='word_1_442' title='bbox 1100 1009 1183 1043; x_wconf 84' lang='lat' dir='ltr'><strong>Item,</strong></span> <span class='ocrx_word' id='word_1_443' title='bbox 1197 1009 1207 1036; x_wconf 94' lang='lat' dir='ltr'><strong>I</strong></span> <span class='ocrx_word' id='word_1_444' title='bbox 1225 1010 1303 1044; x_wconf 59' lang='lat' dir='ltr'><strong>Corn,</strong></span> <span class='ocrx_word' id='word_1_445' title='bbox 1317 1017 1361 1043; x_wconf 76' lang='lat' dir='ltr'><strong>lv,</strong></span> <span class='ocrx_word' id='word_1_446' title='bbox 1381 1010 1409 1037; x_wconf 76' lang='lat'><strong>¹1</strong></span> <span class='ocrx_word' id='word_1_447' title='bbox 1429 1018 1435 1037; x_wconf 94' lang='lat'>:</span> <span class='ocrx_word' id='word_1_448' title='bbox 1451 1019 1465 1035; x_wconf 92' lang='lat'>«</span> <span class='ocrx_word' id='word_1_449' title='bbox 1480 1009 1631 1038; x_wconf 90' lang='lat' dir='ltr'><strong>Esurimus</strong></span> <span class='ocrx_word' id='word_1_450' title='bbox 1646 1011 1675 1038; x_wconf 87' lang='lat' dir='ltr'><strong>et</strong></span> <span class='ocrx_word' id='word_1_451' title='bbox 1696 1009 1823 1044; x_wconf 87' lang='lat' dir='ltr'><strong>sitimus,</strong></span> 
     </span>
     <span class='ocr_line' id='line_1_71' title="bbox 1037 1055 1822 1092; baseline 0.001 -9"><span class='ocrx_word' id='word_1_452' title='bbox 1037 1057 1066 1083; x_wconf 88' lang='lat' dir='ltr'><strong>et</strong></span> <span class='ocrx_word' id='word_1_453' title='bbox 1076 1055 1151 1083; x_wconf 89' lang='lat' dir='ltr'><strong>nudi</strong></span> <span class='ocrx_word' id='word_1_454' title='bbox 1161 1064 1274 1084; x_wconf 88' lang='lat' dir='ltr'><strong>sumus.</strong></span> <span class='ocrx_word' id='word_1_455' title='bbox 1291 1058 1336 1084; x_wconf 83' lang='lat'><strong>»11</strong></span> <span class='ocrx_word' id='word_1_456' title='bbox 1345 1057 1417 1091; x_wconf 60' lang='lat' dir='ltr'><strong>Gor„</strong></span> <span class='ocrx_word' id='word_1_457' title='bbox 1435 1063 1478 1091; x_wconf 81' lang='lat' dir='ltr'><strong>xi,</strong></span> <span class='ocrx_word' id='word_1_458' title='bbox 1490 1059 1541 1085; x_wconf 84' lang='lat'><strong>27:</strong></span> <span class='ocrx_word' id='word_1_459' title='bbox 1558 1057 1614 1085; x_wconf 84' lang='lat' dir='ltr'><strong>«In</strong></span> <span class='ocrx_word' id='word_1_460' title='bbox 1627 1056 1706 1085; x_wconf 89' lang='lat' dir='ltr'><strong>fame</strong></span> <span class='ocrx_word' id='word_1_461' title='bbox 1722 1058 1752 1084; x_wconf 89' lang='lat' dir='ltr'><strong>et</strong></span> <span class='ocrx_word' id='word_1_462' title='bbox 1764 1057 1822 1092; x_wconf 78' lang='lat' dir='ltr'><strong>siti,</strong></span> 
     </span>
     <span class='ocr_line' id='line_1_72' title="bbox 1036 1102 1425 1138; baseline -0.003 -8"><span class='ocrx_word' id='word_1_463' title='bbox 1036 1102 1068 1130; x_wconf 89' lang='lat' dir='ltr'><strong>in</strong></span> <span class='ocrx_word' id='word_1_464' title='bbox 1081 1102 1191 1138; x_wconf 80' lang='lat' dir='ltr'><strong>frigore</strong></span> <span class='ocrx_word' id='word_1_465' title='bbox 1202 1104 1231 1131; x_wconf 87' lang='lat' dir='ltr'><strong>et</strong></span> <span class='ocrx_word' id='word_1_466' title='bbox 1244 1103 1389 1131; x_wconf 84' lang='lat' dir='ltr'><strong>nuditate.</strong></span> <span class='ocrx_word' id='word_1_467' title='bbox 1411 1113 1425 1130; x_wconf 74' lang='lat' dir='ltr'><strong>n</strong></span> 
     </span>
    </p>
   </div>
   <div class='ocr_carea' id='block_1_6' title="bbox 1209 1198 1650 1306">
    <p class='ocr_par' dir='ltr' id='par_1_20' title="bbox 1209 1198 1650 1306">
     <span class='ocr_line' id='line_1_73' title="bbox 1276 1198 1582 1234; baseline 0.003 -2"><span class='ocrx_word' id='word_1_468' title='bbox 1276 1198 1420 1232; x_wconf 84' lang='lat' dir='ltr'><strong>CAPUT</strong></span> <span class='ocrx_word' id='word_1_469' title='bbox 1444 1199 1582 1234; x_wconf 89' lang='lat' dir='ltr'>LXXV.</span> 
     </span>
     <span class='ocr_line' id='line_1_74' title="bbox 1209 1270 1650 1306; baseline 0.002 -9"><span class='ocrx_word' id='word_1_470' title='bbox 1209 1271 1247 1298; x_wconf 82' lang='lat' dir='ltr'><strong>De</strong></span> <span class='ocrx_word' id='word_1_471' title='bbox 1266 1270 1402 1306; x_wconf 75' lang='lat' dir='ltr'><strong>hypocrisi</strong></span> <span class='ocrx_word' id='word_1_472' title='bbox 1421 1274 1447 1299; x_wconf 79' lang='lat' dir='ltr'><strong>et</strong></span> <span class='ocrx_word' id='word_1_473' title='bbox 1465 1272 1650 1300; x_wconf 76' lang='lat' dir='ltr'><strong>simulatione.</strong></span> 
     </span>
    </p>
   </div>
   <div class='ocr_carea' id='block_1_7' title="bbox 1029 1340 1824 2656">
    <p class='ocr_par' dir='ltr' id='par_1_21' title="bbox 1035 1340 1824 1470">
     <span class='ocr_line' id='line_1_75' title="bbox 1073 1340 1824 1379; baseline 0.007 -12"><span class='ocrx_word' id='word_1_474' title='bbox 1073 1341 1190 1368; x_wconf 85' lang='lat' dir='ltr'><strong>Amnon</strong></span> <span class='ocrx_word' id='word_1_475' title='bbox 1202 1340 1281 1368; x_wconf 88' lang='lat' dir='ltr'><strong>filius</strong></span> <span class='ocrx_word' id='word_1_476' title='bbox 1303 1341 1396 1369; x_wconf 83' lang='lat' dir='ltr'><strong>David</strong></span> <span class='ocrx_word' id='word_1_477' title='bbox 1413 1341 1565 1370; x_wconf 83' lang='lat' dir='ltr'><strong>simulavit</strong></span> <span class='ocrx_word' id='word_1_478' title='bbox 1582 1342 1778 1379; x_wconf 83' lang='lat' dir='ltr'><strong>languorem,</strong></span> <span class='ocrx_word' id='word_1_479' title='bbox 1792 1346 1824 1372; x_wconf 90' lang='lat' dir='ltr'><strong>ut</strong></span> 
     </span>
     <span class='ocr_line' id='line_1_76' title="bbox 1035 1387 1821 1427; baseline 0.006 -13"><span class='ocrx_word' id='word_1_480' title='bbox 1035 1390 1136 1423; x_wconf 88' lang='lat' dir='ltr'><strong>posset</strong></span> <span class='ocrx_word' id='word_1_481' title='bbox 1150 1387 1287 1424; x_wconf 88' lang='lat' dir='ltr'><strong>decipere</strong></span> <span class='ocrx_word' id='word_1_482' title='bbox 1302 1389 1439 1424; x_wconf 83' lang='lat' dir='ltr'><strong>Thamar,</strong></span> <span class='ocrx_word' id='word_1_483' title='bbox 1454 1398 1547 1426; x_wconf 86' lang='lat' dir='ltr'><strong>quam</strong></span> <span class='ocrx_word' id='word_1_484' title='bbox 1561 1390 1723 1419; x_wconf 88' lang='lat' dir='ltr'><strong>libidinose</strong></span> <span class='ocrx_word' id='word_1_485' title='bbox 1738 1399 1821 1427; x_wconf 77' lang='lat' dir='ltr'><strong>ama-</strong></span> 
     </span>
     <span class='ocr_line' id='line_1_77' title="bbox 1037 1434 1354 1470; baseline 0.003 -8"><span class='ocrx_word' id='word_1_486' title='bbox 1037 1434 1099 1469; x_wconf 83' lang='lat' dir='ltr'><strong>bat,</strong></span> <span class='ocrx_word' id='word_1_487' title='bbox 1117 1435 1138 1463; x_wconf 94' lang='lat' dir='ltr'><strong>ll</strong></span> <span class='ocrx_word' id='word_1_488' title='bbox 1153 1436 1231 1470; x_wconf 54' lang='grc' dir='ltr'><strong>Πομ,</strong></span> <span class='ocrx_word' id='word_1_489' title='bbox 1247 1443 1309 1470; x_wconf 84' lang='lat' dir='ltr'><strong>xm,</strong></span> <span class='ocrx_word' id='word_1_490' title='bbox 1326 1438 1354 1465; x_wconf 81' lang='lat'><strong>5.</strong></span> 
     </span>
    </p>

    <p class='ocr_par' dir='ltr' id='par_1_22' title="bbox 1036 1482 1824 1614">
     <span class='ocr_line' id='line_1_78' title="bbox 1075 1482 1824 1520; baseline 0.007 -11"><span class='ocrx_word' id='word_1_491' title='bbox 1075 1482 1154 1510; x_wconf 78' lang='lat' dir='ltr'><strong>Uxor</strong></span> <span class='ocrx_word' id='word_1_492' title='bbox 1181 1483 1344 1510; x_wconf 84' lang='lat' dir='ltr'><strong>Jeroboam</strong></span> <span class='ocrx_word' id='word_1_493' title='bbox 1354 1504 1363 1518; x_wconf 95' lang='lat'><strong>,</strong></span> <span class='ocrx_word' id='word_1_494' title='bbox 1388 1485 1502 1512; x_wconf 86' lang='lat' dir='ltr'><strong>mutato</strong></span> <span class='ocrx_word' id='word_1_495' title='bbox 1527 1484 1632 1512; x_wconf 81' lang='lat' dir='ltr'><strong>habitu</strong></span> <span class='ocrx_word' id='word_1_496' title='bbox 1643 1506 1652 1520; x_wconf 92' lang='lat'><strong>,</strong></span> <span class='ocrx_word' id='word_1_497' title='bbox 1679 1485 1762 1513; x_wconf 89' lang='lat' dir='ltr'><strong>venit</strong></span> <span class='ocrx_word' id='word_1_498' title='bbox 1785 1486 1824 1514; x_wconf 87' lang='lat' dir='ltr'><strong>ad</strong></span> 
     </span>
     <span class='ocr_line' id='line_1_79' title="bbox 1036 1529 1823 1567; baseline 0.006 -10"><span class='ocrx_word' id='word_1_499' title='bbox 1036 1529 1143 1557; x_wconf 87' lang='lat' dir='ltr'><strong>Ahiam</strong></span> <span class='ocrx_word' id='word_1_500' title='bbox 1167 1530 1361 1566; x_wconf 71' lang='lat' dir='ltr'><strong>Prophetam,</strong></span> <span class='ocrx_word' id='word_1_501' title='bbox 1392 1531 1439 1558; x_wconf 89' lang='lat' dir='ltr'><strong>cui</strong></span> <span class='ocrx_word' id='word_1_502' title='bbox 1473 1531 1524 1559; x_wconf 92' lang='lat' dir='ltr'><strong>ille</strong></span> <span class='ocrx_word' id='word_1_503' title='bbox 1551 1531 1625 1560; x_wconf 81' lang='lat' dir='ltr'><strong>dixit</strong></span> <span class='ocrx_word' id='word_1_504' title='bbox 1650 1542 1657 1559; x_wconf 71' lang='grc' dir='ltr'><strong><em>ε</em></strong></span> <span class='ocrx_word' id='word_1_505' title='bbox 1690 1542 1704 1559; x_wconf 71' lang='grc' dir='ltr'><strong>ι(</strong></span> <span class='ocrx_word' id='word_1_506' title='bbox 1727 1534 1823 1567; x_wconf 86' lang='lat' dir='ltr'><strong>Quare</strong></span> 
     </span>
     <span class='ocr_line' id='line_1_80' title="bbox 1037 1576 1713 1614; baseline 0.006 -10"><span class='ocrx_word' id='word_1_507' title='bbox 1037 1576 1128 1604; x_wconf 83' lang='lat' dir='ltr'><strong>aliam</strong></span> <span class='ocrx_word' id='word_1_508' title='bbox 1141 1579 1168 1604; x_wconf 87' lang='lat' dir='ltr'><strong>te</strong></span> <span class='ocrx_word' id='word_1_509' title='bbox 1180 1585 1242 1604; x_wconf 79' lang='lat' dir='ltr'><strong>esse</strong></span> <span class='ocrx_word' id='word_1_510' title='bbox 1253 1577 1397 1605; x_wconf 71' lang='lat' dir='ltr'><strong>simulas?</strong></span> <span class='ocrx_word' id='word_1_511' title='bbox 1413 1588 1426 1604; x_wconf 84' lang='lat'>»</span> <span class='ocrx_word' id='word_1_512' title='bbox 1445 1581 1498 1606; x_wconf 79' lang='lat' dir='ltr'><strong>ete.</strong></span> <span class='ocrx_word' id='word_1_513' title='bbox 1516 1580 1548 1606; x_wconf 89' lang='lat'><strong>111</strong></span> <span class='ocrx_word' id='word_1_514' title='bbox 1563 1580 1642 1614; x_wconf 61' lang='lat' dir='ltr'><strong>Rea„</strong></span> <span class='ocrx_word' id='word_1_515' title='bbox 1655 1587 1713 1608; x_wconf 82' lang='lat' dir='ltr'><strong>xiv.</strong></span> 
     </span>
    </p>

    <p class='ocr_par' dir='ltr' id='par_1_23' title="bbox 1036 1624 1822 1758">
     <span class='ocr_line' id='line_1_81' title="bbox 1073 1624 1821 1657; baseline 0.005 -5"><span class='ocrx_word' id='word_1_516' title='bbox 1073 1624 1150 1652; x_wconf 89' lang='lat' dir='ltr'><strong>Giezi</strong></span> <span class='ocrx_word' id='word_1_517' title='bbox 1160 1624 1291 1652; x_wconf 87' lang='lat' dir='ltr'><strong>famulus</strong></span> <span class='ocrx_word' id='word_1_518' title='bbox 1307 1625 1392 1652; x_wconf 74' lang='lat' dir='ltr'><strong>Elisei</strong></span> <span class='ocrx_word' id='word_1_519' title='bbox 1404 1625 1555 1654; x_wconf 85' lang='lat' dir='ltr'><strong>simulavit</strong></span> <span class='ocrx_word' id='word_1_520' title='bbox 1565 1626 1722 1655; x_wconf 88' lang='lat' dir='ltr'><strong>dominum</strong></span> <span class='ocrx_word' id='word_1_521' title='bbox 1733 1635 1821 1657; x_wconf 89' lang='lat' dir='ltr'><strong>suum</strong></span> 
     </span>
     <span class='ocr_line' id='line_1_82' title="bbox 1036 1671 1822 1710; baseline 0.01 -12"><span class='ocrx_word' id='word_1_522' title='bbox 1036 1671 1173 1707; x_wconf 85' lang='lat' dir='ltr'><strong>indigere</strong></span> <span class='ocrx_word' id='word_1_523' title='bbox 1194 1671 1308 1708; x_wconf 88' lang='lat' dir='ltr'><strong>duplici</strong></span> <span class='ocrx_word' id='word_1_524' title='bbox 1328 1676 1406 1701; x_wconf 86' lang='lat' dir='ltr'><strong>veste</strong></span> <span class='ocrx_word' id='word_1_525' title='bbox 1427 1682 1483 1710; x_wconf 87' lang='lat' dir='ltr'><strong>pro</strong></span> <span class='ocrx_word' id='word_1_526' title='bbox 1504 1675 1625 1703; x_wconf 88' lang='lat' dir='ltr'><strong>duobus</strong></span> <span class='ocrx_word' id='word_1_527' title='bbox 1647 1676 1822 1706; x_wconf 78' lang='lat' dir='ltr'><strong>adolescen-</strong></span> 
     </span>
     <span class='ocr_line' id='line_1_83' title="bbox 1037 1719 1650 1758; baseline 0.01 -12"><span class='ocrx_word' id='word_1_528' title='bbox 1037 1719 1116 1747; x_wconf 85' lang='lat' dir='ltr'><strong>tibus</strong></span> <span class='ocrx_word' id='word_1_529' title='bbox 1131 1722 1158 1747; x_wconf 87' lang='lat' dir='ltr'><strong>et</strong></span> <span class='ocrx_word' id='word_1_530' title='bbox 1172 1719 1241 1747; x_wconf 86' lang='lat' dir='ltr'><strong>filiis</strong></span> <span class='ocrx_word' id='word_1_531' title='bbox 1252 1720 1475 1756; x_wconf 87' lang='lat' dir='ltr'><strong>prophetarum.</strong></span> <span class='ocrx_word' id='word_1_532' title='bbox 1489 1723 1522 1749; x_wconf 93' lang='lat' dir='ltr'><strong>lV</strong></span> <span class='ocrx_word' id='word_1_533' title='bbox 1532 1724 1611 1758; x_wconf 64' lang='lat' dir='ltr'><strong>Ray„</strong></span> <span class='ocrx_word' id='word_1_534' title='bbox 1622 1731 1650 1752; x_wconf 80' lang='lat' dir='ltr'><strong>v.</strong></span> 
     </span>
    </p>

    <p class='ocr_par' dir='ltr' id='par_1_24' title="bbox 1036 1767 1824 1996">
     <span class='ocr_line' id='line_1_84' title="bbox 1073 1767 1824 1808; baseline 0.009 -15"><span class='ocrx_word' id='word_1_535' title='bbox 1073 1767 1147 1794; x_wconf 87' lang='lat' dir='ltr'><strong>Cum</strong></span> <span class='ocrx_word' id='word_1_536' title='bbox 1162 1767 1290 1795; x_wconf 84' lang='lat' dir='ltr'><strong>venisset</strong></span> <span class='ocrx_word' id='word_1_537' title='bbox 1303 1768 1480 1803; x_wconf 81' lang='lat' dir='ltr'><strong>Apollonius</strong></span> <span class='ocrx_word' id='word_1_538' title='bbox 1493 1770 1741 1808; x_wconf 87' lang='lat' dir='ltr'><strong>Hierosolymam,</strong></span> <span class='ocrx_word' id='word_1_539' title='bbox 1754 1772 1824 1800; x_wconf 89' lang='lat' dir='ltr'><strong>mis-</strong></span> 
     </span>
     <span class='ocr_line' id='line_1_85' title="bbox 1037 1814 1821 1856; baseline 0.01 -15"><span class='ocrx_word' id='word_1_540' title='bbox 1037 1822 1087 1842; x_wconf 90' lang='lat' dir='ltr'><strong>sus</strong></span> <span class='ocrx_word' id='word_1_541' title='bbox 1102 1814 1141 1842; x_wconf 88' lang='lat' dir='ltr'><strong>ab</strong></span> <span class='ocrx_word' id='word_1_542' title='bbox 1153 1815 1309 1850; x_wconf 80' lang='lat' dir='ltr'><strong>AntiochO,</strong></span> <span class='ocrx_word' id='word_1_543' title='bbox 1324 1823 1430 1851; x_wconf 79' lang='lat' dir='ltr'><strong>pacem</strong></span> <span class='ocrx_word' id='word_1_544' title='bbox 1443 1817 1587 1845; x_wconf 87' lang='lat' dir='ltr'><strong>simulans</strong></span> <span class='ocrx_word' id='word_1_545' title='bbox 1602 1819 1715 1855; x_wconf 88' lang='lat' dir='ltr'><strong>quievit</strong></span> <span class='ocrx_word' id='word_1_546' title='bbox 1727 1828 1821 1856; x_wconf 87' lang='lat' dir='ltr'><strong>usque</strong></span> 
     </span>
     <span class='ocr_line' id='line_1_86' title="bbox 1037 1861 1821 1902; baseline 0.01 -14"><span class='ocrx_word' id='word_1_547' title='bbox 1037 1861 1077 1889; x_wconf 91' lang='lat' dir='ltr'><strong>ad</strong></span> <span class='ocrx_word' id='word_1_548' title='bbox 1092 1861 1173 1889; x_wconf 89' lang='lat' dir='ltr'><strong>diem</strong></span> <span class='ocrx_word' id='word_1_549' title='bbox 1189 1862 1304 1890; x_wconf 76' lang='lat' dir='ltr'><strong>sabbati</strong></span> <span class='ocrx_word' id='word_1_550' title='bbox 1314 1883 1322 1896; x_wconf 88' lang='lat'><strong>,</strong></span> <span class='ocrx_word' id='word_1_551' title='bbox 1337 1866 1365 1890; x_wconf 85' lang='lat' dir='ltr'><strong>et</strong></span> <span class='ocrx_word' id='word_1_552' title='bbox 1380 1865 1448 1892; x_wconf 88' lang='lat' dir='ltr'><strong>tunc</strong></span> <span class='ocrx_word' id='word_1_553' title='bbox 1466 1864 1578 1893; x_wconf 79' lang='lat' dir='ltr'><strong>feriatis</strong></span> <span class='ocrx_word' id='word_1_554' title='bbox 1592 1866 1700 1894; x_wconf 77' lang='lat' dir='ltr'><strong>Judaeis</strong></span> <span class='ocrx_word' id='word_1_555' title='bbox 1711 1889 1719 1902; x_wconf 87' lang='lat'><strong>,</strong></span> <span class='ocrx_word' id='word_1_556' title='bbox 1737 1876 1821 1896; x_wconf 88' lang='lat' dir='ltr'><strong>arma</strong></span> 
     </span>
     <span class='ocr_line' id='line_1_87' title="bbox 1036 1909 1822 1951; baseline 0.011 -16"><span class='ocrx_word' id='word_1_557' title='bbox 1036 1909 1097 1936; x_wconf 91' lang='lat' dir='ltr'><strong>suis</strong></span> <span class='ocrx_word' id='word_1_558' title='bbox 1113 1916 1219 1944; x_wconf 88' lang='lat' dir='ltr'><strong>capere</strong></span> <span class='ocrx_word' id='word_1_559' title='bbox 1240 1910 1396 1946; x_wconf 77' lang='lat' dir='ltr'><strong>praecepit,</strong></span> <span class='ocrx_word' id='word_1_560' title='bbox 1412 1913 1440 1938; x_wconf 94' lang='lat' dir='ltr'><strong>et</strong></span> <span class='ocrx_word' id='word_1_561' title='bbox 1461 1919 1567 1940; x_wconf 87' lang='lat' dir='ltr'><strong>omnes</strong></span> <span class='ocrx_word' id='word_1_562' title='bbox 1587 1914 1639 1949; x_wconf 90' lang='lat' dir='ltr'><strong>qui</strong></span> <span class='ocrx_word' id='word_1_563' title='bbox 1655 1914 1695 1942; x_wconf 88' lang='lat' dir='ltr'><strong>ad</strong></span> <span class='ocrx_word' id='word_1_564' title='bbox 1709 1918 1822 1951; x_wconf 83' lang='lat' dir='ltr'><strong>specla-</strong></span> 
     </span>
     <span class='ocr_line' id='line_1_88' title="bbox 1037 1955 1718 1996; baseline 0.012 -14"><span class='ocrx_word' id='word_1_565' title='bbox 1037 1955 1139 1983; x_wconf 90' lang='lat' dir='ltr'><strong>culum</strong></span> <span class='ocrx_word' id='word_1_566' title='bbox 1153 1958 1312 1992; x_wconf 82' lang='lat' dir='ltr'><strong>venerant,</strong></span> <span class='ocrx_word' id='word_1_567' title='bbox 1338 1958 1508 1987; x_wconf 86' lang='lat' dir='ltr'><strong>trucidavit.</strong></span> <span class='ocrx_word' id='word_1_568' title='bbox 1532 1961 1554 1988; x_wconf 92' lang='lat' dir='ltr'><strong>Il</strong></span> <span class='ocrx_word' id='word_1_569' title='bbox 1568 1961 1676 1996; x_wconf 62' lang='lat' dir='ltr'><strong>Maeli„</strong></span> <span class='ocrx_word' id='word_1_570' title='bbox 1691 1970 1718 1990; x_wconf 87' lang='lat' dir='ltr'><strong>v.</strong></span> 
     </span>
    </p>

    <p class='ocr_par' dir='ltr' id='par_1_25' title="bbox 1033 2002 1819 2227">
     <span class='ocr_line' id='line_1_89' title="bbox 1072 2002 1819 2045; baseline 0.012 -17"><span class='ocrx_word' id='word_1_571' title='bbox 1072 2002 1213 2035; x_wconf 83' lang='lat' dir='ltr'><strong>Quamvis</strong></span> <span class='ocrx_word' id='word_1_572' title='bbox 1227 2002 1330 2031; x_wconf 90' lang='lat' dir='ltr'><strong>divina</strong></span> <span class='ocrx_word' id='word_1_573' title='bbox 1342 2005 1488 2040; x_wconf 85' lang='lat' dir='ltr'><strong>sapientia</strong></span> <span class='ocrx_word' id='word_1_574' title='bbox 1501 2007 1678 2041; x_wconf 84' lang='lat' dir='ltr'><strong>generaliter</strong></span> <span class='ocrx_word' id='word_1_575' title='bbox 1691 2008 1819 2045; x_wconf 89' lang='lat' dir='ltr'><strong>impium</strong></span> 
     </span>
     <span class='ocr_line' id='line_1_90' title="bbox 1035 2049 1819 2093; baseline 0.011 -17"><span class='ocrx_word' id='word_1_576' title='bbox 1035 2049 1205 2085; x_wconf 82' lang='lat' dir='ltr'><strong>detestetur,</strong></span> <span class='ocrx_word' id='word_1_577' title='bbox 1218 2051 1311 2086; x_wconf 65' lang='lat' dir='ltr'><strong>prov„</strong></span> <span class='ocrx_word' id='word_1_578' title='bbox 1322 2059 1384 2085; x_wconf 83' lang='lat' dir='ltr'><strong>viu,</strong></span> <span class='ocrx_word' id='word_1_579' title='bbox 1395 2055 1422 2087; x_wconf 86' lang='lat'><strong>7,</strong></span> <span class='ocrx_word' id='word_1_580' title='bbox 1435 2056 1533 2081; x_wconf 79' lang='lat' dir='ltr'><strong>tamen</strong></span> <span class='ocrx_word' id='word_1_581' title='bbox 1543 2055 1710 2091; x_wconf 86' lang='lat' dir='ltr'><strong>specialiter</strong></span> <span class='ocrx_word' id='word_1_582' title='bbox 1723 2057 1819 2093; x_wconf 87' lang='lat' dir='ltr'><strong>hypo-</strong></span> 
     </span>
     <span class='ocr_line' id='line_1_91' title="bbox 1035 2097 1818 2139; baseline 0.011 -15"><span class='ocrx_word' id='word_1_583' title='bbox 1035 2097 1114 2125; x_wconf 84' lang='lat' dir='ltr'><strong>critis</strong></span> <span class='ocrx_word' id='word_1_584' title='bbox 1138 2098 1337 2126; x_wconf 87' lang='lat' dir='ltr'><strong>comminatur</strong></span> <span class='ocrx_word' id='word_1_585' title='bbox 1358 2100 1508 2128; x_wconf 87' lang='lat' dir='ltr'><strong>multoties</strong></span> <span class='ocrx_word' id='word_1_586' title='bbox 1522 2101 1554 2129; x_wconf 91' lang='lat' dir='ltr'><strong>in</strong></span> <span class='ocrx_word' id='word_1_587' title='bbox 1574 2103 1735 2139; x_wconf 88' lang='lat' dir='ltr'><strong>Evangelio</strong></span> <span class='ocrx_word' id='word_1_588' title='bbox 1747 2125 1756 2139; x_wconf 97' lang='lat'><strong>,</strong></span> <span class='ocrx_word' id='word_1_589' title='bbox 1773 2104 1818 2132; x_wconf 92' lang='lat' dir='ltr'><strong>di-</strong></span> 
     </span>
     <span class='ocr_line' id='line_1_92' title="bbox 1035 2145 1817 2188; baseline 0.01 -16"><span class='ocrx_word' id='word_1_590' title='bbox 1035 2152 1123 2172; x_wconf 89' lang='lat' dir='ltr'><strong>cens:</strong></span> <span class='ocrx_word' id='word_1_591' title='bbox 1139 2155 1152 2171; x_wconf 87' lang='lat'>«</span> <span class='ocrx_word' id='word_1_592' title='bbox 1165 2146 1212 2172; x_wconf 77' lang='lat' dir='ltr'><strong>Vae</strong></span> <span class='ocrx_word' id='word_1_593' title='bbox 1220 2145 1316 2182; x_wconf 81' lang='lat' dir='ltr'><strong>vobiS,</strong></span> <span class='ocrx_word' id='word_1_594' title='bbox 1330 2146 1473 2176; x_wconf 84' lang='lat' dir='ltr'><strong>Phaerisaei</strong></span> <span class='ocrx_word' id='word_1_595' title='bbox 1486 2148 1661 2186; x_wconf 80' lang='lat' dir='ltr'><strong>hypocritae,</strong></span> <span class='ocrx_word' id='word_1_596' title='bbox 1674 2161 1687 2178; x_wconf 72' lang='lat' dir='ltr'><strong>n</strong></span> <span class='ocrx_word' id='word_1_597' title='bbox 1702 2152 1817 2188; x_wconf 67' lang='lat' dir='ltr'><strong>Macth„</strong></span> 
     </span>
     <span class='ocr_line' id='line_1_93' title="bbox 1033 2193 1241 2227; baseline 0.01 -8"><span class='ocrx_word' id='word_1_598' title='bbox 1033 2199 1118 2227; x_wconf 78' lang='lat' dir='ltr'><strong>xxm,</strong></span> <span class='ocrx_word' id='word_1_599' title='bbox 1137 2193 1180 2227; x_wconf 74' lang='lat'><strong>¹4,</strong></span> <span class='ocrx_word' id='word_1_600' title='bbox 1196 2194 1241 2221; x_wconf 81' lang='lat'><strong>15.</strong></span> 
     </span>
    </p>

    <p class='ocr_par' dir='ltr' id='par_1_26' title="bbox 1032 2239 1820 2374">
     <span class='ocr_line' id='line_1_94' title="bbox 1070 2239 1820 2280; baseline 0.012 -14"><span class='ocrx_word' id='word_1_601' title='bbox 1070 2239 1222 2268; x_wconf 83' lang='lat' dir='ltr'><strong>Pharisaeis</strong></span> <span class='ocrx_word' id='word_1_602' title='bbox 1254 2240 1426 2269; x_wconf 84' lang='lat' dir='ltr'><strong>volentibus</strong></span> <span class='ocrx_word' id='word_1_603' title='bbox 1459 2250 1566 2280; x_wconf 84' lang='lat' dir='ltr'><strong>capere</strong></span> <span class='ocrx_word' id='word_1_604' title='bbox 1599 2246 1759 2274; x_wconf 90' lang='lat' dir='ltr'><strong>Dominum</strong></span> <span class='ocrx_word' id='word_1_605' title='bbox 1787 2247 1820 2276; x_wconf 90' lang='lat' dir='ltr'><strong>in</strong></span> 
     </span>
     <span class='ocr_line' id='line_1_95' title="bbox 1034 2288 1815 2327; baseline 0.012 -14"><span class='ocrx_word' id='word_1_606' title='bbox 1034 2293 1171 2314; x_wconf 88' lang='lat' dir='ltr'><strong>sermone</strong></span> <span class='ocrx_word' id='word_1_607' title='bbox 1182 2308 1191 2322; x_wconf 91' lang='lat'><em>‚</em></span> <span class='ocrx_word' id='word_1_608' title='bbox 1205 2288 1361 2323; x_wconf 84' lang='lat' dir='ltr'><strong>respondit</strong></span> <span class='ocrx_word' id='word_1_609' title='bbox 1374 2289 1532 2326; x_wconf 84' lang='lat' dir='ltr'><strong>increpans</strong></span> <span class='ocrx_word' id='word_1_610' title='bbox 1548 2299 1599 2319; x_wconf 88' lang='lat' dir='ltr'><strong>eos</strong></span> <span class='ocrx_word' id='word_1_611' title='bbox 1613 2301 1621 2321; x_wconf 74' lang='grc' dir='ltr'><strong><em>ε</em></strong></span> <span class='ocrx_word' id='word_1_612' title='bbox 1642 2302 1656 2319; x_wconf 70' lang='grc' dir='ltr'><strong>ι(</strong></span> <span class='ocrx_word' id='word_1_613' title='bbox 1671 2294 1749 2327; x_wconf 83' lang='lat' dir='ltr'><strong>Quid</strong></span> <span class='ocrx_word' id='word_1_614' title='bbox 1767 2302 1815 2322; x_wconf 87' lang='lat' dir='ltr'><strong>me</strong></span> 
     </span>
     <span class='ocr_line' id='line_1_96' title="bbox 1032 2333 1670 2374; baseline 0.011 -13"><span class='ocrx_word' id='word_1_615' title='bbox 1032 2333 1160 2368; x_wconf 84' lang='lat' dir='ltr'><strong>tentatis,</strong></span> <span class='ocrx_word' id='word_1_616' title='bbox 1175 2334 1359 2371; x_wconf 58' lang='lat' dir='ltr'><strong>hypocritae?</strong></span> <span class='ocrx_word' id='word_1_617' title='bbox 1373 2347 1387 2362; x_wconf 82' lang='lat'><strong>)&gt;</strong></span> <span class='ocrx_word' id='word_1_618' title='bbox 1407 2338 1522 2371; x_wconf 68' lang='lat' dir='ltr'><strong>illatth„</strong></span> <span class='ocrx_word' id='word_1_619' title='bbox 1539 2346 1611 2374; x_wconf 85' lang='lat' dir='ltr'><strong>xxn,</strong></span> <span class='ocrx_word' id='word_1_620' title='bbox 1628 2342 1670 2368; x_wconf 80' lang='lat'><strong>18.</strong></span> 
     </span>
    </p>

    <p class='ocr_par' dir='ltr' id='par_1_27' title="bbox 1029 2381 1814 2656">
     <span class='ocr_line' id='line_1_97' title="bbox 1069 2381 1813 2423; baseline 0.012 -16"><span class='ocrx_word' id='word_1_621' title='bbox 1069 2381 1197 2415; x_wconf 80' lang='lat' dir='ltr'><strong>Quidam</strong></span> <span class='ocrx_word' id='word_1_622' title='bbox 1217 2387 1285 2410; x_wconf 84' lang='lat' dir='ltr'><strong>sunt</strong></span> <span class='ocrx_word' id='word_1_623' title='bbox 1306 2383 1358 2419; x_wconf 93' lang='lat' dir='ltr'><strong>qui</strong></span> <span class='ocrx_word' id='word_1_624' title='bbox 1379 2392 1490 2419; x_wconf 88' lang='lat' dir='ltr'><strong>magna</strong></span> <span class='ocrx_word' id='word_1_625' title='bbox 1505 2386 1618 2414; x_wconf 85' lang='lat' dir='ltr'><strong>scelera</strong></span> <span class='ocrx_word' id='word_1_626' title='bbox 1633 2389 1813 2423; x_wconf 88' lang='lat' dir='ltr'><strong>perpetrant,</strong></span> 
     </span>
     <span class='ocr_line' id='line_1_98' title="bbox 1032 2429 1811 2470; baseline 0.009 -15"><span class='ocrx_word' id='word_1_627' title='bbox 1032 2429 1060 2456; x_wconf 89' lang='lat' dir='ltr'><strong>et</strong></span> <span class='ocrx_word' id='word_1_628' title='bbox 1078 2429 1200 2457; x_wconf 87' lang='lat' dir='ltr'><strong>modica</strong></span> <span class='ocrx_word' id='word_1_629' title='bbox 1219 2432 1342 2465; x_wconf 82' lang='lat' dir='ltr'><strong>peccata</strong></span> <span class='ocrx_word' id='word_1_630' title='bbox 1364 2431 1509 2466; x_wconf 82' lang='lat' dir='ltr'><strong>devitant,</strong></span> <span class='ocrx_word' id='word_1_631' title='bbox 1525 2433 1655 2461; x_wconf 85' lang='lat' dir='ltr'><strong>colantes</strong></span> <span class='ocrx_word' id='word_1_632' title='bbox 1675 2434 1811 2470; x_wconf 87' lang='lat' dir='ltr'><strong>culicem,</strong></span> 
     </span>
     <span class='ocr_line' id='line_1_99' title="bbox 1031 2477 1814 2518; baseline 0.011 -15"><span class='ocrx_word' id='word_1_633' title='bbox 1031 2478 1059 2504; x_wconf 90' lang='lat' dir='ltr'><strong>et</strong></span> <span class='ocrx_word' id='word_1_634' title='bbox 1073 2477 1222 2504; x_wconf 87' lang='lat' dir='ltr'><strong>camelum</strong></span> <span class='ocrx_word' id='word_1_635' title='bbox 1245 2478 1402 2513; x_wconf 87' lang='lat' dir='ltr'><strong>glutientes</strong></span> <span class='ocrx_word' id='word_1_636' title='bbox 1419 2489 1426 2507; x_wconf 90' lang='lat'><strong>:</strong></span> <span class='ocrx_word' id='word_1_637' title='bbox 1450 2481 1525 2509; x_wconf 89' lang='lat' dir='ltr'><strong>sicut</strong></span> <span class='ocrx_word' id='word_1_638' title='bbox 1545 2482 1695 2518; x_wconf 89' lang='lat' dir='ltr'><strong>principes</strong></span> <span class='ocrx_word' id='word_1_639' title='bbox 1716 2491 1814 2512; x_wconf 86' lang='lat' dir='ltr'><strong>sacer-</strong></span> 
     </span>
     <span class='ocr_line' id='line_1_100' title="bbox 1030 2523 1813 2566; baseline 0.01 -15"><span class='ocrx_word' id='word_1_640' title='bbox 1030 2523 1150 2560; x_wconf 85' lang='lat' dir='ltr'><strong>dotum,</strong></span> <span class='ocrx_word' id='word_1_641' title='bbox 1167 2525 1219 2560; x_wconf 84' lang='lat' dir='ltr'><strong>qui</strong></span> <span class='ocrx_word' id='word_1_642' title='bbox 1234 2526 1330 2561; x_wconf 84' lang='lat' dir='ltr'><strong>magis</strong></span> <span class='ocrx_word' id='word_1_643' title='bbox 1345 2527 1505 2556; x_wconf 85' lang='lat' dir='ltr'><strong>timuerunt</strong></span> <span class='ocrx_word' id='word_1_644' title='bbox 1518 2528 1627 2558; x_wconf 88' lang='lat' dir='ltr'><strong>intrare</strong></span> <span class='ocrx_word' id='word_1_645' title='bbox 1641 2532 1813 2566; x_wconf 81' lang='lat' dir='ltr'><strong>praetorium</strong></span> 
     </span>
     <span class='ocr_line' id='line_1_101' title="bbox 1030 2571 1814 2611; baseline 0.011 -13"><span class='ocrx_word' id='word_1_646' title='bbox 1030 2571 1130 2607; x_wconf 85' lang='lat' dir='ltr'><strong>Pilati,</strong></span> <span class='ocrx_word' id='word_1_647' title='bbox 1150 2580 1243 2608; x_wconf 86' lang='lat' dir='ltr'><strong>quam</strong></span> <span class='ocrx_word' id='word_1_648' title='bbox 1258 2574 1436 2609; x_wconf 89' lang='lat' dir='ltr'><strong>nequissime</strong></span> <span class='ocrx_word' id='word_1_649' title='bbox 1455 2583 1616 2611; x_wconf 85' lang='lat' dir='ltr'><strong>procurare</strong></span> <span class='ocrx_word' id='word_1_650' title='bbox 1632 2578 1745 2606; x_wconf 88' lang='lat' dir='ltr'><strong>crimen</strong></span> <span class='ocrx_word' id='word_1_651' title='bbox 1759 2579 1814 2607; x_wconf 90' lang='lat' dir='ltr'><strong>ho-</strong></span> 
     </span>
     <span class='ocr_line' id='line_1_102' title="bbox 1029 2620 1360 2656; baseline 0.012 -10"><span class='ocrx_word' id='word_1_652' title='bbox 1029 2620 1155 2655; x_wconf 82' lang='lat' dir='ltr'><strong>micidii.</strong></span> <span class='ocrx_word' id='word_1_653' title='bbox 1170 2621 1263 2656; x_wconf 66' lang='lat' dir='ltr'><strong>Joan„</strong></span> <span class='ocrx_word' id='word_1_654' title='bbox 1279 2629 1360 2650; x_wconf 82' lang='lat' dir='ltr'><strong>xvui.</strong></span> 
     </span>
    </p>
   </div>
   <div class='ocr_carea' id='block_1_8' title="bbox 1064 2667 1810 2708">
    <p class='ocr_par' dir='ltr' id='par_1_28' title="bbox 1064 2667 1810 2708">
     <span class='ocr_line' id='line_1_103' title="bbox 1064 2667 1810 2708; baseline 0.011 -14"><span class='ocrx_word' id='word_1_655' title='bbox 1064 2667 1327 2705; x_wconf 78' lang='lat' dir='ltr'><strong>Archisyuagogus</strong></span> <span class='ocrx_word' id='word_1_656' title='bbox 1355 2670 1534 2706; x_wconf 83' lang='lat' dir='ltr'><strong>indignans,</strong></span> <span class='ocrx_word' id='word_1_657' title='bbox 1564 2672 1636 2708; x_wconf 88' lang='lat' dir='ltr'><strong>quia</strong></span> <span class='ocrx_word' id='word_1_658' title='bbox 1667 2674 1810 2702; x_wconf 86' lang='lat' dir='ltr'><strong>Dominus</strong></span> 
     </span>
    </p>
   </div>
  </div>
 </body>
</html>
