2004 3037
265 225 325 257 402

264 291 295 320 ta
304 290 332 318 et
344 289 406 318 tota
414 286 504 316 simul
512 285 582 316 vita.
594 287 628 315 Et
635 287 833 315 Damascenus
845 283 917 313 dicit
926 284 948 318 ¹,
959 281 1043 320 quod

265 343 364 365 aevum
378 342 441 363 non
455 335 498 363 est
509 334 628 370 tempus
641 340 697 362 nec
719 339 790 370 pars
807 330 950 368 temporis
959 350 969 365 ,
989 327 1044 358 sed

264 382 349 420 quod
363 380 453 410 simul
472 380 660 418 protenditur
684 387 754 408 cum
776 377 909 414 aeternis,
933 376 1045 406 scilicet

263 429 430 459 secundum
442 427 710 467 perpetuationem.
725 426 809 456 idem
825 425 896 454 dicit
909 423 1045 460 Augusti-

263 485 320 506 nus
333 478 355 512 2,
369 476 449 505 libro
464 475 645 504 duodecimo
672 474 882 508 Confessionum.
903 471 986 500 Unde
1012 470 1045 499 in

263 523 342 553 libro
356 524 389 552 de
401 523 511 559 spiritu
523 525 549 552 et
558 523 663 551 Anima
673 521 780 550 dicitur
789 520 817 548 ³:
831 519 978 556 «Spiritus
990 517 1045 546 hu-

263 579 371 600 manus
380 570 512 607 quadam
522 568 702 598 conditionis
710 576 771 597 suae
780 565 966 601 excellentia,
974 564 1045 594 huic

264 617 469 654 mutabilitati,
492 625 560 654 quae
580 616 723 645 deorsum
746 617 805 651 est,
829 612 1044 650 supereminet,

265 666 351 703 quasi
367 666 482 694 creatus
501 664 533 693 in
551 664 705 693 horizonte
723 661 904 696 aeternitatis,
929 661 958 688 et
975 659 1045 688 ideo

265 713 305 743 ad
317 713 413 747 illam,
429 721 495 749 quse
509 713 552 740 est
565 711 647 748 apud
659 712 760 745 Deum,
773 707 1046 738 immutabilitatem

264 761 401 790 nondum
422 759 578 796 pervenit,
593 769 606 786 n
623 757 760 795 quamvis
773 756 939 794 pertingere
953 753 1048 790 possit

264 817 334 837 cum
347 807 477 843 Angelis.
488 806 612 843 Spiritus
619 805 700 834 enim
711 806 812 833 noster
824 801 965 831 convenit
977 807 1047 828 cum

264 854 480 892 temporalibus
494 854 525 882 in
539 853 613 887 hoc,
629 851 714 889 quod
723 850 890 880 secundum
899 847 1048 886 operatio-

265 911 317 932 nes
332 902 448 939 aliquas
462 902 505 930 est
517 899 670 928 mutabilis
679 920 688 934 ,
703 900 732 927 et
747 898 779 926 in
789 897 832 926 eis
845 895 1047 925 successiones

264 950 384 987 patitur.
401 948 483 977 Unde
498 948 529 976 in
543 947 623 975 libro
637 946 670 975 de
682 947 794 982 Spiritu
812 946 839 972 ec
853 944 957 972 Anima
971 941 1046 970 dici-

265 999 312 1026 tur
328 1006 335 1025 ι
348 1006 364 1023 (ι
373 997 402 1024 Si
417 995 536 1032 spiritus
550 995 650 1023 noster
663 993 695 1022 in
708 992 755 1021 his
769 1000 836 1028 quae
851 990 889 1028 (u)
904 990 1048 1018 deorsum

265 1045 462 1072 transeuntse
476 1049 530 1078 per
554 1040 747 1078 cupiditatem
770 1037 966 1072 immerserit,
989 1038 1048 1065 sta-

265 1091 318 1120 tim
338 1098 392 1127 per
412 1089 542 1118 infinitas
561 1087 767 1116 distractiones
785 1086 847 1113 sive
870 1084 976 1113 itinera
998 1091 1047 1112 ra-

264 1139 380 1175 pietur,
409 1138 437 1165 et
460 1144 479 1165 a
501 1136 538 1173 (b)
561 1135 659 1171 seipso
684 1131 912 1170 quodammodo
936 1130 1049 1159 divisus

267 1184 459 1222 dissipabitur
481 1192 517 1211 z»
538 1184 566 1212 et
589 1182 658 1210 ideo
682 1179 785 1218 quoad
809 1180 878 1208 istas
897 1177 1048 1214 operatio·-

265 1240 318 1260 nes
333 1230 505 1268 temporalis
523 1229 663 1265 efficitur,
685 1228 757 1265 quia
777 1229 910 1264 tempore
931 1232 1050 1254 mensu-

266 1282 357 1309 ratur.

304 1328 342 1355 De
351 1326 408 1354 hac
419 1324 609 1354 instabilitate
620 1324 648 1351 et
657 1321 854 1351 mutabilitate
868 1319 940 1348 dicit
953 1319 1049 1354 nugo,

269 1375 302 1402 de
315 1375 390 1401 Arca
411 1373 488 1407 Noe,
508 1371 550 1399 sic
567 1371 577 1388 t
592 1380 598 1399 :
617 1381 632 1397 a
648 1372 723 1398 Dum
737 1377 789 1397 cor
810 1369 964 1402 nostrum,
987 1366 1050 1394 sive

269 1421 387 1458 spiritus
406 1420 518 1454 noster,
538 1426 592 1454 per
613 1416 763 1445 desideria
787 1415 879 1443 ssuere
908 1412 1050 1449 eoeperit,

270 1467 355 1505 quasi
370 1467 400 1495 in
414 1468 457 1495 tot
471 1465 601 1494 divisum
614 1467 666 1500 est,
680 1464 755 1500 quot
769 1464 836 1490 sunt
851 1469 886 1490 ea
901 1469 967 1498 quae
981 1467 1051 1488 con-

269 1514 401 1551 cupiscit.
423 1513 495 1541 llinc
518 1512 648 1540 nascitur
669 1512 768 1538 motus
791 1509 855 1537 sinc
875 1508 1050 1544 stabilitate,

269 1563 356 1593 labor
369 1563 432 1590 sinc
446 1562 548 1598 requie
559 1582 567 1596 ‚
583 1568 686 1588 cursus
706 1560 769 1587 sine
784 1557 995 1595 perventione,
1013 1556 1053 1584 ita

270 1614 302 1639 ut
315 1617 434 1646 semper
454 1609 490 1637 sit
510 1608 659 1644 inquietus
683 1606 803 1643 spiritus
823 1607 932 1639 noster,
955 1603 1053 1632 donec

271 1658 332 1686 illic
347 1658 488 1685 inhaerere
503 1655 641 1691 eruperit,
661 1654 713 1682 uhi
736 1652 884 1681 desiderio
905 1659 959 1679 suo
978 1650 1053 1678 nihil

273 1706 374 1733 deesse
389 1703 518 1739 gaudeat
529 1724 536 1738 ,
554 1705 581 1730 et
596 1710 631 1730 ca
644 1710 709 1737 quie
725 1700 820 1732 diligit
835 1706 951 1734 semper
965 1705 1052 1725 man·

274 1760 343 1780 sura
358 1751 489 1779 confidat
502 1752 530 1777 et
542 1749 651 1777 credat.
664 1759 677 1774 »
695 1749 759 1775 llzrc
775 1747 835 1774 illc.
853 1748 893 1773 iix
909 1753 969 1781 quo
986 1752 1054 1772 con-

275 1799 414 1833 cluditur,
431 1797 514 1833 quod
529 1804 646 1824 necesse
662 1797 703 1823 est
719 1793 802 1830 quod
817 1793 935 1829 spiritus
950 1793 1055 1820 huma-

276 1855 332 1875 nus
346 1845 455 1873 habeut
470 1844 585 1880 aliquas
601 1841 789 1878 operationes
801 1862 810 1876 ‚
832 1848 898 1876 quie
914 1839 1056 1867 maneant

276 1894 442 1923 seeundum
467 1900 551 1919 suain
569 1890 782 1923 substantiam,
804 1888 872 1915 lieet
889 1895 950 1915 una
972 1885 1055 1914 alteri

276 1941 424 1970 succedat.
440 1939 527 1974 Quod
552 1937 678 1972 accidit,
701 1936 754 1964 ubi
776 1937 844 1963 sunt
868 1934 1056 1970 operationes

277 1989 439 2017 intrinsecae
454 1986 619 2014 intellectus
631 1987 658 2013 et
669 1985 802 2017 allecum,
818 1982 947 2009 maxime
963 1987 1056 2017 quan-

278 2037 317 2064 do
333 2036 363 2063 in
377 2034 491 2062 wternis
506 2034 647 2068 figuntur,
665 2039 738 2067 quas
762 2029 950 2066 operationes
972 2036 1055 2056 exer-

279 2092 344 2111 cere
363 2084 462 2119 posset
480 2081 598 2117 spiritus
612 2081 762 2108 humanus
774 2100 781 2112 ‚
802 2079 891 2106 etiam
909 2077 933 2104 si
949 2077 1057 2104 cii-lum

279 2132 378 2164 staret,
393 2129 441 2156 vel
457 2128 480 2155 si
496 2128 613 2156 nullum
628 2130 701 2155 esset
718 2129 848 2161 tempus,
865 2126 897 2152 ut
912 2126 991 2160 patet
1005 2131 1058 2159 per

280 2176 476 2212 Augustinum
495 2176 504 2191 '³
528 2183 534 2202 ε
557 2182 612 2202 nec
635 2174 766 2207 mirum,
789 2181 857 2200 cum
880 2172 915 2199 sit
940 2170 1058 2207 spiritus

280 2225 429 2253 humanus
444 2231 534 2259 supra
548 2224 664 2258 tempus
684 2221 809 2249 existens
831 2220 861 2247 in
877 2226 965 2246 carne
988 2220 1059 2245 tem-

281 2271 387 2308 porali.
420 2270 490 2297 Dicit
514 2269 594 2297 enini
628 2268 784 2303 Gregorius
811 2267 841 2294 in
874 2266 1024 2293 moralibus
1050 2273 1057 2292 :

283 2329 297 2345 c
310 2317 468 2346 Sublevata
488 2324 589 2350 nicus,
611 2315 642 2343 id
662 2316 719 2349 est,
740 2313 878 2350 spiritus,
900 2315 982 2339 extra.
1000 2313 1058 2339 ter-

281 2365 379 2393 minos
401 2365 571 2399 temporum
592 2361 719 2395 ducitur,
741 2361 830 2388 etiam
854 2367 922 2387 cuin
937 2367 954 2386 a
971 2366 1059 2386 earne

281 2413 459 2447 intempore
475 2412 596 2438 tenetur.
612 2420 626 2435 »
645 2411 676 2437 Et
697 2408 727 2436 in
747 2408 824 2435 libro
847 2407 879 2433 (le
902 2407 1012 2440 Spiritu
1034 2408 1060 2432 et

281 2460 384 2488 sze'ma
395 2458 405 2475 ⁰
422 2467 429 2486 :
448 2468 462 2483 α
477 2457 504 2485 Si
524 2456 642 2492 spiritus
660 2455 809 2483 humanus
832 2453 870 2481 ab
886 2453 942 2480 hac
957 2452 1060 2480 intima

282 2505 469 2534 distractione
479 2525 488 2540 ‚
511 2512 579 2540 quae
598 2503 740 2531 deorsum
754 2503 811 2536 est,
827 2500 952 2528 erexerit
966 2507 996 2527 se
1007 2520 1018 2534 ‚
1033 2501 1061 2527 ct

318 2593 465 2621 ¹Damuse.‚
486 2589 515 2613 dc
534 2588 592 2614 Fid.
610 2587 720 2616 orthod..
736 2587 780 2610 lib.
797 2587 827 2616 ΙΙ,
843 2592 866 2609 c.
884 2591 901 2609 1.
916 2597 946 2602 —
963 2585 973 2600 ²
984 2585 1059 2615 Aug„

283 2627 366 2657 Cous„
381 2626 424 2650 lib.
438 2626 492 2656 ΧΗ,
505 2632 528 2649 c.
541 2630 576 2648 x{.
588 2637 618 2642 -—
633 2624 643 2640 ³
656 2624 691 2647 De
705 2623 774 2654 δρινκ
790 2624 813 2645 el
827 2622 923 2650 Am‘m„
939 2627 960 2644 e.
979 2626 1060 2644 ΜΛΗ.

282 2676 311 2682 --
333 2663 341 2677 ⁴
356 2663 435 2693 nug„
453 2661 484 2686 de
500 2661 558 2686 Arc.
574 2659 636 2690 Noe,
653 2659 697 2684 lib.
720 2659 744 2688 i,
762 2657 862 2689 prolog.
885 2656 951 2681 cirea
970 2656 1013 2680 fin.
1029 2669 1061 2674 -

283 2699 293 2715 ⁸
306 2700 380 2729 Aug„
397 2697 480 2728 Confi,
496 2697 540 2722 lib.
555 2697 611 2727 ΧΗ,
626 2703 650 2721 c.
664 2701 701 2721 xt-
715 2708 746 2713 —
760 2697 769 2709 ⁰
783 2694 820 2718 De
836 2693 907 2724 Spir.
924 2694 947 2716 et
962 2692 1061 2722 Amin„

672 218 724 250 DE
745 215 904 250 SEPTEM
923 212 1154 247 lTlNERIBUS
1173 211 1464 248 AETERNITATIS.

1096 281 1160 311 12ae0
1167 281 1273 312 infima
1282 277 1434 317 desinon,
1445 276 1535 318 atque
1542 276 1771 317 perimmensa
1779 287 1877 309 unum

1097 329 1258 366 colligens,
1272 337 1374 358 secum
1392 335 1456 358 esse
1473 325 1626 362 didicerit,
1645 327 1728 356 tanto
1742 324 1878 365 'amplius

1097 376 1130 406 in
1143 384 1240 406 unum
1253 377 1420 413 colligetur,
1436 376 1550 414 quanto
1569 373 1666 411 magis
1686 372 1835 403 desiderio
1849 375 1880 404 et

1098 424 1270 460 cognitione
1291 432 1410 453 sursum
1435 421 1612 458 elevabitur,
1636 420 1734 450 donee
1755 419 1878 450 nudem

1099 471 1223 500 omnino
1238 469 1435 500 immutabilis
1457 470 1512 504 sit,
1531 471 1560 498 et
1574 468 1614 498 ad
1635 468 1722 497 illam
1734 475 1838 497 veram
1850 468 1880 497 et

1098 519 1236 554 unicam,
1252 526 1319 555 quae
1333 518 1418 556 apud
1432 519 1524 546 neum
1539 519 1592 552 est,
1607 515 1880 545 immutabilitatem

1098 566 1271 603 perveniat,
1287 567 1320 594 ut
1340 567 1485 602 perpetuo
1499 565 1562 592 sine
1578 563 1660 592 omni
1674 561 1880 592 mutabilitatis

1098 613 1299 642 vicissitudine
1311 611 1488 650 requiescat,
1499 621 1513 638 ιο
1526 612 1590 648 jam
1602 611 1633 639 in
1647 610 1808 639 intrinseco
1821 610 1879 638 Do-

1098 660 1173 689 mini
1196 660 1323 697 perfecte
1345 659 1508 689 collocatus
1529 658 1574 696 (c).
1599 659 1664 687 Haec
1684 657 1746 686 ille.
1768 658 1811 686 Ex
1833 655 1880 685 his

1099 709 1194 744 patet,
1210 707 1295 744 quod
1309 707 1385 736 sicut
1402 706 1522 743 spiritus
1541 705 1691 734 humanus
1710 711 1748 733 ex
1765 702 1880 732 inordi-

1099 755 1171 783 nato
1182 760 1287 782 amore
1300 753 1514 790 temporalium
1523 753 1712 788 aggravatus,
1727 749 1882 780 deseendit

1100 800 1140 830 ab
1153 801 1269 829 aetcrnis
1291 808 1346 838 per
1368 800 1470 836 aliqua
1484 799 1591 828 itinera
1611 798 1773 836 iniquitatis
1794 798 1882 827 deor-

1101 855 1168 877 sum
1187 847 1227 876 ad
1248 847 1443 884 temporalia3
1469 846 1510 874 sic
1533 845 1652 883 spiritus
1671 845 1822 874 humanus
1844 851 1881 874 ex

1101 895 1235 924 ordinato
1251 902 1354 924 amore
1371 895 1552 923 aeternorum
1574 892 1730 922 alleviatus
1750 890 1883 921 ascendit

1101 950 1229 978 sursum,
1241 949 1296 979 per
1309 941 1416 970 itinera
1429 942 1516 970 rectae
1529 939 1687 977 aequitatis,
1703 938 1744 968 ad
1756 940 1879 969 aeterna.

1102 992 1135 1019 Et
1148 990 1223 1018 sicut
1235 989 1286 1017 ille
1300 997 1354 1026 per
1367 991 1481 1026 septem
1495 987 1602 1017 itinera
1616 987 1742 1024 obliqua
1757 986 1880 1015 descen-

1102 1037 1146 1065 dit
1159 1037 1199 1066 ad
1214 1036 1391 1073 temporalia
1402 1045 1411 1072 3
1436 1035 1476 1064 ita
1490 1035 1544 1063 iste
1564 1042 1620 1071 per
1640 1036 1754 1070 septem
1777 1033 1883 1062 itinera

1102 1087 1182 1113 recta
1197 1083 1330 1112 aseendit
1343 1082 1383 1111 ad
1397 1084 1507 1112 aeterna
1518 1092 1527 1110 :
1542 1083 1665 1119 propter
1679 1080 1763 1118 quod
1777 1080 1883 1109 itinera

1103 1130 1270 1161 aeternitatis
1283 1132 1505 1167 nuncupantur.

1139 1179 1244 1208 Itinera
1259 1187 1331 1214 ergo
1345 1177 1513 1208 aeternitatts
1533 1175 1672 1205 ducentia
1688 1174 1728 1204 ad
1746 1174 1884 1204 intrinse-

1105 1234 1174 1254 cum
1188 1227 1335 1254 secretum
1357 1226 1386 1253 et
1406 1223 1544 1252 aeternale
1558 1222 1726 1251 manerium
1747 1221 1882 1257 Domini,

1104 1275 1172 1301 sunt
1185 1272 1247 1300 haec
1257 1293 1266 1306 ‚
1282 1271 1393 1299 scilicet
1406 1273 1586 1299 aeternorum
1599 1271 1680 1298 recta
1695 1268 1834 1304 intentio,
1849 1276 1886 1298 ω-

1105 1321 1259 1349 ternorum
1276 1318 1411 1347 studiosa
1432 1317 1587 1346 meditatio
1598 1337 1608 1353 ,
1623 1318 1804 1345 aeternorum
1818 1315 1886 1344 lim-

1105 1366 1178 1404 pida
1197 1366 1424 1403 contemplatio,
1448 1367 1627 1394 aeternorum
1651 1363 1825 1392 charitativa
1843 1362 1886 1392 af·

1105 1413 1204 1448 sectio,
1219 1415 1397 1442 aeternorum
1413 1414 1524 1441 secreta
1538 1411 1692 1446 revelatio,
1707 1412 1886 1439 aeternorum

1107 1460 1346 1497 experimentalis
1359 1459 1550 1497 praegustatio
1559 1480 1568 1496 ‚
1583 1460 1762 1488 aeternorum
1779 1456 1887 1486 deifor-

1107 1509 1164 1538 mis
1179 1509 1322 1545 operatio.

1143 1556 1187 1585 Ad
1196 1555 1397 1584 itinerandum
1406 1556 1504 1584 autem
1513 1554 1543 1582 in
1551 1553 1596 1582 his
1608 1554 1722 1590 septem
1733 1550 1888 1580 itineribus

1108 1604 1275 1632 aeternitatis
1286 1625 1294 1639 ‚
1309 1603 1451 1631 Dominus
1469 1609 1607 1630 amorose
1627 1600 1732 1628 invitat
1753 1598 1889 1636 spiritum

1110 1651 1293 1685 humanum,
1318 1650 1478 1679 ostendens
1493 1651 1521 1678 et
1544 1647 1719 1685 promittens
1733 1646 1760 1675 ei
1775 1646 1889 1682 septem

1110 1698 1313 1732 adminicula,
1337 1696 1530 1733 cooperantia
1555 1695 1594 1724 ad
1615 1693 1835 1723 ambulandum
1857 1691 1890 1720 in

1110 1745 1265 1773 itineribus
1278 1743 1455 1772 {eternitatis
1472 1744 1559 1771 Istam
1574 1743 1674 1770 autem
1688 1739 1890 1768 invitationem

1110 1800 1195 1820 mens
1209 1793 1341 1819 humana
1357 1791 1514 1826 diligenter
1537 1789 1688 1823 advertat,
1710 1787 1801 1824 quia,
1815 1786 1891 1814 sicut

1112 1840 1183 1868 dicit
1196 1838 1386 1867 Vcrccllensis
1398 1845 1488 1874 super
1498 1837 1630 1866 Cantica:
1642 1834 1742 1864 «Nihil
1754 1831 1891 1870 estquod

1112 1887 1151 1916 ad
1167 1886 1322 1914 continuos
1337 1893 1453 1921 sponsae
1466 1883 1616 1920 profectus
1634 1890 1702 1910 eam
1715 1881 1893 1918 promoveat

1113 1934 1279 1967 efficacius,
1294 1941 1386 1969 quam
1411 1933 1502 1960 Deum
1517 1929 1647 1964 imitari,
1666 1930 1694 1957 et
1708 1928 1747 1956 ab
1763 1936 1800 1956 eo
1815 1925 1891 1955 invi-

1113 1981 1167 2010 tari
1187 1981 1329 2008 effective.
1345 1990 1360 2006 τι
1377 1981 1438 2007 Hoc
1453 1978 1577 2015 quidem
1596 1976 1734 2005 exercitio
1750 1974 1891 2003 continuo

1114 2027 1300 2056 uniformiter
1313 2026 1475 2063 proficiunt
1488 2025 1620 2052 coelestes
1632 2022 1811 2057 substantiae,
1825 2027 1892 2057 quae

1114 2082 1176 2103 non
1191 2076 1306 2102 cessant
1323 2075 1389 2110 post
1405 2081 1548 2109 sponsum
1565 2070 1691 2106 ingredi.
1707 2071 1794 2098 Totus
1812 2067 1893 2096 enim

1115 2132 1218 2151 cursus
1235 2122 1344 2151 amoris
1356 2122 1386 2149 in
1398 2121 1518 2149 assidua
1529 2122 1556 2148 et
1567 2119 1707 2147 continua
1720 2114 1893 2153 hujusmodi

1116 2169 1289 2198 invitatione
1304 2168 1450 2203 consistit,
1466 2169 1498 2195 ut
1513 2167 1543 2194 in
1557 2166 1616 2194 fine
1631 2165 1701 2193 libri
1721 2164 1893 2192 Canticorum

1115 2219 1213 2254 patet3
1231 2217 1301 2245 dicit
1318 2224 1388 2251 ergo
1401 2216 1411 2232 ⁷
1427 2224 1433 2242 :
1449 2215 1552 2249 Surge,
1567 2221 1701 2249 propera,
1717 2212 1805 2239 amica
1818 2217 1892 2244 mea,

1117 2268 1142 2294 ct
1166 2265 1286 2292 columba
1309 2271 1383 2295 mea,
1405 2264 1525 2296 formosa
1545 2269 1623 2294 mea,
1642 2263 1668 2288 et
1686 2259 1757 2287 veni.
1777 2258 1892 2292 Amica,

1117 2312 1188 2348 quia
1209 2318 1313 2339 amans
1339 2312 1367 2338 et
1390 2311 1487 2338 amata
1504 2319 1511 2336 :
1528 2310 1586 2344 1390
1607 2307 1686 2336 enim
1700 2307 1711 2324 ⁸
1726 2306 1810 2339 dih'qo
1828 2304 1894 2331 dilc-

1117 2361 1207 2393 qcutes
1219 2366 1268 2385 me.
1281 2357 1409 2384 Columba
1419 2365 1491 2391 mea,
1502 2355 1573 2392 quia
1583 2354 1686 2390 spiritu
1695 2350 1894 2388 simplificata,

1117 2406 1192 2433 sicut
1205 2405 1346 2440 scriptum
1362 2405 1406 2432 est
1419 2404 1449 2431 in
1465 2403 1598 2432 Matthaeo
1608 2402 1637 2429 ⁰:
1653 2401 1744 2428 Estote
1757 2399 1894 2433 simplices

1116 2454 1186 2480 sicut
1201 2451 1336 2479 columban
1358 2452 1484 2479 Formosa
1501 2458 1575 2483 mea,
1591 2448 1661 2484 quia
1679 2446 1718 2475 ad
1733 2445 1895 2481 imaginem

1118 2502 1146 2528 et
1161 2497 1384 2526 similitudinem
1395 2497 1445 2526 Dei
1454 2497 1539 2531 sacta,
1554 2497 1586 2525 ut
1595 2494 1701 2523 dicitur
1712 2494 1732 2510 ¹⁰
1740 2493 1771 2521 in
1780 2490 1894 2521 Genesi.

1119 2571 1161 2595 uhi
1181 2577 1237 2601 sup.
1258 2570 1368 2601 proxim.
1384 2583 1415 2588 -
1431 2569 1440 2586 ⁷
1457 2570 1542 2597 Cant„
1557 2574 1587 2599 11,
1608 2569 1646 2592 10.
1661 2580 1691 2585 —
1710 2567 1718 2581 ὓ
1733 2567 1818 2596 Proin,
1838 2570 1895 2595 vlu,

1122 2608 1156 2631 17.
1170 2620 1201 2624 -
1215 2608 1224 2620 '³
1237 2606 1339 2637 Manli„
1351 2611 1378 2636 x,
1394 2608 1431 2631 16.
1444 2618 1475 2624 —
1492 2605 1510 2622 '⁰
1523 2604 1594 2633 Gen„
1610 2609 1627 2634 1,
1643 2604 1682 2628 28.

1151 2653 1184 2684 (a)
1208 2653 1270 2677 Caet.
1289 2653 1350 2676 edit.
1375 2652 1428 2684 qui.
1449 2665 1476 2670 —-
1502 2651 1535 2682 (b)
1560 2650 1620 2676 Coet.
1641 2649 1703 2674 edit.
1729 2648 1797 2674 deest
1820 2654 1843 2673 a.
1864 2659 1896 2666 —-

1120 2689 1151 2721 (c)
1167 2690 1227 2713 coet.
1241 2688 1302 2714 edit.
1318 2688 1466 2713 collocatur.

1906 1180 1995 1207 Septem

1907 1211 1994 1232 itinera.
