2004 3037
89 1063 121 1082 De
131 1066 194 1081 reve-

103 1092 183 1113 latione

89 1123 188 1144 intellec-

111 1155 172 1176 tuali.

201 187 262 219 460

203 255 282 290 lium,
299 252 387 282 dicit:
403 254 458 281 «ln
473 252 580 280 sanctis
593 252 627 280 fit
639 251 795 286 aeternitas,
807 248 978 287 aspiciendo

202 301 253 329 Dei
267 300 468 329 aeternitatem.
483 310 496 326 n
513 298 616 328 Veniat
630 299 720 327 etiam
737 297 881 327 voluntati
899 298 979 325 aeter-

202 356 243 377 na
256 347 405 383 amando,
418 347 504 383 quia,
519 347 594 375 sicut
607 346 678 375 dicit
691 345 865 381 Gregorius,
880 343 979 380 primo

201 395 351 429 §aralium
367 404 374 423 ε
400 403 419 421 σι·
427 394 634 431 Unusquisque
653 393 815 422 electorum
836 391 935 420 adhuc
949 390 980 418 in

202 441 318 471 mundo
338 441 452 478 positus
470 449 610 478 corpore,
625 441 723 468 mente
743 440 877 474 amante,
893 438 981 466 etiam

204 490 286 517 extra
308 488 457 517 mundum
476 488 579 524 surgit.
606 497 620 514 υ
647 489 680 516 Et
701 487 805 523 quinto
825 485 942 514 decimo
956 484 982 520 ¹,

205 534 296 563 dicit:
322 544 336 562 α
358 535 517 572 Superiora
535 542 636 563 amare
652 534 716 569 Jam
731 541 850 561 sursum
865 533 908 560 est
923 531 982 566 ire,

205 589 334 619 eumque
354 590 464 618 magno
486 581 635 610 desiderio
651 581 692 609 ad
711 579 840 608 eoelestia
858 578 983 613 inhiant,

205 628 282 657 miro
300 629 393 657 modo
415 628 474 657 hoc
496 628 612 665 ipsum,
636 627 720 664 quod
744 626 877 663 accipere
905 633 985 662 quae-

205 677 287 711 runt,
300 676 362 712 jam
382 676 547 712 degustant.
568 685 581 701 n
600 675 645 704 Sic
663 674 752 710 igitur
765 675 845 710 patet
858 672 985 709 qualiter

206 723 352 751 sensibilis
371 723 514 751 revelatio
533 724 712 750 aeternorum
731 721 771 750 ad
792 721 901 748 aeterna
921 719 985 747 alli-

207 770 265 799 ciat
277 769 327 808 (a).

430 842 672 878 DISTINCTIO
702 842 760 876 IV.

209 929 331 962 Qualiter
343 936 391 964 per
404 927 610 955 intellectualem
625 926 813 954 revelationem
831 926 988 952 oeternorum

303 974 419 1009 spiritus
432 974 520 1000 noster
534 971 571 998 ad
583 973 681 998 oeterna
695 970 892 998 introducatur.

244 1055 354 1089 Quarto
371 1053 536 1081 videndum
555 1054 611 1087 est,
630 1051 773 1088 qualiter,
789 1058 843 1086 per
861 1048 989 1077 intellec—

209 1101 318 1130 tualem
328 1100 541 1129 revelationem
554 1101 743 1133 aeternorum,
759 1097 877 1134 spiritus
891 1098 991 1124 noster

209 1149 249 1177 ad
263 1150 371 1176 feterna
384 1147 605 1181 introducatur,
627 1154 693 1181 quae
708 1146 741 1172 fit
755 1143 990 1172 intellectualiter

209 1195 393 1228 viventibus,
417 1196 449 1222 ut
476 1194 543 1221 filiis
572 1192 659 1221 lsrael
687 1192 724 1219 de
749 1193 874 1227 AEgypto
900 1190 989 1225 hujus

211 1243 315 1272 mundi
344 1242 510 1271 mentaliter
536 1242 599 1276 iam
627 1239 868 1275 egredientibus,
898 1240 926 1265 et
952 1237 991 1265 ad

211 1293 318 1318 aeterna
344 1289 541 1318 tendentibus.
567 1290 598 1316 Et
619 1288 680 1315 haec
705 1286 846 1314 revelatio
873 1293 935 1312 non
958 1284 992 1312 fit

212 1337 306 1366 oculis
320 1337 429 1370 carnis,
444 1336 497 1363 sed
513 1335 635 1368 mentis,
650 1337 682 1362 ut
700 1334 770 1361 dicit
793 1331 956 1360 Richardus
970 1332 990 1358 ⁴³.

213 1386 244 1412 Et
257 1384 290 1411 fit
312 1383 467 1419 dupliciter
483 1392 489 1410 t
511 1382 583 1418 quia
604 1381 787 1418 quandoque
803 1379 850 1414 fit,
866 1378 990 1414 quando

213 1438 265 1467 per
281 1430 418 1467 Spiritum
433 1431 567 1457 sanctum
587 1428 703 1456 animus
721 1426 918 1460 illuminatus,
933 1425 992 1452 for-

214 1477 342 1506 malibus
356 1485 457 1505 rerum
481 1475 643 1504 visibilium
658 1473 901 1502 similitudinibus
915 1480 990 1508 pree-

215 1524 400 1559 monstratis,
424 1524 485 1551 sive
514 1521 704 1559 praesentatis,
731 1521 769 1548 ad
799 1519 993 1548 invisibilium

215 1572 416 1607 cognitionem
436 1570 552 1598 ducitur
571 1579 576 1597 :
594 1568 720 1605 qualiter
734 1569 861 1595 Joanncs
876 1565 949 1593 vidit
963 1566 993 1593 in

214 1618 402 1655 Apocalypsi,
427 1620 454 1645 et
477 1616 606 1644 Ezechiel
634 1615 796 1652 propheta,
822 1614 896 1641 sicut
924 1613 993 1640 dicit

215 1667 317 1694 Glossa
335 1673 423 1701 super
446 1665 576 1700 primurn
599 1663 760 1699 prologum
783 1660 992 1696 Apocalypsis,

216 1716 243 1741 et
257 1713 287 1740 in
301 1713 360 1740 fine
375 1712 494 1740 alterius
505 1711 633 1747 prologi,
651 1710 762 1744 dicens,
775 1709 857 1744 quod
867 1709 994 1735 loannes

216 1760 359 1795 imagines
373 1760 470 1786 mente
484 1758 571 1790 vidit,
584 1760 611 1784 et
626 1759 725 1784 tamen
741 1755 893 1782 veritatem
909 1754 937 1781 in
954 1754 994 1780 eis

216 1806 367 1834 intellexit.
391 1807 453 1832 llaee
470 1804 610 1831 revelatio
627 1803 665 1830 ad
687 1805 794 1830 aeterna
809 1801 907 1835 ducit,
923 1800 995 1836 quia

217 1861 346 1889 peream
359 1852 522 1880 intellectus
533 1851 562 1878 in
576 1849 770 1877 invisibilium
781 1850 808 1875 et
819 1850 995 1875 {eternorum

218 1900 419 1935 cognitionem
449 1898 576 1933 exsurgit
600 1898 627 1924 et
650 1896 841 1932 perducitur,
866 1896 898 1921 ut
927 1894 996 1921 dicit

218 1947 391 1975 Richardus.

254 1993 390 2022 Secundo
406 1992 498 2020 modo
520 1992 551 2019 sit
569 1991 629 2018 brec
651 1989 791 2018 revelatio
807 1991 996 2022 aeternorum,

220 2042 280 2068 sive
304 2040 379 2067 visio
404 2038 627 2070 intellectualis,
649 2040 680 2065 ut
699 2037 769 2064 dicit
793 2035 955 2063 Richardus
972 2036 996 2069 ³,

221 2088 343 2124 quando
365 2087 484 2123 spiritus
504 2086 652 2113 humanus
667 2092 719 2120 per
738 2084 882 2110 internam
904 2082 997 2117 inspi-

221 2136 364 2163 rationem
388 2133 515 2161 suaviter
543 2134 653 2164 tactus,
681 2130 770 2158 nullis
799 2129 998 2157 mediantibus

221 2182 310 2209 rebus
334 2181 518 2213 visibilibus,
542 2179 580 2206 ad
605 2177 767 2205 ccclestium
790 2176 999 2211 cogitationem

223 2229 359 2263 origitur,
375 2228 449 2254 sieut
473 2226 543 2253 vidit
560 2225 706 2261 propheta
730 2223 824 2250 David
836 2244 844 2256 ,
860 2222 909 2258 qui
926 2222 1000 2249 vidit

222 2276 253 2303 in
267 2275 379 2310 spiritu.
402 2276 433 2300 Et
456 2275 550 2307 Ilugo,
572 2280 659 2306 super
681 2270 839 2306 septimum
863 2270 1000 2303 Anqelz'cae

225 2322 400 2353 Hc'erarclu'w,
420 2320 500 2346 illem
516 2319 594 2345 dicit.
613 2320 643 2345 Et
659 2319 784 2352 llaymo,
798 2324 877 2350 super
893 2317 998 2350 Aponi<

225 2370 344 2404 lypsum,
371 2366 549 2399 concordat,
575 2365 626 2391 ubi
652 2364 743 2391 dicit:
763 2374 776 2388 «
798 2362 1001 2390 intellectualis

225 2415 299 2443 visio
315 2414 376 2442 sive
392 2412 532 2441 revelatio
548 2412 579 2438 fit
595 2410 777 2447 quandoque
794 2418 853 2436 nou
869 2417 921 2444 per
936 2417 1001 2436 cor-

226 2462 344 2498 porales
370 2469 415 2488 res
436 2468 490 2487 nec
512 2467 566 2495 per
589 2457 713 2491 similes,
737 2457 790 2484 sed
811 2456 874 2491 ipsa
898 2456 1003 2483 veritas

228 2508 396 2536 immediate
410 2506 611 2535 manifestatur
632 2504 818 2537 videntihuS,
835 2503 918 2538 quod
932 2511 1002 2538 pro-

262 2584 266 2596 “
281 2584 367 2613 Greg„
384 2580 487 2606 Moral..
502 2580 545 2604 lib.
562 2580 615 2608 XV,
629 2586 650 2602 c.
668 2583 750 2602 xxvii.
764 2591 794 2595 —
808 2577 816 2591 ²
830 2576 961 2606 menard„
978 2578 1003 2600 ιή

230 2620 315 2649 Α])οε.,
332 2626 354 2643 c.
372 2624 387 2642 ι.
406 2631 432 2635 -
452 2617 462 2633 ³
482 2616 543 2640 lbid.
560 2629 587 2634 -—
603 2615 613 2631 Β
628 2614 728 2643 Mami„
745 2619 797 2641 xm,
816 2614 851 2637 17.
868 2626 898 2630 —
912 2614 921 2629 ⁵
935 2612 1004 2636 Psal.

232 2660 337 2684 LxxxW,
352 2655 375 2677 9.
387 2667 417 2671 —
431 2654 439 2666 ὃ
452 2652 543 2681 exoa,
557 2657 596 2682 111,
614 2652 650 2675 14.
663 2663 692 2668 —
705 2650 714 2666 '¹
731 2649 850 2679 Vercell„
866 2648 933 2672 Prol.
949 2655 1003 2678 sup.

611 184 662 217 DE
681 183 840 217 SEPTEM
861 179 1088 214 ITINERIBUS
1109 177 1400 210 AETERNITATIS.
1450 200 1453 203 .

1035 247 1099 283 prie
1110 246 1271 275 electorum
1281 247 1332 274 est.
1346 255 1360 271 n
1373 245 1454 273 Unde
1464 244 1598 273 Salvator
1607 244 1682 274 dixit
1691 246 1775 274 Petro
1785 245 1809 274 ⁸:

1035 295 1102 323 Caro
1118 296 1144 322 et
1155 295 1266 328 sanquis
1281 294 1334 320 non
1346 292 1477 320 revelavit
1491 291 1554 326 tibi,
1569 291 1616 319 sed
1630 292 1710 319 Pater
1728 299 1810 325 meus,

1035 342 1084 376 qui
1105 342 1136 368 in
1156 341 1228 368 coelis
1243 342 1297 374 est,
1319 347 1374 376 per
1395 337 1566 367 interiorem
1579 337 1811 375 inspirationem.

1035 387 1082 416 Ait
1101 387 1256 416 Psalmista
1272 387 1284 405 ⁵
1307 396 1316 414 .·
1337 386 1460 414 Audiam
1475 377 1547 421 quid
1571 386 1699 421 loquatur
1720 386 1751 412 in
1773 393 1815 413 me

1036 435 1167 462 Dominus
1183 435 1263 462 Deus.
1280 434 1344 461 l-laec
1358 432 1474 460 occulta
1482 431 1624 460 revelatio
1638 433 1816 459 aeternorum

1036 481 1155 509 videtur
1172 479 1256 508 innui
1276 488 1330 516 per
1343 479 1401 508 hoe
1419 478 1503 516 quod
1517 478 1630 506 dictum
1643 479 1686 506 est
1703 477 1815 514 Moysi,

1039 527 1161 564 quando
1174 527 1204 556 in
1215 526 1404 556 interioribus
1419 526 1524 554 deserti
1540 525 1651 553 dietum
1662 525 1705 552 est
1718 524 1774 553 sibi
1784 525 1815 551 ⁶:

1039 575 1116 602 Dices
1130 576 1197 609 filiis
1214 575 1297 602 lsrael
1314 584 1320 600 :
1339 575 1392 607 Oui
1406 576 1455 605 est,
1471 574 1548 600 misit
1564 581 1614 600 me.
1632 571 1681 600 llic
1695 573 1819 609 apparet

1040 622 1124 658 quod
1145 622 1208 650 haec
1229 621 1371 649 revelatio
1402 620 1435 648 fit
1459 619 1692 648 intellectualiter
1714 618 1818 647 viven-

1039 668 1223 706 tibus,‚quia
1236 668 1305 696 filiis
1319 668 1425 703 lsrae13
1442 669 1471 696 et
1481 667 1512 695 in
1527 666 1716 695 interioribus
1733 674 1818 694 men-

1040 716 1093 750 tis,
1109 715 1180 752 quia
1194 715 1336 743 interiora
1355 715 1462 743 deserti
1476 714 1721 751 ingredientibus·
1737 713 1818 741 Unde

1041 761 1231 790 Vercellensis
1255 761 1325 790 dicit
1348 761 1389 789 sic
1410 762 1421 778 '¹
1447 771 1454 789 x
1483 770 1497 788 «
1525 761 1637 798 Populo
1661 760 1818 789 Israelitico

1042 809 1202 838 mandatur
1220 816 1331 836 nomen
1352 808 1560 843 intellectuale,
1576 807 1686 836 scilicet
1702 808 1756 841 Qui
1770 809 1818 842 est,

1043 856 1105 884 sive
1118 858 1185 890 Εηε,
1196 855 1278 892 quod
1293 857 1336 884 est
1350 854 1498 884 emanatio
1512 854 1616 891 primae
1630 854 1788 882 existentiae
1802 862 1821 882 a

1044 911 1134 931 causa
1154 902 1366 931 causalissima.
1389 913 1402 928 n
1430 903 1462 931 Et
1485 903 1681 930 Damascenus
1704 900 1820 936 dicit⁸‚

1044 949 1127 986 quod
1141 960 1154 976 α
1169 951 1224 983 Qui
1238 952 1277 978 est
1290 949 1485 986 principalius
1499 950 1542 977 est
1555 956 1667 976 nomen
1682 947 1822 976 omnibus

1043 997 1216 1026 nominibus
1237 996 1306 1032 Dei,
1327 1005 1393 1033 quae
1415 996 1452 1023 de
1468 997 1526 1024 Deo
1551 995 1698 1023 dicuntur.
1718 996 1822 1023 Totum

1045 1043 1169 1072 enimin
1189 1043 1286 1080 seipso
1306 1042 1550 1079 comprehendit,
1569 1042 1652 1070 velut
1667 1041 1823 1077 quoddam

1044 1091 1168 1127 pelagus
1182 1090 1350 1118 substantiae
1365 1089 1512 1117 infinitum
1524 1090 1551 1117 et
1562 1088 1793 1116 interminatum.
1806 1097 1819 1113 n

1045 1138 1092 1166 llis
1107 1137 1268 1166 concordat
1288 1137 1477 1172 Augustinus,
1498 1136 1576 1164 libro
1592 1135 1695 1172 quinto
1711 1135 1743 1162 de
1759 1135 1821 1162 Tri-

1045 1187 1146 1218 nitate,
1163 1192 1228 1220 cap.
1245 1192 1275 1212 ιι.
1292 1185 1324 1211 Et
1343 1183 1414 1220 quia
1433 1183 1512 1211 illud
1532 1182 1657 1210 verbum
1672 1183 1719 1209 Est
1734 1180 1823 1216 signi-

1045 1232 1113 1260 ficat
1133 1239 1261 1268 praesens
1275 1239 1354 1258 nunc
1373 1229 1558 1263 aeternitatis,
1574 1237 1610 1257 eo
1631 1228 1715 1265 quod
1730 1227 1824 1256 ambit

1046 1286 1148 1306 omnes
1164 1278 1343 1306 differentias
1353 1277 1505 1313 temporis,
1520 1277 1610 1312 prout
1625 1275 1661 1303 de
1676 1276 1733 1303 Deo
1748 1274 1822 1302 dici-

1047 1328 1108 1360 tur3
1132 1325 1201 1353 ideo
1219 1327 1348 1353 mentem
1369 1324 1430 1351 sive
1451 1322 1629 1351 intellectum
1644 1330 1662 1349 a
1676 1324 1823 1357 tempora-

1046 1373 1125 1400 libus
1141 1372 1178 1400 ad
1197 1374 1319 1406 aeterna,
1335 1379 1353 1399 a
1367 1370 1558 1399 sensibilibus
1573 1368 1611 1397 ad
1627 1367 1824 1403 intelligibilia

1048 1419 1128 1447 ducit
1145 1421 1173 1447 et
1194 1418 1356 1455 pertrahit,
1370 1425 1464 1454 usque
1485 1416 1523 1444 ad
1541 1424 1620 1444 nunc
1640 1414 1822 1449 aeternitatis,

1047 1466 1130 1503 quod
1145 1466 1300 1494 varietates
1314 1464 1454 1502 temporis
1469 1463 1576 1498 nescit,
1592 1465 1624 1491 ut
1638 1462 1710 1490 tales
1725 1461 1825 1490 dicant

1046 1515 1122 1542 illud
1133 1514 1214 1542 Pauli
1229 1515 1239 1531 '’
1259 1523 1264 1541 :
1281 1515 1382 1542 Nost-ra
1397 1513 1562 1540 conversatio
1578 1513 1606 1538 in
1620 1511 1692 1537 coelis
1706 1513 1753 1537 cst.

1085 1561 1141 1590 Sed
1163 1560 1317 1588 sciendum
1338 1562 1396 1594 est,
1412 1558 1495 1595 quod
1514 1558 1568 1586 ista
1581 1557 1722 1585 revelatio
1738 1556 1824 1584 intel-

1048 1608 1180 1637 lectualis
1195 1610 1372 1635 aeternorum
1386 1614 1447 1634 non
1463 1606 1495 1633 fit
1509 1605 1564 1632 nisi
1583 1603 1824 1639 intelligentibus,

1049 1659 1075 1684 et
1098 1655 1238 1683 interiora
1262 1653 1506 1689 ingredientibus,
1532 1651 1584 1679 ubi
1611 1659 1698 1679 omne
1724 1650 1824 1678 velum

1048 1705 1218 1730 removetur
1232 1701 1270 1728 ab
1295 1701 1344 1728 cis.
1362 1702 1434 1727 Nam
1454 1698 1594 1727 revelatio
1616 1698 1721 1725 dicitur
1741 1696 1824 1733 quasi
1841 1709 1933 1728 neven-

1048 1751 1100 1777 veli
1119 1751 1228 1775 remotio
1255 1748 1293 1774 ab
1322 1746 1414 1774 oculis
1436 1744 1682 1773 intellectualibus
1700 1753 1706 1771 :
1734 1751 1825 1779 quam
1839 1739 1946 1790 gagfe

1049 1796 1241 1823 remotionem
1256 1793 1358 1829 petivit
1371 1792 1464 1820 David
1479 1791 1580 1819 dicens
1594 1791 1615 1807 ¹⁰
1632 1800 1638 1819 :
1655 1791 1751 1818 Revela
1766 1798 1826 1817 ocu-

1050 1844 1088 1869 los
1107 1849 1191 1874 meos,
1209 1844 1234 1867 et
1254 1840 1426 1867 considerabo
1442 1839 1583 1865 mirabilia
1599 1838 1631 1865 de
1645 1839 1700 1872 lege
1715 1840 1770 1864 tua.
1788 1838 1825 1865 De

1049 1889 1106 1917 hoc
1115 1887 1261 1915 velamine
1274 1887 1345 1914 dicit
1356 1885 1512 1921 Apostolus
1522 1885 1541 1902 ¹¹
1557 1894 1565 1911 .·
1578 1886 1665 1919 Usque
1675 1886 1705 1911 in
1720 1883 1826 1911 hodier-

1050 1944 1114 1963 num
1136 1936 1205 1962 diem
1227 1935 1344 1961 velamen
1363 1935 1391 1960 in
1412 1934 1521 1960 lectione
1541 1933 1638 1959 veleris
1666 1931 1828 1958 Testamenti

1051 1985 1140 2009 manet
1156 1990 1208 2009 non
1222 1982 1385 2014 revelatum,
1402 1979 1471 2014 quod
1494 1979 1526 2014 (h)
1551 1980 1577 2005 tu
1597 1978 1703 2005 Christo
1718 1985 1828 2005 evacua-

1051 2033 1104 2057 tur.
1135 2031 1190 2057 Nos
1218 2031 1306 2056 aulem
1329 2029 1444 2055 revelata
1475 2028 1546 2060 facie
1573 2027 1686 2061 ylariani
1719 2025 1829 2051 Domini

1051 2079 1232 2113 speculantes,
1249 2079 1277 2103 in
1293 2075 1408 2103 camdem
1425 2075 1566 2107 fnium'nem
1583 2074 1828 2111 transsprmamur,

1054 2134 1069 2152 a
1084 2126 1206 2152 claritate
1228 2125 1256 2150 in
1280 2124 1428 2149 claritatem
1440 2142 1448 2155 ,
1469 2125 1597 2155 tanquam
1613 2127 1629 2146 a
1647 2120 1754 2145 Domini
1771 2119 1828 2153 spi-

1053 2174 1118 2199 ritu.
1131 2171 1272 2199 Velamen
1284 2177 1354 2205 ergo
1368 2177 1384 2196 a
1395 2168 1506 2196 Christo
1519 2167 1688 2199 evacuatur,
1701 2166 1733 2192 ut
1743 2163 1829 2191 nobis

1055 2220 1136 2245 Pater
1152 2217 1360 2245 manifestetur.
1379 2214 1458 2241 Unde
1475 2214 1515 2240 ait
1530 2213 1591 2249 ipse
1610 2211 1630 2229 ¹²
1648 2221 1653 2239 :
1668 2213 1759 2247 Neque
1776 2211 1829 2237 Pa-

1056 2270 1120 2293 trem
1136 2267 1197 2300 quis
1218 2265 1292 2291 novit
1313 2263 1368 2289 nisi
1383 2262 1470 2288 Ft'lt‘us
1481 2282 1488 2294 ,
1509 2263 1533 2287 ct
1548 2261 1593 2286 cni
1613 2260 1728 2286 voluerit
1743 2258 1829 2284 Filius

1055 2314 1179 2340 revelare.
1197 2310 1341 2338 Christum
1361 2311 1458 2336 autem
1475 2307 1596 2343 Spiritus
1616 2308 1730 2334 sanctus
1744 2304 1829 2332 clari-

1056 2360 1141 2394 ficat,
1158 2366 1218 2386 non
1245 2357 1274 2384 in
1291 2365 1335 2391 se,
1350 2355 1402 2383 sed
1418 2355 1447 2382 in
1463 2354 1559 2388 nobis,
1577 2356 1607 2381 ut
1621 2354 1682 2389 ipse
1698 2352 1767 2379 dicit
1782 2353 1803 2369 ¹³
1821 2360 1827 2379 :

1059 2408 1125 2435 Cum
1149 2407 1251 2434 venerit
1276 2404 1446 2434 Paracletus,
1476 2403 1522 2428 <illc
1545 2408 1585 2428 me
1605 2399 1781 2434 clarificabit,
1805 2401 1830 2426 et

1057 2454 1158 2482 docebit
1184 2459 1229 2479 vos
1254 2452 1342 2478 omnia
1365 2460 1373 2477 ,-
1395 2449 1465 2485 quia
1489 2455 1572 2476 amor
1598 2446 1716 2474 divinus
1742 2453 1830 2473 omne

1059 2530 1132 2553 Cant.
1151 2540 1180 2545 ·-
1195 2528 1203 2539 ‘⁴
1218 2527 1345 2555 Damaso„
1364 2524 1393 2547 cle
1411 2523 1467 2548 Fid.
1485 2521 1566 2551 Orth„
1586 2521 1630 2545 lib.
1653 2521 1671 2549 l,
1695 2528 1716 2545 c.
1738 2526 1783 2545 xii.
1803 2534 1829 2538 ——

1059 2566 1067 2579 ⁰
1087 2563 1193 2594 Philip„
1210 2568 1248 2592 111,
1265 2563 1305 2585 20.
1319 2574 1348 2578 —
1368 2561 1387 2577 ’θ
1402 2559 1469 2584 Psal.
1485 2563 1581 2587 cxviii,
1598 2558 1634 2580 18.
1646 2570 1677 2574 -
1693 2558 1708 2570 ¹¹
1726 2557 1745 2580 lt
1761 2556 1830 2586 Cor„

1061 2607 1101 2630 ιιι,
1118 2601 1155 2629 14,
1174 2599 1211 2622 18.
1228 2609 1258 2615 -
1275 2597 1293 2614 ¹²
1309 2596 1409 2625 Mami„
1426 2601 1462 2624 xi,
1478 2595 1558 2618 27.—
1575 2593 1683 2622 ¹³Joan.,
1696 2598 1749 2624 xv1‚
1766 2594 1804 2616 11.

1092 2644 1125 2673 (a)
1140 2642 1201 2666 Caet.
1217 2640 1277 2663 edit.
1293 2639 1379 2663 allicit.
1396 2652 1417 2656 -—
1433 2637 1468 2669 (b)
1485 2636 1561 2667 Vulg.
1579 2636 1706 2667 qzcom'am.
