2004 3037
921 355 1115 397 SUMMA

609 470 898 526 SANCTI
953 469 1418 524 HIERONYMI

309 606 370 640 DE
400 605 638 639 ESSENTIA
671 604 731 639 ET
762 603 1158 638 INVISIBILITATE
1189 603 1248 636 ET
1278 602 1622 637 IMMENSITATE
1646 603 1726 638 DEI

755 726 814 751 QUAE
833 726 854 745 S.
877 725 1073 745 BONAVENTURAE
1092 724 1257 744 Auscmmwn
1273 715 1280 731 ¹

851 971 1199 1008 ARGUMENTUM

901 1058 956 1094 (Ex
968 1058 1035 1086 edit.
1051 1057 1152 1092 Vatic.)

261 1142 331 1175 I-Ioc
350 1140 447 1174 titulo
467 1136 659 1173 inscribitur
686 1139 745 1172 iste
767 1139 939 1172 Tractatus
964 1138 999 1172 in
1024 1138 1179 1172 omnibus
1203 1137 1370 1183 impressis
1392 1137 1428 1170 S.
1445 1138 1704 1179 Bonaventurae,
1719 1136 1775 1170 sed
1792 1136 1825 1169 in

220 1200 370 1233 Editione
390 1198 541 1232 Romana
563 1209 700 1242 operum
724 1197 760 1230 S.
782 1197 979 1241 Hieronymi
1001 1197 1099 1240 longe
1122 1196 1208 1238 alio,
1227 1199 1258 1228 et
1273 1196 1378 1240 magis
1394 1196 1556 1229 conformi
1571 1196 1638 1237 rei,
1654 1195 1694 1228 de
1708 1195 1826 1240 quain

219 1270 257 1291 eo
271 1258 382 1301 agitur
400 1269 406 1289 :
428 1256 537 1290 Dahis
552 1282 560 1297 ‚
577 1267 650 1300 quw
666 1257 733 1288 Deo
748 1256 784 1288 in
799 1255 981 1300 Scripturis
993 1256 1119 1288 sanctis
1134 1254 1377 1288 attribuuntur.
1397 1255 1435 1287 In
1449 1266 1516 1299 qua
1531 1254 1667 1299 quidem
1683 1253 1826 1287 editione

220 1317 317 1350 illum
338 1320 495 1360 tanquam
518 1314 722 1358 Hieronymo
747 1313 830 1347 falso
855 1313 1056 1358 adscriptum
1081 1313 1167 1346 inter
1183 1324 1320 1358 parerga
1343 1313 1383 1345 ad
1405 1317 1533 1346 tomum
1556 1323 1685 1345 nonum
1709 1311 1827 1356 rejece-

222 1378 311 1407 runt.
339 1373 380 1406 Et
412 1383 490 1406 vero
517 1371 626 1416 potius
652 1371 917 1413 Bonaventurae,
944 1382 1045 1416 quam
1074 1371 1269 1415 Hieronymi
1299 1370 1447 1412 videtur,
1471 1369 1625 1415 quamvis
1649 1373 1830 1415 utrumque

222 1433 385 1466 incertum
408 1430 462 1463 sit.

257 1552 449 1588 Omnipotens
477 1553 561 1584 Deus,
591 1553 683 1584 Pater,
711 1550 798 1577 Filius
825 1553 852 1578 et
880 1550 1003 1586 Spiritus

223 1601 350 1632 sanctus,
362 1606 440 1626 unus
456 1601 497 1626 est
512 1600 600 1633 atque
614 1597 804 1632 trinus‚unus
819 1597 957 1625 videlicet
973 1596 1003 1624 in

224 1648 343 1680 natura,
369 1645 462 1672 trinus
488 1645 517 1672 in
540 1645 696 1680 personis,
722 1644 803 1671 solus
825 1644 1002 1678 invisibilis,

225 1693 305 1720 solus
324 1691 609 1726 incircumscriptus,
629 1691 822 1726 incorporeus
837 1693 864 1718 et
880 1691 1003 1717 immor-

226 1740 301 1773 talis,
318 1739 430 1774 ubique
447 1745 586 1773 praesens,
602 1737 654 1764 sed
670 1737 774 1771 latens,
790 1736 902 1773 ubique
916 1739 1004 1771 totus,

227 1786 280 1814 sed
295 1786 466 1813 immensus.
487 1783 643 1812 invisibilis
666 1786 726 1818 est,
743 1783 814 1819 quia
829 1784 858 1811 in
881 1783 1006 1811 essentia

227 1841 281 1860 sua
302 1832 395 1859 videri
418 1838 480 1858 non
501 1832 615 1866 potest,
636 1830 774 1866 Apostolo
798 1831 937 1864 testante,
955 1830 1006 1865 qui

229 1879 269 1906 ait
282 1878 292 1894 ⁹
310 1888 315 1906 z
333 1879 415 1911 Quem
432 1878 505 1905 vidit
520 1878 611 1905 nullus
626 1877 776 1911 hominum,
793 1877 839 1904 sed
858 1885 903 1904 ricc
918 1877 1008 1904 ridere

230 1928 327 1961 potest.
351 1927 383 1952 Et
406 1925 436 1952 in
452 1924 611 1959 Evangelio
633 1925 643 1939 ³³
660 1933 666 1951 :
684 1925 767 1950 Deum
781 1932 855 1951 nemo
871 1924 943 1951 vidit
957 1932 1007 1950 un-

231 1981 321 2008 quam.
338 1973 532 2007 lncorporeus
546 1973 598 2005 est,
615 1970 686 2006 quia
700 1969 789 1997 nullis
803 1970 1009 1998 membrorum

230 2018 415 2048 lineamentis
426 2017 618 2054 compositus,
633 2016 694 2044 sive
706 2019 887 2052 compactum
903 2017 1008 2052 existit,

231 2066 304 2093 sicut
326 2065 434 2093 veritas
454 2065 484 2092 in
503 2063 664 2099 Evangelio
687 2063 758 2091 dicit
772 2064 780 2079 '⁴
803 2073 808 2090 :
832 2064 955 2098 Spiritus
972 2067 1009 2091 est

233 2114 313 2146 υειιε,
329 2115 354 2140 et
367 2119 409 2139 eos
424 2113 472 2146 qui
487 2111 602 2138 adorant
618 2118 686 2141 eum,
701 2111 729 2137 in
739 2111 841 2144 spiritu
858 2112 882 2137 et
896 2112 1012 2138 ueritate

232 2161 334 2194 oportet
356 2159 477 2186 adorare.
504 2159 666 2185 lmmensus
690 2159 747 2189 est,
774 2157 845 2192 quia
863 2156 1011 2192 quantitas

233 2206 296 2240 ejus
316 2205 363 2232 vel
387 2204 514 2239 qualitas
534 2212 551 2230 a
572 2203 655 2231 nullo
679 2203 768 2231 etiam
790 2203 885 2230 metiri
905 2205 1009 2239 potest.

234 2251 285 2279 Cui
301 2251 479 2279 Salomonin
489 2258 542 2277 sua
557 2250 691 2277 oratione
706 2249 875 2285 supplicans
891 2250 928 2277 ait
939 2254 949 2270 ¹⁵
967 2251 1013 2278 :Si

234 2300 327 2326 coelum
338 2300 362 2324 ot
375 2298 565 2324 cmlicoelorum
578 2300 602 2323 lc
615 2304 665 2323 non
677 2298 799 2330 capiunt,
812 2299 912 2330 qimnto
927 2299 1012 2331 magyi's

235 2350 259 2374 et
275 2347 368 2374 dovms
388 2347 458 2378 ista,
473 2352 553 2379 quam
572 2344 727 2378 oeztz'ficavz'?
744 2343 1014 2378 incircumscriptus

236 2396 291 2428 est,
308 2393 379 2429 quia
393 2390 594 2419 circumscribi
614 2398 675 2418 non
689 2392 792 2426 potest.
810 2389 945 2418 lnlocalis
961 2392 1013 2424 est,

236 2440 306 2476 quia
332 2439 368 2466 dc
395 2439 462 2466 loco
489 2437 527 2465 ad
552 2437 652 2464 locum
676 2444 868 2472 nequaquam
893 2436 1013 2471 transit,

236 2495 331 2522 neque
347 2485 482 2521 quolibet
497 2484 652 2517 retinetur,
668 2483 732 2519 ipso
748 2484 784 2511 de
797 2492 827 2511 so
842 2491 894 2518 per
910 2483 1013 2511 isaiam

271 2573 274 2584 ¹
293 2572 332 2601 (Ὺ.
350 2571 413 2594 Edit.
429 2571 543 2601 Argout„
562 2576 603 2592 nu.
625 2570 693 2599 ¹495,
708 2571 771 2598 part.
788 2570 823 2598 ll;
841 2569 900 2592 edit.
921 2567 1012 2598 Vatis„

238 2614 277 2629 an.
304 2609 370 2636 istiu,
395 2608 457 2629 tom.
481 2606 535 2634 Vll,
556 2612 580 2635 p.
605 2606 667 2633 6813
693 2604 751 2628 edit.
775 2605 850 2633 V1¹11.,
871 2611 911 2627 au.
937 2606 1011 2633 tom

238 2642 297 2665 edit.
325 2642 414 2671 μηρὼ,
435 2648 476 2664 au.
502 2642 570 2671 ¹547,
592 2642 653 2663 tom.
679 2640 709 2671 ΙΙ,
733 2647 757 2670 p.
780 2642 838 2670 (ἅδῃ
859 2640 920 2663 ellit.
938 2640 1012 2666 Veii„

238 2684 279 2702 au.
300 2679 368 2705 175³»,
389 2680 453 2701 tom.
472 2677 530 2707 vll,
552 2684 575 2707 p.
600 2677 654 2700 227.
677 2690 702 2693 -
724 2677 734 2692 ¹
754 2677 761 2699 l
784 2677 856 2707 Tim„
875 2682 915 2706 vi,
934 2677 969 2699 16.
984 2687 1014 2692 —-

1059 1550 1258 1578 testimonium
1274 1549 1447 1586 perhibente
1463 1551 1473 1565 ⁶
1490 1559 1496 1578 :
1515 1551 1612 1578 Coelum
1626 1551 1700 1578 sedes
1716 1558 1775 1578 mea
1790 1553 1838 1581 est,

1059 1600 1131 1624 terra
1141 1598 1281 1624 scabellum
1291 1597 1389 1632 pedum
1399 1605 1526 1624 meorum.
1540 1598 1571 1624 Et
1581 1605 1634 1633 per
1643 1598 1655 1624 J
1659 1597 1801 1624 eremiam
1811 1598 1835 1624 ⁷:

1059 1645 1152 1671 Nonne
1173 1645 1263 1670 coelum
1279 1646 1304 1671 et
1322 1647 1421 1671 teiram
1440 1645 1562 1679 impleo?
1580 1643 1668 1679 Cujus
1687 1643 1838 1671 immensi-

1061 1692 1148 1717 tatem
1170 1690 1315 1726 Propheta
1337 1690 1366 1717 in
1392 1690 1508 1718 Psalmo
1530 1690 1690 1725 confitens,
1707 1690 1747 1718 ait
1761 1691 1770 1707 ⁸
1787 1699 1793 1717 :
1810 1691 1840 1717 St

1061 1737 1203 1764 ascendero
1217 1739 1245 1764 in
1259 1738 1368 1772 coelum,
1385 1739 1413 1764 tu
1435 1738 1493 1764 illic
1508 1745 1549 1772 es,
1566 1739 1621 1764 etc.
1638 1738 1676 1764 De
1692 1737 1775 1772 cujus
1788 1737 1841 1765 im-

1062 1783 1215 1812 mensitate
1230 1783 1366 1811 adhue-in
1380 1784 1458 1811 libro
1473 1784 1528 1812 Joh
1543 1784 1683 1819 scriptum
1693 1783 1774 1811 est⁹z
1789 1786 1842 1811 Em-

1063 1832 1156 1858 celsior
1169 1832 1230 1857 ccrlo
1249 1833 1296 1865 cst,
1307 1834 1332 1858 et
1345 1831 1412 1866 quid
1423 1832 1525 1864 facies?
1533 1830 1714 1864 Profunditor
1724 1832 1842 1864 inferna,

1064 1881 1088 1904 et
1108 1877 1179 1905 uncle
1194 1885 1330 1912 cognosces
1341 1879 1354 1904 ?
1368 1878 1483 1913 [θηρίον
1502 1880 1541 1905 est
1561 1881 1634 1905 terra
1647 1886 1657 1904 .·
1678 1879 1844 1905 immensitas

1065 1925 1122 1958 ejus
1137 1925 1221 1951 latior
1242 1926 1280 1951 est
1295 1926 1374 1951 mori.
1391 1924 1466 1958 Quia
1480 1924 1560 1951 enim
1572 1923 1680 1952 cwlum
1695 1926 1723 1952 et
1737 1926 1844 1952 terram

1065 1971 1184 2007 implet,
1206 1971 1311 2006 procul
1332 1971 1426 1999 dubio
1447 1971 1547 1999 nullus
1565 1971 1648 1999 locus
1672 1972 1715 1999 est
1729 1971 1767 1999 ab
1783 1971 1846 2006 ejus

1065 2017 1220 2052 praesentia
1235 2017 1352 2045 absens.
1374 2018 1467 2053 Super
1482 2018 1584 2045 omnia
1600 2018 1711 2054 quippe
1725 2019 1786 2052 est,
1801 2025 1845 2046 rc-

1058 2064 1164 2099 rgendo
1193 2066 1281 2100 atque
1310 2064 1496 2100 imperando.
1523 2064 1631 2092 Subtus
1660 2067 1720 2097 est,
1747 2065 1847 2092 omnia

1067 2110 1238 2138 sustinendo
1254 2112 1343 2147 atque
1357 2110 1523 2147 portando,
1535 2119 1596 2138 non
1611 2111 1745 2147 pondere
1760 2110 1846 2139 labo·

1067 2157 1116 2191 ris,
1143 2157 1196 2184 sed
1220 2157 1395 2193 infatigabili
1421 2158 1537 2185 virtuto.
1566 2157 1762 2184 Immutabilis
1786 2159 1847 2191 est,

1068 2204 1139 2239 quia
1154 2204 1192 2231 ab
1208 2212 1243 2231 eo
1263 2204 1347 2239 quod
1362 2206 1417 2238 est,
1435 2203 1540 2231 mutari
1564 2211 1626 2231 non
1647 2205 1762 2239 potest,
1782 2203 1848 2239 ipso

1069 2250 1183 2278 dicente
1198 2258 1251 2285 per
1266 2249 1439 2277 Malachiam
1466 2249 1643 2285 Prophetam
1654 2271 1662 2284 ,
1679 2250 1730 2285 qui
1750 2250 1790 2277 ait
1805 2250 1825 2266 ¹⁰
1841 2259 1846 2277 :

1068 2298 1124 2332 1390
1140 2298 1277 2328 Dominus,
1296 2298 1320 2323 ct
1337 2304 1388 2323 non
1411 2299 1509 2323 mutor.
1526 2296 1593 2325 ldeo
1617 2298 1690 2324 Deus
1710 2297 1849 2324 immuta·

1069 2343 1137 2371 bilis
1162 2342 1283 2377 dicitur,
1299 2342 1377 2378 {quia
1401 2343 1432 2369 in
1454 2345 1559 2370 natura
1583 2343 1646 2377 ejus
1671 2343 1729 2376 ira,
1752 2343 1848 2377 furor,

1070 2389 1240 2425 poenitentia
1251 2409 1260 2423 ,
1277 2388 1409 2423 oblivio,
1426 2389 1607 2424 recordatio,
1624 2391 1652 2416 et
1672 2389 1730 2417 alia
1750 2389 1796 2417 his
1811 2389 1849 2417 si—

1070 2436 1152 2465 milia
1166 2443 1227 2463 non
1235 2435 1382 2463 accidunt.
1395 2435 1526 2471 Simplex
1536 2436 1615 2463 enim
1629 2437 1661 2471 (a)
1674 2439 1780 2464 natura
1795 2439 1848 2471 est,

1069 2481 1260 2510 immutabilis
1276 2484 1303 2509 et
1321 2482 1545 2518 imperturbata.
1562 2484 1660 2518 Neque
1676 2482 1759 2510 aliud
1773 2483 1846 2518 ipse,

1070 2533 1098 2557 et
1122 2529 1203 2557 aliud
1230 2529 1313 2565 quod
1339 2529 1443 2564 habet3
1470 2529 1523 2557 sed
1552 2530 1648 2565 ipsum
1675 2531 1735 2564 cst,
1764 2529 1847 2565 quod

1070 2604 1168 2633 θάψω,
1181 2610 1199 2634 ι,
1216 2605 1286 2628 15.—
1306 2604 1455 2635 ι11)ἰ«1.,ιν,
1470 2606 1540 2628 24.—
1554 2605 1564 2620 ⁶
1581 2605 1611 2628 ΙΙΙ
1627 2604 1847 2635 Re9.,v111,27.-

1069 2644 1077 2652 ”
1093 2641 1152 2670 lm„
1166 2645 1237 2669 mvi,
1251 2641 1303 2663 1.—
1314 2639 1324 2656 ⁷
1334 2640 1522 2670 Jerem.,xx111,
1533 2641 1604 2664 24.-
1614 2639 1624 2655 ⁸
1636 2639 1704 2663 Psal.
1717 2645 1845 2670 cxxxviii,

1068 2677 1092 2699 s.
1106 2689 1132 2692 —
1150 2677 1159 2690 ⁹
1172 2674 1227 2704 lob,
1243 2680 1281 2705 xl,
1297 2676 1354 2699 8.-
1370 2676 1388 2692 ¹·
1402 2675 1508 2705 Malae„
1529 2681 1568 2705 111,
1583 2677 1644 2699 6.-
1661 2675 1692 2705 (a)
1710 2676 1764 2706 Leq.
1781 2675 1843 2705 ejus.
