2004 3037
767 383 1129 424 OPUSCULUM

824 493 898 517 QUOD
913 493 1080 514 mscmmwn

246 589 336 643 DE
381 588 651 643 SEPTEM
695 588 1097 645 ITINERIBUS
1139 588 1622 645 AETERNITATIS

775 873 1126 911 ARGUMENTUM

825 959 879 996 (Ex
891 959 959 988 edit.
972 961 1072 993 Vatia.)

191 1035 229 1068 In
245 1035 380 1080 prologo
394 1035 585 1068 summatim
606 1035 746 1081 explicat
770 1036 916 1079 Auctor,
934 1037 1009 1082 quis
1033 1036 1075 1070 sit
1098 1037 1170 1082 ejus
1196 1048 1334 1082 scopus,
1357 1041 1389 1070 et
1408 1041 1646 1081 argumentum
1670 1038 1755 1071 circa

147 1093 236 1138 quod
263 1097 414 1127 versatur
439 1093 499 1126 iste
526 1097 704 1136 tractatus,
729 1093 899 1137 doctrina,
926 1098 957 1128 et
986 1094 1172 1128 eruditione
1196 1095 1315 1141 plenus
1345 1107 1353 1128 ε
1384 1095 1443 1140 qui
1469 1095 1603 1129 devotas
1630 1100 1754 1129 mentes

147 1151 261 1195 dirigit
276 1162 334 1196 per
357 1151 477 1185 itinera
496 1156 619 1196 septem
645 1152 686 1186 ad
707 1152 962 1196 ingrediendum
987 1153 1203 1186 intrinsecum
1228 1158 1390 1186 secretum
1412 1157 1442 1187 et
1466 1157 1647 1196 aeternum,
1664 1155 1753 1199 quod

111 1224 115 1228 ¹
146 1214 194 1243 est
221 1209 342 1243 animae
372 1209 490 1254 patria,
520 1209 589 1243 Hoc
616 1214 726 1244 autem
753 1211 952 1256 opusculum
980 1223 1040 1245 suo
1068 1212 1206 1257 pristino
1235 1212 1403 1258 splendori
1429 1213 1618 1246 restitutum
1644 1217 1691 1246 est
1714 1224 1753 1246 ex

147 1267 264 1302 Codice
279 1268 503 1313 manuscripto
516 1294 525 1310 ,
541 1269 636 1313 cujus
658 1269 888 1303 liberalissime
909 1270 1037 1315 copiam
1057 1269 1133 1303 fecit
1147 1270 1418 1303 Revendissimus
1434 1270 1473 1303 D.
1490 1270 1527 1303 F.
1545 1271 1756 1314 Augustinus

145 1326 336 1360 Fivizianus
351 1326 476 1360 ordinis
490 1326 714 1361 Eremitarum
734 1327 769 1361 S.
794 1328 991 1372 Augustini,
1018 1328 1053 1362 S.
1076 1328 1116 1362 D.
1138 1328 1180 1362 N.
1203 1328 1444 1362 CLEMENTIS
1460 1328 1539 1363 VIII
1560 1328 1702 1362 Sacrista
1724 1333 1756 1362 et

148 1384 436 1430 Archffiospitalis,
465 1385 500 1419 S.
530 1385 676 1430 Spiritus
702 1386 738 1419 in
762 1386 884 1429 Samia,
911 1387 1050 1432 ejusque
1077 1387 1211 1420 Ordinis
1235 1387 1405 1421 Generalis
1433 1387 1752 1422 Commendatarius.

145 1443 230 1476 Nam
245 1443 352 1476 multa
365 1454 440 1488 quae
455 1444 590 1477 deerant
605 1470 614 1487 ‚
633 1455 776 1489 quaeque
791 1445 971 1489 depravata
985 1445 1183 1489 legebantur
1196 1471 1205 1488 ‚
1222 1446 1325 1490 hujus
1337 1446 1382 1480 M.
1401 1446 1436 1480 S.
1453 1446 1581 1479 Codicis
1595 1446 1754 1480 beneficio

145 1501 274 1546 expleta
288 1505 364 1535 sunt
379 1527 387 1544 ,
405 1505 437 1535 et
450 1501 619 1545 restituta,
636 1502 681 1536 ita
696 1508 733 1536 ut
751 1503 949 1548 opusculum
964 1503 1025 1536 hoc
1041 1503 1169 1537 auctius
1183 1515 1273 1537 nuuc
1288 1507 1319 1537 et
1337 1504 1511 1548 integriuS‚
1529 1516 1631 1550 quam
1645 1508 1752 1546 antea,

145 1560 181 1594 in
204 1560 312 1594 lucem
336 1559 483 1605 prodeat,

772 1763 1126 1811 PROLOGUS

177 1877 256 1908 Eum,
268 1877 316 1910 qui
325 1876 400 1903 venit
410 1874 447 1902 ad
457 1883 507 1910 me,
519 1882 572 1902 non
585 1875 694 1910 ejiciam
704 1875 792 1910 foras,
807 1874 904 1910 inquit
914 1874 924 1890 ²

141 1922 284 1951 Salvator.
298 1922 325 1949 S.
336 1921 514 1957 Augustinus
526 1923 546 1957 ³,
558 1922 591 1949 de
603 1922 759 1956 cognitione
768 1929 838 1949 veroe
846 1923 921 1956 vitoe,

142 1970 213 1998 dicit
234 1970 265 1997 in
285 1969 455 2005 principio:
476 1978 490 1994 «
511 1970 584 1997 Cum
599 1968 738 2000 Christus,
763 1967 869 1996 veritas
894 1969 923 1995 et

141 2017 213 2052 vita,
229 2016 307 2044 dicat
321 2017 332 2033 ⁸
349 2024 356 2043 ε
375 2016 438 2043 Hoec
453 2018 492 2043 est
509 2017 570 2043 vita
585 2018 694 2047 oeterna,
711 2017 741 2042 ut
765 2017 923 2049 cognoscant

143 2067 168 2092 te
182 2071 273 2092 verum
285 2065 368 2090 Deum
382 2061 480 2090 solum
488 2071 496 2097 ς
508 2061 772 2097 constatprofecto,
785 2061 922 2088 naturam

142 2110 320 2139 rationalem
335 2109 374 2138 ad
388 2109 445 2137 hoe
459 2108 558 2137 solum
573 2116 635 2136 esse
650 2108 768 2142 factam,
783 2109 814 2134 ut
832 2106 922 2134 facto-

142 2166 207 2186 rem
216 2165 304 2185 suum
313 2164 418 2184 verum
429 2157 521 2183 Deum
535 2155 679 2190 intelligat
689 2164 697 2190 ;
714 2153 921 2189 intelligendo,

143 2204 246 2240 diligat
254 2213 262 2238 3
285 2201 455 2238 diligendo,
477 2201 509 2229 in
532 2210 568 2230 eo
591 2201 642 2237 qui
667 2203 709 2229 est
731 2202 840 2228 aeterna
863 2200 923 2227 vita

142 2251 317 2280 aeternaliter
326 2250 510 2286 permaneat,
525 2250 553 2276 et
565 2248 650 2276 beate
665 2248 755 2276 vivat.
772 2257 785 2272 »
803 2248 844 2274 Ex
860 2254 921 2282 quo

143 2298 293 2327 concludit
316 2297 438 2325 dicens:
458 2305 472 2323 ιι
488 2295 650 2324 Divinitatis
674 2303 746 2331 ergo
767 2293 922 2322 essentiam

142 2343 356 2373 rationabiliter
377 2342 566 2378 investigare,
582 2343 615 2370 ut
639 2343 681 2369 est
704 2340 864 2377 possibile,
881 2341 923 2367 est

144 2392 183 2419 ad
197 2391 290 2419 vitam
304 2392 447 2419 aeternam
461 2389 609 2417 festinare.
633 2390 712 2416 Hane
735 2395 806 2423 ergo
829 2386 922 2422 negli-

144 2438 243 2473 gendo
263 2438 413 2473 ignorare,
430 2438 472 2465 est
484 2436 587 2472 utique
613 2435 653 2463 ad
676 2436 804 2463 mortem
818 2432 922 2461 indefi-

144 2485 268 2512 cientem
280 2483 490 2512 damnabiliter
503 2490 676 2519 properare.
688 2492 702 2509 »
715 2483 746 2510 ln
761 2481 806 2509 his
820 2480 921 2508 verbis

144 2531 272 2560 ostendit
292 2533 323 2559 B.
342 2530 540 2566 Augustinus³
557 2529 732 2565 generaliter
754 2527 921 2556 aeternitatis

178 2616 184 2632 ¹
202 2616 243 2645 Cf.
260 2615 324 2640 Edit.
341 2616 483 2646 Argentin„
498 2623 540 2640 an.
553 2617 622 2646 1495,
632 2617 697 2646 part.
714 2615 731 2638 lt
745 2622 751 2644 3
764 2612 919 2640 edim‘aticv,

147 2659 188 2675 an.
207 2653 280 2682 1596,
299 2652 361 2675 tom.
385 2652 445 2681 vn,
464 2659 523 2683 pag.
545 2653 603 2681 1453
620 2651 680 2675 edit.
697 2650 773 2681 Ven.‚
789 2656 830 2673 an.
852 2650 920 2677 ¹611,

145 2690 210 2711 tom.
231 2688 266 2718 11;
286 2686 346 2711 edit.
362 2686 489 2718 Lugdun„
506 2694 549 2712 an.
569 2688 637 2716 1647,
655 2688 718 2711 tom.
736 2687 766 2716 n,
781 2692 841 2716 pag.
860 2685 918 2713 1¹10;

146 2725 206 2751 edit.
223 2725 324 2755 Venet„
340 2731 381 2749 an.
402 2725 470 2756 ¹754,
486 2726 548 2750 tom.
565 2725 626 2756 ΧΗ,
642 2731 701 2756 pag.
717 2725 756 2748 99.
768 2737 799 2741 -
813 2724 822 2739 ²
834 2723 917 2751 Joan„

979 1881 1041 1901 esse
1053 1873 1113 1902 duo
1123 1873 1276 1902 maneria:
1294 1880 1398 1908 unum,
1410 1873 1493 1909 quod
1509 1874 1551 1900 est
1562 1873 1620 1901 vita
1635 1875 1742 1903 aeterna
1750 1884 1758 1909 ;

978 1920 1115 1956 alterum,
1127 1920 1210 1956 quod
1222 1921 1263 1948 est
1273 1928 1354 1948 mors
1363 1920 1556 1948 amarissima.
1566 1921 1661 1948 Iunuit
1672 1921 1761 1949 etiam

978 1968 1155 2002 Augustinus
1163 1968 1172 1984 ³
1184 1967 1231 1995 hic
1242 1967 1272 1994 in
1283 1967 1327 1994 his
1333 1967 1575 2001 verbis,istorum
1582 1970 1760 1995 aeternorum

978 2013 1179 2041 maneriorum
1197 2014 1258 2041 duo
1274 2013 1398 2042 itinera:
1416 2014 1487 2049 quia
1502 2013 1541 2041 ad
1551 2014 1682 2049 primum
1694 2022 1760 2050 per-

978 2060 1095 2088 venitur
1115 2069 1168 2096 per
1183 2060 1393 2088 rationabilem
1407 2060 1667 2095 investigationem
1692 2069 1759 2088 cum

978 2115 1095 2140 amore;
1112 2107 1151 2134 ad
1173 2107 1350 2140 secundum,
1365 2115 1418 2142 per
1442 2106 1646 2135 damnabilem
1668 2107 1759 2135 omis-1

978 2153 1093 2181 sionem
1103 2161 1171 2181 cum
1187 2153 1302 2181 dolore.
1314 2153 1456 2181 Dominus
1473 2156 1572 2181 autem
1587 2155 1669 2182 Jesus
1682 2154 1760 2182 Chri-

978 2202 1049 2234 stus,
1065 2200 1116 2235 qui
1132 2202 1173 2228 est
1185 2201 1195 2217 ⁸
1209 2202 1256 2228 via
1271 2200 1301 2227 in
1316 2208 1378 2236 qua
1393 2200 1483 2235 imus,
1497 2203 1599 2229 veritas
1613 2201 1652 2229 ad
1667 2209 1760 2238 quam

978 2246 1182 2282 pervenimus,
1205 2249 1233 2275 et
1247 2249 1306 2274 vita
1328 2247 1359 2274 in
1374 2255 1434 2283 qua
1448 2248 1707 2283 permanebimus,
1728 2248 1760 2275 in

978 2293 1077 2321 verbis
1092 2294 1251 2329 propositis
1271 2293 1399 2322 ostendit
1419 2294 1584 2330 specialiter
1607 2297 1635 2323 et
1649 2295 1759 2331 princi-

978 2340 1086 2376 paliter
1100 2343 1260 2377 utrumque
1276 2341 1454 2375 manerium,
1472 2343 1499 2369 et
1514 2349 1619 2369 eorum
1634 2342 1756 2369 itinera:

977 2395 1071 2416 unum
1085 2388 1287 2423 intrinsecum,
1306 2390 1334 2416 et
1355 2389 1440 2424 quasi
1462 2390 1622 2422 secretum,
1638 2390 1665 2416 ct
1679 2390 1760 2416 ceter·
1810 2426 1813 2428 Ι

977 2442 1050 2462 num
1064 2435 1095 2462 in
1110 2443 1159 2469 se,
1174 2435 1247 2471 quia
1260 2435 1323 2471 ipse
1339 2438 1382 2463 est
1396 2435 1502 2462 animae
1520 2435 1617 2471 patria
1632 2437 1659 2463 et
1673 2435 1758 2462 habi-

977 2481 1058 2516 tatio,
1074 2482 1106 2509 ut
1129 2481 1235 2510 dicitur
1256 2482 1286 2510 in
1301 2481 1378 2510 libro
1389 2483 1398 2499 ⁸
1421 2482 1453 2509 de
1467 2482 1575 2517 Spiritu
1597 2484 1621 2509 et
1638 2483 1756 2516 Anz'ma;

978 2586 1013 2610 Vl,
1026 2581 1065 2604 37.
1085 2593 1116 2599 —-
1129 2581 1139 2597 ³
1154 2581 1208 2604 lmo
1224 2582 1321 2610 auctor,
1338 2580 1451 2612 quisquis
1467 2581 1506 2604 ille
1522 2580 1561 2611 sit,
1577 2579 1634 2603 libri
1649 2579 1679 2603 de
1693 2579 1758 2610 Coq-

977 2616 1023 2639 711't.
1038 2623 1089 2640 ver.
1103 2617 1160 2647 vit„
1174 2623 1196 2640 c.
1213 2622 1231 2643 Ι,
1247 2616 1313 2640 inter
1329 2617 1405 2647 Oper.
1425 2618 1504 2647 Aug„
1519 2616 1629 2646 append.
1648 2616 1757 2639 toran.

977 2663 1006 2668 —
1021 2651 1031 2667 δ
1046 2652 1126 2681 joan„
1141 2657 1210 2681 xvxi,
1231 2653 1255 2675 3.
1270 2663 1300 2669 —
1322 2652 1332 2668 Β
1350 2652 1433 2681 loun„
1454 2657 1507 2681 nv,
1527 2652 1583 2674 6.-
1605 2651 1616 2667 ⁸
1636 2651 1669 2674 De
1685 2650 1754 2681 Spir.

976 2687 998 2708 et
1024 2687 1121 2718 Arnim„
1154 2694 1176 2711 c.
1202 2693 1233 2712 Lx
1246 2705 1252 2716 ,
1282 2687 1348 2711 inter
1379 2688 1453 2718 Oper.
1481 2688 1507 2711 S.
1539 2688 1612 2718 Aug„
1642 2686 1753 2717 append.

974 2723 1086 2747 tonitVl.
