2004 3037
359 218 408 251 DE
429 217 663 250 GRATIARUM
685 213 1050 248 SANGTlFlCATlONE.
1076 213 1163 245 CAP.
1188 211 1444 245 XXXV-XXXVI.
1479 217 1481 219 ’

295 333 320 367 c
330 333 360 367 A
369 333 396 367 P
406 333 472 368 UT
508 332 539 366 x
550 331 581 365 x
591 330 675 365 xv.
725 308 729 310 ’

357 406 396 433 De
412 404 612 440 Temperantia.

135 473 354 509 Temperantia,
369 472 534 502 secundum
548 471 730 500 Macrobium
745 473 765 506 ¹,
785 473 875 508 prout

100 522 142 548 est
156 520 246 548 virtus
267 520 404 556 politica,
424 521 467 548 est
481 519 555 547 nihil
577 521 716 555 appetere
730 517 874 554 poeniten-

100 566 188 602 dum,
204 566 235 594 in
249 566 332 594 nullo
353 566 451 602 legem
471 565 685 594 moderationis
710 564 851 593 excedere
862 586 871 599 ,

99 613 155 641 suh
166 613 239 648 jugo
254 612 376 641 rationis
390 612 582 649 cupiditatem
601 611 734 639 domare.
751 613 872 647 Tempe-

99 659 210 694 rantia,
225 661 313 695 prout
333 660 375 687 est
392 659 483 687 virtus
497 658 687 695 purgatoria,
714 659 757 686 est
772 657 873 685 omnia

98 705 265 742 relinquere
276 726 285 740 ,
311 705 342 733 in
365 707 511 742 quantum
533 707 639 733 natura
663 705 783 741 patitur,
809 713 875 740 quse

99 752 231 789 corporis
245 760 315 780 usus
329 752 461 789 requirit.
473 752 678 788 Temperantia
690 760 772 785 vero,
785 753 876 787 prout

99 801 141 827 est
155 799 246 827 virtus
260 799 377 835 purgati
393 799 504 833 animi,
520 800 562 826 est
583 800 714 826 terrenas
730 798 875 834 cupidita-

98 847 140 873 tes
153 854 215 873 non
228 846 327 874 solum
340 846 502 881 reprimere
515 867 522 880 ,
537 845 589 873 sed
604 845 720 881 penitus
736 845 873 873 oblvisci.

98 892 316 928 Temperantia,
331 893 420 928 prout
442 894 484 920 est
506 892 598 919 virtus
615 891 808 928 exemplaris,
833 893 876 919 est

99 938 238 974 quaedam
251 939 282 966 in
296 947 326 966 se
341 940 483 976 perpetua
500 938 662 966 intentione
677 938 873 966 conversatio.

135 986 232 1013 Partes
259 986 474 1021 temperantiae,
504 985 671 1013 secundum
698 984 826 1012 Tullium
845 984 874 1019 ²,

98 1033 166 1059 sunt
173 1033 240 1066 tres,
250 1031 440 1066 continentia,
454 1031 612 1059 clementia
622 1039 675 1059 seu
686 1031 873 1066 abstinentia,

99 1079 126 1104 et
145 1077 300 1105 modestia.
322 1078 526 1113 Continentia,
549 1078 713 1105 secundum
737 1078 875 1106 eumdem

97 1123 241 1159 Tullium,
258 1126 301 1152 est
313 1125 404 1152 virtus
418 1132 471 1160 per
487 1133 578 1161 quam
594 1124 739 1160 cupiditas
761 1124 876 1152 consilii

98 1170 312 1205 gubernatione
327 1171 448 1206 regitur.
466 1171 627 1199 Clementia
641 1173 700 1205 est,
716 1179 769 1206 per
784 1179 876 1206 quam

98 1219 197 1245 motus
212 1218 302 1245 animi
319 1218 350 1246 iu
370 1218 474 1246 odium
493 1218 616 1253 alicujus
631 1218 791 1246 temeritate
806 1226 877 1245 con-

99 1264 186 1298 citati,
203 1265 339 1292 comitate
353 1265 401 1292 vel
414 1264 559 1292 hilaritate
573 1264 746 1292 retinentur.
763 1264 874 1292 Modes-

99 1310 139 1338 tia
158 1312 200 1338 est
219 1311 326 1345 virtus,
351 1319 405 1347 per
429 1319 521 1347 quam
541 1311 640 1347 pudor
658 1312 800 1339 honestus
824 1319 874 1339 ca-

97 1364 163 1385 ram
175 1357 211 1394 (a)
225 1359 253 1385 et
266 1357 402 1385 stabilem
417 1357 620 1386 auctoritatem
629 1359 791 1394 comparat.
809 1359 875 1394 Spe-

99 1403 157 1430 cies
171 1404 372 1439 temperantiae
387 1406 454 1431 sunt
469 1406 537 1439 tres,
550 1404 704 1439 sobrietas,
721 1405 872 1432 contineu-

99 1450 156 1484 tia,
172 1452 199 1477 et
213 1450 368 1478 modestia.
384 1451 480 1478 Prima
496 1451 627 1478 consistit
646 1451 724 1478 circa
737 1453 857 1485 gustum
867 1472 876 1484 ,

100 1496 130 1523 in
139 1504 199 1532 quo
211 1496 295 1532 ponit
303 1496 429 1524 modum
441 1497 598 1531 sobrietas3
611 1497 741 1524 secunda
750 1499 791 1524 est
800 1498 877 1525 circa

100 1545 210 1570 tactum
225 1546 369 1579 quantum
384 1545 423 1571 ad
437 1545 498 1572 vim
520 1545 738 1580 generativam,
754 1545 800 1572 cui
823 1545 876 1572 in]-

100 1591 184 1626 ponit
197 1590 322 1618 modum
338 1591 463 1618 castitas.
480 1591 573 1619 Habet
587 1591 666 1619 enim
681 1591 773 1619 homo
789 1592 876 1619 vehe-

100 1639 229 1664 mentem
243 1638 406 1673 appetitum
418 1638 615 1665 conservandi
630 1646 661 1665 se
676 1638 706 1665 in
724 1647 786 1666 esse
800 1638 877 1665 indi-

100 1683 183 1710 vidui
205 1692 258 1719 per
279 1684 506 1718 nutrimentum,
524 1686 552 1712 et
577 1685 772 1712 conservandi
792 1694 822 1713 se
846 1686 876 1714 in

101 1737 162 1757 esse
182 1731 290 1766 speciei
310 1738 364 1766 per
378 1731 600 1766 generationem
619 1731 687 1759 :isti
704 1734 802 1760 autem
825 1740 879 1768 ap-

99 1777 205 1812 petitus
225 1777 439 1812 restringuntur
457 1786 511 1813 per
531 1778 720 1806 sobrietatem
742 1781 770 1806 et
784 1779 876 1807 conti-

100 1823 240 1851 nentiam.
257 1824 351 1851 Tertia
370 1824 500 1852 consistit
514 1825 545 1851 in
560 1825 644 1852 dictis
658 1827 686 1852 et
700 1825 782 1853 factis
796 1835 801 1852 :
815 1825 877 1853 fac-

102 1870 163 1896 tum
178 1872 293 1905 autem,
304 1873 393 1906 prout
404 1871 451 1898 hic
465 1871 616 1906 accipitur,
630 1872 756 1907 pertinet
768 1872 807 1899 ad
820 1874 878 1900 tres

102 1923 204 1943 sensus
219 1917 296 1944 circa
315 1917 452 1952 proprias
471 1925 575 1945 eorum
596 1919 750 1952 materias,
769 1918 878 1946 scilicet

102 1961 215 1996 visum,
232 1963 366 1990 auditum
375 1983 385 1997 ,
401 1963 552 1991 olfactum.
570 1964 695 1992 Pertinet
713 1964 802 1992 etiam
821 1965 877 1992 hoc

102 2007 211 2034 sactum
226 2008 264 2036 ad
279 2010 405 2043 tactum,
427 2017 489 2036 non
503 2010 628 2045 quidem
643 2011 695 2046 qui
718 2011 804 2038 estin
829 2020 878 2046 ge-

102 2054 234 2081 nerativa
243 2075 250 2088 ,
262 2054 315 2082 sed
329 2055 368 2082 ad
383 2055 457 2082 alios
468 2063 598 2090 quorum
608 2064 722 2091 organa
737 2059 805 2084 sunt
817 2066 878 2084 ma-

103 2108 159 2127 nus
171 2100 210 2128 ad
224 2101 463 2136 percutiendum,
475 2101 525 2128 vel
535 2102 729 2137 capiendum,
745 2104 773 2130 et
786 2104 878 2138 pedes

102 2147 141 2174 ad
156 2148 382 2176 ambulandum.
398 2150 429 2176 ln
451 2148 591 2176 omnibus
606 2148 666 2175 istis
681 2149 808 2177 modum
822 2158 878 2185 po-

103 2193 145 2220 nit
159 2194 314 2222 modestia.

139 2240 266 2275 Dignitas
280 2241 480 2277 temperantiae
492 2241 522 2269 in
534 2241 590 2269 hoc
604 2243 662 2276 est,
678 2242 761 2278 quod
777 2244 802 2269 1.
817 2243 878 2270 ani-

103 2295 184 2315 mam
200 2288 319 2316 decorat
335 2298 341 2315 :
359 2289 429 2324 quia
448 2288 521 2316 sicut
539 2289 570 2316 in
590 2289 701 2317 naturis
720 2290 816 2318 forma
837 2294 879 2318 est

104 2333 253 2361 decentior
266 2335 405 2369 materia,
420 2335 461 2362 sic
476 2337 503 2362 et
517 2335 549 2362 in
563 2335 697 2364 moribus
712 2336 779 2372 plus
801 2345 879 2365 com-

103 2380 260 2408 mendatur
287 2381 413 2416 modus,
439 2390 531 2418 quam
554 2381 618 2418 ipsa
643 2383 729 2410 actio.
758 2385 878 2419 Propter

104 2425 161 2453 hoc
183 2427 376 2467 temperantia
391 2430 580 2463 comparatur
594 2428 652 2455 Soli
663 2449 672 2463 ,
695 2429 747 2464 qui
762 2430 878 2457 medius

104 2471 288 2506 planetarum
301 2476 357 2509 est,
371 2476 399 2502 et
409 2474 560 2503 decentior
572 2474 648 2503 inter
660 2483 773 2504 omues.
786 2479 812 2505 2.
825 2478 879 2506 Me-

104 2518 193 2547 ritum
207 2520 356 2555 cumulat,
371 2522 442 2557 quia

233 2607 281 2613 .....
296 2589 408 2614 medium
424 2592 529 2615 tenuere
545 2590 621 2615 beati.

142 2660 222 2688 Unde
237 2661 342 2688 dicitur
356 2661 439 2697 quod
453 2661 553 2688 verbis
573 2669 635 2689 non
648 2670 808 2697 meremur,
823 2663 877 2691 sed

1650 215 1708 245 ¹89

930 281 1091 316 adverbiis,
1106 280 1137 309 id
1151 282 1208 316 est,
1222 288 1284 309 non
1299 288 1334 309 eo
1345 279 1429 317 quod
1444 279 1558 316 aliquid
1572 279 1707 314 tacimus,

930 328 983 357 sed
998 328 1029 356 in
1043 336 1079 357 eo
1092 328 1176 365 quod
1188 328 1264 356 bene
1279 328 1412 356 facimus.
1427 326 1505 356 Istud
1519 328 1599 364 patet
1612 327 1642 354 in
1657 326 1709 355 illa

930 375 1039 410 vidua,
1054 384 1120 412 quae
1136 375 1243 404 obtulit
1258 375 1319 403 duo
1331 374 1461 409 minuta,
1476 375 1504 401 et
1519 373 1614 410 magis
1629 382 1709 402 eom·

929 422 1070 450 mendata
1087 424 1130 450 est
1147 430 1239 458 quam
1264 421 1315 457 qui
1331 428 1442 455 magna
1462 420 1543 449 dona
1565 420 1709 448 miserunt

930 468 961 496 in
977 468 1235 504 gazophylacium.
1257 470 1282 496 3.
1307 467 1433 495 Vitiosos
1455 466 1600 503 appetitus
1618 467 1708 495 refre-

930 517 996 549 nat,
1013 515 1086 544 sicut
1104 524 1194 552 supra
1213 515 1326 543 dictum
1341 516 1384 542 est
1400 523 1406 541 :
1425 513 1503 541 unde
1519 516 1709 550 comparatur

929 561 1013 589 freno
1029 563 1057 589 et
1075 570 1174 596 remo,
1191 563 1218 590 et
1242 561 1320 589 limae
1335 569 1401 597 quoe
1425 560 1609 596 superfluum
1624 561 1708 588 rubi-1

930 608 1006 643 ginis
1021 608 1097 636 tollit
1111 608 1148 636 de
1173 608 1263 636 ferro.
1282 610 1308 635 4.
1333 607 1469 635 Actiones
1483 606 1643 641 informat,
1663 615 1707 635 se-

931 655 1065 682 cundum
1076 655 1160 691 quod
1173 654 1330 690 Apostolus
1345 654 1469 688 instruit,
1486 653 1587 681 dicens
1602 654 1612 671 ³
1629 663 1635 681 :
1653 655 1708 682 Ra-

931 703 1062 729 tionabile
1077 703 1229 737 obsequium
1244 704 1370 729 vestrum.
1388 703 1414 728 5.
1440 700 1570 730 Medium
1594 702 1692 728 servat
1698 711 1707 736 ;

930 749 1095 777 Bernardus
1106 749 1117 766 ⁴
1133 759 1140 777 ε
1160 759 1173 775 ι(
1187 750 1263 776 Tene
1278 748 1412 776 medium
1423 769 1432 782 ,
1453 747 1477 775 si
1492 755 1553 776 non
1576 747 1620 775 vis
1643 755 1710 783 per-

931 796 1001 824 dere
1015 796 1150 824 modum.
1167 807 1180 822 »
1201 797 1238 823 De
1253 796 1310 823 hoc
1327 795 1428 823 medio
1444 794 1572 823 dicitur:

1067 883 1115 890 .....
1130 865 1216 889 medio
1231 865 1371 889 tutissimus
1385 864 1443 889 ibis.

968 937 1046 965 Istud
1069 937 1205 967 medium
1228 937 1323 966 voluit
1346 936 1487 965 Dominus
1518 944 1573 964 nos
1592 938 1707 972 tenere,

931 984 1054 1020 quando
1069 984 1138 1012 fecit
1152 987 1243 1013 Evam
1257 992 1318 1012 non
1333 984 1370 1012 de
1386 983 1480 1020 capite
1494 983 1542 1011 vel
1558 983 1595 1011 de
1610 984 1688 1020 pede
1699 1006 1708 1019 ,

930 1030 984 1058 sed
999 1031 1035 1058 de
1053 1033 1149 1066 costa,
1166 1034 1194 1059 et
1208 1031 1331 1067 quando
1352 1030 1419 1058 feeit
1432 1030 1586 1058 hominem
1601 1031 1709 1067 partim

931 1077 1136 1113 corporalem,
1152 1080 1180 1105 et
1194 1078 1303 1114 partim
1322 1077 1506 1113 spiritualem
1531 1087 1537 1104 ε
1559 1079 1591 1105 ut
1614 1077 1709 1113 digni-

930 1125 988 1151 tate
1004 1126 1116 1151 naturae
1129 1125 1185 1152 sub
1200 1127 1306 1152 natura
1321 1126 1395 1152 esset
1409 1123 1543 1159 angelica
1555 1145 1563 1158 ,
1580 1126 1608 1151 et
1621 1132 1710 1160 super

931 1178 1107 1205 corpoream
1120 1173 1295 1198 creaturam.
1313 1172 1339 1197 6.
1355 1170 1468 1198 Christo
1484 1170 1639 1205 assimilat,
1657 1171 1709 1207 qui

930 1216 1006 1243 stetit
1020 1217 1051 1244 in
1062 1218 1150 1244 medio
1163 1217 1388 1253 discipulorum,
1403 1216 1478 1244 sedit
1493 1217 1523 1244 in
1538 1217 1624 1244 medio
1640 1217 1709 1244 doc-

930 1264 1044 1297 torum,
1061 1271 1221 1299 suspensus
1237 1265 1278 1291 est
1293 1263 1324 1290 in
1337 1264 1424 1290 medio
1447 1263 1613 1298 latronum,
1629 1263 1709 1291 loca-

930 1311 977 1337 tus
992 1311 1035 1336 est
1053 1309 1083 1337 in
1103 1311 1191 1338 medio
1214 1310 1344 1338 duorum
1359 1309 1550 1345 animalium,
1571 1310 1650 1337 visus
1666 1313 1709 1338 est

932 1364 949 1383 a
962 1358 1075 1384 Joanne
1097 1357 1127 1384 in
1146 1357 1325 1393 Apocalypsi
1340 1358 1349 1373 ⁵
1364 1358 1395 1384 in
1410 1357 1497 1384 medio
1513 1356 1709 1385 candelabro-

930 1410 997 1430 rum
1013 1412 1181 1432 aureorum.
1200 1407 1224 1431 7.
1238 1406 1378 1432 Naturam
1392 1405 1559 1438 conservat,
1573 1404 1643 1440 quia
1658 1411 1709 1432 na-

930 1451 996 1476 tura
1010 1449 1041 1476 in
1056 1450 1162 1478 mediis
1178 1451 1350 1485 delectatur,
1376 1453 1404 1478 et
1424 1459 1477 1486 per
1499 1452 1630 1479 extrema
1644 1459 1708 1479 cor-

930 1496 1088 1531 rumpitur.
1115 1497 1196 1525 Unde
1222 1497 1416 1533 Philosophus
1430 1496 1440 1512 ss
1465 1506 1471 1524 :
1502 1508 1515 1522 α
1530 1498 1709 1526 Excellentia

931 1545 1115 1570 sensatorum
1139 1543 1338 1579 corrumpitur
1361 1552 1473 1571 sensus.
1492 1554 1505 1569 »
1530 1545 1556 1571 8.
1582 1544 1708 1572 Ferculis

930 1589 1044 1616 aeternis
1067 1589 1162 1625 cibat;
1191 1590 1270 1617 unde
1300 1590 1497 1626 temperantia
1519 1593 1709 1626 comparatur

930 1635 1013 1670 ligno
1029 1636 1109 1672 vitae,
1126 1636 1209 1672 quod
1223 1639 1285 1664 erat
1298 1636 1329 1664 in
1344 1637 1444 1665 medio
1458 1637 1600 1672 paradisi.

1115 1730 1140 1763 C
1149 1730 1180 1762 A
1189 1730 1215 1762 P
1226 1730 1255 1763 U
1267 1731 1293 1763 T
1330 1730 1362 1763 X
1373 1731 1403 1763 X
1414 1730 1445 1763 X
1455 1730 1486 1764 V
1496 1731 1522 1765 J.

1205 1805 1243 1831 De
1257 1804 1435 1831 Fortitudine.

967 1871 1118 1900 Fortitudo
1128 1893 1137 1906 ,
1154 1872 1319 1900 secundum
1334 1873 1517 1900 macrobium
1528 1874 1549 1908 ⁷,
1564 1877 1652 1909 prout
1667 1877 1709 1904 est

930 1918 1022 1945 virtus
1036 1918 1172 1954 politica,
1193 1920 1235 1946 est
1249 1918 1383 1946 animum
1398 1927 1486 1955 supra
1501 1920 1623 1955 periculi
1645 1930 1707 1949 me-

931 1966 994 1992 tum
1009 1972 1106 2000 agere,
1122 1965 1255 2001 nihilque
1270 1966 1325 1993 nisi
1339 1966 1436 2002 turpia
1452 1967 1564 2002 timere,
1582 1968 1708 1997 tolerare

931 2010 1043 2039 fortiter
1057 2012 1182 2039 adversa
1198 2012 1245 2039 vel
1258 2020 1410 2048 prospera.
1433 2013 1622 2041 Fortitudinis
1636 2023 1707 2050 pur-

933 2058 1052 2093 gatoriae
1071 2060 1113 2086 est
1132 2059 1232 2086 animo
1253 2067 1314 2086 non
1334 2059 1434 2086 terreri
1450 2068 1467 2087 a
1482 2068 1606 2095 corpore
1626 2069 1707 2089 rece-

933 2104 1019 2131 dente
1032 2124 1040 2138 ,
1054 2112 1108 2131 nec
1123 2104 1309 2132 altitudinem
1325 2105 1495 2132 abhorrere.
1520 2107 1708 2136 Fortitudinis

931 2151 1047 2186 purgati
1063 2151 1153 2179 animi
1169 2154 1212 2179 est
1224 2152 1377 2187 passiones
1391 2152 1528 2187 ignorare
1538 2175 1547 2188 ,
1567 2162 1629 2182 non
1647 2163 1707 2183 me-

932 2198 1032 2231 tuere,
1052 2199 1084 2224 ut
1102 2199 1213 2225 nesciat
1232 2198 1338 2232 irasci,
1362 2201 1389 2226 et
1410 2199 1483 2227 nihil
1505 2200 1603 2236 cupiat
1621 2201 1707 2229 inho-

932 2246 1056 2271 nestum.
1073 2245 1261 2272 Fortitudinis
1277 2245 1452 2281 exemplaris
1466 2248 1508 2274 est
1521 2255 1583 2275 esse
1598 2248 1706 2276 immu-

932 2290 1053 2317 tabilem
1061 2311 1071 2325 ,
1087 2291 1158 2327 quia
1171 2299 1286 2327 semper
1300 2291 1382 2319 idem
1397 2294 1457 2327 est,
1473 2301 1528 2321 nec
1543 2294 1706 2330 aliquando

932 2338 1071 2364 mutatur.

968 2385 1064 2411 Partes
1077 2384 1273 2420 fortitudinis,
1288 2385 1452 2413 secundum
1467 2387 1594 2414 Tullium
1603 2388 1625 2422 ⁸,
1641 2392 1707 2416 sunt

933 2431 1080 2465 quatuor:
1101 2431 1339 2467 magnificentia,
1355 2432 1483 2467 fiducia,
1503 2434 1664 2469 patientia,
1681 2438 1707 2464 et

966 2486 972 2501 ¹
995 2486 1120 2516 Macrob„
1145 2487 1168 2510 iu
1194 2487 1278 2510 Somn.
1303 2488 1422 2518 Scipion„
1443 2488 1485 2512 lib.
1513 2490 1534 2520 1,
1558 2497 1580 2513 c.
1602 2496 1660 2514 vni.
1679 2504 1705 2508 --

933 2520 941 2534 ²
956 2521 1018 2552 Cic„
1036 2522 1064 2545 tle
1079 2522 1183 2552 lavent„
1200 2522 1243 2546 lib.
1259 2523 1288 2546 ΙΙ.
1303 2537 1328 2540 -
1343 2523 1351 2537 ³
1364 2524 1442 2554 Rom„
1456 2530 1503 2556 xxi,
1522 2528 1541 2549 1.
1557 2538 1587 2542 -—
1598 2525 1606 2540 ⁴
1621 2527 1706 2557 Rern,

931 2556 961 2579 de
977 2557 1115 2585 consider..
1131 2558 1173 2581 lib.
1194 2559 1347 2586 11,‹:.x.—
1359 2559 1368 2575 ⁵
1380 2561 1464 2589 Alsos„
1480 2566 1507 2589 11,
1527 2563 1545 2583 1.
1559 2574 1586 2578 —
1599 2561 1608 2576 θ
1621 2562 1705 2586 Arlst..

932 2591 961 2615 (lc
979 2593 1074 2621 Animi„
1091 2593 1133 2617 lib.
1157 2595 1198 2623 ili,
1216 2596 1277 2617 text.
1296 2596 1346 2618 144.
1361 2608 1391 2611 —
1410 2596 1416 2609 ⁷
1432 2596 1556 2626 Mausoli,
1575 2596 1601 2619 in
1622 2600 1705 2622 ὅοηῖιι.

932 2628 1052 2659 Scipion„
1067 2629 1110 2653 lib.
1129 2630 1145 2659 t,
1162 2637 1183 2652 c.
1202 2635 1257 2654 v111.
1273 2643 1302 2647 ——
1317 2630 1328 2646 ⁸
1342 2631 1406 2661 Cic„
1420 2630 1449 2654 cle
1464 2631 1568 2662 lavent„
1585 2632 1629 2657 lib.
1643 2633 1672 2659 li.

964 2668 996 2698 (a)
1010 2668 1106 2692 Forsan
1120 2668 1252 2700 legendum
1266 2670 1370 2695 claram.
