<?xml version="1.0" encoding="UTF-8"?>
<!DOCTYPE html PUBLIC "-//W3C//DTD XHTML 1.0 Transitional//EN"
    "http://www.w3.org/TR/xhtml1/DTD/xhtml1-transitional.dtd">
<html xmlns="http://www.w3.org/1999/xhtml" xml:lang="en" lang="en">
 <head>
  <title>
</title>
<meta http-equiv="Content-Type" content="text/html;charset=utf-8" />
  <meta name='ocr-system' content='tesseract 3.04.00' />
  <meta name='ocr-capabilities' content='ocr_page ocr_carea ocr_par ocr_line ocrx_word'/>
</head>
<body>
  <div class='ocr_page' id='page_1' title='image "./operaomniasixtiv08bonauoft/operaomniasixtiv08bonauoft_0056.png"; bbox 0 0 2004 3037; ppageno 0'>
   <div class='ocr_carea' id='block_1_1' title="bbox 141 1181 240 1301">
    <p class='ocr_par' dir='ltr' id='par_1_1' title="bbox 141 1181 240 1301">
     <span class='ocr_line' id='line_1_1' title="bbox 171 1181 240 1200; baseline -0.029 0"><span class='ocrx_word' id='word_1_1' title='bbox 171 1181 240 1200; x_wconf 82' lang='lat' dir='ltr'><strong>Locus</strong></span> 
     </span>
     <span class='ocr_line' id='line_1_2' title="bbox 141 1210 234 1231; baseline -0.011 0"><span class='ocrx_word' id='word_1_2' title='bbox 141 1210 234 1231; x_wconf 77' lang='lat' dir='ltr'><strong>orationi</strong></span> 
     </span>
     <span class='ocr_line' id='line_1_3' title="bbox 160 1242 210 1268; baseline 0 -6"><span class='ocrx_word' id='word_1_3' title='bbox 160 1242 210 1268; x_wconf 84' lang='lat' dir='ltr'><strong>quis</strong></span> 
     </span>
     <span class='ocr_line' id='line_1_4' title="bbox 148 1277 221 1301; baseline -0.027 -5"><span class='ocrx_word' id='word_1_4' title='bbox 148 1277 221 1301; x_wconf 77' lang='lat' dir='ltr'><strong>aptus.</strong></span> 
     </span>
    </p>
   </div>
   <div class='ocr_carea' id='block_1_2' title="bbox 255 242 1271 285">
    <p class='ocr_par' dir='ltr' id='par_1_2' title="bbox 255 242 1271 285">
     <span class='ocr_line' id='line_1_5' title="bbox 255 242 1271 285; baseline -0.009 0"><span class='ocrx_word' id='word_1_5' title='bbox 255 255 293 285; x_wconf 84' lang='lat'><strong>36</strong></span> <span class='ocrx_word' id='word_1_6' title='bbox 843 244 1013 278; x_wconf 80' lang='lat' dir='ltr'><strong>MYSTIGA</strong></span> <span class='ocrx_word' id='word_1_7' title='bbox 1033 242 1271 277; x_wconf 84' lang='lat' dir='ltr'>THEOLOGIA.</span> 
     </span>
    </p>
   </div>
   <div class='ocr_carea' id='block_1_3' title="bbox 252 312 1039 2736">
    <p class='ocr_par' dir='ltr' id='par_1_3' title="bbox 252 312 1033 1142">
     <span class='ocr_line' id='line_1_6' title="bbox 254 312 1030 356; baseline -0.012 -7"><span class='ocrx_word' id='word_1_8' title='bbox 254 317 434 356; x_wconf 84' lang='lat' dir='ltr'>competenti</span> <span class='ocrx_word' id='word_1_9' title='bbox 447 316 484 344; x_wconf 87' lang='lat' dir='ltr'><strong>sit</strong></span> <span class='ocrx_word' id='word_1_10' title='bbox 498 314 622 351; x_wconf 78' lang='lat' dir='ltr'><strong>quaestio</strong></span> <span class='ocrx_word' id='word_1_11' title='bbox 631 319 718 350; x_wconf 57' lang='lat' dir='ltr'><strong>{quo</strong></span> <span class='ocrx_word' id='word_1_12' title='bbox 736 321 822 342; x_wconf 89' lang='lat' dir='ltr'><strong>mens</strong></span> <span class='ocrx_word' id='word_1_13' title='bbox 841 313 951 341; x_wconf 90' lang='lat' dir='ltr'><strong>divinis</strong></span> <span class='ocrx_word' id='word_1_14' title='bbox 964 312 1030 340; x_wconf 91' lang='lat' dir='ltr'><strong>lau-</strong></span> 
     </span>
     <span class='ocr_line' id='line_1_7' title="bbox 254 359 1030 397; baseline -0.01 -2"><span class='ocrx_word' id='word_1_15' title='bbox 254 367 343 395; x_wconf 86' lang='lat' dir='ltr'>dibus</span> <span class='ocrx_word' id='word_1_16' title='bbox 361 373 392 392; x_wconf 89' lang='lat' dir='ltr'><strong>se</strong></span> <span class='ocrx_word' id='word_1_17' title='bbox 413 362 567 397; x_wconf 84' lang='lat' dir='ltr'><strong>extendat,</strong></span> <span class='ocrx_word' id='word_1_18' title='bbox 587 361 687 390; x_wconf 85' lang='lat' dir='ltr'><strong>audite</strong></span> <span class='ocrx_word' id='word_1_19' title='bbox 707 359 866 388; x_wconf 91' lang='lat' dir='ltr'><strong>Dominum</strong></span> <span class='ocrx_word' id='word_1_20' title='bbox 886 367 941 396; x_wconf 87' lang='lat' dir='ltr'><strong>per</strong></span> <span class='ocrx_word' id='word_1_21' title='bbox 960 360 1030 387; x_wconf 89' lang='lat' dir='ltr'><strong>Pro·</strong></span> 
     </span>
     <span class='ocr_line' id='line_1_8' title="bbox 253 407 1030 450; baseline -0.012 -9"><span class='ocrx_word' id='word_1_22' title='bbox 253 413 374 450; x_wconf 84' lang='lat' dir='ltr'><strong>phetam</strong></span> <span class='ocrx_word' id='word_1_23' title='bbox 393 410 567 446; x_wconf 85' lang='lat' dir='ltr'><strong>loquentem</strong></span> <span class='ocrx_word' id='word_1_24' title='bbox 582 409 591 426; x_wconf 64' lang='grc'>*</span> <span class='ocrx_word' id='word_1_25' title='bbox 609 417 616 436; x_wconf 92' lang='lat'>:</span> <span class='ocrx_word' id='word_1_26' title='bbox 633 409 665 436; x_wconf 83' lang='lat' dir='ltr'><strong>In</strong></span> <span class='ocrx_word' id='word_1_27' title='bbox 679 408 725 435; x_wconf 83' lang='lat' dir='ltr'><strong>die</strong></span> <span class='ocrx_word' id='word_1_28' title='bbox 743 407 884 435; x_wconf 74' lang='lat' dir='ltr'><strong>mandavit</strong></span> <span class='ocrx_word' id='word_1_29' title='bbox 900 407 1030 434; x_wconf 83' lang='lat' dir='ltr'><em>Dominus</em></span> 
     </span>
     <span class='ocr_line' id='line_1_9' title="bbox 252 452 1030 489; baseline -0.01 -2"><span class='ocrx_word' id='word_1_30' title='bbox 252 457 467 487; x_wconf 76' lang='lat' dir='ltr'><strong>misericordiam</strong></span> <span class='ocrx_word' id='word_1_31' title='bbox 481 465 574 489; x_wconf 81' lang='lat' dir='ltr'><strong>suam,</strong></span> <span class='ocrx_word' id='word_1_32' title='bbox 588 458 614 483; x_wconf 79' lang='lat' dir='ltr'><strong>et</strong></span> <span class='ocrx_word' id='word_1_33' title='bbox 624 457 699 483; x_wconf 76' lang='lat' dir='ltr'><strong>nocte</strong></span> <span class='ocrx_word' id='word_1_34' title='bbox 712 455 847 482; x_wconf 81' lang='lat' dir='ltr'><strong>canticum</strong></span> <span class='ocrx_word' id='word_1_35' title='bbox 859 454 915 488; x_wconf 71' lang='lat' dir='ltr'><strong>eius</strong></span> <span class='ocrx_word' id='word_1_36' title='bbox 926 463 934 480; x_wconf 94' lang='lat'><strong>.·</strong></span> <span class='ocrx_word' id='word_1_37' title='bbox 946 452 1030 489; x_wconf 88' lang='lat' dir='ltr'><strong>quod</strong></span> 
     </span>
     <span class='ocr_line' id='line_1_10' title="bbox 252 497 1030 538; baseline -0.009 -5"><span class='ocrx_word' id='word_1_38' title='bbox 252 505 383 533; x_wconf 84' lang='lat' dir='ltr'><strong>maxime</strong></span> <span class='ocrx_word' id='word_1_39' title='bbox 409 503 534 538; x_wconf 85' lang='lat' dir='ltr'><strong>dicitur,</strong></span> <span class='ocrx_word' id='word_1_40' title='bbox 550 502 622 538; x_wconf 86' lang='lat' dir='ltr'><strong>quia</strong></span> <span class='ocrx_word' id='word_1_41' title='bbox 643 497 711 529; x_wconf 77' lang='lat' dir='ltr'><strong>tunc</strong></span> <span class='ocrx_word' id='word_1_42' title='bbox 732 500 832 528; x_wconf 90' lang='lat' dir='ltr'><strong>minus</strong></span> <span class='ocrx_word' id='word_1_43' title='bbox 854 499 971 528; x_wconf 86' lang='lat' dir='ltr'><strong>videtur</strong></span> <span class='ocrx_word' id='word_1_44' title='bbox 991 498 1030 526; x_wconf 88' lang='lat' dir='ltr'><strong>ab</strong></span> 
     </span>
     <span class='ocr_line' id='line_1_11' title="bbox 253 546 1032 586; baseline -0.008 -6"><span class='ocrx_word' id='word_1_45' title='bbox 253 552 395 580; x_wconf 88' lang='lat' dir='ltr'><strong>omnibus</strong></span> <span class='ocrx_word' id='word_1_46' title='bbox 418 550 612 585; x_wconf 85' lang='lat' dir='ltr'><strong>hominihus,</strong></span> <span class='ocrx_word' id='word_1_47' title='bbox 632 549 705 586; x_wconf 87' lang='lat' dir='ltr'><strong>quia</strong></span> <span class='ocrx_word' id='word_1_48' title='bbox 723 551 794 576; x_wconf 89' lang='lat' dir='ltr'><strong>tunc</strong></span> <span class='ocrx_word' id='word_1_49' title='bbox 817 547 905 584; x_wconf 83' lang='lat' dir='ltr'>quasi</span> <span class='ocrx_word' id='word_1_50' title='bbox 929 546 1032 575; x_wconf 90' lang='lat' dir='ltr'><strong>omnia</strong></span> 
     </span>
     <span class='ocr_line' id='line_1_12' title="bbox 253 593 1032 632; baseline -0.008 -5"><span class='ocrx_word' id='word_1_51' title='bbox 253 599 341 628; x_wconf 83' lang='lat' dir='ltr'><strong>silent</strong></span> <span class='ocrx_word' id='word_1_52' title='bbox 358 597 584 632; x_wconf 78' lang='lat' dir='ltr'><strong>tumultuantia,</strong></span> <span class='ocrx_word' id='word_1_53' title='bbox 599 595 729 624; x_wconf 84' lang='lat' dir='ltr'><strong>maxime</strong></span> <span class='ocrx_word' id='word_1_54' title='bbox 745 595 817 631; x_wconf 86' lang='lat' dir='ltr'><strong>quia</strong></span> <span class='ocrx_word' id='word_1_55' title='bbox 837 596 907 622; x_wconf 86' lang='lat' dir='ltr'><strong>tuuc</strong></span> <span class='ocrx_word' id='word_1_56' title='bbox 922 593 1032 622; x_wconf 84' lang='lat' dir='ltr'><strong>dormit</strong></span> 
     </span>
     <span class='ocr_line' id='line_1_13' title="bbox 252 640 1032 682; baseline -0.009 -8"><span class='ocrx_word' id='word_1_57' title='bbox 252 645 383 682; x_wconf 90' lang='lat' dir='ltr'><strong>populus</strong></span> <span class='ocrx_word' id='word_1_58' title='bbox 398 644 584 679; x_wconf 89' lang='lat' dir='ltr'><strong>christianus,</strong></span> <span class='ocrx_word' id='word_1_59' title='bbox 604 643 704 678; x_wconf 74' lang='lat' dir='ltr'><strong>cnjus,</strong></span> <span class='ocrx_word' id='word_1_60' title='bbox 725 641 839 670; x_wconf 86' lang='lat' dir='ltr'><strong>ratione</strong></span> <span class='ocrx_word' id='word_1_61' title='bbox 863 640 1032 674; x_wconf 83' lang='lat' dir='ltr'><strong>charitatis,</strong></span> 
     </span>
     <span class='ocr_line' id='line_1_14' title="bbox 253 687 1031 724; baseline -0.008 -4"><span class='ocrx_word' id='word_1_62' title='bbox 253 700 374 720; x_wconf 88' lang='lat' dir='ltr'><strong>causam</strong></span> <span class='ocrx_word' id='word_1_63' title='bbox 387 691 477 719; x_wconf 89' lang='lat' dir='ltr'><strong>debet</strong></span> <span class='ocrx_word' id='word_1_64' title='bbox 489 697 653 724; x_wconf 85' lang='lat' dir='ltr'><strong>assumere,</strong></span> <span class='ocrx_word' id='word_1_65' title='bbox 668 697 730 717; x_wconf 91' lang='lat' dir='ltr'><strong>non</strong></span> <span class='ocrx_word' id='word_1_66' title='bbox 750 690 866 716; x_wconf 84' lang='lat' dir='ltr'><strong>tantum</strong></span> <span class='ocrx_word' id='word_1_67' title='bbox 884 687 1031 720; x_wconf 88' lang='lat' dir='ltr'><strong>affinium,</strong></span> 
     </span>
     <span class='ocr_line' id='line_1_15' title="bbox 253 735 1032 772; baseline -0.008 -5"><span class='ocrx_word' id='word_1_68' title='bbox 253 739 306 767; x_wconf 87' lang='lat' dir='ltr'><strong>sed</strong></span> <span class='ocrx_word' id='word_1_69' title='bbox 321 738 457 767; x_wconf 89' lang='lat' dir='ltr'><strong>omnium</strong></span> <span class='ocrx_word' id='word_1_70' title='bbox 471 737 603 765; x_wconf 89' lang='lat' dir='ltr'><strong>filiorum</strong></span> <span class='ocrx_word' id='word_1_71' title='bbox 623 736 823 772; x_wconf 77' lang='lat' dir='ltr'><strong>baptismatis,</strong></span> <span class='ocrx_word' id='word_1_72' title='bbox 839 737 871 762; x_wconf 87' lang='lat' dir='ltr'><strong>ut</strong></span> <span class='ocrx_word' id='word_1_73' title='bbox 885 735 947 771; x_wconf 88' lang='lat' dir='ltr'><strong>ipse</strong></span> <span class='ocrx_word' id='word_1_74' title='bbox 962 737 1032 762; x_wconf 87' lang='lat' dir='ltr'><strong>tune</strong></span> 
     </span>
     <span class='ocr_line' id='line_1_16' title="bbox 253 781 1033 821; baseline -0.008 -7"><span class='ocrx_word' id='word_1_75' title='bbox 253 786 357 821; x_wconf 88' lang='lat' dir='ltr'><strong>vigilet</strong></span> <span class='ocrx_word' id='word_1_76' title='bbox 382 784 536 813; x_wconf 89' lang='lat' dir='ltr'><strong>viscerosis</strong></span> <span class='ocrx_word' id='word_1_77' title='bbox 559 783 745 811; x_wconf 88' lang='lat' dir='ltr'><strong>orationibus</strong></span> <span class='ocrx_word' id='word_1_78' title='bbox 767 781 954 818; x_wconf 88' lang='lat' dir='ltr'><strong>protegendo</strong></span> <span class='ocrx_word' id='word_1_79' title='bbox 969 803 977 816; x_wconf 93' lang='lat'><strong>,</strong></span> <span class='ocrx_word' id='word_1_80' title='bbox 1001 783 1033 809; x_wconf 90' lang='lat' dir='ltr'><strong>ut</strong></span> 
     </span>
     <span class='ocr_line' id='line_1_17' title="bbox 253 828 1032 867; baseline -0.008 -6"><span class='ocrx_word' id='word_1_81' title='bbox 253 833 302 861; x_wconf 88' lang='lat' dir='ltr'><strong>leo</strong></span> <span class='ocrx_word' id='word_1_82' title='bbox 317 832 461 860; x_wconf 83' lang='lat' dir='ltr'>circuiens</span> <span class='ocrx_word' id='word_1_83' title='bbox 472 852 481 867; x_wconf 87' lang='lat'><strong>,</strong></span> <span class='ocrx_word' id='word_1_84' title='bbox 497 838 634 867; x_wconf 79' lang='lat' dir='ltr'><strong>quaerens</strong></span> <span class='ocrx_word' id='word_1_85' title='bbox 648 837 739 866; x_wconf 90' lang='lat' dir='ltr'><strong>quem</strong></span> <span class='ocrx_word' id='word_1_86' title='bbox 758 829 896 863; x_wconf 89' lang='lat' dir='ltr'><strong>devoret,</strong></span> <span class='ocrx_word' id='word_1_87' title='bbox 912 829 942 856; x_wconf 88' lang='lat' dir='ltr'><strong>in</strong></span> <span class='ocrx_word' id='word_1_88' title='bbox 961 828 1032 864; x_wconf 85' lang='lat' dir='ltr'><strong>ipsis</strong></span> 
     </span>
     <span class='ocr_line' id='line_1_18' title="bbox 253 876 1033 917; baseline -0.008 -8"><span class='ocrx_word' id='word_1_89' title='bbox 253 889 315 909; x_wconf 89' lang='lat' dir='ltr'><strong>non</strong></span> <span class='ocrx_word' id='word_1_90' title='bbox 329 879 506 917; x_wconf 76' lang='lat' dir='ltr'><strong>praevaleat,</strong></span> <span class='ocrx_word' id='word_1_91' title='bbox 523 887 599 915; x_wconf 90' lang='lat' dir='ltr'><strong>quos</strong></span> <span class='ocrx_word' id='word_1_92' title='bbox 618 880 702 906; x_wconf 84' lang='lat' dir='ltr'><strong>Pater</strong></span> <span class='ocrx_word' id='word_1_93' title='bbox 717 877 852 906; x_wconf 89' lang='lat' dir='ltr'><strong>omnium</strong></span> <span class='ocrx_word' id='word_1_94' title='bbox 866 876 1033 904; x_wconf 86' lang='lat' dir='ltr'><strong>viventium</strong></span> 
     </span>
     <span class='ocr_line' id='line_1_19' title="bbox 253 922 1033 963; baseline -0.006 -8"><span class='ocrx_word' id='word_1_95' title='bbox 253 927 376 963; x_wconf 84' lang='lat' dir='ltr'><strong>imagini</strong></span> <span class='ocrx_word' id='word_1_96' title='bbox 400 927 462 955; x_wconf 85' lang='lat' dir='ltr'>Filii</span> <span class='ocrx_word' id='word_1_97' title='bbox 488 926 532 954; x_wconf 89' lang='lat' dir='ltr'><strong>sui</strong></span> <span class='ocrx_word' id='word_1_98' title='bbox 561 925 769 953; x_wconf 80' lang='lat' dir='ltr'><strong>conformavit.</strong></span> <span class='ocrx_word' id='word_1_99' title='bbox 789 926 869 952; x_wconf 92' lang='lat' dir='ltr'><strong>Tunc</strong></span> <span class='ocrx_word' id='word_1_100' title='bbox 890 923 970 951; x_wconf 85' lang='lat' dir='ltr'><strong>enim</strong></span> <span class='ocrx_word' id='word_1_101' title='bbox 993 922 1033 950; x_wconf 90' lang='lat' dir='ltr'><strong>ad</strong></span> 
     </span>
     <span class='ocr_line' id='line_1_20' title="bbox 253 971 1031 1010; baseline -0.008 -8"><span class='ocrx_word' id='word_1_102' title='bbox 253 974 427 1010; x_wconf 84' lang='lat' dir='ltr'><strong>amplexum</strong></span> <span class='ocrx_word' id='word_1_103' title='bbox 441 973 557 1001; x_wconf 88' lang='lat' dir='ltr'><strong>Domini</strong></span> <span class='ocrx_word' id='word_1_104' title='bbox 576 972 622 1000; x_wconf 90' lang='lat' dir='ltr'><strong>sui</strong></span> <span class='ocrx_word' id='word_1_105' title='bbox 641 971 807 1000; x_wconf 79' lang='lat' dir='ltr'><strong>inardescet</strong></span> <span class='ocrx_word' id='word_1_106' title='bbox 831 977 1011 1005; x_wconf 79' lang='lat' dir='ltr'><strong>consurgere</strong></span> <span class='ocrx_word' id='word_1_107' title='bbox 1023 991 1031 1004; x_wconf 89' lang='lat'><strong>,</strong></span> 
     </span>
     <span class='ocr_line' id='line_1_21' title="bbox 254 1016 1033 1056; baseline -0.008 -7"><span class='ocrx_word' id='word_1_108' title='bbox 254 1022 308 1049; x_wconf 85' lang='lat' dir='ltr'><strong>stet</strong></span> <span class='ocrx_word' id='word_1_109' title='bbox 328 1020 454 1056; x_wconf 85' lang='lat' dir='ltr'><strong>pervigil</strong></span> <span class='ocrx_word' id='word_1_110' title='bbox 469 1022 578 1054; x_wconf 84' lang='lat' dir='ltr'><strong>eustos,</strong></span> <span class='ocrx_word' id='word_1_111' title='bbox 595 1019 647 1055; x_wconf 89' lang='lat' dir='ltr'><strong>qui</strong></span> <span class='ocrx_word' id='word_1_112' title='bbox 662 1018 699 1046; x_wconf 90' lang='lat' dir='ltr'><strong>de</strong></span> <span class='ocrx_word' id='word_1_113' title='bbox 714 1020 800 1045; x_wconf 88' lang='lat' dir='ltr'><strong>nocte</strong></span> <span class='ocrx_word' id='word_1_114' title='bbox 814 1025 869 1053; x_wconf 92' lang='lat' dir='ltr'><strong>pro</strong></span> <span class='ocrx_word' id='word_1_115' title='bbox 886 1016 1033 1053; x_wconf 87' lang='lat' dir='ltr'><strong>quolibet,</strong></span> 
     </span>
     <span class='ocr_line' id='line_1_22' title="bbox 253 1062 1033 1103; baseline -0.005 -8"><span class='ocrx_word' id='word_1_116' title='bbox 253 1070 286 1095; x_wconf 91' lang='lat' dir='ltr'><strong>ut</strong></span> <span class='ocrx_word' id='word_1_117' title='bbox 300 1069 383 1103; x_wconf 88' lang='lat' dir='ltr'><strong>pater</strong></span> <span class='ocrx_word' id='word_1_118' title='bbox 401 1074 472 1094; x_wconf 86' lang='lat' dir='ltr'><strong>suus</strong></span> <span class='ocrx_word' id='word_1_119' title='bbox 493 1066 624 1102; x_wconf 90' lang='lat' dir='ltr'><strong>seipsum</strong></span> <span class='ocrx_word' id='word_1_120' title='bbox 647 1065 815 1093; x_wconf 88' lang='lat' dir='ltr'><strong>immolavit</strong></span> <span class='ocrx_word' id='word_1_121' title='bbox 837 1064 966 1092; x_wconf 85' lang='lat' dir='ltr'><strong>hostiam</strong></span> <span class='ocrx_word' id='word_1_122' title='bbox 989 1062 1033 1091; x_wconf 90' lang='lat' dir='ltr'><strong>vi-</strong></span> 
     </span>
     <span class='ocr_line' id='line_1_23' title="bbox 254 1103 717 1142; baseline -0.006 -1"><span class='ocrx_word' id='word_1_123' title='bbox 254 1116 382 1142; x_wconf 77' lang='lat' dir='ltr'><strong>ventem.</strong></span> <span class='ocrx_word' id='word_1_124' title='bbox 712 1103 717 1106; x_wconf 48' lang='lat'><strong>⁴</strong></span> 
     </span>
    </p>

    <p class='ocr_par' dir='ltr' id='par_1_4' title="bbox 255 1157 1039 2639">
     <span class='ocr_line' id='line_1_24' title="bbox 291 1157 1033 1197; baseline -0.007 -8"><span class='ocrx_word' id='word_1_125' title='bbox 291 1162 428 1197; x_wconf 82' lang='lat' dir='ltr'><strong>Sequitur</strong></span> <span class='ocrx_word' id='word_1_126' title='bbox 440 1161 477 1188; x_wconf 89' lang='lat' dir='ltr'><strong>de</strong></span> <span class='ocrx_word' id='word_1_127' title='bbox 493 1161 596 1196; x_wconf 88' lang='lat' dir='ltr'><strong>quinta</strong></span> <span class='ocrx_word' id='word_1_128' title='bbox 608 1159 769 1194; x_wconf 88' lang='lat' dir='ltr'><strong>industria,</strong></span> <span class='ocrx_word' id='word_1_129' title='bbox 785 1167 851 1194; x_wconf 83' lang='lat' dir='ltr'><strong>quae</strong></span> <span class='ocrx_word' id='word_1_130' title='bbox 866 1161 909 1186; x_wconf 88' lang='lat' dir='ltr'><strong>est</strong></span> <span class='ocrx_word' id='word_1_131' title='bbox 921 1157 1033 1185; x_wconf 86' lang='lat' dir='ltr'><strong>ratione</strong></span> 
     </span>
     <span class='ocr_line' id='line_1_25' title="bbox 255 1197 1034 1242; baseline -0.008 -6"><span class='ocrx_word' id='word_1_132' title='bbox 255 1208 322 1236; x_wconf 86' lang='lat' dir='ltr'><strong>loci.</strong></span> <span class='ocrx_word' id='word_1_133' title='bbox 350 1210 423 1235; x_wconf 83' lang='lat' dir='ltr'><strong>Cum</strong></span> <span class='ocrx_word' id='word_1_134' title='bbox 445 1207 528 1238; x_wconf 76' lang='lat' dir='ltr'><strong>,enim</strong></span> <span class='ocrx_word' id='word_1_135' title='bbox 553 1197 692 1242; x_wconf 51' lang='lat' dir='ltr'><strong>antitiuus</strong></span> <span class='ocrx_word' id='word_1_136' title='bbox 715 1206 854 1233; x_wconf 85' lang='lat' dir='ltr'><strong>seductor</strong></span> <span class='ocrx_word' id='word_1_137' title='bbox 877 1213 929 1241; x_wconf 81' lang='lat' dir='ltr'><strong>per</strong></span> <span class='ocrx_word' id='word_1_138' title='bbox 951 1204 1034 1240; x_wconf 88' lang='lat' dir='ltr'><strong>pium</strong></span> 
     </span>
     <span class='ocr_line' id='line_1_26' title="bbox 255 1251 1034 1289; baseline -0.005 -7"><span class='ocrx_word' id='word_1_139' title='bbox 255 1255 367 1283; x_wconf 87' lang='lat' dir='ltr'><strong>laboris</strong></span> <span class='ocrx_word' id='word_1_140' title='bbox 392 1254 509 1282; x_wconf 89' lang='lat' dir='ltr'><strong>initium</strong></span> <span class='ocrx_word' id='word_1_141' title='bbox 530 1256 557 1281; x_wconf 81' lang='lat' dir='ltr'><strong>et</strong></span> <span class='ocrx_word' id='word_1_142' title='bbox 584 1261 637 1289; x_wconf 88' lang='lat' dir='ltr'><strong>per</strong></span> <span class='ocrx_word' id='word_1_143' title='bbox 665 1253 740 1280; x_wconf 88' lang='lat' dir='ltr'><strong>alios</strong></span> <span class='ocrx_word' id='word_1_144' title='bbox 768 1252 887 1280; x_wconf 78' lang='lat' dir='ltr'><strong>effectus</strong></span> <span class='ocrx_word' id='word_1_145' title='bbox 915 1251 1034 1285; x_wconf 87' lang='lat' dir='ltr'><strong>videat,</strong></span> 
     </span>
     <span class='ocr_line' id='line_1_27' title="bbox 257 1297 1034 1338; baseline -0.006 -9"><span class='ocrx_word' id='word_1_146' title='bbox 257 1301 341 1338; x_wconf 88' lang='lat' dir='ltr'><strong>quod</strong></span> <span class='ocrx_word' id='word_1_147' title='bbox 354 1309 439 1329; x_wconf 87' lang='lat' dir='ltr'><strong>meus</strong></span> <span class='ocrx_word' id='word_1_148' title='bbox 452 1309 469 1328; x_wconf 85' lang='lat' dir='ltr'><strong>a</strong></span> <span class='ocrx_word' id='word_1_149' title='bbox 484 1300 529 1328; x_wconf 89' lang='lat' dir='ltr'><strong>sui</strong></span> <span class='ocrx_word' id='word_1_150' title='bbox 544 1299 679 1328; x_wconf 88' lang='lat' dir='ltr'><strong>dominio</strong></span> <span class='ocrx_word' id='word_1_151' title='bbox 695 1299 823 1327; x_wconf 84' lang='lat' dir='ltr'><strong>totaliter</strong></span> <span class='ocrx_word' id='word_1_152' title='bbox 838 1297 940 1326; x_wconf 76' lang='lat' dir='ltr'><strong>volens</strong></span> <span class='ocrx_word' id='word_1_153' title='bbox 955 1306 1034 1325; x_wconf 87' lang='lat' dir='ltr'><strong>rece-</strong></span> 
     </span>
     <span class='ocr_line' id='line_1_28' title="bbox 257 1343 1033 1384; baseline -0.008 -8"><span class='ocrx_word' id='word_1_154' title='bbox 257 1348 342 1383; x_wconf 84' lang='lat' dir='ltr'><strong>dere,</strong></span> <span class='ocrx_word' id='word_1_155' title='bbox 360 1347 493 1384; x_wconf 84' lang='lat' dir='ltr'><strong>aspirans</strong></span> <span class='ocrx_word' id='word_1_156' title='bbox 508 1347 547 1374; x_wconf 90' lang='lat' dir='ltr'><strong>ad</strong></span> <span class='ocrx_word' id='word_1_157' title='bbox 562 1355 702 1382; x_wconf 88' lang='lat' dir='ltr'><strong>regnum,</strong></span> <span class='ocrx_word' id='word_1_158' title='bbox 718 1345 812 1373; x_wconf 88' lang='lat' dir='ltr'><strong>multo</strong></span> <span class='ocrx_word' id='word_1_159' title='bbox 832 1345 963 1372; x_wconf 84' lang='lat' dir='ltr'><strong>nobilius</strong></span> <span class='ocrx_word' id='word_1_160' title='bbox 978 1343 1033 1371; x_wconf 85' lang='lat' dir='ltr'><strong>suh</strong></span> 
     </span>
     <span class='ocr_line' id='line_1_29' title="bbox 257 1390 1035 1429; baseline -0.008 -6"><span class='ocrx_word' id='word_1_161' title='bbox 257 1395 311 1424; x_wconf 86' lang='lat' dir='ltr'><strong>alis</strong></span> <span class='ocrx_word' id='word_1_162' title='bbox 327 1395 426 1422; x_wconf 88' lang='lat' dir='ltr'><strong>dilecti</strong></span> <span class='ocrx_word' id='word_1_163' title='bbox 442 1394 616 1422; x_wconf 84' lang='lat' dir='ltr'><strong>desiderans</strong></span> <span class='ocrx_word' id='word_1_164' title='bbox 637 1392 773 1429; x_wconf 86' lang='lat' dir='ltr'><strong>protegi,</strong></span> <span class='ocrx_word' id='word_1_165' title='bbox 789 1392 828 1419; x_wconf 89' lang='lat' dir='ltr'><strong>ad</strong></span> <span class='ocrx_word' id='word_1_166' title='bbox 853 1391 915 1426; x_wconf 89' lang='lat' dir='ltr'><strong>ejus</strong></span> <span class='ocrx_word' id='word_1_167' title='bbox 937 1390 1035 1418; x_wconf 89' lang='lat' dir='ltr'><strong>domi-</strong></span> 
     </span>
     <span class='ocr_line' id='line_1_30' title="bbox 257 1437 1034 1475; baseline -0.009 -5"><span class='ocrx_word' id='word_1_168' title='bbox 257 1443 341 1470; x_wconf 88' lang='lat' dir='ltr'><strong>nium</strong></span> <span class='ocrx_word' id='word_1_169' title='bbox 370 1450 400 1469; x_wconf 87' lang='lat' dir='ltr'><strong>se</strong></span> <span class='ocrx_word' id='word_1_170' title='bbox 428 1440 579 1468; x_wconf 78' lang='lat' dir='ltr'><strong>transferri</strong></span> <span class='ocrx_word' id='word_1_171' title='bbox 603 1450 609 1467; x_wconf 87' lang='lat'>:</span> <span class='ocrx_word' id='word_1_172' title='bbox 636 1440 699 1475; x_wconf 81' lang='lat' dir='ltr'><strong>ejus</strong></span> <span class='ocrx_word' id='word_1_173' title='bbox 724 1438 852 1466; x_wconf 72' lang='lat' dir='ltr'><strong>felicitati</strong></span> <span class='ocrx_word' id='word_1_174' title='bbox 877 1437 1034 1470; x_wconf 88' lang='lat' dir='ltr'><strong>invidens,</strong></span> 
     </span>
     <span class='ocr_line' id='line_1_31' title="bbox 258 1484 1036 1522; baseline -0.008 -6"><span class='ocrx_word' id='word_1_175' title='bbox 258 1488 398 1516; x_wconf 85' lang='lat' dir='ltr'><strong>tentando</strong></span> <span class='ocrx_word' id='word_1_176' title='bbox 421 1487 537 1521; x_wconf 83' lang='lat' dir='ltr'><strong>circuit,</strong></span> <span class='ocrx_word' id='word_1_177' title='bbox 562 1489 594 1514; x_wconf 90' lang='lat' dir='ltr'><strong>ut</strong></span> <span class='ocrx_word' id='word_1_178' title='bbox 617 1494 708 1522; x_wconf 84' lang='lat' dir='ltr'><strong>quem</strong></span> <span class='ocrx_word' id='word_1_179' title='bbox 730 1485 786 1512; x_wconf 89' lang='lat' dir='ltr'><strong>sub</strong></span> <span class='ocrx_word' id='word_1_180' title='bbox 808 1484 903 1521; x_wconf 86' lang='lat' dir='ltr'><strong>speeie</strong></span> <span class='ocrx_word' id='word_1_181' title='bbox 929 1485 1036 1519; x_wconf 64' lang='lat' dir='ltr'><strong>apertae</strong></span> 
     </span>
     <span class='ocr_line' id='line_1_32' title="bbox 257 1530 1036 1570; baseline -0.008 -7"><span class='ocrx_word' id='word_1_182' title='bbox 257 1535 377 1563; x_wconf 77' lang='lat' dir='ltr'><strong>malitioe</strong></span> <span class='ocrx_word' id='word_1_183' title='bbox 397 1542 459 1562; x_wconf 89' lang='lat' dir='ltr'><strong>non</strong></span> <span class='ocrx_word' id='word_1_184' title='bbox 477 1535 573 1570; x_wconf 91' lang='lat' dir='ltr'><strong>potest</strong></span> <span class='ocrx_word' id='word_1_185' title='bbox 593 1533 745 1568; x_wconf 84' lang='lat' dir='ltr'><strong>decipere,</strong></span> <span class='ocrx_word' id='word_1_186' title='bbox 768 1531 823 1559; x_wconf 89' lang='lat' dir='ltr'><strong>sub</strong></span> <span class='ocrx_word' id='word_1_187' title='bbox 844 1531 941 1567; x_wconf 84' lang='lat' dir='ltr'><strong>specie</strong></span> <span class='ocrx_word' id='word_1_188' title='bbox 963 1530 1036 1558; x_wconf 88' lang='lat' dir='ltr'><strong>honi</strong></span> 
     </span>
     <span class='ocr_line' id='line_1_33' title="bbox 259 1576 1036 1618; baseline -0.006 -9"><span class='ocrx_word' id='word_1_189' title='bbox 259 1582 455 1618; x_wconf 73' lang='lat' dir='ltr'><strong>suspirantem</strong></span> <span class='ocrx_word' id='word_1_190' title='bbox 474 1580 513 1608; x_wconf 88' lang='lat' dir='ltr'><strong>ad</strong></span> <span class='ocrx_word' id='word_1_191' title='bbox 530 1579 588 1607; x_wconf 85' lang='lat' dir='ltr'><strong>alta</strong></span> <span class='ocrx_word' id='word_1_192' title='bbox 609 1578 817 1606; x_wconf 77' lang='lat' dir='ltr'><strong>miserabiliter</strong></span> <span class='ocrx_word' id='word_1_193' title='bbox 832 1578 978 1613; x_wconf 86' lang='lat' dir='ltr'><strong>decipiat,</strong></span> <span class='ocrx_word' id='word_1_194' title='bbox 995 1576 1036 1604; x_wconf 85' lang='lat' dir='ltr'><strong>sic</strong></span> 
     </span>
     <span class='ocr_line' id='line_1_34' title="bbox 259 1623 1036 1663; baseline -0.008 -7"><span class='ocrx_word' id='word_1_195' title='bbox 259 1630 285 1656; x_wconf 91' lang='lat' dir='ltr'><strong>ei</strong></span> <span class='ocrx_word' id='word_1_196' title='bbox 301 1628 445 1663; x_wconf 83' lang='lat' dir='ltr'><strong>objiciens</strong></span> <span class='ocrx_word' id='word_1_197' title='bbox 464 1637 469 1654; x_wconf 79' lang='lat' dir='ltr'>z</span> <span class='ocrx_word' id='word_1_198' title='bbox 489 1638 502 1653; x_wconf 71' lang='lat' dir='ltr'><strong>a</strong></span> <span class='ocrx_word' id='word_1_199' title='bbox 517 1627 627 1654; x_wconf 82' lang='lat' dir='ltr'><strong>Veritas</strong></span> <span class='ocrx_word' id='word_1_200' title='bbox 644 1626 674 1653; x_wconf 88' lang='grc'><strong>111</strong></span> <span class='ocrx_word' id='word_1_201' title='bbox 689 1625 850 1660; x_wconf 84' lang='lat' dir='ltr'><strong>Evangelio</strong></span> <span class='ocrx_word' id='word_1_202' title='bbox 863 1632 934 1651; x_wconf 86' lang='lat' dir='ltr'><strong>suos</strong></span> <span class='ocrx_word' id='word_1_203' title='bbox 949 1623 1036 1651; x_wconf 83' lang='lat' dir='ltr'><strong>disei-</strong></span> 
     </span>
     <span class='ocr_line' id='line_1_35' title="bbox 258 1671 1035 1711; baseline -0.009 -8"><span class='ocrx_word' id='word_1_204' title='bbox 258 1676 347 1711; x_wconf 89' lang='lat' dir='ltr'><strong>pulos</strong></span> <span class='ocrx_word' id='word_1_205' title='bbox 362 1675 504 1702; x_wconf 78' lang='lat' dir='ltr'><strong>admonet</strong></span> <span class='ocrx_word' id='word_1_206' title='bbox 515 1673 543 1700; x_wconf 77' lang='lat'><strong>²:</strong></span> <span class='ocrx_word' id='word_1_207' title='bbox 559 1675 656 1701; x_wconf 78' lang='lat' dir='ltr'><strong>Luceat</strong></span> <span class='ocrx_word' id='word_1_208' title='bbox 672 1674 720 1699; x_wconf 72' lang='lat' dir='ltr'><strong>lua:</strong></span> <span class='ocrx_word' id='word_1_209' title='bbox 736 1676 824 1699; x_wconf 74' lang='lat' dir='ltr'><strong>vestra</strong></span> <span class='ocrx_word' id='word_1_210' title='bbox 843 1680 931 1698; x_wconf 76' lang='lat' dir='ltr'><strong>coram</strong></span> <span class='ocrx_word' id='word_1_211' title='bbox 948 1671 1035 1697; x_wconf 80' lang='lat' dir='ltr'><strong>homi-</strong></span> 
     </span>
     <span class='ocr_line' id='line_1_36' title="bbox 259 1719 1036 1757; baseline -0.008 -7"><span class='ocrx_word' id='word_1_212' title='bbox 259 1724 336 1750; x_wconf 77' lang='lat' dir='ltr'><strong>nibus</strong></span> <span class='ocrx_word' id='word_1_213' title='bbox 346 1743 354 1757; x_wconf 90' lang='lat'><strong>,</strong></span> <span class='ocrx_word' id='word_1_214' title='bbox 369 1725 398 1749; x_wconf 81' lang='lat' dir='ltr'><strong>ul</strong></span> <span class='ocrx_word' id='word_1_215' title='bbox 414 1722 525 1750; x_wconf 75' lang='lat' dir='ltr'><strong>videant</strong></span> <span class='ocrx_word' id='word_1_216' title='bbox 540 1729 621 1755; x_wconf 78' lang='lat' dir='ltr'><strong>opera</strong></span> <span class='ocrx_word' id='word_1_217' title='bbox 640 1723 726 1746; x_wconf 74' lang='lat' dir='ltr'><strong>vestra</strong></span> <span class='ocrx_word' id='word_1_218' title='bbox 743 1720 811 1746; x_wconf 80' lang='lat' dir='ltr'><strong>bona</strong></span> <span class='ocrx_word' id='word_1_219' title='bbox 822 1739 830 1752; x_wconf 96' lang='lat'><em>‚</em></span> <span class='ocrx_word' id='word_1_220' title='bbox 849 1720 873 1745; x_wconf 81' lang='lat' dir='ltr'><strong>et</strong></span> <span class='ocrx_word' id='word_1_221' title='bbox 888 1719 1036 1752; x_wconf 67' lang='lat' dir='ltr'><strong>glorificent</strong></span> 
     </span>
     <span class='ocr_line' id='line_1_37' title="bbox 258 1763 1037 1804; baseline -0.008 -8"><span class='ocrx_word' id='word_1_222' title='bbox 258 1772 365 1804; x_wconf 77' lang='lat' dir='ltr'><strong>patrem</strong></span> <span class='ocrx_word' id='word_1_223' title='bbox 384 1771 517 1801; x_wconf 72' lang='lat' dir='ltr'><strong>restrum,</strong></span> <span class='ocrx_word' id='word_1_224' title='bbox 533 1769 581 1802; x_wconf 72' lang='lat' dir='ltr'><strong>qul</strong></span> <span class='ocrx_word' id='word_1_225' title='bbox 603 1769 631 1793; x_wconf 80' lang='lat' dir='ltr'><strong>in</strong></span> <span class='ocrx_word' id='word_1_226' title='bbox 647 1767 717 1793; x_wconf 76' lang='lat' dir='ltr'><strong>coelis</strong></span> <span class='ocrx_word' id='word_1_227' title='bbox 739 1769 787 1792; x_wconf 80' lang='lat' dir='ltr'><strong>cst.</strong></span> <span class='ocrx_word' id='word_1_228' title='bbox 803 1767 844 1792; x_wconf 91' lang='lat' dir='ltr'><strong>Tu</strong></span> <span class='ocrx_word' id='word_1_229' title='bbox 858 1772 929 1799; x_wconf 81' lang='lat' dir='ltr'><strong>ergo</strong></span> <span class='ocrx_word' id='word_1_230' title='bbox 945 1763 1037 1791; x_wconf 81' lang='lat' dir='ltr'><strong>debes</strong></span> 
     </span>
     <span class='ocr_line' id='line_1_38' title="bbox 260 1811 1038 1850; baseline -0.006 -8"><span class='ocrx_word' id='word_1_231' title='bbox 260 1816 290 1842; x_wconf 90' lang='grc'><strong>111</strong></span> <span class='ocrx_word' id='word_1_232' title='bbox 306 1815 371 1842; x_wconf 93' lang='grc'><strong>1000</strong></span> <span class='ocrx_word' id='word_1_233' title='bbox 387 1814 510 1850; x_wconf 86' lang='lat' dir='ltr'><strong>publico</strong></span> <span class='ocrx_word' id='word_1_234' title='bbox 532 1816 560 1841; x_wconf 88' lang='lat' dir='ltr'><strong>et</strong></span> <span class='ocrx_word' id='word_1_235' title='bbox 575 1815 675 1849; x_wconf 87' lang='lat' dir='ltr'><strong>aperto</strong></span> <span class='ocrx_word' id='word_1_236' title='bbox 696 1813 827 1840; x_wconf 83' lang='lat' dir='ltr'><strong>insistere</strong></span> <span class='ocrx_word' id='word_1_237' title='bbox 848 1811 991 1843; x_wconf 83' lang='lat' dir='ltr'><strong>orationi,</strong></span> <span class='ocrx_word' id='word_1_238' title='bbox 1007 1812 1038 1837; x_wconf 91' lang='lat' dir='ltr'><strong>ut</strong></span> 
     </span>
     <span class='ocr_line' id='line_1_39' title="bbox 261 1858 1037 1897; baseline -0.008 -8"><span class='ocrx_word' id='word_1_239' title='bbox 261 1862 310 1889; x_wconf 86' lang='lat' dir='ltr'><strong>alii</strong></span> <span class='ocrx_word' id='word_1_240' title='bbox 327 1861 543 1897; x_wconf 82' lang='lat' dir='ltr'><strong>insipientiores</strong></span> <span class='ocrx_word' id='word_1_241' title='bbox 558 1868 612 1896; x_wconf 85' lang='lat' dir='ltr'><strong>per</strong></span> <span class='ocrx_word' id='word_1_242' title='bbox 632 1862 715 1887; x_wconf 89' lang='lat' dir='ltr'><strong>tuum</strong></span> <span class='ocrx_word' id='word_1_243' title='bbox 736 1858 907 1894; x_wconf 77' lang='lat' dir='ltr'><strong>exemplum</strong></span> <span class='ocrx_word' id='word_1_244' title='bbox 930 1865 1037 1884; x_wconf 87' lang='lat' dir='ltr'><strong>manu-</strong></span> 
     </span>
     <span class='ocr_line' id='line_1_40' title="bbox 261 1904 1037 1943; baseline -0.008 -7"><span class='ocrx_word' id='word_1_245' title='bbox 261 1908 378 1936; x_wconf 85' lang='lat' dir='ltr'><strong>ductive</strong></span> <span class='ocrx_word' id='word_1_246' title='bbox 394 1908 529 1943; x_wconf 81' lang='lat' dir='ltr'><strong>superius</strong></span> <span class='ocrx_word' id='word_1_247' title='bbox 545 1907 739 1934; x_wconf 79' lang='lat' dir='ltr'><strong>attrahantur.</strong></span> <span class='ocrx_word' id='word_1_248' title='bbox 755 1905 873 1933; x_wconf 84' lang='lat' dir='ltr'><strong>Rustica</strong></span> <span class='ocrx_word' id='word_1_249' title='bbox 887 1904 1037 1931; x_wconf 81' lang='lat' dir='ltr'><strong>sanctitate</strong></span> 
     </span>
     <span class='ocr_line' id='line_1_41' title="bbox 261 1951 1038 1989; baseline -0.009 -5"><span class='ocrx_word' id='word_1_250' title='bbox 261 1964 322 1984; x_wconf 89' lang='lat' dir='ltr'><strong>uon</strong></span> <span class='ocrx_word' id='word_1_251' title='bbox 343 1956 442 1983; x_wconf 86' lang='lat' dir='ltr'><strong>solum</strong></span> <span class='ocrx_word' id='word_1_252' title='bbox 464 1958 546 1982; x_wconf 89' lang='lat' dir='ltr'><strong>tuum</strong></span> <span class='ocrx_word' id='word_1_253' title='bbox 566 1954 730 1989; x_wconf 84' lang='lat' dir='ltr'><strong>profectum</strong></span> <span class='ocrx_word' id='word_1_254' title='bbox 751 1952 906 1988; x_wconf 89' lang='lat' dir='ltr'><strong>proprium</strong></span> <span class='ocrx_word' id='word_1_255' title='bbox 922 1951 1038 1978; x_wconf 82' lang='lat' dir='ltr'><strong>deside-</strong></span> 
     </span>
     <span class='ocr_line' id='line_1_42' title="bbox 261 1998 1037 2038; baseline -0.009 -7"><span class='ocrx_word' id='word_1_256' title='bbox 261 2012 322 2038; x_wconf 71' lang='lat' dir='ltr'><strong>rcS,</strong></span> <span class='ocrx_word' id='word_1_257' title='bbox 338 2003 390 2030; x_wconf 88' lang='lat' dir='ltr'><strong>sed</strong></span> <span class='ocrx_word' id='word_1_258' title='bbox 405 2011 457 2038; x_wconf 88' lang='lat' dir='ltr'><strong>per</strong></span> <span class='ocrx_word' id='word_1_259' title='bbox 473 2004 499 2029; x_wconf 90' lang='lat' dir='ltr'><strong>te</strong></span> <span class='ocrx_word' id='word_1_260' title='bbox 515 2001 675 2029; x_wconf 89' lang='lat' dir='ltr'><strong>multitudo</strong></span> <span class='ocrx_word' id='word_1_261' title='bbox 695 2007 756 2027; x_wconf 87' lang='lat' dir='ltr'><strong>non</strong></span> <span class='ocrx_word' id='word_1_262' title='bbox 776 1999 895 2026; x_wconf 85' lang='lat' dir='ltr'><strong>modica</strong></span> <span class='ocrx_word' id='word_1_263' title='bbox 909 1998 947 2025; x_wconf 88' lang='lat' dir='ltr'><strong>ad</strong></span> <span class='ocrx_word' id='word_1_264' title='bbox 963 2005 1037 2025; x_wconf 89' lang='lat' dir='ltr'><strong>cou—</strong></span> 
     </span>
     <span class='ocr_line' id='line_1_43' title="bbox 262 2044 1038 2084; baseline -0.009 -7"><span class='ocrx_word' id='word_1_265' title='bbox 262 2050 356 2077; x_wconf 82' lang='lat' dir='ltr'><strong>simile</strong></span> <span class='ocrx_word' id='word_1_266' title='bbox 379 2049 432 2076; x_wconf 87' lang='lat' dir='ltr'><strong>tibi</strong></span> <span class='ocrx_word' id='word_1_267' title='bbox 456 2048 607 2084; x_wconf 81' lang='lat' dir='ltr'><strong>spirituale</strong></span> <span class='ocrx_word' id='word_1_268' title='bbox 630 2046 801 2074; x_wconf 75' lang='lat' dir='ltr'><strong>exercitium</strong></span> <span class='ocrx_word' id='word_1_269' title='bbox 819 2066 828 2079; x_wconf 88' lang='lat'><strong>,</strong></span> <span class='ocrx_word' id='word_1_270' title='bbox 851 2044 946 2072; x_wconf 87' lang='lat' dir='ltr'><strong>multo</strong></span> <span class='ocrx_word' id='word_1_271' title='bbox 971 2044 1038 2079; x_wconf 91' lang='lat' dir='ltr'><strong>plus</strong></span> 
     </span>
     <span class='ocr_line' id='line_1_44' title="bbox 262 2091 1039 2131; baseline -0.009 -7"><span class='ocrx_word' id='word_1_272' title='bbox 262 2096 398 2131; x_wconf 68' lang='lat' dir='ltr'><strong>exemplo</strong></span> <span class='ocrx_word' id='word_1_273' title='bbox 417 2095 480 2123; x_wconf 79' lang='lat' dir='ltr'><strong>vitae</strong></span> <span class='ocrx_word' id='word_1_274' title='bbox 496 2103 588 2130; x_wconf 86' lang='lat' dir='ltr'><strong>quam</strong></span> <span class='ocrx_word' id='word_1_275' title='bbox 604 2093 694 2122; x_wconf 75' lang='lat' dir='ltr'><strong>verbo</strong></span> <span class='ocrx_word' id='word_1_276' title='bbox 710 2092 850 2120; x_wconf 74' lang='lat' dir='ltr'><strong>doctrina:</strong></span> <span class='ocrx_word' id='word_1_277' title='bbox 862 2091 1039 2119; x_wconf 83' lang='lat' dir='ltr'><strong>eminentius</strong></span> 
     </span>
     <span class='ocr_line' id='line_1_45' title="bbox 263 2138 1037 2178; baseline -0.005 -10"><span class='ocrx_word' id='word_1_278' title='bbox 263 2145 450 2178; x_wconf 78' lang='lat' dir='ltr'><strong>provocetur.</strong></span> <span class='ocrx_word' id='word_1_279' title='bbox 467 2153 480 2168; x_wconf 85' lang='lat'>»</span> <span class='ocrx_word' id='word_1_280' title='bbox 498 2142 567 2169; x_wconf 83' lang='lat' dir='ltr'><strong>Ideo</strong></span> <span class='ocrx_word' id='word_1_281' title='bbox 591 2141 674 2168; x_wconf 87' lang='lat' dir='ltr'><strong>locus</strong></span> <span class='ocrx_word' id='word_1_282' title='bbox 696 2139 828 2167; x_wconf 84' lang='lat' dir='ltr'><strong>occultus</strong></span> <span class='ocrx_word' id='word_1_283' title='bbox 851 2138 1037 2174; x_wconf 84' lang='lat' dir='ltr'><strong>requiratur,</strong></span> 
     </span>
     <span class='ocr_line' id='line_1_46' title="bbox 265 2184 1037 2223; baseline -0.006 -7"><span class='ocrx_word' id='word_1_284' title='bbox 265 2193 295 2218; x_wconf 86' lang='lat' dir='ltr'><strong>ut</strong></span> <span class='ocrx_word' id='word_1_285' title='bbox 323 2198 357 2217; x_wconf 82' lang='lat' dir='ltr'><strong>ex</strong></span> <span class='ocrx_word' id='word_1_286' title='bbox 385 2189 436 2216; x_wconf 87' lang='lat' dir='ltr'><strong>illo</strong></span> <span class='ocrx_word' id='word_1_287' title='bbox 462 2197 515 2223; x_wconf 85' lang='lat' dir='ltr'><strong>pcr</strong></span> <span class='ocrx_word' id='word_1_288' title='bbox 539 2188 622 2223; x_wconf 84' lang='lat' dir='ltr'><strong>quod</strong></span> <span class='ocrx_word' id='word_1_289' title='bbox 651 2187 738 2214; x_wconf 78' lang='lat' dir='ltr'><strong>debet</strong></span> <span class='ocrx_word' id='word_1_290' title='bbox 768 2185 909 2221; x_wconf 84' lang='lat' dir='ltr'><strong>consequi</strong></span> <span class='ocrx_word' id='word_1_291' title='bbox 935 2184 1037 2212; x_wconf 87' lang='lat' dir='ltr'><strong>unitivi</strong></span> 
     </span>
     <span class='ocr_line' id='line_1_47' title="bbox 264 2232 1038 2270; baseline -0.008 -7"><span class='ocrx_word' id='word_1_292' title='bbox 264 2236 374 2264; x_wconf 76' lang='lat' dir='ltr'><strong>amoris</strong></span> <span class='ocrx_word' id='word_1_293' title='bbox 386 2236 512 2270; x_wconf 73' lang='lat' dir='ltr'><strong>gloriam</strong></span> <span class='ocrx_word' id='word_1_294' title='bbox 521 2257 528 2269; x_wconf 71' lang='lat'><em>‚</em></span> <span class='ocrx_word' id='word_1_295' title='bbox 542 2243 594 2270; x_wconf 58' lang='lat' dir='ltr'><strong>per</strong></span> <span class='ocrx_word' id='word_1_296' title='bbox 609 2234 800 2262; x_wconf 71' lang='lat' dir='ltr'><strong>omissionem</strong></span> <span class='ocrx_word' id='word_1_297' title='bbox 813 2232 1038 2260; x_wconf 78' lang='lat' dir='ltr'><strong>circumstantiae</strong></span> 
     </span>
     <span class='ocr_line' id='line_1_48' title="bbox 264 2278 1038 2314; baseline -0.008 -4"><span class='ocrx_word' id='word_1_298' title='bbox 264 2291 325 2310; x_wconf 87' lang='lat' dir='ltr'><strong>non</strong></span> <span class='ocrx_word' id='word_1_299' title='bbox 346 2282 457 2309; x_wconf 79' lang='lat' dir='ltr'><strong>incidat</strong></span> <span class='ocrx_word' id='word_1_300' title='bbox 481 2282 511 2309; x_wconf 90' lang='lat' dir='ltr'><strong>in</strong></span> <span class='ocrx_word' id='word_1_301' title='bbox 526 2281 658 2314; x_wconf 88' lang='lat' dir='ltr'><strong>ruinam,</strong></span> <span class='ocrx_word' id='word_1_302' title='bbox 676 2288 736 2308; x_wconf 87' lang='grc'><strong>11011</strong></span> <span class='ocrx_word' id='word_1_303' title='bbox 758 2282 869 2306; x_wconf 85' lang='lat' dir='ltr'><strong>tantum</strong></span> <span class='ocrx_word' id='word_1_304' title='bbox 886 2278 1038 2314; x_wconf 79' lang='lat' dir='ltr'><strong>propriam</strong></span> 
     </span>
     <span class='ocr_line' id='line_1_49' title="bbox 265 2325 1039 2360; baseline -0.008 -3"><span class='ocrx_word' id='word_1_305' title='bbox 265 2330 437 2357; x_wconf 82' lang='lat' dir='ltr'><strong>sententiam</strong></span> <span class='ocrx_word' id='word_1_306' title='bbox 451 2350 457 2360; x_wconf 81' lang='grc'>,</span> <span class='ocrx_word' id='word_1_307' title='bbox 473 2328 525 2355; x_wconf 88' lang='lat' dir='ltr'><strong>sed</strong></span> <span class='ocrx_word' id='word_1_308' title='bbox 544 2327 688 2355; x_wconf 84' lang='lat' dir='ltr'><strong>Creatoris</strong></span> <span class='ocrx_word' id='word_1_309' title='bbox 707 2327 751 2353; x_wconf 85' lang='lat' dir='ltr'><strong>sui</strong></span> <span class='ocrx_word' id='word_1_310' title='bbox 775 2326 875 2353; x_wconf 88' lang='lat' dir='ltr'><strong>audiat</strong></span> <span class='ocrx_word' id='word_1_311' title='bbox 896 2325 926 2351; x_wconf 88' lang='lat' dir='ltr'><strong>in</strong></span> <span class='ocrx_word' id='word_1_312' title='bbox 947 2327 1039 2352; x_wconf 61' lang='lat' dir='ltr'><strong>livan-</strong></span> 
     </span>
     <span class='ocr_line' id='line_1_50' title="bbox 265 2374 1039 2411; baseline -0.008 -8"><span class='ocrx_word' id='word_1_313' title='bbox 265 2377 341 2411; x_wconf 83' lang='lat' dir='ltr'><strong>gelio</strong></span> <span class='ocrx_word' id='word_1_314' title='bbox 358 2376 482 2403; x_wconf 81' lang='lat' dir='ltr'><strong>fideliter</strong></span> <span class='ocrx_word' id='word_1_315' title='bbox 498 2375 671 2402; x_wconf 72' lang='lat' dir='ltr'><strong>edocentem</strong></span> <span class='ocrx_word' id='word_1_316' title='bbox 682 2375 710 2400; x_wconf 79' lang='lat'><strong>³:</strong></span> <span class='ocrx_word' id='word_1_317' title='bbox 726 2374 788 2400; x_wconf 81' lang='lat' dir='ltr'><strong>Cum</strong></span> <span class='ocrx_word' id='word_1_318' title='bbox 810 2374 927 2399; x_wconf 72' lang='lat' dir='ltr'><strong>oraveris</strong></span> <span class='ocrx_word' id='word_1_319' title='bbox 939 2394 947 2403; x_wconf 83' lang='lat'><strong>,</strong></span> <span class='ocrx_word' id='word_1_320' title='bbox 963 2374 1039 2398; x_wconf 71' lang='lat' dir='ltr'><strong>iutra</strong></span> 
     </span>
     <span class='ocr_line' id='line_1_51' title="bbox 263 2421 1036 2455; baseline -0.006 -6"><span class='ocrx_word' id='word_1_321' title='bbox 263 2424 414 2450; x_wconf 73' lang='lat' dir='ltr'><strong>cubiculum</strong></span> <span class='ocrx_word' id='word_1_322' title='bbox 430 2426 520 2455; x_wconf 76' lang='lat' dir='ltr'><strong>tumn,</strong></span> <span class='ocrx_word' id='word_1_323' title='bbox 534 2426 557 2448; x_wconf 86' lang='lat' dir='ltr'><strong>ct</strong></span> <span class='ocrx_word' id='word_1_324' title='bbox 573 2423 661 2448; x_wconf 75' lang='lat' dir='ltr'><strong>clauso</strong></span> <span class='ocrx_word' id='word_1_325' title='bbox 677 2422 762 2454; x_wconf 71' lang='lat' dir='ltr'><strong>ostio,</strong></span> <span class='ocrx_word' id='word_1_326' title='bbox 780 2428 826 2446; x_wconf 70' lang='lat' dir='ltr'><strong>ora</strong></span> <span class='ocrx_word' id='word_1_327' title='bbox 844 2421 948 2445; x_wconf 72' lang='lat' dir='ltr'><strong>Putrem</strong></span> <span class='ocrx_word' id='word_1_328' title='bbox 964 2422 1036 2445; x_wconf 78' lang='lat' dir='ltr'><strong>tuum</strong></span> 
     </span>
     <span class='ocr_line' id='line_1_52' title="bbox 264 2466 1037 2504; baseline -0.008 -7"><span class='ocrx_word' id='word_1_329' title='bbox 264 2472 312 2504; x_wconf 60' lang='lat' dir='ltr'><strong>quc*</strong></span> <span class='ocrx_word' id='word_1_330' title='bbox 329 2474 366 2496; x_wconf 79' lang='lat' dir='ltr'><strong>cst</strong></span> <span class='ocrx_word' id='word_1_331' title='bbox 383 2472 411 2496; x_wconf 77' lang='lat' dir='ltr'><strong>in</strong></span> <span class='ocrx_word' id='word_1_332' title='bbox 427 2470 496 2496; x_wconf 78' lang='lat' dir='ltr'><strong>roelis</strong></span> <span class='ocrx_word' id='word_1_333' title='bbox 512 2479 519 2495; x_wconf 71' lang='grc' dir='ltr'><strong><em>ε</em></strong></span> <span class='ocrx_word' id='word_1_334' title='bbox 537 2468 608 2504; x_wconf 83' lang='lat' dir='ltr'><strong>quia</strong></span> <span class='ocrx_word' id='word_1_335' title='bbox 627 2467 693 2494; x_wconf 85' lang='lat' dir='ltr'><strong>licet</strong></span> <span class='ocrx_word' id='word_1_336' title='bbox 713 2474 765 2502; x_wconf 85' lang='lat' dir='ltr'><strong>per</strong></span> <span class='ocrx_word' id='word_1_337' title='bbox 789 2466 941 2493; x_wconf 87' lang='lat' dir='ltr'><strong>modicum</strong></span> <span class='ocrx_word' id='word_1_338' title='bbox 965 2467 1037 2492; x_wconf 85' lang='lat' dir='ltr'><strong>tem-</strong></span> 
     </span>
     <span class='ocr_line' id='line_1_53' title="bbox 263 2512 1037 2551; baseline -0.008 -7"><span class='ocrx_word' id='word_1_339' title='bbox 263 2516 344 2551; x_wconf 84' lang='lat' dir='ltr'><strong>poris</strong></span> <span class='ocrx_word' id='word_1_340' title='bbox 359 2516 396 2543; x_wconf 87' lang='lat' dir='ltr'><strong>ab</strong></span> <span class='ocrx_word' id='word_1_341' title='bbox 413 2516 495 2542; x_wconf 86' lang='lat' dir='ltr'><strong>hoste</strong></span> <span class='ocrx_word' id='word_1_342' title='bbox 510 2515 658 2549; x_wconf 80' lang='lat' dir='ltr'><strong>maligno,</strong></span> <span class='ocrx_word' id='word_1_343' title='bbox 678 2522 766 2541; x_wconf 88' lang='lat' dir='ltr'><strong>orans</strong></span> <span class='ocrx_word' id='word_1_344' title='bbox 786 2513 814 2539; x_wconf 87' lang='lat' dir='ltr'><strong>in</strong></span> <span class='ocrx_word' id='word_1_345' title='bbox 832 2512 971 2548; x_wconf 82' lang='lat' dir='ltr'><strong>publico,</strong></span> <span class='ocrx_word' id='word_1_346' title='bbox 987 2520 1037 2547; x_wconf 81' lang='lat' dir='ltr'><strong>pa-</strong></span> 
     </span>
     <span class='ocr_line' id='line_1_54' title="bbox 264 2558 1036 2598; baseline -0.008 -8"><span class='ocrx_word' id='word_1_347' title='bbox 264 2563 344 2590; x_wconf 75' lang='grc'><strong>011100</strong></span> <span class='ocrx_word' id='word_1_348' title='bbox 359 2563 553 2598; x_wconf 87' lang='lat' dir='ltr'><strong>relinquatur,</strong></span> <span class='ocrx_word' id='word_1_349' title='bbox 568 2563 599 2588; x_wconf 90' lang='lat' dir='ltr'><strong>ut</strong></span> <span class='ocrx_word' id='word_1_350' title='bbox 613 2560 704 2596; x_wconf 86' lang='lat' dir='ltr'><strong>ipsius</strong></span> <span class='ocrx_word' id='word_1_351' title='bbox 720 2559 859 2595; x_wconf 69' lang='lat' dir='ltr'><strong>praedicta</strong></span> <span class='ocrx_word' id='word_1_352' title='bbox 872 2558 1036 2585; x_wconf 85' lang='lat' dir='ltr'><strong>admonitio</strong></span> 
     </span>
     <span class='ocr_line' id='line_1_55' title="bbox 264 2605 1038 2639; baseline -0.004 -5"><span class='ocrx_word' id='word_1_353' title='bbox 264 2609 292 2635; x_wconf 89' lang='grc'><strong>111</strong></span> <span class='ocrx_word' id='word_1_354' title='bbox 315 2609 403 2636; x_wconf 80' lang='lat' dir='ltr'><strong>corde</strong></span> <span class='ocrx_word' id='word_1_355' title='bbox 429 2608 539 2636; x_wconf 85' lang='lat' dir='ltr'><strong>orantis</strong></span> <span class='ocrx_word' id='word_1_356' title='bbox 563 2607 710 2634; x_wconf 78' lang='lat' dir='ltr'><strong>radicetur</strong></span> <span class='ocrx_word' id='word_1_357' title='bbox 734 2605 914 2639; x_wconf 85' lang='lat' dir='ltr'><strong>amabilius;</strong></span> <span class='ocrx_word' id='word_1_358' title='bbox 940 2607 1038 2632; x_wconf 88' lang='lat' dir='ltr'><strong>tamen</strong></span> 
     </span>
    </p>

    <p class='ocr_par' dir='ltr' id='par_1_5' title="bbox 261 2667 1035 2736">
     <span class='ocr_line' id='line_1_56' title="bbox 295 2667 1035 2698; baseline -0.009 -3"><span class='ocrx_word' id='word_1_359' title='bbox 295 2672 301 2687; x_wconf 89' lang='lat'><strong>¹</strong></span> <span class='ocrx_word' id='word_1_360' title='bbox 317 2671 383 2695; x_wconf 66' lang='lat' dir='ltr'><strong>Psul.</strong></span> <span class='ocrx_word' id='word_1_361' title='bbox 402 2672 536 2697; x_wconf 69' lang='lat' dir='ltr'>).L1.ss.—</span> <span class='ocrx_word' id='word_1_362' title='bbox 555 2671 562 2683; x_wconf 76' lang='lat'>²</span> <span class='ocrx_word' id='word_1_363' title='bbox 579 2669 679 2697; x_wconf 62' lang='lat' dir='ltr'><strong>Manli„</strong></span> <span class='ocrx_word' id='word_1_364' title='bbox 699 2675 721 2698; x_wconf 71' lang='lat' dir='ltr'><strong>v,</strong></span> <span class='ocrx_word' id='word_1_365' title='bbox 740 2670 777 2692; x_wconf 70' lang='lat'><strong>1⁰.</strong></span> <span class='ocrx_word' id='word_1_366' title='bbox 796 2680 824 2684; x_wconf 91' lang='lat'>—</span> <span class='ocrx_word' id='word_1_367' title='bbox 845 2668 855 2683; x_wconf 71' lang='lat'><strong>³</strong></span> <span class='ocrx_word' id='word_1_368' title='bbox 872 2667 943 2697; x_wconf 54' lang='lat' dir='ltr'><strong>ibid„</strong></span> <span class='ocrx_word' id='word_1_369' title='bbox 964 2672 998 2694; x_wconf 72' lang='lat' dir='ltr'><strong>Vl,</strong></span> <span class='ocrx_word' id='word_1_370' title='bbox 1013 2667 1035 2687; x_wconf 62' lang='lat' dir='ltr'><strong>ti.</strong></span> 
     </span>
     <span class='ocr_line' id='line_1_57' title="bbox 261 2707 539 2736; baseline -0.007 -5"><span class='ocrx_word' id='word_1_371' title='bbox 261 2719 290 2723; x_wconf 90' lang='lat'><strong>—-</strong></span> <span class='ocrx_word' id='word_1_372' title='bbox 305 2707 313 2720; x_wconf 75' lang='lat'><strong><em>⁴</em></strong></span> <span class='ocrx_word' id='word_1_373' title='bbox 331 2707 396 2730; x_wconf 75' lang='lat' dir='ltr'><strong>Psnl.</strong></span> <span class='ocrx_word' id='word_1_374' title='bbox 416 2712 486 2736; x_wconf 74' lang='lat' dir='ltr'><strong>xux,</strong></span> <span class='ocrx_word' id='word_1_375' title='bbox 504 2707 539 2729; x_wconf 77' lang='grc' dir='ltr'><strong>Π.</strong></span> 
     </span>
    </p>
   </div>
   <div class='ocr_carea' id='block_1_4' title="bbox 1083 311 1872 1703">
    <p class='ocr_par' dir='ltr' id='par_1_6' title="bbox 1083 311 1872 1648">
     <span class='ocr_line' id='line_1_58' title="bbox 1085 311 1864 348; baseline 0.001 -9"><span class='ocrx_word' id='word_1_376' title='bbox 1085 313 1188 348; x_wconf 86' lang='lat' dir='ltr'><strong>postea</strong></span> <span class='ocrx_word' id='word_1_377' title='bbox 1201 312 1317 347; x_wconf 86' lang='lat' dir='ltr'><strong>timeat,</strong></span> <span class='ocrx_word' id='word_1_378' title='bbox 1332 319 1370 339; x_wconf 90' lang='lat' dir='ltr'><strong>ne</strong></span> <span class='ocrx_word' id='word_1_379' title='bbox 1385 311 1553 340; x_wconf 86' lang='lat' dir='ltr'><strong>orationem</strong></span> <span class='ocrx_word' id='word_1_380' title='bbox 1563 319 1650 340; x_wconf 77' lang='lat' dir='ltr'><strong>suam</strong></span> <span class='ocrx_word' id='word_1_381' title='bbox 1663 313 1757 348; x_wconf 84' lang='lat' dir='ltr'><strong>ponat</strong></span> <span class='ocrx_word' id='word_1_382' title='bbox 1769 311 1802 340; x_wconf 87' lang='lat' dir='ltr'><strong>iu</strong></span> <span class='ocrx_word' id='word_1_383' title='bbox 1813 319 1864 340; x_wconf 85' lang='lat' dir='ltr'><strong>ore</strong></span> 
     </span>
     <span class='ocr_line' id='line_1_59' title="bbox 1083 357 1864 395; baseline 0 -9"><span class='ocrx_word' id='word_1_384' title='bbox 1083 357 1260 393; x_wconf 87' lang='lat' dir='ltr'><strong>hominum,</strong></span> <span class='ocrx_word' id='word_1_385' title='bbox 1275 360 1305 386; x_wconf 87' lang='lat' dir='ltr'><strong>et</strong></span> <span class='ocrx_word' id='word_1_386' title='bbox 1319 360 1465 395; x_wconf 86' lang='lat' dir='ltr'><strong>tanquam</strong></span> <span class='ocrx_word' id='word_1_387' title='bbox 1478 358 1636 387; x_wconf 87' lang='lat' dir='ltr'><strong>meliorem</strong></span> <span class='ocrx_word' id='word_1_388' title='bbox 1648 366 1680 386; x_wconf 88' lang='lat' dir='ltr'><strong>se</strong></span> <span class='ocrx_word' id='word_1_389' title='bbox 1693 357 1760 387; x_wconf 73' lang='lat' dir='ltr'><strong>aliis</strong></span> <span class='ocrx_word' id='word_1_390' title='bbox 1773 366 1864 395; x_wconf 84' lang='lat' dir='ltr'><strong>repu-</strong></span> 
     </span>
     <span class='ocr_line' id='line_1_60' title="bbox 1085 404 1866 441; baseline 0.003 -9"><span class='ocrx_word' id='word_1_391' title='bbox 1085 406 1152 433; x_wconf 83' lang='lat' dir='ltr'><strong>tans</strong></span> <span class='ocrx_word' id='word_1_392' title='bbox 1168 426 1178 440; x_wconf 96' lang='lat'><strong>,</strong></span> <span class='ocrx_word' id='word_1_393' title='bbox 1200 405 1250 432; x_wconf 87' lang='lat' dir='ltr'><strong>vel</strong></span> <span class='ocrx_word' id='word_1_394' title='bbox 1275 406 1413 433; x_wconf 84' lang='lat' dir='ltr'><strong>sanctum</strong></span> <span class='ocrx_word' id='word_1_395' title='bbox 1437 413 1469 433; x_wconf 90' lang='lat' dir='ltr'><strong>se</strong></span> <span class='ocrx_word' id='word_1_396' title='bbox 1493 405 1654 441; x_wconf 84' lang='lat' dir='ltr'><strong>judicans,</strong></span> <span class='ocrx_word' id='word_1_397' title='bbox 1677 404 1720 434; x_wconf 84' lang='lat' dir='ltr'><strong>sic</strong></span> <span class='ocrx_word' id='word_1_398' title='bbox 1742 404 1866 434; x_wconf 80' lang='lat' dir='ltr'><strong>interius</strong></span> 
     </span>
     <span class='ocr_line' id='line_1_61' title="bbox 1084 451 1865 487; baseline 0.001 -8"><span class='ocrx_word' id='word_1_399' title='bbox 1084 451 1251 487; x_wconf 85' lang='lat' dir='ltr'><strong>inanescat,</strong></span> <span class='ocrx_word' id='word_1_400' title='bbox 1264 453 1298 480; x_wconf 89' lang='lat' dir='ltr'><strong>ut</strong></span> <span class='ocrx_word' id='word_1_401' title='bbox 1319 451 1377 480; x_wconf 89' lang='lat' dir='ltr'><strong>sihi</strong></span> <span class='ocrx_word' id='word_1_402' title='bbox 1395 451 1511 480; x_wconf 85' lang='lat' dir='ltr'><strong>dicatur</strong></span> <span class='ocrx_word' id='word_1_403' title='bbox 1524 460 1543 480; x_wconf 89' lang='lat' dir='ltr'><strong>a</strong></span> <span class='ocrx_word' id='word_1_404' title='bbox 1563 451 1708 480; x_wconf 79' lang='lat' dir='ltr'><strong>Domino⁴</strong></span> <span class='ocrx_word' id='word_1_405' title='bbox 1726 461 1733 480; x_wconf 72' lang='grc' dir='ltr'><strong><em>ι</em></strong></span> <span class='ocrx_word' id='word_1_406' title='bbox 1751 453 1791 480; x_wconf 75' lang='lat' dir='ltr'><strong>Tu</strong></span> <span class='ocrx_word' id='word_1_407' title='bbox 1803 459 1865 480; x_wconf 79' lang='lat' dir='ltr'><strong>vero</strong></span> 
     </span>
     <span class='ocr_line' id='line_1_62' title="bbox 1086 497 1865 534; baseline 0 -8"><span class='ocrx_word' id='word_1_408' title='bbox 1086 499 1174 526; x_wconf 78' lang='lat' dir='ltr'><strong>odisti</strong></span> <span class='ocrx_word' id='word_1_409' title='bbox 1191 498 1369 534; x_wconf 79' lang='lat' dir='ltr'><strong>disciplinam</strong></span> <span class='ocrx_word' id='word_1_410' title='bbox 1389 506 1508 534; x_wconf 84' lang='lat' dir='ltr'><strong>meam,</strong></span> <span class='ocrx_word' id='word_1_411' title='bbox 1533 498 1685 534; x_wconf 83' lang='lat' dir='ltr'><strong>Evangelii</strong></span> <span class='ocrx_word' id='word_1_412' title='bbox 1706 497 1865 526; x_wconf 89' lang='lat' dir='ltr'><strong>consilium</strong></span> 
     </span>
     <span class='ocr_line' id='line_1_63' title="bbox 1086 544 1866 581; baseline -0.001 -8"><span class='ocrx_word' id='word_1_413' title='bbox 1086 553 1149 573; x_wconf 88' lang='lat' dir='ltr'><strong>non</strong></span> <span class='ocrx_word' id='word_1_414' title='bbox 1163 544 1294 573; x_wconf 84' lang='lat' dir='ltr'><strong>tenendo</strong></span> <span class='ocrx_word' id='word_1_415' title='bbox 1304 554 1314 580; x_wconf 78' lang='lat'><em>3</em></span> <span class='ocrx_word' id='word_1_416' title='bbox 1330 548 1356 573; x_wconf 81' lang='lat' dir='ltr'><strong>et</strong></span> <span class='ocrx_word' id='word_1_417' title='bbox 1367 545 1511 581; x_wconf 75' lang='lat' dir='ltr'><strong>projecisti</strong></span> <span class='ocrx_word' id='word_1_418' title='bbox 1530 553 1663 574; x_wconf 81' lang='lat' dir='ltr'><strong>sermones</strong></span> <span class='ocrx_word' id='word_1_419' title='bbox 1676 553 1748 574; x_wconf 76' lang='lat' dir='ltr'><strong>meos</strong></span> <span class='ocrx_word' id='word_1_420' title='bbox 1761 547 1866 573; x_wconf 77' lang='lat' dir='ltr'><strong>retror-</strong></span> 
     </span>
     <span class='ocr_line' id='line_1_64' title="bbox 1085 591 1867 628; baseline 0 -8"><span class='ocrx_word' id='word_1_421' title='bbox 1085 600 1145 620; x_wconf 78' lang='lat' dir='ltr'><strong>sum</strong></span> <span class='ocrx_word' id='word_1_422' title='bbox 1156 613 1166 628; x_wconf 92' lang='lat'><strong>,</strong></span> <span class='ocrx_word' id='word_1_423' title='bbox 1186 591 1300 620; x_wconf 87' lang='lat' dir='ltr'><strong>scilicet</strong></span> <span class='ocrx_word' id='word_1_424' title='bbox 1321 591 1533 628; x_wconf 86' lang='lat' dir='ltr'><strong>multiplicium</strong></span> <span class='ocrx_word' id='word_1_425' title='bbox 1557 591 1801 620; x_wconf 88' lang='lat' dir='ltr'><strong>consolationum</strong></span> <span class='ocrx_word' id='word_1_426' title='bbox 1823 593 1867 620; x_wconf 80' lang='lat' dir='ltr'><strong>at-</strong></span> 
     </span>
     <span class='ocr_line' id='line_1_65' title="bbox 1087 638 1866 675; baseline -0.001 -8"><span class='ocrx_word' id='word_1_427' title='bbox 1087 641 1164 667; x_wconf 88' lang='lat' dir='ltr'><strong>tente</strong></span> <span class='ocrx_word' id='word_1_428' title='bbox 1183 639 1352 674; x_wconf 84' lang='lat' dir='ltr'><strong>orantium,</strong></span> <span class='ocrx_word' id='word_1_429' title='bbox 1368 638 1479 675; x_wconf 89' lang='lat' dir='ltr'><strong>quibus</strong></span> <span class='ocrx_word' id='word_1_430' title='bbox 1498 639 1580 667; x_wconf 92' lang='lat' dir='ltr'><strong>solus</strong></span> <span class='ocrx_word' id='word_1_431' title='bbox 1601 640 1677 667; x_wconf 90' lang='lat' dir='ltr'><strong>Deus</strong></span> <span class='ocrx_word' id='word_1_432' title='bbox 1697 639 1729 666; x_wconf 90' lang='lat' dir='ltr'><strong>in</strong></span> <span class='ocrx_word' id='word_1_433' title='bbox 1749 640 1866 673; x_wconf 88' lang='lat' dir='ltr'><strong>mente,</strong></span> 
     </span>
     <span class='ocr_line' id='line_1_66' title="bbox 1086 685 1868 722; baseline 0 -9"><span class='ocrx_word' id='word_1_434' title='bbox 1086 688 1231 722; x_wconf 87' lang='lat' dir='ltr'><strong>tanquam</strong></span> <span class='ocrx_word' id='word_1_435' title='bbox 1253 685 1326 722; x_wconf 88' lang='lat' dir='ltr'><strong>ipsis</strong></span> <span class='ocrx_word' id='word_1_436' title='bbox 1340 687 1480 722; x_wconf 87' lang='lat' dir='ltr'><strong>loquens,</strong></span> <span class='ocrx_word' id='word_1_437' title='bbox 1500 694 1532 714; x_wconf 90' lang='lat' dir='ltr'><strong>se</strong></span> <span class='ocrx_word' id='word_1_438' title='bbox 1554 687 1731 722; x_wconf 81' lang='lat' dir='ltr'><strong>praesentem</strong></span> <span class='ocrx_word' id='word_1_439' title='bbox 1753 693 1868 713; x_wconf 81' lang='lat' dir='ltr'><strong>annun-</strong></span> 
     </span>
     <span class='ocr_line' id='line_1_67' title="bbox 1087 731 1867 769; baseline 0 -9"><span class='ocrx_word' id='word_1_440' title='bbox 1087 733 1154 767; x_wconf 85' lang='lat' dir='ltr'><strong>tiat,</strong></span> <span class='ocrx_word' id='word_1_441' title='bbox 1174 735 1207 760; x_wconf 92' lang='lat' dir='ltr'><strong>ut</strong></span> <span class='ocrx_word' id='word_1_442' title='bbox 1233 732 1313 761; x_wconf 88' lang='lat' dir='ltr'><strong>unde</strong></span> <span class='ocrx_word' id='word_1_443' title='bbox 1335 733 1546 768; x_wconf 83' lang='lat' dir='ltr'><strong>consurgendo</strong></span> <span class='ocrx_word' id='word_1_444' title='bbox 1569 732 1706 769; x_wconf 89' lang='lat' dir='ltr'><strong>superius</strong></span> <span class='ocrx_word' id='word_1_445' title='bbox 1730 731 1867 760; x_wconf 86' lang='lat' dir='ltr'><strong>collatori</strong></span> 
     </span>
     <span class='ocr_line' id='line_1_68' title="bbox 1087 778 1867 816; baseline -0.001 -9"><span class='ocrx_word' id='word_1_446' title='bbox 1087 779 1251 816; x_wconf 87' lang='lat' dir='ltr'><strong>rependere</strong></span> <span class='ocrx_word' id='word_1_447' title='bbox 1266 779 1412 807; x_wconf 87' lang='lat' dir='ltr'><strong>debuerat</strong></span> <span class='ocrx_word' id='word_1_448' title='bbox 1431 779 1594 815; x_wconf 83' lang='lat' dir='ltr'><strong>gratiarum</strong></span> <span class='ocrx_word' id='word_1_449' title='bbox 1616 778 1748 807; x_wconf 86' lang='lat' dir='ltr'><strong>actiones</strong></span> <span class='ocrx_word' id='word_1_450' title='bbox 1770 778 1867 806; x_wconf 89' lang='lat' dir='ltr'><strong>multi-</strong></span> 
     </span>
     <span class='ocr_line' id='line_1_69' title="bbox 1087 822 1868 862; baseline -0.003 -8"><span class='ocrx_word' id='word_1_451' title='bbox 1087 826 1194 854; x_wconf 91' lang='lat' dir='ltr'><strong>modas</strong></span> <span class='ocrx_word' id='word_1_452' title='bbox 1217 834 1273 862; x_wconf 89' lang='lat' dir='ltr'><strong>pro</strong></span> <span class='ocrx_word' id='word_1_453' title='bbox 1299 825 1446 854; x_wconf 88' lang='lat' dir='ltr'><strong>beneficio</strong></span> <span class='ocrx_word' id='word_1_454' title='bbox 1463 848 1472 861; x_wconf 91' lang='lat'><strong>,</strong></span> <span class='ocrx_word' id='word_1_455' title='bbox 1495 822 1559 855; x_wconf 87' lang='lat' dir='ltr'><strong>no&#39;n</strong></span> <span class='ocrx_word' id='word_1_456' title='bbox 1581 826 1642 854; x_wconf 86' lang='lat' dir='ltr'><strong>suis</strong></span> <span class='ocrx_word' id='word_1_457' title='bbox 1666 825 1794 860; x_wconf 85' lang='lat' dir='ltr'><strong>meritis,</strong></span> <span class='ocrx_word' id='word_1_458' title='bbox 1814 824 1868 852; x_wconf 86' lang='lat' dir='ltr'><strong>sed</strong></span> 
     </span>
     <span class='ocr_line' id='line_1_70' title="bbox 1087 871 1868 909; baseline 0 -9"><span class='ocrx_word' id='word_1_459' title='bbox 1087 872 1177 907; x_wconf 86' lang='lat' dir='ltr'><strong>gratis</strong></span> <span class='ocrx_word' id='word_1_460' title='bbox 1191 872 1324 901; x_wconf 82' lang='lat' dir='ltr'><strong>exhibito</strong></span> <span class='ocrx_word' id='word_1_461' title='bbox 1334 894 1343 907; x_wconf 93' lang='lat'><strong>,</strong></span> <span class='ocrx_word' id='word_1_462' title='bbox 1356 874 1519 900; x_wconf 88' lang='lat' dir='ltr'><strong>retrorsum</strong></span> <span class='ocrx_word' id='word_1_463' title='bbox 1532 872 1670 909; x_wconf 87' lang='lat' dir='ltr'><strong>projiciat</strong></span> <span class='ocrx_word' id='word_1_464' title='bbox 1683 880 1714 900; x_wconf 86' lang='lat' dir='ltr'><strong>se</strong></span> <span class='ocrx_word' id='word_1_465' title='bbox 1729 871 1769 900; x_wconf 79' lang='lat' dir='ltr'><strong>ad</strong></span> <span class='ocrx_word' id='word_1_466' title='bbox 1783 871 1868 900; x_wconf 80' lang='lat' dir='ltr'><strong>favo-</strong></span> 
     </span>
     <span class='ocr_line' id='line_1_71' title="bbox 1087 918 1868 955; baseline -0.001 -8"><span class='ocrx_word' id='word_1_467' title='bbox 1087 926 1151 947; x_wconf 90' lang='lat' dir='ltr'><strong>rem</strong></span> <span class='ocrx_word' id='word_1_468' title='bbox 1164 919 1331 947; x_wconf 88' lang='lat' dir='ltr'><strong>humanum</strong></span> <span class='ocrx_word' id='word_1_469' title='bbox 1350 920 1381 946; x_wconf 88' lang='lat' dir='ltr'><strong>in</strong></span> <span class='ocrx_word' id='word_1_470' title='bbox 1400 919 1490 948; x_wconf 90' lang='lat' dir='ltr'><strong>laude</strong></span> <span class='ocrx_word' id='word_1_471' title='bbox 1507 919 1664 947; x_wconf 88' lang='lat' dir='ltr'><strong>hominum</strong></span> <span class='ocrx_word' id='word_1_472' title='bbox 1682 918 1868 955; x_wconf 86' lang='lat' dir='ltr'><strong>prosternen-</strong></span> 
     </span>
     <span class='ocr_line' id='line_1_72' title="bbox 1088 964 1869 1002; baseline 0 -9"><span class='ocrx_word' id='word_1_473' title='bbox 1088 964 1138 993; x_wconf 88' lang='lat' dir='ltr'><strong>do.</strong></span> <span class='ocrx_word' id='word_1_474' title='bbox 1155 967 1188 994; x_wconf 86' lang='lat' dir='ltr'><strong>Et</strong></span> <span class='ocrx_word' id='word_1_475' title='bbox 1209 965 1277 994; x_wconf 90' lang='lat' dir='ltr'><strong>licet</strong></span> <span class='ocrx_word' id='word_1_476' title='bbox 1291 966 1353 994; x_wconf 86' lang='lat' dir='ltr'><strong>hoec</strong></span> <span class='ocrx_word' id='word_1_477' title='bbox 1372 965 1518 994; x_wconf 81' lang='lat' dir='ltr'><strong>industria</strong></span> <span class='ocrx_word' id='word_1_478' title='bbox 1538 967 1661 1002; x_wconf 87' lang='lat' dir='ltr'><strong>propter</strong></span> <span class='ocrx_word' id='word_1_479' title='bbox 1674 965 1827 993; x_wconf 81' lang='lat' dir='ltr'><strong>instantias</strong></span> <span class='ocrx_word' id='word_1_480' title='bbox 1841 966 1869 993; x_wconf 86' lang='lat' dir='ltr'><strong>et</strong></span> 
     </span>
     <span class='ocr_line' id='line_1_73' title="bbox 1088 1011 1868 1048; baseline 0 -8"><span class='ocrx_word' id='word_1_481' title='bbox 1088 1011 1267 1040; x_wconf 89' lang='lat' dir='ltr'><strong>multimoda</strong></span> <span class='ocrx_word' id='word_1_482' title='bbox 1280 1012 1413 1048; x_wconf 85' lang='lat' dir='ltr'><strong>pericula</strong></span> <span class='ocrx_word' id='word_1_483' title='bbox 1429 1014 1537 1040; x_wconf 87' lang='lat' dir='ltr'><strong>attente</strong></span> <span class='ocrx_word' id='word_1_484' title='bbox 1557 1012 1596 1040; x_wconf 91' lang='lat' dir='ltr'><strong>ab</strong></span> <span class='ocrx_word' id='word_1_485' title='bbox 1612 1012 1754 1040; x_wconf 87' lang='lat' dir='ltr'><strong>omnibus</strong></span> <span class='ocrx_word' id='word_1_486' title='bbox 1768 1012 1868 1040; x_wconf 86' lang='lat' dir='ltr'><strong>obser-</strong></span> 
     </span>
     <span class='ocr_line' id='line_1_74' title="bbox 1087 1058 1867 1094; baseline 0 -8"><span class='ocrx_word' id='word_1_487' title='bbox 1087 1059 1151 1087; x_wconf 88' lang='lat' dir='ltr'><strong>vari</strong></span> <span class='ocrx_word' id='word_1_488' title='bbox 1166 1058 1291 1094; x_wconf 88' lang='lat' dir='ltr'><strong>debeat,</strong></span> <span class='ocrx_word' id='word_1_489' title='bbox 1306 1061 1406 1086; x_wconf 86' lang='lat' dir='ltr'><strong>tamen</strong></span> <span class='ocrx_word' id='word_1_490' title='bbox 1420 1067 1516 1087; x_wconf 93' lang='lat' dir='ltr'><strong>novus</strong></span> <span class='ocrx_word' id='word_1_491' title='bbox 1530 1067 1635 1086; x_wconf 88' lang='lat' dir='ltr'><strong>amans</strong></span> <span class='ocrx_word' id='word_1_492' title='bbox 1649 1059 1687 1087; x_wconf 91' lang='lat' dir='ltr'><strong>de</strong></span> <span class='ocrx_word' id='word_1_493' title='bbox 1703 1067 1784 1086; x_wconf 90' lang='lat' dir='ltr'><strong>novo</strong></span> <span class='ocrx_word' id='word_1_494' title='bbox 1798 1066 1867 1087; x_wconf 87' lang='lat' dir='ltr'><strong>con-</strong></span> 
     </span>
     <span class='ocr_line' id='line_1_75' title="bbox 1089 1105 1867 1142; baseline 0 -9"><span class='ocrx_word' id='word_1_495' title='bbox 1089 1114 1208 1141; x_wconf 84' lang='lat' dir='ltr'><strong>surgere</strong></span> <span class='ocrx_word' id='word_1_496' title='bbox 1224 1106 1357 1142; x_wconf 85' lang='lat' dir='ltr'><strong>cupiens,</strong></span> <span class='ocrx_word' id='word_1_497' title='bbox 1375 1114 1443 1134; x_wconf 90' lang='lat' dir='ltr'><strong>cum</strong></span> <span class='ocrx_word' id='word_1_498' title='bbox 1456 1114 1567 1141; x_wconf 82' lang='lat' dir='ltr'><strong>magna</strong></span> <span class='ocrx_word' id='word_1_499' title='bbox 1581 1106 1697 1134; x_wconf 89' lang='lat' dir='ltr'><strong>cautela</strong></span> <span class='ocrx_word' id='word_1_500' title='bbox 1709 1105 1867 1140; x_wconf 84' lang='lat' dir='ltr'><strong>custodiat,</strong></span> 
     </span>
     <span class='ocr_line' id='line_1_76' title="bbox 1089 1151 1869 1188; baseline 0 -8"><span class='ocrx_word' id='word_1_501' title='bbox 1089 1160 1157 1180; x_wconf 89' lang='lat' dir='ltr'><strong>cum</strong></span> <span class='ocrx_word' id='word_1_502' title='bbox 1172 1152 1270 1180; x_wconf 84' lang='lat' dir='ltr'><strong>adhuc</strong></span> <span class='ocrx_word' id='word_1_503' title='bbox 1283 1153 1394 1180; x_wconf 89' lang='lat' dir='ltr'><strong>habeat</strong></span> <span class='ocrx_word' id='word_1_504' title='bbox 1411 1152 1612 1180; x_wconf 89' lang='lat' dir='ltr'><strong>arundineum</strong></span> <span class='ocrx_word' id='word_1_505' title='bbox 1626 1159 1761 1180; x_wconf 88' lang='lat' dir='ltr'><strong>amorem</strong></span> <span class='ocrx_word' id='word_1_506' title='bbox 1770 1161 1779 1186; x_wconf 81' lang='lat'>3</span> <span class='ocrx_word' id='word_1_507' title='bbox 1796 1151 1869 1188; x_wconf 84' lang='lat' dir='ltr'><strong>quia</strong></span> 
     </span>
     <span class='ocr_line' id='line_1_77' title="bbox 1089 1198 1870 1236; baseline -0.001 -9"><span class='ocrx_word' id='word_1_508' title='bbox 1089 1199 1216 1227; x_wconf 87' lang='lat' dir='ltr'><strong>multum</strong></span> <span class='ocrx_word' id='word_1_509' title='bbox 1238 1200 1307 1236; x_wconf 88' lang='lat' dir='ltr'><strong>plus</strong></span> <span class='ocrx_word' id='word_1_510' title='bbox 1333 1200 1394 1227; x_wconf 82' lang='lat' dir='ltr'><strong>sive</strong></span> <span class='ocrx_word' id='word_1_511' title='bbox 1420 1199 1518 1234; x_wconf 84' lang='lat' dir='ltr'><strong>majus</strong></span> <span class='ocrx_word' id='word_1_512' title='bbox 1544 1199 1712 1235; x_wconf 87' lang='lat' dir='ltr'><strong>periculum</strong></span> <span class='ocrx_word' id='word_1_513' title='bbox 1734 1198 1870 1226; x_wconf 85' lang='lat' dir='ltr'><strong>imminet</strong></span> 
     </span>
     <span class='ocr_line' id='line_1_78' title="bbox 1089 1244 1870 1282; baseline -0.001 -9"><span class='ocrx_word' id='word_1_514' title='bbox 1089 1246 1136 1281; x_wconf 88' lang='lat' dir='ltr'><strong>ei,</strong></span> <span class='ocrx_word' id='word_1_515' title='bbox 1152 1254 1244 1282; x_wconf 89' lang='lat' dir='ltr'><strong>quam</strong></span> <span class='ocrx_word' id='word_1_516' title='bbox 1265 1246 1326 1281; x_wconf 87' lang='lat' dir='ltr'><strong>illi,</strong></span> <span class='ocrx_word' id='word_1_517' title='bbox 1347 1246 1398 1282; x_wconf 88' lang='lat' dir='ltr'><strong>qui</strong></span> <span class='ocrx_word' id='word_1_518' title='bbox 1420 1246 1450 1273; x_wconf 92' lang='lat' dir='ltr'><strong>in</strong></span> <span class='ocrx_word' id='word_1_519' title='bbox 1474 1245 1576 1273; x_wconf 86' lang='lat' dir='ltr'><strong>duello</strong></span> <span class='ocrx_word' id='word_1_520' title='bbox 1600 1245 1744 1282; x_wconf 90' lang='lat' dir='ltr'><strong>spirituali</strong></span> <span class='ocrx_word' id='word_1_521' title='bbox 1760 1244 1870 1273; x_wconf 86' lang='lat' dir='ltr'><strong>diutius</strong></span> 
     </span>
     <span class='ocr_line' id='line_1_79' title="bbox 1089 1292 1868 1328; baseline -0.003 -7"><span class='ocrx_word' id='word_1_522' title='bbox 1089 1302 1119 1321; x_wconf 90' lang='lat' dir='ltr'><strong>se</strong></span> <span class='ocrx_word' id='word_1_523' title='bbox 1135 1301 1292 1328; x_wconf 78' lang='lat' dir='ltr'><strong>exercens,</strong></span> <span class='ocrx_word' id='word_1_524' title='bbox 1309 1295 1451 1328; x_wconf 87' lang='lat' dir='ltr'><strong>tanquam</strong></span> <span class='ocrx_word' id='word_1_525' title='bbox 1468 1292 1576 1328; x_wconf 83' lang='lat' dir='ltr'><strong>clypeo</strong></span> <span class='ocrx_word' id='word_1_526' title='bbox 1597 1292 1708 1320; x_wconf 85' lang='lat' dir='ltr'><strong>amoris</strong></span> <span class='ocrx_word' id='word_1_527' title='bbox 1720 1293 1784 1327; x_wconf 83' lang='lat' dir='ltr'><strong>J&#39;am</strong></span> <span class='ocrx_word' id='word_1_528' title='bbox 1799 1300 1868 1328; x_wconf 90' lang='lat' dir='ltr'><strong>pro-</strong></span> 
     </span>
     <span class='ocr_line' id='line_1_80' title="bbox 1090 1339 1871 1376; baseline -0.001 -9"><span class='ocrx_word' id='word_1_529' title='bbox 1090 1342 1198 1374; x_wconf 85' lang='lat' dir='ltr'><strong>tectus,</strong></span> <span class='ocrx_word' id='word_1_530' title='bbox 1210 1340 1273 1375; x_wconf 92' lang='lat' dir='ltr'><strong>jam</strong></span> <span class='ocrx_word' id='word_1_531' title='bbox 1288 1340 1397 1376; x_wconf 84' lang='lat' dir='ltr'><strong>apertis</strong></span> <span class='ocrx_word' id='word_1_532' title='bbox 1413 1339 1507 1367; x_wconf 88' lang='lat' dir='ltr'><strong>oculis</strong></span> <span class='ocrx_word' id='word_1_533' title='bbox 1522 1346 1706 1374; x_wconf 83' lang='lat' dir='ltr'><strong>cognoscens</strong></span> <span class='ocrx_word' id='word_1_534' title='bbox 1719 1339 1871 1366; x_wconf 88' lang='lat' dir='ltr'><strong>maehina-</strong></span> 
     </span>
     <span class='ocr_line' id='line_1_81' title="bbox 1090 1385 1870 1421; baseline -0.003 -7"><span class='ocrx_word' id='word_1_535' title='bbox 1090 1387 1184 1414; x_wconf 82' lang='lat' dir='ltr'><strong>tiones</strong></span> <span class='ocrx_word' id='word_1_536' title='bbox 1195 1386 1328 1420; x_wconf 87' lang='lat' dir='ltr'><strong>hostiles,</strong></span> <span class='ocrx_word' id='word_1_537' title='bbox 1340 1386 1432 1413; x_wconf 88' lang='lat' dir='ltr'><strong>veluti</strong></span> <span class='ocrx_word' id='word_1_538' title='bbox 1443 1387 1582 1421; x_wconf 77' lang='lat' dir='ltr'><strong>expertus</strong></span> <span class='ocrx_word' id='word_1_539' title='bbox 1596 1385 1680 1412; x_wconf 86' lang='lat' dir='ltr'><strong>miles</strong></span> <span class='ocrx_word' id='word_1_540' title='bbox 1695 1385 1733 1412; x_wconf 88' lang='lat' dir='ltr'><strong>de</strong></span> <span class='ocrx_word' id='word_1_541' title='bbox 1749 1385 1870 1413; x_wconf 88' lang='lat' dir='ltr'><strong>inimico</strong></span> 
     </span>
     <span class='ocr_line' id='line_1_82' title="bbox 1090 1431 1872 1469; baseline 0 -9"><span class='ocrx_word' id='word_1_542' title='bbox 1090 1435 1277 1469; x_wconf 74' lang='lat' dir='ltr'><strong>persecutore</strong></span> <span class='ocrx_word' id='word_1_543' title='bbox 1301 1432 1384 1460; x_wconf 84' lang='lat' dir='ltr'><strong>novit</strong></span> <span class='ocrx_word' id='word_1_544' title='bbox 1408 1432 1545 1468; x_wconf 77' lang='lat' dir='ltr'><strong>sagacius</strong></span> <span class='ocrx_word' id='word_1_545' title='bbox 1561 1431 1748 1468; x_wconf 75' lang='lat' dir='ltr'><strong>Yriumphare</strong></span> <span class='ocrx_word' id='word_1_546' title='bbox 1771 1441 1778 1459; x_wconf 69' lang='grc' dir='ltr'>ε</span> <span class='ocrx_word' id='word_1_547' title='bbox 1800 1431 1872 1468; x_wconf 88' lang='lat' dir='ltr'><strong>quia</strong></span> 
     </span>
     <span class='ocr_line' id='line_1_83' title="bbox 1092 1479 1871 1516; baseline -0.001 -9"><span class='ocrx_word' id='word_1_548' title='bbox 1092 1482 1161 1507; x_wconf 90' lang='lat' dir='ltr'><strong>tunc</strong></span> <span class='ocrx_word' id='word_1_549' title='bbox 1186 1480 1317 1507; x_wconf 82' lang='lat' dir='ltr'><strong>securius</strong></span> <span class='ocrx_word' id='word_1_550' title='bbox 1347 1482 1443 1516; x_wconf 89' lang='lat' dir='ltr'><strong>potest</strong></span> <span class='ocrx_word' id='word_1_551' title='bbox 1466 1488 1496 1507; x_wconf 87' lang='lat' dir='ltr'><strong>se</strong></span> <span class='ocrx_word' id='word_1_552' title='bbox 1524 1479 1590 1508; x_wconf 88' lang='lat' dir='ltr'><strong>aliis</strong></span> <span class='ocrx_word' id='word_1_553' title='bbox 1614 1479 1768 1507; x_wconf 84' lang='lat' dir='ltr'><strong>ostendere</strong></span> <span class='ocrx_word' id='word_1_554' title='bbox 1786 1500 1796 1513; x_wconf 95' lang='lat'><strong>,</strong></span> <span class='ocrx_word' id='word_1_555' title='bbox 1819 1479 1871 1514; x_wconf 91' lang='lat' dir='ltr'><strong>qui</strong></span> 
     </span>
     <span class='ocr_line' id='line_1_84' title="bbox 1092 1526 1871 1562; baseline -0.001 -8"><span class='ocrx_word' id='word_1_556' title='bbox 1092 1526 1227 1562; x_wconf 85' lang='lat' dir='ltr'><strong>pondere</strong></span> <span class='ocrx_word' id='word_1_557' title='bbox 1244 1526 1354 1554; x_wconf 89' lang='lat' dir='ltr'><strong>amoris</strong></span> <span class='ocrx_word' id='word_1_558' title='bbox 1375 1534 1426 1554; x_wconf 88' lang='lat' dir='ltr'><strong>cor</strong></span> <span class='ocrx_word' id='word_1_559' title='bbox 1449 1534 1537 1554; x_wconf 89' lang='lat' dir='ltr'><strong>suum</strong></span> <span class='ocrx_word' id='word_1_560' title='bbox 1557 1526 1679 1554; x_wconf 83' lang='lat' dir='ltr'><strong>interius</strong></span> <span class='ocrx_word' id='word_1_561' title='bbox 1694 1526 1724 1554; x_wconf 91' lang='lat' dir='ltr'><strong>in</strong></span> <span class='ocrx_word' id='word_1_562' title='bbox 1746 1526 1871 1554; x_wconf 90' lang='lat' dir='ltr'><strong>Domino</strong></span> 
     </span>
     <span class='ocr_line' id='line_1_85' title="bbox 1094 1572 1872 1609; baseline -0.001 -8"><span class='ocrx_word' id='word_1_563' title='bbox 1094 1576 1260 1609; x_wconf 83' lang='lat' dir='ltr'><strong>protectore</strong></span> <span class='ocrx_word' id='word_1_564' title='bbox 1276 1573 1408 1608; x_wconf 86' lang='lat' dir='ltr'><strong>benigno</strong></span> <span class='ocrx_word' id='word_1_565' title='bbox 1429 1581 1490 1601; x_wconf 86' lang='grc'><strong>11011</strong></span> <span class='ocrx_word' id='word_1_566' title='bbox 1511 1573 1573 1601; x_wconf 86' lang='lat' dir='ltr'><strong>sine</strong></span> <span class='ocrx_word' id='word_1_567' title='bbox 1597 1572 1696 1600; x_wconf 83' lang='lat' dir='ltr'><strong>multis</strong></span> <span class='ocrx_word' id='word_1_568' title='bbox 1716 1572 1872 1601; x_wconf 82' lang='lat' dir='ltr'><strong>laboribus</strong></span> 
     </span>
     <span class='ocr_line' id='line_1_86' title="bbox 1092 1620 1259 1648; baseline 0.006 -2"><span class='ocrx_word' id='word_1_569' title='bbox 1092 1620 1259 1648; x_wconf 54' lang='lat' dir='ltr'><strong>collocavit⁴</strong></span> 
     </span>
    </p>

    <p class='ocr_par' dir='ltr' id='par_1_7' title="bbox 1131 1666 1872 1703">
     <span class='ocr_line' id='line_1_87' title="bbox 1131 1666 1872 1703; baseline 0 -9"><span class='ocrx_word' id='word_1_570' title='bbox 1131 1667 1210 1694; x_wconf 84' lang='lat' dir='ltr'><strong>Dicto</strong></span> <span class='ocrx_word' id='word_1_571' title='bbox 1241 1667 1277 1694; x_wconf 91' lang='lat' dir='ltr'><strong>de</strong></span> <span class='ocrx_word' id='word_1_572' title='bbox 1312 1667 1415 1702; x_wconf 87' lang='lat' dir='ltr'><strong>quinta</strong></span> <span class='ocrx_word' id='word_1_573' title='bbox 1450 1666 1595 1694; x_wconf 86' lang='lat' dir='ltr'><strong>industria</strong></span> <span class='ocrx_word' id='word_1_574' title='bbox 1609 1688 1618 1701; x_wconf 90' lang='lat'><strong>,</strong></span> <span class='ocrx_word' id='word_1_575' title='bbox 1645 1675 1706 1703; x_wconf 87' lang='lat' dir='ltr'><strong>qua</strong></span> <span class='ocrx_word' id='word_1_576' title='bbox 1738 1666 1872 1694; x_wconf 76' lang='lat' dir='ltr'><strong>divinam</strong></span> 
     </span>
    </p>
   </div>
   <div class='ocr_carea' id='block_1_5' title="bbox 1084 1714 1871 1751">
    <p class='ocr_par' dir='ltr' id='par_1_8' title="bbox 1084 1714 1871 1751">
     <span class='ocr_line' id='line_1_88' title="bbox 1084 1714 1871 1751; baseline -0.001 -8"><span class='ocrx_word' id='word_1_577' title='bbox 1084 1722 1197 1743; x_wconf 77' lang='lat' dir='ltr'><strong>&#39;amans</strong></span> <span class='ocrx_word' id='word_1_578' title='bbox 1208 1715 1423 1751; x_wconf 81' lang='lat' dir='ltr'><strong>inspectionem</strong></span> <span class='ocrx_word' id='word_1_579' title='bbox 1438 1714 1661 1742; x_wconf 82' lang='lat' dir='ltr'><strong>occasionaliter</strong></span> <span class='ocrx_word' id='word_1_580' title='bbox 1676 1716 1871 1750; x_wconf 84' lang='lat' dir='ltr'><strong>promeretur,</strong></span> 
     </span>
    </p>
   </div>
   <div class='ocr_carea' id='block_1_6' title="bbox 1093 1760 1873 2732">
    <p class='ocr_par' dir='ltr' id='par_1_9' title="bbox 1093 1760 1873 2732">
     <span class='ocr_line' id='line_1_89' title="bbox 1093 1760 1872 1797; baseline -0.001 -8"><span class='ocrx_word' id='word_1_581' title='bbox 1093 1762 1255 1789; x_wconf 85' lang='lat' dir='ltr'><strong>dicendum</strong></span> <span class='ocrx_word' id='word_1_582' title='bbox 1270 1764 1312 1789; x_wconf 88' lang='lat' dir='ltr'><strong>est</strong></span> <span class='ocrx_word' id='word_1_583' title='bbox 1333 1761 1370 1788; x_wconf 89' lang='lat' dir='ltr'><strong>de</strong></span> <span class='ocrx_word' id='word_1_584' title='bbox 1386 1761 1460 1796; x_wconf 88' lang='lat' dir='ltr'><strong>alia,</strong></span> <span class='ocrx_word' id='word_1_585' title='bbox 1476 1769 1543 1797; x_wconf 77' lang='lat' dir='ltr'><strong>quae</strong></span> <span class='ocrx_word' id='word_1_586' title='bbox 1565 1763 1608 1788; x_wconf 85' lang='lat' dir='ltr'><strong>est</strong></span> <span class='ocrx_word' id='word_1_587' title='bbox 1632 1769 1668 1788; x_wconf 83' lang='lat' dir='ltr'><strong>cx</strong></span> <span class='ocrx_word' id='word_1_588' title='bbox 1690 1760 1872 1796; x_wconf 89' lang='lat' dir='ltr'><strong>multiplica-</strong></span> 
     </span>
     <span class='ocr_line' id='line_1_90' title="bbox 1094 1807 1873 1844; baseline -0.001 -8"><span class='ocrx_word' id='word_1_589' title='bbox 1094 1809 1173 1837; x_wconf 88' lang='lat' dir='ltr'><strong>tione</strong></span> <span class='ocrx_word' id='word_1_590' title='bbox 1186 1808 1369 1836; x_wconf 80' lang='lat' dir='ltr'><strong>serculorum</strong></span> <span class='ocrx_word' id='word_1_591' title='bbox 1384 1808 1602 1844; x_wconf 88' lang='lat' dir='ltr'><strong>spiritualium;</strong></span> <span class='ocrx_word' id='word_1_592' title='bbox 1619 1807 1690 1843; x_wconf 88' lang='lat' dir='ltr'><strong>quia</strong></span> <span class='ocrx_word' id='word_1_593' title='bbox 1709 1807 1873 1835; x_wconf 87' lang='lat' dir='ltr'><strong>secundum</strong></span> 
     </span>
     <span class='ocr_line' id='line_1_91' title="bbox 1094 1853 1872 1892; baseline -0.001 -9"><span class='ocrx_word' id='word_1_594' title='bbox 1094 1856 1177 1892; x_wconf 85' lang='lat' dir='ltr'><strong>quod</strong></span> <span class='ocrx_word' id='word_1_595' title='bbox 1196 1855 1335 1883; x_wconf 86' lang='lat' dir='ltr'><strong>videmus</strong></span> <span class='ocrx_word' id='word_1_596' title='bbox 1356 1856 1386 1882; x_wconf 92' lang='lat' dir='ltr'><strong>in</strong></span> <span class='ocrx_word' id='word_1_597' title='bbox 1407 1854 1552 1883; x_wconf 82' lang='lat' dir='ltr'><strong>materiali</strong></span> <span class='ocrx_word' id='word_1_598' title='bbox 1578 1853 1735 1881; x_wconf 76' lang='lat' dir='ltr'><strong>refectione</strong></span> <span class='ocrx_word' id='word_1_599' title='bbox 1759 1854 1872 1882; x_wconf 84' lang='lat' dir='ltr'><strong>anima-</strong></span> 
     </span>
     <span class='ocr_line' id='line_1_92' title="bbox 1095 1900 1873 1938; baseline -0.003 -9"><span class='ocrx_word' id='word_1_600' title='bbox 1095 1903 1167 1929; x_wconf 86' lang='lat' dir='ltr'><strong>lium</strong></span> <span class='ocrx_word' id='word_1_601' title='bbox 1183 1910 1358 1938; x_wconf 85' lang='lat' dir='ltr'><strong>corporum,</strong></span> <span class='ocrx_word' id='word_1_602' title='bbox 1374 1902 1398 1928; x_wconf 86' lang='lat' dir='ltr'><strong>si</strong></span> <span class='ocrx_word' id='word_1_603' title='bbox 1414 1901 1529 1937; x_wconf 87' lang='lat' dir='ltr'><strong>aliquid</strong></span> <span class='ocrx_word' id='word_1_604' title='bbox 1542 1900 1652 1928; x_wconf 53' lang='lat' dir='ltr'><strong>ent-teris</strong></span> <span class='ocrx_word' id='word_1_605' title='bbox 1667 1900 1761 1935; x_wconf 82' lang='lat' dir='ltr'><strong>magis</strong></span> <span class='ocrx_word' id='word_1_606' title='bbox 1777 1900 1873 1928; x_wconf 89' lang='lat' dir='ltr'><strong>delec-</strong></span> 
     </span>
     <span class='ocr_line' id='line_1_93' title="bbox 1094 1947 1872 1983; baseline -0.004 -6"><span class='ocrx_word' id='word_1_607' title='bbox 1094 1948 1184 1977; x_wconf 87' lang='lat' dir='ltr'><strong>tabile</strong></span> <span class='ocrx_word' id='word_1_608' title='bbox 1199 1949 1237 1976; x_wconf 83' lang='lat' dir='ltr'><strong>ad</strong></span> <span class='ocrx_word' id='word_1_609' title='bbox 1252 1948 1435 1976; x_wconf 85' lang='lat' dir='ltr'><strong>vescendum</strong></span> <span class='ocrx_word' id='word_1_610' title='bbox 1450 1947 1587 1975; x_wconf 86' lang='lat' dir='ltr'><strong>continue</strong></span> <span class='ocrx_word' id='word_1_611' title='bbox 1601 1947 1787 1983; x_wconf 86' lang='lat' dir='ltr'><strong>propinetur,</strong></span> <span class='ocrx_word' id='word_1_612' title='bbox 1803 1955 1872 1974; x_wconf 89' lang='lat' dir='ltr'><strong>cum</strong></span> 
     </span>
     <span class='ocr_line' id='line_1_94' title="bbox 1095 1993 1870 2029; baseline -0.001 -7"><span class='ocrx_word' id='word_1_613' title='bbox 1095 2004 1130 2022; x_wconf 81' lang='lat' dir='ltr'><strong>cx</strong></span> <span class='ocrx_word' id='word_1_614' title='bbox 1142 1995 1276 2029; x_wconf 83' lang='lat' dir='ltr'><strong>ejusdem</strong></span> <span class='ocrx_word' id='word_1_615' title='bbox 1292 1995 1433 2022; x_wconf 87' lang='lat' dir='ltr'><strong>continua</strong></span> <span class='ocrx_word' id='word_1_616' title='bbox 1446 1996 1473 2021; x_wconf 88' lang='lat' dir='ltr'><strong>et</strong></span> <span class='ocrx_word' id='word_1_617' title='bbox 1486 1993 1664 2021; x_wconf 87' lang='lat' dir='ltr'><strong>diuturniori</strong></span> <span class='ocrx_word' id='word_1_618' title='bbox 1678 1993 1870 2029; x_wconf 86' lang='lat' dir='ltr'><strong>replicatione</strong></span> 
     </span>
     <span class='ocr_line' id='line_1_95' title="bbox 1095 2040 1871 2077; baseline -0.003 -8"><span class='ocrx_word' id='word_1_619' title='bbox 1095 2045 1196 2077; x_wconf 71' lang='lat' dir='ltr'><strong>gustus</strong></span> <span class='ocrx_word' id='word_1_620' title='bbox 1209 2041 1358 2069; x_wconf 81' lang='lat' dir='ltr'><strong>sensibilis</strong></span> <span class='ocrx_word' id='word_1_621' title='bbox 1382 2041 1540 2076; x_wconf 74' lang='lat' dir='ltr'><strong>fatigetur,</strong></span> <span class='ocrx_word' id='word_1_622' title='bbox 1564 2048 1714 2068; x_wconf 89' lang='lat' dir='ltr'><strong>novorum</strong></span> <span class='ocrx_word' id='word_1_623' title='bbox 1735 2040 1871 2068; x_wconf 87' lang='lat' dir='ltr'><strong>ciborum</strong></span> 
     </span>
     <span class='ocr_line' id='line_1_96' title="bbox 1095 2087 1869 2123; baseline -0.004 -7"><span class='ocrx_word' id='word_1_624' title='bbox 1095 2089 1284 2116; x_wconf 80' lang='lat' dir='ltr'><strong>refectionem</strong></span> <span class='ocrx_word' id='word_1_625' title='bbox 1306 2090 1465 2123; x_wconf 84' lang='lat' dir='ltr'><strong>appetens,</strong></span> <span class='ocrx_word' id='word_1_626' title='bbox 1486 2087 1554 2114; x_wconf 88' lang='lat' dir='ltr'><strong>licet</strong></span> <span class='ocrx_word' id='word_1_627' title='bbox 1578 2087 1708 2122; x_wconf 88' lang='lat' dir='ltr'><strong>primum</strong></span> <span class='ocrx_word' id='word_1_628' title='bbox 1731 2087 1869 2121; x_wconf 82' lang='lat' dir='ltr'><strong>suavius,</strong></span> 
     </span>
     <span class='ocr_line' id='line_1_97' title="bbox 1095 2133 1872 2171; baseline -0.004 -8"><span class='ocrx_word' id='word_1_629' title='bbox 1095 2137 1240 2171; x_wconf 86' lang='lat' dir='ltr'><strong>quantum</strong></span> <span class='ocrx_word' id='word_1_630' title='bbox 1263 2134 1293 2162; x_wconf 89' lang='lat' dir='ltr'><strong>in</strong></span> <span class='ocrx_word' id='word_1_631' title='bbox 1314 2142 1343 2161; x_wconf 88' lang='lat' dir='ltr'><strong>se</strong></span> <span class='ocrx_word' id='word_1_632' title='bbox 1359 2136 1416 2168; x_wconf 91' lang='lat' dir='ltr'><strong>est,</strong></span> <span class='ocrx_word' id='word_1_633' title='bbox 1441 2134 1479 2161; x_wconf 90' lang='lat' dir='ltr'><strong>ab</strong></span> <span class='ocrx_word' id='word_1_634' title='bbox 1502 2133 1641 2161; x_wconf 88' lang='lat' dir='ltr'><strong>omnibus</strong></span> <span class='ocrx_word' id='word_1_635' title='bbox 1659 2133 1826 2167; x_wconf 82' lang='lat' dir='ltr'><strong>judicetur,</strong></span> <span class='ocrx_word' id='word_1_636' title='bbox 1843 2136 1872 2160; x_wconf 91' lang='lat' dir='ltr'><strong>et</strong></span> 
     </span>
     <span class='ocr_line' id='line_1_98' title="bbox 1095 2179 1871 2218; baseline -0.003 -9"><span class='ocrx_word' id='word_1_637' title='bbox 1095 2182 1217 2218; x_wconf 86' lang='lat' dir='ltr'><strong>quando</strong></span> <span class='ocrx_word' id='word_1_638' title='bbox 1236 2181 1304 2217; x_wconf 87' lang='lat' dir='ltr'><strong>plus</strong></span> <span class='ocrx_word' id='word_1_639' title='bbox 1318 2180 1479 2207; x_wconf 88' lang='lat' dir='ltr'><strong>recentium</strong></span> <span class='ocrx_word' id='word_1_640' title='bbox 1495 2179 1652 2215; x_wconf 89' lang='lat' dir='ltr'><strong>epularum</strong></span> <span class='ocrx_word' id='word_1_641' title='bbox 1668 2179 1871 2215; x_wconf 85' lang='lat' dir='ltr'><strong>supervenerit</strong></span> 
     </span>
     <span class='ocr_line' id='line_1_99' title="bbox 1095 2227 1869 2265; baseline -0.005 -7"><span class='ocrx_word' id='word_1_642' title='bbox 1095 2229 1244 2265; x_wconf 88' lang='lat' dir='ltr'><strong>copiosior</strong></span> <span class='ocrx_word' id='word_1_643' title='bbox 1265 2228 1438 2261; x_wconf 80' lang='lat' dir='ltr'><strong>multitudo,</strong></span> <span class='ocrx_word' id='word_1_644' title='bbox 1459 2227 1622 2255; x_wconf 83' lang='lat' dir='ltr'><strong>satiabilius</strong></span> <span class='ocrx_word' id='word_1_645' title='bbox 1643 2235 1735 2263; x_wconf 85' lang='lat' dir='ltr'><strong>quam</strong></span> <span class='ocrx_word' id='word_1_646' title='bbox 1759 2227 1789 2254; x_wconf 88' lang='lat' dir='ltr'><strong>in</strong></span> <span class='ocrx_word' id='word_1_647' title='bbox 1810 2235 1869 2254; x_wconf 92' lang='lat' dir='ltr'><strong>uno</strong></span> 
     </span>
     <span class='ocr_line' id='line_1_100' title="bbox 1093 2273 1869 2310; baseline -0.004 -7"><span class='ocrx_word' id='word_1_648' title='bbox 1093 2276 1233 2308; x_wconf 74' lang='lat' dir='ltr'><strong>relicitur,</strong></span> <span class='ocrx_word' id='word_1_649' title='bbox 1249 2277 1276 2302; x_wconf 84' lang='lat' dir='ltr'><strong>et</strong></span> <span class='ocrx_word' id='word_1_650' title='bbox 1291 2275 1358 2310; x_wconf 89' lang='lat' dir='ltr'><strong>plus</strong></span> <span class='ocrx_word' id='word_1_651' title='bbox 1373 2274 1494 2302; x_wconf 87' lang='lat' dir='ltr'><strong>interius</strong></span> <span class='ocrx_word' id='word_1_652' title='bbox 1506 2274 1681 2308; x_wconf 82' lang='lat' dir='ltr'><strong>ingeruntur</strong></span> <span class='ocrx_word' id='word_1_653' title='bbox 1697 2283 1704 2301; x_wconf 67' lang='grc' dir='ltr'><em>ι</em></span> <span class='ocrx_word' id='word_1_654' title='bbox 1718 2273 1759 2301; x_wconf 91' lang='lat' dir='ltr'><strong>sic</strong></span> <span class='ocrx_word' id='word_1_655' title='bbox 1774 2281 1869 2308; x_wconf 85' lang='lat' dir='ltr'><strong>mens,</strong></span> 
     </span>
     <span class='ocr_line' id='line_1_101' title="bbox 1094 2320 1869 2356; baseline -0.003 -7"><span class='ocrx_word' id='word_1_656' title='bbox 1094 2323 1117 2349; x_wconf 84' lang='lat' dir='ltr'><strong>si</strong></span> <span class='ocrx_word' id='word_1_657' title='bbox 1130 2323 1234 2350; x_wconf 86' lang='lat' dir='ltr'><strong>horam</strong></span> <span class='ocrx_word' id='word_1_658' title='bbox 1250 2330 1341 2356; x_wconf 87' lang='lat' dir='ltr'><strong>quam</strong></span> <span class='ocrx_word' id='word_1_659' title='bbox 1356 2321 1412 2348; x_wconf 88' lang='lat' dir='ltr'><strong>sibi</strong></span> <span class='ocrx_word' id='word_1_660' title='bbox 1435 2321 1473 2348; x_wconf 89' lang='lat' dir='ltr'><strong>ad</strong></span> <span class='ocrx_word' id='word_1_661' title='bbox 1490 2321 1591 2348; x_wconf 85' lang='lat' dir='ltr'><strong>divina</strong></span> <span class='ocrx_word' id='word_1_662' title='bbox 1612 2320 1764 2356; x_wconf 87' lang='lat' dir='ltr'><strong>colloquia</strong></span> <span class='ocrx_word' id='word_1_663' title='bbox 1785 2320 1869 2347; x_wconf 88' lang='lat' dir='ltr'><strong>dedi-</strong></span> 
     </span>
     <span class='ocr_line' id='line_1_102' title="bbox 1094 2366 1870 2403; baseline -0.004 -7"><span class='ocrx_word' id='word_1_664' title='bbox 1094 2369 1183 2403; x_wconf 85' lang='lat' dir='ltr'><strong>cavit,</strong></span> <span class='ocrx_word' id='word_1_665' title='bbox 1200 2368 1325 2396; x_wconf 82' lang='lat' dir='ltr'><strong>totaliter</strong></span> <span class='ocrx_word' id='word_1_666' title='bbox 1339 2368 1369 2395; x_wconf 91' lang='lat' dir='ltr'><strong>in</strong></span> <span class='ocrx_word' id='word_1_667' title='bbox 1385 2367 1541 2395; x_wconf 81' lang='lat' dir='ltr'><strong>extensivis</strong></span> <span class='ocrx_word' id='word_1_668' title='bbox 1560 2367 1620 2395; x_wconf 86' lang='lat' dir='ltr'><strong>sive</strong></span> <span class='ocrx_word' id='word_1_669' title='bbox 1636 2366 1791 2394; x_wconf 82' lang='lat' dir='ltr'><strong>excessivis</strong></span> <span class='ocrx_word' id='word_1_670' title='bbox 1806 2374 1870 2394; x_wconf 91' lang='lat' dir='ltr'><strong>mo-</strong></span> 
     </span>
     <span class='ocr_line' id='line_1_103' title="bbox 1094 2415 1868 2451; baseline -0.004 -7"><span class='ocrx_word' id='word_1_671' title='bbox 1094 2417 1172 2444; x_wconf 85' lang='lat' dir='ltr'><strong>tibus</strong></span> <span class='ocrx_word' id='word_1_672' title='bbox 1191 2437 1197 2448; x_wconf 85' lang='lat'>‚</span> <span class='ocrx_word' id='word_1_673' title='bbox 1224 2416 1356 2451; x_wconf 84' lang='lat' dir='ltr'><strong>aspirans</strong></span> <span class='ocrx_word' id='word_1_674' title='bbox 1384 2415 1423 2443; x_wconf 85' lang='lat' dir='ltr'><strong>ad</strong></span> <span class='ocrx_word' id='word_1_675' title='bbox 1445 2415 1547 2450; x_wconf 88' lang='lat' dir='ltr'><strong>sponsi</strong></span> <span class='ocrx_word' id='word_1_676' title='bbox 1568 2415 1710 2442; x_wconf 90' lang='lat' dir='ltr'><strong>unionem</strong></span> <span class='ocrx_word' id='word_1_677' title='bbox 1725 2435 1734 2448; x_wconf 84' lang='lat'><strong>,</strong></span> <span class='ocrx_word' id='word_1_678' title='bbox 1758 2422 1868 2449; x_wconf 77' lang='lat' dir='ltr'><strong>expen-</strong></span> 
     </span>
     <span class='ocr_line' id='line_1_104' title="bbox 1095 2460 1869 2497; baseline -0.004 -7"><span class='ocrx_word' id='word_1_679' title='bbox 1095 2463 1176 2490; x_wconf 86' lang='lat' dir='ltr'><strong>deret</strong></span> <span class='ocrx_word' id='word_1_680' title='bbox 1191 2484 1199 2496; x_wconf 93' lang='lat'><strong>,</strong></span> <span class='ocrx_word' id='word_1_681' title='bbox 1225 2460 1428 2497; x_wconf 77' lang='lat' dir='ltr'><strong>fatigationem</strong></span> <span class='ocrx_word' id='word_1_682' title='bbox 1460 2461 1593 2497; x_wconf 86' lang='lat' dir='ltr'><strong>corporis</strong></span> <span class='ocrx_word' id='word_1_683' title='bbox 1625 2468 1686 2488; x_wconf 89' lang='lat' dir='ltr'><strong>non</strong></span> <span class='ocrx_word' id='word_1_684' title='bbox 1715 2460 1869 2487; x_wconf 85' lang='lat' dir='ltr'><strong>sustineret</strong></span> 
     </span>
     <span class='ocr_line' id='line_1_105' title="bbox 1094 2509 1868 2547; baseline -0.005 -8"><span class='ocrx_word' id='word_1_685' title='bbox 1094 2512 1232 2547; x_wconf 82' lang='lat' dir='ltr'><strong>spiritus,</strong></span> <span class='ocrx_word' id='word_1_686' title='bbox 1256 2519 1344 2544; x_wconf 80' lang='lat' dir='ltr'><strong>cum,</strong></span> <span class='ocrx_word' id='word_1_687' title='bbox 1370 2510 1444 2537; x_wconf 83' lang='lat' dir='ltr'><strong>sicut</strong></span> <span class='ocrx_word' id='word_1_688' title='bbox 1471 2510 1581 2537; x_wconf 87' lang='lat' dir='ltr'><strong>dictum</strong></span> <span class='ocrx_word' id='word_1_689' title='bbox 1605 2511 1670 2543; x_wconf 81' lang='lat' dir='ltr'><strong>est,</strong></span> <span class='ocrx_word' id='word_1_690' title='bbox 1697 2516 1734 2535; x_wconf 78' lang='lat' dir='ltr'><strong>ex</strong></span> <span class='ocrx_word' id='word_1_691' title='bbox 1759 2509 1868 2536; x_wconf 89' lang='lat' dir='ltr'><strong>amoris</strong></span> 
     </span>
     <span class='ocr_line' id='line_1_106' title="bbox 1093 2554 1867 2593; baseline -0.005 -8"><span class='ocrx_word' id='word_1_692' title='bbox 1093 2559 1264 2593; x_wconf 81' lang='lat' dir='ltr'><strong>importuna</strong></span> <span class='ocrx_word' id='word_1_693' title='bbox 1278 2557 1428 2585; x_wconf 86' lang='lat' dir='ltr'><strong>tendentia</strong></span> <span class='ocrx_word' id='word_1_694' title='bbox 1444 2564 1504 2583; x_wconf 90' lang='lat' dir='ltr'><strong>non</strong></span> <span class='ocrx_word' id='word_1_695' title='bbox 1519 2555 1639 2582; x_wconf 85' lang='lat' dir='ltr'><strong>modica</strong></span> <span class='ocrx_word' id='word_1_696' title='bbox 1654 2554 1791 2590; x_wconf 83' lang='lat' dir='ltr'><strong>afflictio,</strong></span> <span class='ocrx_word' id='word_1_697' title='bbox 1806 2555 1867 2582; x_wconf 91' lang='lat' dir='ltr'><strong>imo</strong></span> 
     </span>
     <span class='ocr_line' id='line_1_107' title="bbox 1093 2601 1868 2639; baseline -0.005 -7"><span class='ocrx_word' id='word_1_698' title='bbox 1093 2604 1225 2632; x_wconf 80' lang='lat' dir='ltr'><strong>maxima</strong></span> <span class='ocrx_word' id='word_1_699' title='bbox 1240 2603 1328 2639; x_wconf 83' lang='lat' dir='ltr'><strong>capiti</strong></span> <span class='ocrx_word' id='word_1_700' title='bbox 1352 2605 1379 2630; x_wconf 89' lang='lat' dir='ltr'><strong>et</strong></span> <span class='ocrx_word' id='word_1_701' title='bbox 1398 2602 1531 2639; x_wconf 83' lang='lat' dir='ltr'><strong>pectori,</strong></span> <span class='ocrx_word' id='word_1_702' title='bbox 1554 2602 1584 2629; x_wconf 93' lang='lat' dir='ltr'><strong>in</strong></span> <span class='ocrx_word' id='word_1_703' title='bbox 1607 2601 1716 2637; x_wconf 87' lang='lat' dir='ltr'><strong>quibus</strong></span> <span class='ocrx_word' id='word_1_704' title='bbox 1740 2601 1868 2637; x_wconf 84' lang='lat' dir='ltr'><strong>amplius</strong></span> 
     </span>
     <span class='ocr_line' id='line_1_108' title="bbox 1093 2647 1868 2686; baseline -0.004 -9"><span class='ocrx_word' id='word_1_705' title='bbox 1093 2650 1212 2686; x_wconf 88' lang='lat' dir='ltr'><strong>spiritus</strong></span> <span class='ocrx_word' id='word_1_706' title='bbox 1227 2650 1377 2678; x_wconf 83' lang='lat' dir='ltr'><strong>radicatur</strong></span> <span class='ocrx_word' id='word_1_707' title='bbox 1388 2670 1397 2683; x_wconf 85' lang='lat'><strong>,</strong></span> <span class='ocrx_word' id='word_1_708' title='bbox 1413 2651 1440 2676; x_wconf 88' lang='lat' dir='ltr'><strong>et</strong></span> <span class='ocrx_word' id='word_1_709' title='bbox 1459 2656 1512 2684; x_wconf 88' lang='lat' dir='ltr'><strong>per</strong></span> <span class='ocrx_word' id='word_1_710' title='bbox 1527 2655 1713 2684; x_wconf 86' lang='lat' dir='ltr'><strong>consequens</strong></span> <span class='ocrx_word' id='word_1_711' title='bbox 1727 2647 1868 2675; x_wconf 88' lang='lat' dir='ltr'><strong>membris</strong></span> 
     </span>
     <span class='ocr_line' id='line_1_109' title="bbox 1094 2694 1867 2732; baseline -0.004 -8"><span class='ocrx_word' id='word_1_712' title='bbox 1094 2697 1158 2724; x_wconf 81' lang='lat' dir='ltr'><strong>aliis</strong></span> <span class='ocrx_word' id='word_1_713' title='bbox 1181 2697 1314 2732; x_wconf 72' lang='lat' dir='ltr'><strong>corporis</strong></span> <span class='ocrx_word' id='word_1_714' title='bbox 1336 2697 1505 2731; x_wconf 82' lang='lat' dir='ltr'><strong>ingeratur:</strong></span> <span class='ocrx_word' id='word_1_715' title='bbox 1524 2694 1590 2722; x_wconf 86' lang='lat' dir='ltr'><strong>ideo</strong></span> <span class='ocrx_word' id='word_1_716' title='bbox 1613 2694 1716 2730; x_wconf 88' lang='lat' dir='ltr'><strong>epulas</strong></span> <span class='ocrx_word' id='word_1_717' title='bbox 1738 2695 1867 2722; x_wconf 87' lang='lat' dir='ltr'><strong>recentes</strong></span> 
     </span>
    </p>
   </div>
  </div>
 </body>
</html>
