2004 3037
885 177 1015 211 CAPUT
1036 179 1074 211 11.

167 248 267 275 autem
282 246 400 283 spiritus
410 253 541 284 nequam
554 246 628 275 dixit
642 246 684 275 eis
700 254 708 274 :
721 247 841 274 «lesum
855 245 942 280 novi,

167 290 196 318 et
206 289 406 326 Paulumscio;
418 298 472 318 vos
483 291 583 318 autem
591 289 643 326 qui
653 289 739 318 estis?
747 300 760 316 ι)
772 290 804 317 Et
812 288 945 317 insiliens

167 337 259 366 homo
283 337 314 365 in
332 346 394 374 quo
420 339 483 366 erat
505 336 688 365 daemonium
710 337 881 365 dominatus
903 338 946 365 est

167 384 347 419 amborum,
363 386 391 413 et
405 384 529 412 invaluit
550 385 652 412 contra
671 392 740 419 eos,
762 383 802 412 ita
823 385 855 412 ut
871 383 945 411 nudi

167 433 195 460 et
208 431 355 460 vulnerati
373 431 537 467 effugerent
551 431 587 459 de
602 431 694 459 domo
709 430 770 459 illa.
793 431 868 465 Act.5
885 438 943 459 x1x.

201 479 264 506 Una
282 478 399 507 sabbati
419 478 525 507 Paulus
544 478 697 514 disputans
716 477 862 514 protraxit
884 485 944 506 ser-

165 533 287 554 monem
300 534 393 562 usque
408 525 448 553 ad
461 525 593 553 mediam
614 526 750 560 noctem3
771 525 877 553 sedens
891 532 945 553 au-

167 574 225 601 tem
246 572 419 601 adolescens
442 571 567 608 quidam
585 579 675 608 super
694 572 853 600 fenestram
875 580 945 600 cum

165 621 346 655 mergeretur
361 627 467 647 somno
486 619 586 654 gravi,
607 619 713 647 cecidit
727 618 765 647 de
785 618 869 647 tertio
885 627 944 647 coe-

165 669 273 697 naculo
293 668 453 702 deorsum,
476 669 504 696 et
522 668 656 696 sublatus
676 670 718 696 est
739 669 891 701 mortum,-
906 668 944 697 ad

164 723 255 752 quem
270 724 337 744 cum
353 715 552 743 descendisset
565 715 690 750 Paulus,
706 715 841 744 incubuit
855 723 945 752 super

165 770 251 797 eum3
280 762 469 790 adduxerunt
496 763 595 790 autem
621 770 749 798 puerum
771 763 891 797 vivum,
917 764 945 791 et

167 809 312 838 consolati
326 812 394 838 sunt
407 817 469 837 non
483 809 616 838 minime.
631 810 704 842 Act„
721 818 769 838 xx.

201 859 344 893 Tempore
368 856 491 885 hiemali
513 864 581 884 cum
604 857 765 884 evasissent
788 857 895 885 Paulus
917 860 946 886 et

166 904 237 932 socii
253 904 316 940 ejus
331 903 368 931 de
387 903 480 931 fracta
494 903 580 939 navi,
604 905 631 931 et
651 904 846 932 calefacerent
860 912 890 933 se
905 905 944 933 ad

165 951 268 987 ignem
277 972 287 986 ,
305 951 410 987 vipera
423 958 442 978 a
456 950 555 978 calore
575 951 740 986 procedens
758 951 866 979 invasit
882 960 945 980 ma-

165 1006 239 1026 num
252 997 333 1026 Pauli
349 1006 357 1025 2
371 1005 463 1034 quam
477 997 528 1025 ille
543 997 693 1026 excutiens
709 998 740 1026 in
763 998 881 1034 ignem,
901 999 945 1027 ni-

164 1044 207 1073 hil
217 1044 290 1072 mali
304 1052 408 1080 passus
423 1046 466 1072 est
476 1064 485 1077 ‚
508 1052 577 1072 cum
592 1046 691 1072 tamen
715 1046 884 1074 crederetur
906 1046 944 1074 ab

163 1091 335 1119 hominibus
347 1090 427 1119 illius
440 1090 571 1126 regionis
585 1091 665 1119 illico
679 1093 850 1121 moriturus.
865 1093 944 1128 Aac„

164 1146 262 1167 xxvni.
542 1141 547 1144 ”

200 1187 314 1213 Patrem
337 1185 434 1213 Publii
455 1184 590 1213 febribus
615 1187 643 1213 et
668 1185 836 1222 dysenteria
863 1186 946 1215 labo-

164 1234 278 1260 rantem
288 1254 297 1264 ,
312 1232 420 1260 Paulus
437 1232 515 1260 facta
530 1233 662 1260 oratione
678 1235 706 1261 et
725 1241 870 1262 manuum
891 1234 946 1261 im-

164 1279 312 1315 positione
326 1279 442 1308 sanavit
457 1289 465 1307 :
482 1288 542 1316 quo
557 1279 633 1308 facto
650 1288 753 1308 omnes
763 1301 772 1315 ,
789 1280 840 1317 qui
855 1280 886 1309 in
901 1281 946 1309 in-

165 1327 230 1354 sula
244 1326 396 1355 habebant
416 1326 600 1355 infirmitates
611 1348 620 1363 ,
637 1327 819 1356 accedebant
827 1348 836 1363 ‚
852 1329 879 1356 et
894 1336 944 1356 cu-

166 1373 319 1402 rabantur.
335 1373 409 1409 Act„
425 1382 475 1403 xx.

448 1469 591 1502 CAPUT
616 1469 658 1502 II.

213 1541 250 1567 De
266 1540 440 1576 providentia
459 1542 509 1568 Dei
527 1543 551 1568 et
567 1542 678 1568 occultis
695 1541 751 1577 ejus
766 1541 893 1577 judiciis.

199 1607 314 1637 Sciebat
337 1608 478 1637 Dominus
501 1608 655 1638 hominem
677 1613 885 1646 peccaturum,
918 1614 946 1640 et

163 1656 263 1683 tamen
276 1655 375 1690 ipsum
393 1655 577 1692 peccabilem
600 1656 684 1692 fecit,
708 1666 776 1686 cum
799 1659 944 1694 impecca-

162 1701 255 1729 bilem
276 1701 374 1730 facere
394 1702 537 1738 potuisset
552 1712 561 1730 .·
584 1704 638 1732 sed
659 1705 771 1733 sciebat
798 1709 943 1742 quantum

162 1748 278 1777 bonum
299 1749 455 1778 occasione
479 1749 560 1778 illius
583 1751 678 1787 culpae
693 1752 758 1781 elici
783 1753 941 1782 debuisset.

164 1795 240 1831 Gen„
256 1804 276 1832 1,
290 1796 329 1825 de
344 1797 493 1826 creatione
507 1797 647 1826 hominis.

199 1842 279 1871 Unde
297 1843 401 1871 fratres
420 1844 529 1880 Joseph
545 1844 643 1880 ipsum
659 1845 830 1881 extinguere
845 1847 941 1875 credi-

163 1889 285 1923 derunt,
306 1889 376 1918 inde
392 1890 586 1926 dispositione
606 1892 721 1919 Domini
741 1893 839 1928 ipsum
853 1902 942 1930 super

161 1934 242 1971 ipsos
256 1935 471 1965 exaltaverunt.
484 1937 560 1971 Gen„
576 1945 673 1966 xxxvn
688 1940 716 1966 et
730 1947 815 1975 seqq.

198 1982 298 2010 Laban
317 1982 489 2011 mercedem
508 1984 600 2012 Jacob
619 1984 788 2020 frequenter
807 1987 941 2022 mutavit,

162 2031 194 2057 ut
215 2029 240 2057 ei
259 2029 376 2057 lucrum
391 2029 593 2066 subtraheret;
610 2031 662 2066 qui
682 2033 782 2060 tamen
797 2032 834 2060 de
849 2032 941 2061 sacul—

162 2075 270 2104 tatibus
284 2076 347 2112 eJus
367 2075 469 2105 divina
489 2076 642 2105 voluntate
664 2077 772 2107 ditatus
793 2081 845 2108 est.
864 2080 940 2116 Gen„

162 2130 229 2150 xxx.

196 2169 317 2198 Mirante
337 2170 456 2207 loseph,
472 2172 500 2199 et
513 2178 634 2200 causam
651 2171 820 2208 ignorante,
839 2175 941 2209 Jacob,

161 2217 192 2244 in
212 2216 419 2245 benedictione
440 2217 574 2246 filiorum
596 2218 674 2254 ejus,
695 2227 784 2255 super
804 2220 942 2256 Ephraim

163 2264 260 2300 posuit
279 2271 404 2292 manum
426 2263 592 2300 dexteram,
616 2266 645 2293 et
669 2274 758 2302 super
780 2267 942 2297 Manassem

161 2310 318 2339 sinistram.
335 2311 412 2345 Gen.,
427 2318 523 2339 xnvur.

197 2359 356 2394 Postquam
373 2359 487 2393 Moyses
507 2362 691 2394 percusserat
714 2362 900 2398 AEgyptium,
916 2366 943 2392 et

163 2404 329 2433 offenderat
356 2404 546 2440 corripiendo
576 2407 740 2442 quemdam
767 2410 941 2446 Hebraeum,

162 2450 237 2486 fugit
251 2459 269 2480 a
281 2451 356 2479 facie
371 2451 549 2486 PharaoniS,
565 2454 594 2480 et
603 2454 734 2483 exulavit
749 2455 780 2483 in
796 2457 872 2484 terra
885 2458 942 2485 Ma-

163 2496 234 2524 dian
254 2498 354 2526 multis
375 2498 476 2534 annis;
499 2498 539 2527 ita
558 2500 642 2536 quod
664 2501 838 2537 videbatur,
855 2505 887 2531 ut
905 2503 942 2532 de

163 2546 267 2573 ccetero
280 2553 340 2574 non
355 2546 478 2575 auderet
488 2553 660 2583 comparere
676 2548 707 2576 in
721 2550 798 2578 terra
809 2551 941 2586 AEgypti:

164 2593 303 2619 ettamen
325 2592 366 2620 ibi
386 2592 537 2628 pascendo
558 2601 629 2622 oves
643 2596 735 2623 soceri
756 2597 817 2631 sui,
839 2597 943 2624 habuit

165 2639 291 2673 majores
307 2640 477 2669 occasiones
490 2642 617 2669 vacandi
634 2643 709 2679 Deo,
726 2646 753 2672 et
767 2645 840 2673 vidit
854 2646 943 2674 visio-

1721 183 1776 214 401

1000 255 1069 275 nem
1089 246 1172 276 illam
1190 247 1355 283 grandem,
1374 256 1409 277 ac
1427 249 1534 278 missus
1552 249 1608 279 fuit
1625 257 1643 278 a
1663 250 1721 278 Deo
1743 249 1783 279 ad

999 293 1078 321 filios
1094 294 1181 322 lsrael
1196 296 1224 322 et
1239 295 1278 323 ad
1291 295 1486 325 Pharaonem.
1505 297 1606 332 Exod„
1622 304 1642 325 u
1656 298 1684 325 et
1694 305 1735 325 iu.

1035 340 1152 368 Sciebat
1166 341 1308 370 Dominus
1318 342 1503 372 Pharaonem
1517 352 1578 372 non
1591 343 1784 373 obediturum

999 387 1147 415 mandatis
1161 389 1220 416 suis
1229 397 1236 423 ;
1254 390 1281 417 et
1301 391 1399 418 tamen
1414 390 1513 427 ipsum
1527 399 1580 428 per
1598 392 1727 427 Moysem
1741 390 1784 420 fa-

1000 434 1098 463 ciebat
1110 435 1233 472 requiri.
1251 437 1340 464 Eoeod.
1351 457 1360 471 ,
1375 445 1395 464 v
1410 438 1438 465 et
1451 445 1492 466 Vl.

1034 483 1200 519 Antequam
1217 482 1354 512 educeret
1375 484 1518 512 Dominus
1536 484 1614 513 filios
1635 485 1722 514 lsrael
1745 485 1782 514 de

999 531 1145 566 AEgypto,
1169 529 1262 565 longo
1288 532 1422 567 tempore
1444 533 1472 560 et
1497 531 1669 560 multotiens
1692 532 1783 568 affligi

1000 584 1051 605 eos
1063 578 1092 605 et
1105 576 1249 612 flagellari
1264 577 1405 613 permisit.
1421 578 1522 613 Exod„
1539 586 1547 606 1
1561 580 1588 606 et
1602 587 1630 606 v.

1036 624 1110 660 Magi
1127 626 1155 653 et
1169 624 1297 653 malefici
1314 625 1487 660 Pharaonis,
1511 627 1568 654 Deo
1584 627 1783 663 permittente,

999 671 1131 700 fecerunt
1147 671 1233 707 signa
1247 672 1276 699 in
1293 674 1419 709 AEgypto
1428 692 1437 708 ,
1453 672 1528 702 sicut
1541 674 1666 709 Moyses,
1682 674 1785 710 quoad

1000 718 1101 754 plura.
1117 719 1220 754 Emori„
1235 727 1286 747 vu.

1036 766 1175 794 Permittit
1189 766 1330 794 Dominus
1345 766 1491 802 reprobos
1507 766 1653 802 indurari,
1668 769 1696 796 et
1710 768 1785 797 elec-

1000 813 1045 840 tos
1060 812 1161 848 affligi,
1177 815 1209 840 ut
1224 813 1326 849 aliqua
1345 813 1489 842 miracula
1507 816 1657 850 operetur,
1674 817 1701 842 et
1715 815 1785 843 inde

1001 861 1197 894 cognoscatur
1217 860 1346 896 amplius
1370 862 1398 888 et
1426 860 1574 889 laudetur.
1600 862 1706 896 Eoeod.,
1731 870 1760 890 lx
1777 871 1783 890 :

1004 916 1017 932 «
1027 906 1137 934 idcirco
1148 907 1234 943 posui
1245 909 1283 942 te,
1295 909 1326 935 ut
1335 908 1490 935 ostendam
1501 908 1531 936 in
1543 911 1569 936 te
1581 908 1785 937 fortitudinem

1000 962 1111 988 meam,
1122 955 1150 981 et
1159 957 1294 983 narretur
1302 963 1411 983 nomen
1423 964 1524 983 meum
1535 956 1566 983 in
1576 956 1659 984 omni
1670 958 1756 984 terra.
1769 967 1782 983 n

1036 1001 1151 1029 Totiens
1171 1001 1306 1037 promisit
1328 1002 1469 1030 Dominus
1488 1002 1558 1030 filiis
1573 1003 1663 1030 Israel
1678 1005 1787 1031 terram

1000 1047 1084 1076 illam
1098 1048 1173 1078 lacte
1193 1051 1221 1078 et
1243 1050 1331 1078 melle
1352 1052 1542 1086 manantem,
1563 1052 1590 1079 et
1610 1052 1709 1079 tamen
1725 1051 1786 1079 duo

1001 1096 1116 1123 tantum
1135 1096 1172 1124 de
1191 1096 1267 1131 illis,
1291 1097 1344 1133 qui
1366 1097 1469 1133 viginti
1493 1106 1588 1126 annos
1612 1098 1783 1133 habebant,

1001 1143 1111 1171 scilicet
1130 1143 1218 1172 caleb
1233 1145 1262 1172 et
1279 1146 1367 1173 Josue
1377 1164 1386 1179 ,
1404 1144 1444 1173 ad
1463 1144 1547 1173 illam
1568 1147 1784 1181 pervenerunt;

1000 1189 1108 1226 reliqui
1123 1198 1199 1224 ,vero
1221 1198 1301 1227 non,
1317 1192 1369 1219 sed
1393 1191 1511 1228 parvuli
1533 1200 1638 1221 eorum
1660 1194 1784 1221 tantum.

1001 1238 1096 1271 Num„
1111 1245 1173 1265 xiv.

1038 1284 1165 1319 Moyses,
1183 1284 1234 1320 qui
1255 1284 1361 1313 totiens
1378 1285 1526 1321 populum
1546 1288 1720 1322 peccantem
1739 1294 1786 1314 re-

1001 1330 1170 1359 conciliavit
1185 1332 1264 1365 Deo,
1279 1332 1413 1367 peccavit
1427 1332 1519 1360 semel
1538 1333 1577 1360 ad
1595 1341 1688 1369 aquas
1713 1341 1785 1361 con-

1001 1377 1203 1413 tradictionis,
1218 1379 1318 1414 Num,
1338 1387 1391 1414 xx3
1413 1381 1441 1407 et
1463 1387 1525 1407 non
1544 1380 1671 1408 obtinuit
1684 1389 1739 1417 pro
1755 1389 1785 1408 se

1001 1424 1066 1461 ipso
1077 1446 1085 1459 ‚
1103 1427 1133 1453 ut
1148 1425 1270 1453 intraret
1283 1427 1391 1454 terram
1405 1426 1622 1462 promissionis

1038 1474 1096 1501 Hoc
1120 1473 1204 1509 ipso,
1230 1474 1315 1509 quod
1335 1474 1390 1502 filii
1412 1475 1501 1503 Israel
1520 1477 1643 1512 propter
1667 1477 1787 1512 peccata

1001 1527 1055 1547 sua
1073 1522 1246 1548 manserunt
1269 1521 1468 1557 quadraginta
1490 1522 1574 1549 annis
1597 1522 1627 1550 in
1652 1522 1786 1555 deserto,

1001 1566 1130 1603 amplius
1145 1567 1351 1602 magnificatus
1368 1571 1409 1596 est
1425 1570 1516 1603 Deus,
1539 1569 1591 1605 qui
1610 1577 1660 1596 eos
1682 1568 1787 1596 tandiu

1000 1613 1082 1649 pavit
1095 1634 1104 1647 ‚
1133 1615 1161 1642 et
1186 1622 1290 1643 eorum
1315 1615 1488 1643 vestimenta
1512 1623 1530 1643 a
1555 1616 1784 1652 consumptione

1000 1660 1138 1695 servavit,
1157 1669 1191 1689 ac
1205 1661 1325 1689 tandem
1341 1670 1392 1689 eos
1413 1662 1443 1689 in
1458 1664 1567 1690 terram
1581 1662 1786 1699 promissionis

1000 1707 1178 1735 mirabiliter
1190 1707 1365 1736 introduxit.
1380 1710 1476 1743 Josue,
1493 1717 1524 1737 11.

1037 1755 1075 1782 De
1099 1755 1256 1789 gentibus,
1272 1764 1338 1791 quae
1360 1756 1537 1784 habitabant
1559 1757 1591 1784 in
1611 1758 1689 1785 terra
1714 1764 1785 1793 pro-

999 1801 1158 1836 missionis,
1173 1802 1289 1837 dicitur,
1303 1804 1393 1838 Jocue,
1409 1812 1440 1831 xt
1456 1812 1462 1830 :
1483 1812 1496 1829 «
1512 1803 1626 1831 Domini
1642 1804 1785 1832 sententia

999 1848 1104 1882 suerat,
1121 1851 1152 1876 ut
1164 1849 1374 1877 indurarentur
1389 1850 1482 1878 corda
1493 1858 1608 1884 eorum,
1622 1854 1649 1878 et
1666 1859 1782 1886 pugna-

999 1898 1063 1923 rent
1073 1899 1176 1924 contra
1186 1896 1284 1932 lsrael,
1298 1900 1325 1924 et
1335 1897 1485 1932 caderent,
1497 1900 1524 1925 et
1532 1906 1593 1926 non
1603 1900 1784 1926 mererentur

999 1943 1093 1971 ullam
1106 1944 1306 1978 clementiam,
1324 1947 1351 1972 et
1365 1945 1503 1980 perirent.
1518 1956 1530 1971 »

1037 1992 1196 2026 Postquam
1219 1991 1339 2019 Gedeon
1363 1993 1422 2018 tam
1438 1991 1610 2019 mirabilem
1631 1992 1785 2021 victoriam

1001 2037 1038 2065 de
1057 2037 1184 2065 inimicis
1202 2038 1365 2072 habuerat,
1389 2040 1418 2066 et
1437 2038 1587 2066 dominari
1606 2039 1721 2075 populo
1742 2047 1786 2067 re-

1000 2086 1172 2118 cusaverat,
1190 2084 1257 2112 fecit
1273 2084 1373 2120 ephod
1389 2094 1397 2113 ε
1414 2084 1498 2120 quod
1512 2085 1623 2114 factum
1638 2087 1681 2114 est
1696 2086 1738 2120 ei,
1758 2088 1785 2114 et

1001 2130 1105 2159 domui
1120 2131 1182 2166 ejus
1197 2131 1227 2158 in
1241 2132 1370 2165 ruinam,
1388 2133 1491 2166 Judtc„
1506 2140 1569 2160 vm.

1037 2179 1128 2205 iratus
1157 2178 1299 2206 Dominus
1323 2178 1393 2206 filiis
1418 2179 1504 2207 lsrael
1532 2181 1654 2216 propter
1679 2188 1783 2208 eorum

999 2226 1133 2260 peccata,
1149 2224 1221 2253 dixit
1232 2225 1292 2253 eis:
1307 2236 1320 2251 «
1336 2227 1399 2253 Non
1410 2226 1532 2259 addam,
1543 2229 1576 2254 ut
1586 2235 1637 2254 eos
1646 2227 1783 2254 liberem.

1000 2272 1038 2299 lte
1051 2273 1078 2298 et
1088 2271 1222 2299 invocate
1233 2272 1315 2307 deos,
1326 2281 1403 2308 quos
1415 2273 1572 2308 elegistis.»
1585 2274 1784 2309 Dixeruntque

1000 2318 1039 2345 ad
1055 2318 1212 2346 Dominum
1229 2328 1258 2346 :a
1269 2320 1467 2354 Peccavimus,
1479 2330 1491 2345 »
1510 2322 1577 2356 etc,
1591 2322 1619 2348 et
1632 2321 1782 2356 sequitur:

1002 2375 1015 2389 α
1032 2365 1085 2398 Qui
1098 2364 1193 2392 doluit
1208 2374 1296 2401 super
1311 2366 1437 2394 miseriis
1453 2375 1568 2395 eorum.
1581 2378 1593 2393 »
1609 2368 1712 2399 Judt‘c„
1728 2376 1758 2394 x.

1036 2413 1171 2448 Samson,
1187 2413 1301 2448 Angelo
1317 2414 1521 2449 annuntiante,
1533 2415 1571 2443 de
1586 2415 1677 2442 sterlii
1690 2417 1783 2443 matre

1001 2461 1178 2495 conceptus,
1192 2462 1296 2495 postea
1316 2460 1428 2496 pluries
1442 2461 1495 2489 fuit
1510 2469 1563 2497 per
1577 2461 1716 2489 mulieres
1731 2462 1783 2490 de-

1001 2509 1112 2542 ceptus,
1127 2508 1155 2534 et
1164 2506 1203 2534 ad
1218 2506 1354 2535 ultimam
1364 2507 1482 2536 ruinam
1493 2508 1600 2537 domus
1612 2515 1781 2544 oppressus.

998 2552 1102 2587 Judtc„
1118 2560 1177 2581 xvt.

1036 2599 1099 2628 Filii
1115 2599 1203 2628 lsrael
1223 2602 1326 2628 contra
1341 2600 1418 2630 filios
1438 2601 1590 2636 BenJ‘amin
1606 2601 1644 2629 de
1658 2601 1783 2630 consilio

1003 2648 1029 2674 et
1049 2646 1200 2675 voluntate
1224 2647 1340 2674 Domini
1366 2647 1547 2683 praeliantes,
1576 2648 1621 2676 bis
1643 2648 1783 2676 debellati
