2004 3037
129 239 189 270 22⁵2

129 305 233 339 tionis,
247 303 318 341 quia
334 310 388 340 per
404 303 552 339 jejunium
571 310 749 331 revocamur
769 310 787 331 a
801 310 909 330 concu-

129 351 272 389 piscentia
299 350 409 386 carnis;
431 357 485 386 per
512 349 694 385 orationem,
721 357 740 378 a
768 349 909 386 superbia

129 400 208 434 vitae;
222 406 276 434 per
293 397 530 434 eleemosynam,
548 405 565 425 a
581 396 819 433 concupiscentia
837 404 908 424 ocu-

129 446 237 474 lorum.
258 444 322 473 Alio
343 444 436 472 modo
459 444 584 472 sumitur
605 444 659 472 ista
680 443 856 471 sufficientia
874 451 909 471 ex

129 495 212 529 parte
228 491 346 520 termini
361 491 400 519 ad
420 499 511 527 quem
529 491 562 519 fit
580 490 757 524 satisfactio,
771 489 843 526 quia
856 497 910 525 per

126 539 274 575 jejunium
284 538 439 566 ordinatur
451 538 543 566 homo
556 537 587 566 in
597 537 705 574 seipso,
716 545 770 573 per
784 536 910 564 eleemo-

129 595 235 623 synam
250 587 289 615 ad
302 586 488 623 proxImum‚
504 594 558 622 per
573 586 738 614 orationem
753 585 792 613 ad
807 586 907 613 Deum.

129 634 223 662 Tertio
242 633 335 662 modo
358 633 483 661 sumitur
501 633 564 660 lizec
588 632 763 660 sufficientia
777 640 814 660 ex
826 633 910 669 purte

129 680 271 713 materiae,
289 680 325 708 de
341 688 402 716 qua
415 679 466 707 fit:
483 687 537 716 per
552 679 774 716 eleemosynam
789 679 868 707 enim
878 678 911 706 fit

130 727 288 756 satisfactio
313 726 350 755 de
371 726 459 754 bonis
484 726 635 754 exterioris
655 726 837 761 substantiae;
857 733 911 762 per

127 774 285 810 jejunium,
302 773 338 801 de
354 773 442 801 bonis
457 773 602 809 corporis,
616 781 670 809 per
684 773 860 806 orationem,
873 772 910 800 de

130 821 218 850 honis
236 820 352 848 mentis.
369 820 478 854 Quarto
498 819 590 847 modo
606 820 730 847 sumitur
747 820 810 847 haec
829 818 910 847 suffi-

131 867 238 896 cientia
268 875 304 895 ex
327 868 410 903 parte
436 867 598 899 modorum
627 865 827 894 satisfaciendi
841 874 848 893 :
879 865 912 892 fit

131 914 211 942 enim
225 913 384 942 satisfactio
403 913 496 941 tribus
511 913 624 948 modis,
641 913 689 940 vel
708 921 762 949 per
783 912 911 948 punitio-

131 969 215 996 nem,
231 961 280 989 vel
293 969 346 997 per
364 960 600 996 redemptionem
609 980 617 994 ‚
630 960 679 987 vel
697 967 751 995 per
764 959 912 995 supplica-

132 1008 252 1036 tionem.
264 1007 393 1035 Primum
404 1006 529 1034 facimus
540 1006 721 1041 ijunando;
735 1005 912 1040 secundum,

131 1054 337 1091 eleemosynas
360 1053 477 1088 dando;
498 1053 631 1088 tertium,
655 1053 782 1081 orando.
805 1053 911 1086 Quinto

131 1101 257 1129 sumitur
275 1101 337 1128 haec
352 1100 527 1128 sufficientia
542 1107 577 1128 ex
597 1101 680 1136 parte
699 1100 819 1127 eil'ectus
836 1108 842 1126 z
858 1107 912 1136 per

132 1147 359 1176 satisfactionem
389 1147 468 1175 enim
497 1147 552 1174 tria
579 1154 690 1182 magna
718 1146 800 1174 bona
824 1145 912 1174 nohis

132 1195 326 1232 proveniunt,
340 1194 449 1222 scilicet
468 1194 634 1230 impetratio
650 1193 761 1229 gratiae,
777 1193 912 1221 remissio

132 1250 243 1279 poenae,
259 1241 432 1278 expurgatio
452 1241 646 1276 reliquiarum
667 1240 769 1276 culpae.
791 1240 834 1268 Ad
854 1240 913 1276 pri-

133 1297 217 1317 mum
232 1288 348 1316 videtur
362 1288 461 1315 valere
477 1287 668 1323 eleemosyna
682 1288 802 1323 propter
818 1287 914 1314 inulti-

133 1335 323 1371 plicationem
338 1334 564 1368 intercessorum
574 1344 581 1369 3
593 1334 632 1362 ad
648 1334 824 1368 secundum,
838 1333 913 1369 jeju-

134 1383 234 1418 nium;
251 1381 290 1410 ad
306 1381 433 1417 tertium,
449 1381 553 1409 oratio.

378 1476 520 1509 CAPUT
544 1476 667 1509 XXXI.

250 1549 287 1575 Dc
306 1549 421 1582 sz'nqulis
438 1548 566 1583 partibus
586 1548 798 1581 Salissaccz‘onis.

171 1618 366 1654 Eleemosyna
394 1618 551 1654 dupliciter
582 1620 675 1654 potest
703 1617 794 1653 accipi
821 1626 827 1644 x
863 1619 914 1644 aut

135 1665 295 1693 intentione
310 1665 487 1692 sublevandi
509 1665 710 1692 necessitatem
725 1664 869 1700 proximi,
886 1666 913 1691 et

135 1712 175 1738 sic
197 1714 239 1738 est
263 1719 338 1747 opus
361 1711 585 1744 misericordiam
609 1714 659 1738 aut
682 1711 841 1738 intentione
869 1718 913 1737 re-

135 1758 348 1794 compensandi
364 1766 418 1793 pro
434 1757 534 1785 debito
552 1758 671 1785 offensae
687 1757 811 1792 divinat,
829 1759 856 1784 ct
872 1757 911 1783 sic

135 1806 177 1832 est
203 1812 278 1840 opus
300 1804 427 1839 justitiae.
453 1804 533 1831 Unde
556 1804 654 1840 primo
678 1804 770 1832 modo
792 1803 912 1840 proprie

135 1851 260 1886 pertinet
277 1850 316 1878 ad
335 1851 472 1878 meritum
493 1851 574 1885 vitae3
594 1850 725 1878 seeundo
742 1850 851 1884 modo,
873 1849 912 1877 ad

135 1897 272 1925 meritum
296 1897 476 1925 dimissionis
498 1905 609 1933 poenae,
632 1897 703 1933 quia
724 1897 913 1933 eleemosyna.

135 1944 175 1972 sie
191 1944 259 1972 data
274 1944 394 1980 proprie
407 1946 449 1972 est
463 1944 665 1972 satisfactoria.

172 1992 209 2018 Dc
230 1991 344 2026 jejunio
367 1999 488 2027 quoque
513 1991 666 2018 sciendum
694 1992 751 2025 cst,
777 1990 859 2026 quod
885 1990 914 2017 in

136 2047 222 2066 carne
247 2038 307 2065 duo
334 2039 424 2065 sunt:
450 2045 558 2072 unum,
585 2040 706 2071 natura,
733 2046 799 2073 quse
824 2037 913 2064 debet

136 2085 305 2118 sustentari3
323 2087 350 2112 et
362 2084 459 2119 aliud,
475 2084 595 2119 vitium,
612 2084 694 2120 quod
710 2084 796 2111 debet
811 2084 913 2111 doma-

136 2132 170 2159 ri.
197 2131 344 2166 Jejnniuin
373 2139 443 2165 ergo
469 2131 551 2167 quod
579 2134 714 2159 naturam
741 2133 856 2165 servat,
887 2133 914 2158 ct

136 2178 239 2205 vitium
266 2178 384 2211 domat,
407 2178 520 2205 bonum
542 2180 598 2212 cst,
621 2180 648 2205 et
672 2177 911 2211 satisfactoriium

136 2224 218 2252 aliud
235 2233 306 2252 vero
323 2233 393 2252 non.

172 2271 269 2299 Oratio
290 2271 446 2306 dupliciter
462 2270 552 2298 habet
570 2270 633 2297 fieri
650 2279 656 2297 z
678 2273 728 2298 ant
748 2278 802 2306 pro
819 2270 912 2306 impe-

136 2318 258 2345 tratione
286 2318 454 2351 honorum,
482 2320 509 2345 et
537 2318 576 2345 sie
602 2320 644 2345 est
670 2326 739 2354 pars
765 2318 813 2345 vel
839 2325 914 2352 opus

137 2364 393 2400 contemplationis
412 2373 418 2391 :
440 2367 489 2392 aut
504 2372 558 2400 pro
583 2365 733 2392 amotione
752 2364 912 2398 malorum,

140 2414 167 2439 et
181 2411 222 2438 sic
238 2413 280 2439 est
291 2411 411 2448 proprie
426 2419 494 2446 pars
509 2411 723 2439 satisfactionis.

372 2505 514 2539 CAPUT
539 2505 677 2539 XXXII.

340 2578 378 2604 Dc
400 2578 596 2611 Justificaeione
621 2579 711 2613 nupti.

174 2646 343 2674 Justisseatio
371 2646 454 2682 impii
474 2648 515 2674 est
536 2648 634 2674 motus
659 2647 696 2673 ab
717 2646 856 2682 injustitia
876 2646 914 2674 ad

136 2691 289 2727 iustitiam.
305 2693 335 2718 ln
347 2691 555 2726 justificatione
571 2691 654 2728 impii
674 2694 801 2727 quatuor
816 2692 914 2727 requi-

455 233 714 267 COMPENDIUM
734 233 996 266 THEOLOGICAE
1014 232 1239 266 VERITATlS.
1262 232 1339 264 LlB.
1361 231 1413 265 VI.

961 303 1082 336 runtur,
1098 300 1207 329 scilicet
1219 303 1318 329 motus
1335 300 1422 329 liberi
1443 299 1574 336 arbitrii,
1590 301 1737 339 contritio,

962 348 1070 377 infusio
1084 348 1194 384 gratioe,
1208 351 1237 376 et
1249 348 1383 376 remissio
1399 347 1502 385 eulpae.
1519 349 1629 377 florum
1641 349 1740 385 prima

963 395 1024 423 duo
1049 397 1117 423 sunt
1141 403 1177 423 ex
1199 397 1282 431 parte
1303 395 1498 431 suscipientis,
1525 395 1584 423 alia
1604 403 1677 424 vero
1702 403 1739 424 ex

962 444 1044 478 parte
1072 442 1194 478 agentis.
1224 442 1364 470 Praedicta
1392 444 1491 470 autem
1518 444 1647 478 quatuor
1673 444 1741 470 sunt

963 489 1053 517 simul
1068 492 1216 526 tempore,
1236 497 1298 517 non
1311 492 1426 517 natura.
1447 489 1583 517 prioritas
1596 491 1695 517 autem
1712 490 1741 516 et

963 536 1180 572 posterioritas,
1201 545 1269 573 quae
1283 537 1448 565 secundum
1469 537 1606 565 ordinem
1628 539 1741 565 naturae

965 585 1021 617 cst,
1036 583 1187 611 reducitur
1206 583 1308 620 aliquo
1327 584 1419 612 modo
1441 584 1480 612 ad
1495 584 1631 612 ordinem
1646 591 1741 612 eausoe

965 631 992 657 et
1005 629 1126 658 causati.
1142 631 1218 658 Inter
1231 630 1287 658 ista
1305 638 1376 658 vero
1390 631 1508 659 videtur
1521 630 1569 658 hic
1583 630 1659 658 ordo
1674 638 1742 658 cau-

964 676 1086 704 salitatis
1098 685 1171 705 esse.
1188 677 1347 705 causaliter
1361 677 1441 706 enim
1451 680 1549 706 motus
1563 677 1649 706 liberi
1664 677 1742 706 arbi-

964 724 1012 751 trii
1030 725 1113 760 prior
1129 724 1194 752 aliis
1210 724 1304 752 tribus
1325 727 1382 757 est,
1403 724 1475 760 quia
1497 724 1656 761 requiritur
1672 733 1742 753 con-

964 779 1067 798 sensus
1102 770 1263 798 voluntatis
1289 771 1319 798 in
1354 771 1527 806 hujusmodi
1564 771 1740 800 mutatione.

965 817 1104 846 Voluntas
1117 819 1215 845 autem
1230 820 1257 845 et
1272 817 1400 846 liberum
1416 817 1571 846 arbitrium
1585 821 1743 847 sumuntur

965 864 1013 892 hic
1027 872 1082 900 pro
1098 864 1215 892 eodem.
1232 865 1375 892 Praeterea
1389 867 1489 893 motus
1510 865 1562 893 iste
1577 864 1743 901 appellatur

966 913 1064 939 motus
1082 911 1169 939 liberi
1197 911 1320 939 arbitrii.
1356 913 1407 939 iste
1430 920 1552 948 quoque
1571 914 1669 940 motus
1691 913 1742 949 qui

965 966 1019 994 per
1034 958 1163 986 liberum
1178 958 1333 986 arbitrium
1348 959 1490 986 consentit
1505 960 1579 994 Deo,
1599 961 1631 986 ut
1645 959 1742 995 primo

966 1005 1086 1038 motori,
1099 1007 1220 1033 vocatur
1234 1007 1331 1033 motus
1345 1005 1427 1039 fidei,
1441 1005 1512 1042 quia
1525 1005 1615 1033 habet
1628 1005 1742 1042 aliquid

966 1051 1157 1088 cognitionis,
1173 1054 1201 1080 et
1225 1052 1341 1088 aliquid
1363 1052 1541 1086 affectionis,
1562 1053 1637 1080 sicut
1656 1052 1740 1081 sides.

968 1100 1102 1127 Dicamus
1117 1107 1187 1134 ergo
1203 1099 1286 1135 quod
1301 1102 1399 1127 motus
1422 1099 1508 1127 liberi
1523 1099 1654 1135 arbitrii,
1680 1099 1742 1127 sive

967 1148 1065 1174 motus
1077 1146 1147 1174 fidei
1160 1146 1189 1174 in
1207 1148 1307 1181 Deum,
1321 1146 1477 1174 causaliter
1487 1148 1530 1174 est
1540 1146 1633 1182 prior,
1650 1154 1742 1182 qnam

967 1196 1065 1220 motus
1084 1201 1145 1229 quo
1164 1193 1201 1221 de
1221 1195 1342 1229 peccato
1362 1193 1428 1229 quis
1451 1193 1631 1221 convertitur
1647 1202 1653 1221 :
1673 1193 1744 1229 quia

967 1241 1043 1268 sicut
1054 1240 1083 1267 in
1098 1240 1288 1275 generatione
1303 1241 1414 1276 peccati
1427 1240 1508 1276 prior
1519 1242 1561 1268 est
1571 1240 1742 1274 conversio,

968 1295 1059 1323 quam
1074 1287 1207 1321 aversio,
1227 1295 1295 1315 cum
1317 1287 1473 1315 conversio
1496 1290 1595 1315 causet
1612 1286 1742 1315 aversio-

968 1342 1049 1368 nem,
1059 1334 1099 1361 ita
1112 1334 1142 1361 in
1158 1334 1220 1369 ejus
1232 1333 1428 1362 destructione
1441 1334 1523 1370 prior
1534 1337 1576 1362 cst
1588 1334 1743 1362 conversio

968 1381 1007 1409 ad
1023 1382 1114 1409 Deum
1128 1388 1180 1417 per
1196 1381 1325 1408 liberum
1337 1381 1491 1409 arbitrium
1498 1376 1614 1417 squam
1629 1381 1744 1409 aversio

968 1436 986 1456 a
1001 1430 1133 1455 creatura
1152 1435 1206 1464 per
1225 1428 1432 1456 contritionem
1448 1428 1484 1455 (le
1506 1430 1638 1464 peceato.
1658 1427 1743 1461 Quod

968 1475 1047 1503 enim
1062 1475 1193 1511 primum
1208 1477 1249 1502 cst
1263 1475 1293 1502 in
1307 1475 1534 1511 compositione,
1549 1474 1687 1502 ultimum
1699 1477 1741 1502 est

969 1522 999 1549 in
1013 1521 1201 1550 resolutione.
1220 1522 1265 1549 Isti
1281 1529 1352 1549 vero
1368 1521 1428 1549 duo
1443 1523 1542 1549 motus
1560 1521 1646 1549 liberi
1666 1521 1744 1549 arbi-

969 1569 1014 1596 trii
1035 1571 1061 1596 et
1085 1568 1267 1596 contritionis
1289 1570 1357 1596 sunt
1380 1568 1512 1603 priores,
1538 1576 1628 1604 qnam
1650 1568 1744 1603 gratia

969 1614 1152 1648 infundatur,
1177 1615 1247 1650 quia
1267 1618 1334 1642 sunt
1361 1623 1449 1642 causa
1473 1615 1686 1650 praeparatoria
1712 1617 1744 1643 ut

969 1661 1062 1696 gratia
1077 1662 1171 1689 detur.
1187 1661 1326 1694 Quamvis
1339 1661 1417 1688 enim
1433 1663 1507 1688 Deus
1520 1661 1581 1688 sinc
1591 1661 1653 1688 ulla
1668 1669 1742 1697 proe-

969 1708 1120 1744 paratione
1136 1708 1228 1743 possit
1246 1707 1371 1743 impium
1384 1707 1562 1742 justificare,
1577 1709 1674 1734 tamen
1695 1715 1742 1734 re-

969 1754 1094 1790 quiritur
1107 1753 1283 1790 praeparatio
1300 1762 1336 1781 ex
1356 1755 1438 1789 parte
1460 1755 1560 1781 nostra
1577 1763 1583 1780 ε
1600 1753 1743 1790 quoniam

969 1802 1043 1828 sicut
1056 1801 1215 1837 requiritur
1228 1800 1402 1836 prreparatio
1420 1808 1456 1828 ex
1470 1802 1552 1836 parte
1571 1800 1699 1828 materiae
1714 1800 1744 1828 in

969 1848 1094 1876 naturali
1124 1848 1285 1875 mutatione
1310 1847 1349 1875 ad
1371 1847 1573 1883 recipiendam
1595 1847 1741 1882 formam;

969 1895 1010 1922 ita
1024 1895 1054 1922 in
1068 1894 1229 1922 mutatione
1245 1894 1412 1922 voluntaria
1429 1902 1435 1921 :
1451 1896 1479 1922 et
1495 1894 1552 1921 hoc
1572 1901 1632 1921 non
1648 1896 1690 1921 est
1708 1901 1744 1922 ex

970 1941 1142 1977 impotentia
1157 1941 1284 1977 agentis,
1300 1941 1352 1968 sed
1368 1940 1561 1977 suscipientis.
1585 1940 1649 1968 Alia
1670 1940 1744 1968 ratio

970 1991 1027 2022 est,
1043 1988 1114 2024 quia
1138 1988 1167 2015 in
1188 1987 1395 2023 justificatione
1419 1988 1582 2024 peccatoris
1599 1987 1632 2014 fit
1657 1987 1746 2015 intro-

970 2035 1070 2063 ductio
1093 2035 1180 2063 unius
1206 2035 1307 2062 sormre
1322 2056 1329 2069 ,
1355 2037 1383 2062 ct
1401 2034 1536 2070 expulsio
1560 2033 1711 2062 contrariae
1735 2042 1742 2061 τ

970 2082 1039 2110 ideo
1056 2082 1246 2118 requiruntur
1265 2082 1405 2117 praedicta
1425 2081 1487 2109 duo
1499 2102 1507 2116 ,
1523 2081 1633 2108 scilicet
1647 2082 1744 2107 motus

970 2128 1055 2156 liberi
1079 2129 1191 2156 arbitrii
1218 2128 1379 2164 disponens
1399 2128 1438 2156 ad
1461 2128 1559 2163 gratiae
1583 2127 1744 2163 susceptio-

970 2183 1038 2203 nem
1051 2197 1058 2210 ,
1081 2178 1108 2203 et
1130 2175 1265 2203 contritio
1278 2196 1287 2209 ‚
1308 2175 1339 2202 id
1360 2177 1401 2202 est
1420 2182 1550 2202 recessus
1564 2182 1580 2202 a
1600 2176 1722 2210 peccato
1734 2195 1742 2208 ‚

970 2223 1131 2258 disponens
1146 2222 1185 2249 ad
1201 2222 1294 2257 culpce
1315 2221 1529 2256 expulsionem.
1551 2221 1648 2249 Gratia
1672 2229 1743 2248 vero

970 2270 1051 2305 prius
1073 2269 1246 2303 infunditur,
1268 2276 1358 2303 quam
1380 2268 1467 2304 culpa
1484 2268 1658 2301 remittatur,
1674 2268 1742 2303 quia

969 2324 1022 2351 per
1037 2315 1161 2351 gratiam
1175 2315 1263 2350 culpa
1277 2315 1442 2350 remittitur,
1459 2315 1533 2342 sicut
1547 2315 1578 2342 in
1592 2314 1742 2342 introduc-

970 2363 1048 2390 tione
1070 2362 1172 2390 sormoe
1194 2361 1276 2397 prior
1296 2361 1467 2389 naturaliter
1485 2363 1527 2389 est
1544 2360 1656 2395 forma,
1677 2368 1742 2396 quae

970 2409 1091 2445 expellit
1107 2417 1124 2436 a
1139 2410 1220 2444 parte
1236 2409 1365 2443 agentis,
1379 2417 1471 2444 quam
1485 2408 1552 2442 illa,
1568 2415 1634 2444 quae
1646 2406 1742 2442 expel-

970 2456 1059 2483 lenda
1074 2458 1130 2490 est,
1144 2456 1288 2483 removeri
1305 2455 1405 2491 possit.

1005 2502 1134 2536 Qualiter
1145 2505 1243 2530 autem
1251 2502 1421 2537 jnstifieatio
1432 2502 1494 2536 fiat,
1510 2501 1540 2528 in
1550 2500 1679 2535 instanti,
1694 2500 1742 2529 vel

970 2549 1148 2584 successive,
1177 2552 1248 2577 nota
1276 2549 1493 2578 distinctionem
1515 2557 1522 2575 ε
1545 2550 1640 2583 potest
1664 2547 1743 2575 enim

967 2596 1135 2631 iustificatio
1151 2596 1308 2632 dupliciter
1324 2596 1429 2632 accipi,
1443 2595 1517 2623 sicut
1532 2596 1560 2622 et
1574 2594 1742 2629 generatio:

970 2651 1031 2671 uno
1051 2643 1142 2670 modo
1154 2663 1163 2677 ,
1183 2645 1215 2671 ut
1230 2643 1308 2672 dieat
1322 2645 1437 2671 motum
1457 2642 1497 2669 ad
1515 2641 1657 2676 justitiam
1675 2649 1742 2668 cum

971 2690 1095 2718 termino
1108 2690 1252 2725 ejusdem,
1267 2691 1344 2718 etsie
1355 2690 1386 2717 fit
1397 2688 1571 2723 successive,
1580 2691 1612 2716 ut
1620 2687 1741 2724 quando
