2004 3037
243 252 303 282 294

242 317 289 346 lus
306 317 315 334 ¹
329 326 337 347 π
353 318 422 352 Quis
434 325 482 347 nos
495 321 635 356 separabit
656 329 673 349 a
691 321 826 351 charitate
851 324 922 352 Dei?
937 325 1024 361 quasi

244 363 346 393 dicat:
361 365 447 394 Nihil.
463 367 496 395 Et
508 365 570 395 haec
594 367 721 396 charitas
744 367 850 398 fortior
874 372 917 399 est
939 368 1029 400 omni

243 410 313 439 fune
329 419 337 440 t
352 419 416 440 non
434 413 478 441 est
500 413 580 442 enim
604 414 713 451 aliquis
731 415 808 444 alius
821 416 914 454 funis,
931 426 1023 455 quem

243 452 417 488 non'valeat
430 467 569 497 rumpere
584 460 661 497 ignis
672 483 681 497 ,
702 462 752 491 vel
767 462 886 499 gladius
904 473 912 492 ε
927 465 1024 494 chari-

243 507 286 534 tas
312 507 412 535 autem
437 514 595 544 nunquam
621 510 718 545 potest
741 510 841 547 rumpi
848 532 857 547 ‚
878 519 934 540 nec
953 512 1023 548 igne

242 552 459 590 tribulationis,
473 563 528 584 nec
541 555 644 592 gladio
658 557 773 586 mortis.
789 559 843 587 Iste
858 559 937 588 funis
953 560 1022 590 cha-

232 600 336 629 -ritatis
349 601 565 631 indissolubilis
581 604 771 640 componitur
786 613 822 634 ex
837 606 931 635 tribus
946 607 1023 637 funi-

243 647 334 683 culis,
348 647 480 677 scilicet²
494 649 527 678 de
538 650 616 678 corde
628 659 697 687 puro
706 673 716 687 ,
727 654 753 680 et
764 655 929 682 conscientia
943 655 1020 688 bona,

243 696 268 722 ct
281 694 336 730 fide
354 703 406 723 non
428 698 509 731 sicta,
531 698 564 724 ut
587 697 696 726 dicitur
719 699 755 726 ad
775 701 953 730 Timotheum.
973 702 1023 731 llic

242 743 285 770 est
307 742 388 771 enim
413 742 464 771 ille
482 743 493 761 ³
516 745 657 778 funiculus
682 747 806 782 triplex,
832 748 884 784 qui
908 748 1023 783 difficile

241 791 389 825 rumpitur,
401 791 434 818 ut
443 789 550 818 dicitur
562 791 592 818 in
605 792 774 821 Ecclesiaste.
790 793 922 823 Charitas
934 795 1023 824 etiam

242 839 431 873 eomparatur
452 837 518 866 cani
541 835 615 866 bene
639 838 728 867 docto
746 839 786 868 ad
806 841 997 870 venationem
1013 852 1020 870 :

241 883 316 912 sicut
335 883 416 912 enim
435 884 516 912 canis
535 892 662 922 sequens
686 886 834 922 proedam,
855 895 917 916 non
936 889 1023 917 sentit

240 930 373 967 spinam3
400 930 442 959 sic
470 931 522 967 qui
549 931 722 960 charitatem
747 933 858 968 habet,
884 936 911 962 et
937 936 1024 964 sentit

241 978 367 1006 odorem
382 979 531 1015 paradisi,
548 980 633 1016 quasi
648 988 710 1008 non
733 982 820 1010 sentit
839 983 974 1019 spinam,
990 984 1022 1012 id

241 1026 298 1060 est,
323 1025 548 1054 tribulationem
575 1027 665 1062 hujus
690 1029 806 1057 mundi.
836 1031 867 1058 ln
895 1039 1024 1067 persona

242 1072 306 1101 talis
317 1075 414 1110 potest
428 1073 486 1101 diei
502 1073 578 1101 illud
595 1075 797 1103 Proverbiorum
808 1076 818 1093 ⁴
833 1085 840 1104 ε
861 1078 1024 1106 Verberate-

240 1123 305 1148 runt
322 1129 378 1155 me,
392 1121 439 1149 sed
457 1129 509 1148 non
525 1122 619 1155 dolui;
636 1125 779 1150 trae-crunt
795 1132 852 1158 mc,
869 1127 894 1152 et
909 1133 955 1160 eqo
970 1134 1023 1153 non

240 1170 322 1196 sensi.
358 1169 553 1205 comparatur
592 1169 787 1198 nihilominus
825 1171 909 1200 lateri
945 1173 1021 1201 bene

241 1217 325 1243 cocto
342 1223 349 1242 τ
367 1215 442 1243 sicut
466 1216 545 1243 enim
567 1215 640 1244 later
660 1217 736 1245 bene
757 1220 877 1254 coctus,
893 1219 961 1247 facit
973 1228 1021 1248 so-

241 1260 337 1289 lidum
352 1261 596 1298 fundamentum,
608 1266 636 1291 et
649 1264 761 1292 simale
777 1265 812 1292 sit
830 1268 942 1301 coctus,
953 1267 1022 1295 facit

240 1308 396 1337 ruinosum
413 1318 419 1337 2
436 1310 477 1337 sic
491 1310 583 1338 homo
599 1311 675 1339 bene
691 1314 790 1339 coctus
805 1320 858 1349 per
873 1313 1022 1342 charitatis

241 1356 414 1385 incendium
436 1357 528 1386 habet
552 1359 699 1394 optimum
724 1363 752 1388 et
771 1360 937 1389 virtuosum
957 1362 1021 1391 lun-

243 1403 431 1439 damentum,
450 1404 486 1432 de
503 1414 565 1442 quo
581 1405 651 1434 dicit
666 1407 823 1443 Apostolus
838 1408 848 1424 ⁵
862 1417 868 1435 :
885 1409 917 1436 111
931 1409 1021 1437 clun-i-

243 1454 298 1480 tate
314 1453 436 1480 radicati
449 1456 474 1481 et
489 1454 613 1488 fundali.
636 1454 692 1482 Sed
714 1455 788 1483 later
809 1456 886 1484 male
903 1459 1002 1485 coctus
1014 1480 1022 1493 ‚

242 1499 271 1527 id
286 1501 345 1534 est,
359 1499 452 1527 homo
467 1499 588 1536 tepidus
603 1502 630 1528 ct
645 1500 792 1529 charitatis
807 1503 944 1536 modicaz,
965 1504 1021 1532 cito

243 1545 435 1582 dissolvitur,
465 1548 492 1574 ct
515 1548 695 1575 convertitur
719 1549 746 1575 iu
777 1549 872 1577 lutum
896 1551 1023 1578 carnalis

243 1593 487 1629 concupiscentiae
509 1603 514 1622 :
539 1594 611 1622 tales
632 1594 736 1623 lateres
759 1596 837 1624 male
861 1597 935 1625 cocti
957 1601 1023 1625 sunt

242 1641 347 1669 lateres
367 1642 494 1678 AEgypti‚
519 1642 570 1678 qui
599 1642 663 1669 sola
687 1642 774 1678 palca
799 1643 938 1672 dicuntur
960 1653 1022 1673 esse

243 1689 328 1724 cocti,
344 1692 375 1718 ut
390 1689 496 1725 legitur
510 1691 539 1718 in
558 1691 651 1718 Emoda
666 1690 685 1718 ⁰.

280 1738 351 1764 ltem
366 1737 492 1764 charitas
515 1737 579 1765 aliis
592 1738 684 1765 tribus
700 1741 901 1774 eomparatur,
915 1739 1025 1767 scilicet

244 1783 344 1812 arbori
369 1783 416 1811 vel
440 1784 537 1818 ligno,
563 1785 646 1812 oncri
670 1784 718 1811 vel
737 1785 825 1820 jugo,
847 1785 960 1820 glutino
977 1786 1025 1814 vel

245 1832 397 1858 caemento.
424 1831 554 1859 Charitas
584 1831 664 1859 enim
694 1834 737 1860 est
759 1832 832 1859 sicut
860 1832 950 1860 arbor
977 1833 1025 1860 vel

246 1877 360 1913 lignum
388 1877 600 1912 fructuosum,
623 1878 652 1905 in
678 1887 738 1914 quo
762 1878 893 1915 pendent
917 1880 1026 1907 fructus

245 1924 377 1960 pictatis,
404 1924 490 1952 nores
513 1925 698 1960 honestatis,
728 1925 799 1953 folia
826 1926 963 1954 veritatis.
995 1928 1026 1954 Et

247 1972 322 1999 sicut
336 1971 372 1999 de
388 1972 495 2000 arbore
511 1974 681 1999 resecantur
695 1972 872 2008 ramusculi,
890 1975 921 2000 ut
937 1974 1027 2001 arbor

247 2019 353 2046 melius
374 2021 486 2047 creseat
507 2021 533 2046 et
555 2019 709 2055 proticiat3
726 2019 765 2046 sic
783 2020 936 2047 resecandi
959 2022 1027 2047 sunt

249 2074 366 2094 amores
388 2066 563 2101 inordinati,
581 2069 611 2093 ut
635 2075 719 2095 amor
744 2067 790 2094 Dei
815 2068 917 2095 fortius
945 2068 1028 2096 iuva-

249 2113 347 2141 lescat.
366 2113 446 2141 Unde
470 2113 567 2141 bonus
592 2114 741 2149 agricola,
763 2114 809 2142 vel
832 2115 1028 2151 hortulanuS,

250 2162 356 2196 purgat
385 2160 536 2196 palmitem
564 2160 706 2188 ferentem
729 2161 893 2196 sructuin7,
910 2165 937 2189 u!
954 2164 1029 2195 sruc-

253 2210 307 2234 tum
323 2208 384 2242 plus
399 2208 512 2241 afferat,
529 2209 560 2235 ut
578 2207 704 2235 habetur
720 2209 749 2235 in
764 2209 875 2236 Joaunc.
899 2209 1030 2237 Charitas

252 2253 341 2281 etiam
356 2256 397 2281 est
413 2253 486 2281 sicut
502 2262 577 2281 onus
597 2254 676 2288 leve,
695 2257 721 2282 ot
740 2255 846 2290 jugum
866 2264 966 2283 suave.
985 2258 1031 2283 Est

253 2300 332 2328 enim
356 2308 431 2327 onus
454 2301 518 2328 leve
543 2303 570 2328 ct
593 2301 752 2336 allevians,
775 2302 847 2329 sicut
872 2302 901 2329 iu
925 2303 1030 2330 avilius

253 2347 315 2381 ala,
332 2349 359 2375 et
373 2347 445 2375 sicut
461 2348 490 2374 in
505 2347 588 2383 cquis
610 2348 767 2384 quadriga.
791 2350 863 2376 Nam
878 2349 951 2377 sicut
968 2351 1030 2377 avis

254 2402 321 2421 cum
349 2402 438 2421 onere
465 2394 579 2421 alarum
602 2394 683 2421 volat
707 2394 853 2429 velocius,
880 2399 906 2423 et
935 2405 1030 2432 equus

254 2449 323 2469 cum
346 2448 436 2469 onere
459 2440 610 2476 quadrigae
631 2443 727 2476 portat
752 2441 877 2477 duplum
895 2442 1029 2478 1'aci1ius5

254 2489 295 2516 sic
311 2497 386 2516 onus
400 2489 577 2524 poenitentim
591 2491 618 2516 ct
633 2489 831 2517 tribulationis
847 2490 962 2517 facilius
977 2494 1029 2520 est.

255 2538 282 2563 et
308 2544 361 2572 per
387 2535 511 2572 duplum
536 2538 692 2571 portatur,
724 2544 791 2563 cum
819 2536 974 2565 alleviatur
1001 2538 1030 2566 in

256 2591 345 2611 onere
361 2582 517 2611 charitatis
535 2584 599 2619 lpsa
621 2583 699 2610 enim
723 2586 763 2611 cst
784 2583 891 2619 jugum
914 2592 1004 2612 suave
1023 2594 1029 2612 z

289 2659 552 2687 ¹R0771..x'111,35.-—
566 2658 574 2674 ²
588 2658 594 2681 l
612 2658 683 2685 Tim.‚
702 2664 718 2687 i,
732 2659 755 2681 ὃ.
768 2671 797 2675 -
812 2659 819 2671 ³*
834 2658 925 2688 [ir-cla„
943 2661 1030 2689 1v‚1.'.

256 2709 287 2713 —
303 2696 311 2710 ⁸
327 2696 411 2721 ΙἸῸΓ.»
428 2700 502 2723 xxm,
519 2695 558 2717 ss'i.
576 2707 606 2711 —
623 2695 629 2708 ⁵
648 2694 745 2724 Eliltvr..
763 2700 800 2723 III:
821 2696 856 2718 ὶῖ.
875 2695 1031 2724 —-¹'¹lj'*1‹rsl‚‚

257 2737 280 2758 ν,
297 2732 319 2755 7.
336 2743 366 2748 —-
385 2731 391 2744 ⁷
405 2731 487 2760 lomi„
503 2735 545 2759 xv,
562 2730 584 2754 2.
596 2743 626 2747 ——
642 2730 652 2747 ⁸
666 2731 766 2760 lllatls'e„
782 2737 805 2754 xi
817 2749 823 2759 f
839 2732 877 2754 30.
893 2744 917 2747 -
934 2731 943 2747 '³
960 2732 1029 2756 Gen..

806 254 955 289 DIAETAE
976 256 1144 291 SALUTIS
1165 258 1242 293 TIT.
1266 260 1303 293 V.

1081 329 1110 356 et
1133 335 1222 356 causa
1244 329 1333 366 hujus
1351 331 1503 363 suavitatis
1522 334 1582 369 est,
1596 334 1812 372 quamnim
1824 338 1859 368 in

1082 381 1168 403 cruce
1182 375 1273 404 subiit
1290 377 1367 406 illud
1381 378 1504 416 jugum,
1519 382 1549 409 et
1561 381 1661 411 adhuc
1674 383 1731 413 sub
1742 391 1780 414 eo
1793 385 1859 416 vult

1080 429 1142 450 esse
1157 423 1325 453 nobiscum.
1349 425 1430 454 Unde
1453 426 1516 463 ipse
1537 429 1637 464 portat
1656 430 1743 466 quasi
1759 433 1858 462 totum

1080 470 1217 506 pondus,
1228 472 1277 500 vel
1293 473 1438 510 majorem
1448 477 1564 512 partem
1577 476 1731 513 ponderis
1747 480 1776 508 et
1787 478 1858 509 ideo

1080 523 1142 544 non
1156 519 1200 546 est
1212 518 1338 554 mirum,
1353 520 1377 548 si
1393 521 1502 557 jugum
1523 522 1674 552 eharitatis
1692 526 1736 554 est
1754 533 1859 557 suave.

1081 563 1203 600 Propter
1216 565 1301 602 quod
1315 565 1440 596 dicitur⁸
1456 577 1463 596 ι
1478 570 1578 604 Juqum
1591 572 1664 599 enim
1676 580 1764 601 mem
1776 580 1860 602 suave

1081 612 1135 645 est,
1150 615 1175 639 et
1188 619 1253 640 omis
1273 621 1358 642 meum
1377 615 1442 643 leve.
1459 616 1589 645 Charitas
1611 618 1804 648 nihilominus
1817 622 1862 649 est

1080 657 1155 686 sicut
1166 657 1328 695 glutinum,
1344 661 1392 690 vel
1412 665 1586 692 caementum
1599 673 1605 692 :
1621 673 1692 694 narn
1706 665 1781 695 sicut
1795 667 1862 703 glu-

1082 704 1143 733 tino
1155 705 1322 742 junguntur
1343 716 1471 745 asseres,
1485 710 1534 739 vel
1555 715 1697 742 caemento
1724 713 1858 750 lapides,

1080 751 1122 778 sic
1138 751 1279 782 charitate
1299 754 1442 784 uniuntur
1463 755 1577 786 fideles.
1600 760 1660 788 Hoc
1679 759 1794 796 glutino
1809 761 1858 790 vel

1081 797 1226 828 bitumine
1253 799 1337 829 linita
1359 800 1415 830 fuit
1437 803 1604 839 specialiter
1631 813 1701 835 arca
1723 808 1806 842 Noe,
1827 810 1860 836 ut

1080 844 1204 873 habetur
1219 845 1249 874 in
1263 847 1358 876 Genesi
1367 848 1378 865 ⁹
1391 857 1398 876 :
1415 849 1496 878 unde
1517 851 1542 878 si
1564 859 1634 880 arca
1646 852 1784 882 Ecclesiae
1796 861 1860 883 non

1081 891 1214 920 uniretur
1236 893 1342 922 virtute
1365 894 1454 932 hujus
1481 897 1619 932 glutinis,
1641 901 1718 928 esset
1735 899 1768 928 in
1780 900 1859 937 peri-

1081 938 1149 967 culo
1165 939 1387 976 submergendi.
1404 944 1463 971 lloc
1479 944 1558 972 enim
1568 945 1700 974 virtuoso
1715 950 1858 976 caemento

1080 986 1222 1014 uniuntur
1243 987 1359 1024 lapides
1377 989 1407 1017 in
1430 991 1576 1026 spirituali
1590 992 1734 1028 aedificio,
1748 996 1859 1023 etcum

1081 1033 1136 1061 isto
1161 1037 1302 1063 coemento
1327 1036 1360 1064 tit
1381 1045 1484 1065 murus
1505 1038 1639 1067 Ecclesiae
1662 1039 1858 1076 fortissimus,

1081 1080 1143 1108 sine
1159 1089 1218 1117 quo
1236 1085 1310 1110 esset
1325 1083 1452 1112 Ecclesia
1466 1085 1552 1120 quasi
1567 1093 1691 1114 acervus
1704 1086 1856 1124 lapidum,

1080 1127 1172 1155 ruinae
1195 1129 1383 1166 propinquus
1393 1152 1402 1166 ‚
1417 1131 1491 1159 sicut
1512 1131 1620 1160 dieitur
1634 1133 1655 1150 ¹⁰
1667 1142 1674 1161 :
1688 1135 1858 1163 Hierusalem

1080 1175 1109 1201 in
1125 1183 1248 1202 acci-eum
1264 1177 1388 1212 lapidum
1401 1179 1462 1206 erit.
1482 1179 1553 1206 Item
1568 1179 1694 1208 charitas
1709 1180 1858 1216 eleganter

1081 1223 1109 1249 ct
1124 1215 1243 1258 proprie
1259 1223 1353 1251 tribus
1364 1224 1428 1253 aliis
1443 1230 1645 1262 comparatur,
1659 1227 1771 1256 scilicet
1784 1229 1858 1258 sonti

1082 1269 1225 1305 naturali,
1243 1271 1315 1298 vesti
1337 1272 1478 1308 nuptiali,
1496 1273 1557 1309 igni
1579 1274 1709 1302 virtuali.
1729 1275 1859 1304 Charitas

1081 1316 1203 1352 quidem
1229 1319 1272 1345 est
1299 1318 1373 1346 sicut
1399 1319 1466 1347 sons
1494 1321 1636 1348 naturalis
1654 1331 1660 1349 :
1681 1321 1756 1350 sicut
1778 1323 1858 1351 enim

1081 1370 1160 1399 aqua
1174 1363 1262 1392 sontis
1277 1366 1419 1394 naturalis
1438 1367 1468 1394 in
1487 1367 1594 1403 hyeme
1618 1371 1661 1396 est
1684 1369 1802 1404 calida,
1817 1369 1858 1398 sic

1081 1410 1207 1438 charitas
1235 1411 1326 1440 servet
1348 1412 1380 1440 in
1402 1413 1604 1442 tribulatione.
1627 1416 1659 1443 Et
1683 1416 1758 1444 sicut
1779 1424 1859 1453 aqua

1079 1456 1168 1485 fontis
1191 1460 1233 1486 est
1256 1458 1378 1495 frigida,
1405 1460 1453 1488 vel
1474 1460 1605 1496 frigescit
1630 1462 1770 1498 interius,
1790 1471 1859 1492 cum

1081 1505 1163 1532 calor
1177 1504 1329 1534 invalescit
1351 1507 1477 1535 exterius
1485 1517 1494 1542 ;
1511 1509 1551 1536 sic
1573 1509 1662 1537 etiam
1683 1509 1804 1538 interius
1818 1513 1859 1538 te—

1081 1551 1173 1587 pescit
1187 1560 1272 1580 amor
1288 1553 1353 1588 Dei,
1370 1562 1437 1582 cum
1460 1555 1613 1583 invalescit
1633 1556 1759 1584 exterius
1774 1564 1859 1585 amor

1081 1599 1196 1626 mundi.
1214 1600 1250 1627 De
1266 1599 1320 1627 hac
1337 1609 1414 1636 aqua
1431 1601 1518 1629 sontis
1533 1602 1679 1630 mundani
1695 1603 1802 1631 dicitur
1812 1604 1831 1622 ¹¹
1848 1613 1855 1631 :

1084 1646 1175 1674 Omnis
1191 1649 1238 1682 qui
1253 1647 1349 1675 biberit
1364 1656 1397 1675 ea:
1405 1658 1476 1683 aqua
1490 1650 1548 1682 hac,
1563 1651 1638 1677 sitiet
1655 1651 1763 1685 iterum,
1775 1650 1856 1687 quia,

1082 1696 1113 1720 ut
1128 1693 1218 1728 vulgo
1235 1693 1351 1729 dieitur,
1367 1695 1431 1722 talis
1447 1703 1525 1731 aqua
1540 1696 1623 1723 inflat
1639 1699 1666 1724 et
1681 1705 1741 1724 non
1757 1697 1856 1732 satiat;

1082 1739 1133 1768 >ed
1158 1739 1195 1767 dc
1220 1748 1299 1776 aqua
1323 1741 1411 1768 sontis
1437 1741 1529 1769 divini
1555 1742 1660 1770 dieitur
1684 1743 1797 1772 ibidem
1814 1746 1856 1772 ¹²:

1083 1787 1162 1822 Aqua
1178 1795 1257 1821 quam
1272 1795 1318 1821 051⁰
1329 1788 1414 1821 dabo,
1424 1790 1470 1823 fiet
1484 1791 1513 1816 in
1528 1797 1556 1816 co
1571 1791 1633 1823 sous
1647 1798 1723 1825 aquoe
1737 1792 1860 1819 salientis

1083 1836 1111 1860 in
1127 1836 1211 1861 vitam
1225 1837 1361 1861 (eternam.
1378 1834 1508 1863 Charitas
1523 1836 1602 1863 enim
1615 1838 1658 1864 est
1678 1836 1753 1865 sicut
1772 1838 1860 1866 vestis

1085 1880 1238 1916 nuptialis,
1256 1880 1292 1908 de
1308 1888 1368 1916 qua
1382 1880 1508 1909 habetur
1525 1880 1553 1916 ¹³,
1569 1882 1653 1918 quod
1674 1882 1738 1917 ille,
1760 1884 1811 1920 qui
1826 1892 1862 1913 ea

1086 1928 1179 1955 caruit
1190 1948 1198 1962 ,
1216 1927 1269 1955 fuit
1284 1928 1393 1962 ejectus
1407 1927 1443 1956 de
1458 1928 1570 1964 nuptiis
1588 1938 1594 1956 ;
1608 1929 1649 1957 sic
1665 1930 1717 1966 qui
1731 1938 1793 1959 non
1808 1931 1862 1959 ha-

1086 1974 1135 2002 bet
1159 1974 1307 2002 charitatis
1327 1975 1476 2014 tunicam,
1498 1984 1558 2003 non
1582 1976 1663 2004 venit
1686 1977 1725 2004 ad
1748 1985 1863 2006 coenam

1085 2024 1234 2049 mternam.
1248 2023 1279 2049 lit
1298 2023 1383 2056 nota,
1400 2022 1483 2058 quod
1505 2022 1631 2051 charitas
1656 2023 1762 2052 dicitur
1777 2025 1864 2053 vestis

1086 2068 1242 2104 nuptialis,
1257 2068 1328 2104 quia
1345 2069 1412 2103 tegit
1427 2069 1640 2105 turpitudinem
1655 2072 1862 2106 peccatorum,

1088 2115 1157 2151 quia
1171 2115 1299 2152 protegit
1310 2123 1327 2142 a
1340 2115 1449 2151 frigore
1465 2117 1659 2144 tentationum
1670 2137 1678 2150 ,
1693 2117 1764 2153 quia
1779 2120 1866 2146 ornat

1088 2171 1209 2190 iuuncrc
1224 2163 1385 2196 donorum,
1396 2163 1480 2197 juxta
1495 2162 1570 2190 illud
1586 2162 1604 2179 ¹⁸
1621 2171 1628 2190 τ
1645 2164 1745 2191 Astitit
1759 2166 1865 2199 Regina

1088 2219 1103 2236 ιι
1125 2210 1229 2237 <leeris
1253 2211 1307 2236 lm's
1336 2211 1364 2236 ιἰι
1390 2211 1489 2236 vestitu
1510 2209 1654 2244 deaurato,
1671 2213 1725 2238 etc.
1742 2211 1816 2245 Quia
1834 2212 1865 2240 in

1089 2256 1200 2284 malitia
1223 2256 1317 2284 satiati
1341 2257 1424 2289 sunt,
1439 2256 1512 2283 vidit
1534 2256 1680 2292 hominem,
1697 2257 1727 2285 id
1742 2260 1799 2292 est,
1815 2260 1864 2286 to-

1088 2305 1151 2332 tum
1174 2305 1280 2331 cirtum
1306 2303 1469 2337 malorum,
1491 2312 1542 2330 noa
1566 2305 1691 2331 vestitum
1711 2308 1780 2332 veste
1795 2313 1864 2340 mip-

1090 2352 1167 2382 tiuli,
1183 2349 1213 2377 id
1230 2352 1288 2384 est,
1305 2349 1395 2377 fidem
1414 2357 1474 2377 non
1495 2349 1671 2385 habentem,
1688 2350 1748 2378 sive
1767 2351 1863 2380 chari-

1089 2399 1185 2425 tatem.

1125 2446 1156 2472 Et
1184 2445 1270 2478 nota,
1295 2444 1378 2480 quod
1407 2445 1492 2472 vesus
1521 2444 1667 2472 charitatis
1691 2453 1708 2472 a
1736 2447 1864 2481 quatuor
1908 2459 1984 2480 cmi.

1088 2491 1233 2527 praecipue
1259 2491 1503 2526 commendatur,
1528 2499 1545 2518 a
1573 2491 1682 2527 quibus
1711 2490 1983 2520 consuevitmisves*

1089 2537 1292 2566 commendari
1309 2538 1395 2565 vestis
1417 2538 1573 2574 nuptialis,
1588 2538 1698 2566 scilicet
1717 2538 1755 2566 ab
1775 2538 1865 2566 artifi-

1089 2585 1146 2620 eio,
1162 2593 1179 2612 a
1195 2585 1325 2619 materia,
1338 2593 1355 2613 a
1370 2585 1481 2620 colore,
1493 2593 1511 2612 a
1526 2585 1696 2620 fragrantia.
1710 2586 1864 2614 Commen-

1089 2667 1123 2691 w,
1146 2661 1180 2684 isa.
1195 2672 1224 2677 -
1246 2660 1263 2675 ¹⁰
1277 2660 1378 2688 jerem„
1399 2665 1473 2690 xxvi,
1494 2661 1531 2684 18.
1545 2673 1573 2677 -
1596 2660 1709 2688 ¹¹.loa:1.,
1728 2666 1761 2688 lv,
1782 2661 1818 2684 1³.
1832 2673 1862 2679 υ-

1091 2696 1106 2710 ‘²
1123 2694 1196 2726 thia,
1215 2696 1250 2719 ii.
1268 2708 1296 2713 —
1317 2695 1336 2712 ¹³
1355 2695 1454 2725 Mutila,
1475 2701 1543 2726 xxu,
1566 2696 1603 2720 13.
1623 2708 1654 2714 ·-
1671 2695 1688 2712 ¹⁴
1707 2695 1775 2721 Psal.
1792 2700 1861 2726 niv,

1091 2733 1126 2755 11¹.
