2004 3037
0 632 67 654 mima

1 665 60 685 ntem
66 675 75 680 ·

0 694 68 716 latim

0 725 72 747 laboro

0 763 13 778 n
23 757 80 779 rele-

0 790 61 810 ntur.

0 2227 67 2249 mima

0 2261 77 2281 antem-

1 2291 64 2318 stiva,
71 2297 84 2310 a

0 2323 77 2343 erreuis

0 2357 65 2378 levata
72 2372 78 2383 ,

0 2405 2 2408 ,
29 2390 83 2410 coelo

0 2425 76 2440 »mmo-

0 2453 48 2474 itur.

596 227 646 261 DE
667 226 810 260 TERTIO
832 226 1002 260 lTlNERE.
1026 227 1125 260 DIST.
1147 228 1199 261 Vl.

93 295 175 325 ritur.
201 295 281 325 Unde
305 296 503 332 Augustinus,
529 295 559 326 in
582 295 742 333 Epistolam
765 294 801 331 (α)
833 294 869 322 ad

92 343 236 378 Hebroeos,
262 342 354 372 dicit:
376 353 389 369 «
403 342 648 379 contemplativi,
674 349 736 370 non
760 341 867 376 activi,

93 396 193 418 amare
209 391 236 418 et
249 391 367 426 gustare
382 391 506 427 possunt
520 389 667 418 sincerum
681 388 813 424 bonum,
830 387 868 416 ad

93 436 177 472 quod
191 437 381 472 gustandum,
397 444 513 465 necesse
526 438 569 465 est
584 443 696 464 cessare
712 443 730 464 a
745 434 870 463 tumultu

93 483 198 512 mundi
215 493 221 512 :
238 485 359 521 propter
373 483 457 521 quod
477 483 608 512 esuriunt
623 484 650 511 et
664 482 763 511 sitiunt
777 481 869 510 modo

95 530 196 566 activi,
214 531 284 567 quia
307 539 369 559 nou
391 531 501 559 habent
519 531 621 566 gustus
645 538 765 559 sensum
788 536 870 558 exer-

95 577 225 606 citatum.

131 626 231 660 Sexto,
251 625 368 662 spiritus
382 625 531 653 humanus
553 624 711 653 ambulans
732 624 763 652 in
786 623 870 652 itine-

95 672 177 701 ribus
201 673 267 701 vitoe
288 671 540 708 contemplativae,
560 680 578 700 a
599 671 703 700 labore
723 671 779 699 viae
797 670 871 699 rele-

94 720 180 748 vatur
197 727 251 756 per
271 719 404 748 divinam
425 718 645 747 allocutionem.
661 718 742 746 Unde
757 718 788 746 in
801 719 872 746 Luca

95 767 201 796 dicitur
216 768 225 786 ¹
242 776 248 794 :
261 767 355 796 Nonne
370 775 414 795 cor
428 769 548 795 nostrum
563 766 660 795 ardens
674 768 771 794 eratin
785 767 868 799 nobis,

95 814 158 842 dum
181 815 333 849 loqueretur
352 815 427 842 nobis
452 816 482 842 in
505 816 578 842 via?
606 814 692 848 Quod
719 821 871 850 exponens

94 861 266 897 Gregorius,
293 861 363 889 dicit
383 861 424 889 sie
444 862 455 878 ²
480 870 487 889 ε
509 871 523 887 «
547 863 587 888 Ex
611 861 712 889 audito
735 868 871 889 sermone

95 908 252 936 inardescit
271 908 405 943 animus,
428 908 555 944 torporis
578 907 670 943 frigus
690 907 817 942 recedit,
840 908 873 936 fit

95 963 179 983 mens
194 955 225 982 in
248 963 376 991 superno
392 954 540 983 desiderio
556 955 664 988 anxia,
681 955 784 982 audire
800 954 872 982 libet

94 1004 240 1038 praecepta
256 1001 392 1036 coelestia,
409 1003 437 1030 et
452 1002 534 1038 quod
548 1001 695 1030 mandatis
710 1001 872 1036 instruitur,

95 1049 180 1085 quasi
198 1050 239 1077 tot
259 1048 375 1076 facibus
396 1048 606 1077 inflammatur.
627 1059 640 1076 »
664 1050 696 1076 Et
710 1049 790 1077 idem
804 1050 871 1076 Gre-

95 1095 212 1130 gorius,
226 1095 305 1124 libro
327 1095 457 1123 seeundo
477 1097 633 1130 Moralium,
657 1095 727 1123 dicit
744 1105 750 1123 :
770 1105 783 1122 «
799 1097 871 1123 Cum

94 1142 125 1171 in
138 1143 241 1172 itinere
256 1151 355 1171 eomes
365 1143 508 1179 jungitur,
524 1143 573 1171 via
588 1142 712 1179 quidem
726 1151 787 1171 non
802 1143 871 1171 sub-

95 1190 228 1224 trahitur,
246 1190 299 1218 sed
314 1191 351 1218 de
370 1190 509 1219 societate
527 1190 642 1218 comitis
660 1190 747 1218 labor
761 1190 872 1218 itineris

94 1237 219 1266 levatur.
230 1247 244 1264 »
257 1239 338 1272 Item,
349 1245 418 1265 cum
428 1237 531 1273 spiritu
540 1237 592 1265 illo
608 1237 639 1265 in
649 1237 752 1266 itinere
766 1237 871 1265 ambu-

94 1283 173 1312 lante
190 1284 372 1320 quandoque
388 1286 461 1312 Deus
481 1284 699 1320 confabulatur,
714 1286 849 1321 utsupra
863 1285 872 1301 ³

94 1332 212 1369 patuit,
240 1332 293 1360 ubi
321 1332 391 1360 dicit
414 1333 579 1361 Bernardus
599 1333 610 1350 ⁴
634 1343 668 1361 :«
680 1335 764 1368 Deus,
786 1333 871 1369 quasi

95 1380 190 1408 viator
212 1379 380 1416 quispiam,
395 1379 600 1408 itinerantibus
622 1388 684 1408 sesc
709 1380 871 1413 associans,

93 1426 315 1462 jucundissimis
337 1427 628 1455 confabulationibus
649 1427 708 1455 suis
732 1436 749 1455 a
767 1427 872 1455 labore

95 1474 150 1502 viee
165 1481 286 1502 omnem
299 1474 411 1502 relevat
425 1474 573 1502 comitem.
589 1485 602 1499 »
622 1475 716 1507 Quam
730 1474 818 1510 plura
830 1474 873 1501 ibi

96 1520 133 1548 de
152 1521 220 1549 hoc.
241 1522 328 1555 ltem,
350 1529 418 1548 cum
442 1520 544 1557 spiritu
565 1521 737 1549 ambulante
760 1521 791 1548 in
815 1521 873 1548 hoe

96 1567 198 1596 itinere
222 1568 478 1605 contemplationis
500 1569 574 1596 Deus
591 1568 681 1596 habet
702 1568 802 1596 dulcia
825 1576 872 1596 su—

95 1615 198 1643 surria.
222 1615 303 1642 Unde
327 1615 483 1650 Origenes,
507 1623 658 1651 exponens
680 1615 756 1642 illud
778 1615 873 1643 Canti-

97 1669 200 1689 corum
210 1662 219 1678 ⁵
234 1671 240 1689 :
256 1663 315 1690 Voo:
323 1662 425 1697 dilecti,
438 1663 504 1697 etc„
517 1661 588 1689 dicit
598 1662 638 1689 sic
653 1671 659 1690 z
676 1662 823 1695 «Quando
834 1661 872 1690 ad

96 1716 148 1736 eor
172 1709 295 1743 reduco,
323 1708 406 1744 quod
432 1717 500 1736 cum
526 1709 794 1745 contemplantibus
819 1717 873 1737 sua

95 1755 225 1783 susurria
244 1755 334 1783 habet
354 1757 447 1790 DeuS,
464 1755 574 1791 quibus
592 1757 673 1784 tanto
694 1756 798 1784 fortius
813 1756 872 1784 cla-

95 1803 166 1837 mat,
184 1804 294 1838 quanto
308 1802 455 1830 efficacius
469 1805 611 1838 susurrat,
625 1811 687 1831 non
701 1803 763 1831 sine
778 1803 873 1831 admi-

94 1849 207 1877 ratione
232 1849 471 1877 commendatam
492 1851 520 1877 te
547 1850 661 1885 habeo,
688 1851 771 1886 quod
795 1851 871 1878 hanc

96 1904 214 1930 vocem,
232 1897 259 1923 et
279 1895 396 1923 tenuisti
410 1898 518 1931 mente,
535 1899 562 1925 et
577 1898 787 1926 commendasti
809 1906 871 1932 ore,

96 1942 196 1970 dicens
214 1951 220 1969 :
246 1943 305 1970 Voae
326 1943 434 1977 dilecti,
458 1945 511 1971 etc.
540 1954 553 1971 »
579 1944 633 1972 Ubi
655 1944 725 1972 dicit
746 1945 870 1973 Glossa:

98 1999 112 2015 «
127 1989 247 2017 Gaudeo
259 1990 488 2018 consolatoriam
501 1998 608 2018 vocem
618 1991 680 2026 ejus
696 1991 829 2025 audiens,
846 1993 873 2019 et

97 2037 169 2065 dum
183 2037 246 2072 ejus
265 2036 371 2065 faeiem
388 2037 524 2065 nondum
538 2038 644 2072 video,
659 2040 756 2065 tamen
771 2038 871 2066 suble-

95 2086 164 2112 vato
188 2084 228 2111 ad
256 2084 364 2111 eoelum
392 2084 510 2119 animo,
539 2084 672 2121 aliquam
698 2085 873 2113 suavitatem

96 2131 201 2159 futurae
215 2130 405 2159 beatitudinis
420 2133 576 2167 praegusto.
592 2141 606 2158 »
622 2132 682 2159 Tali
697 2132 784 2167 igitur
799 2132 873 2160 allo—

97 2178 213 2206 cutione
227 2177 345 2213 spiritus
359 2186 376 2205 a
388 2178 492 2206 labore
507 2179 562 2206 viae
576 2178 617 2206 sic
632 2178 789 2207 relevatur.

133 2224 274 2260 Septimo,
289 2224 406 2260 spiritus
421 2225 568 2252 humanus
583 2225 740 2253 ambulans
751 2226 780 2253 in
792 2226 873 2254 itine-

96 2271 179 2299 ribus
191 2271 257 2299 vitae
268 2272 512 2308 contemplativae,
530 2272 606 2300 ultra
621 2273 721 2300 omnia
734 2272 874 2302 inferiora

97 2318 262 2346 mentaliter
276 2319 425 2353 elevatur,
442 2322 470 2347 et
486 2319 517 2346 in
531 2322 630 2347 sancta
649 2320 784 2348 Trinitate
799 2320 873 2348 inef-

98 2365 224 2393 fabiliter
236 2366 425 2401 jucundatur.
442 2366 522 2394 Unde
539 2368 620 2402 Hugo
637 2367 707 2395 dicit
721 2369 730 2384 ⁶
747 2377 753 2395 :
771 2378 785 2393 (ι
799 2369 873 2396 Con-

98 2412 249 2448 templatio
261 2414 409 2440 claustrum
422 2413 527 2440 animae
538 2413 653 2448 (licitur,
663 2414 694 2441 in
709 2414 792 2449 cujus
808 2414 874 2442 sinu

100 2458 172 2486 dum
184 2467 213 2486 se
228 2460 336 2495 recepit
347 2459 474 2495 animus,
487 2460 552 2487 sola
563 2460 691 2488 eoelestia
704 2461 873 2499 meditatur,

100 2512 118 2533 a
131 2506 252 2533 terrenis
267 2508 435 2542 separatur,
452 2515 470 2535 a
483 2507 571 2535 turba
585 2507 748 2536 carnalium
762 2508 873 2544 cogita-

132 2591 140 2607 ¹
157 2591 223 2621 Luc„
239 2597 310 2622 xmv,
325 2593 364 2616 33.
382 2606 412 2611 —
431 2593 441 2609 ²
459 2594 547 2625 Greg.,
564 2594 590 2617 z'n
606 2594 702 2625 Eumzy.
721 2594 792 2619 hom.
811 2601 873 2625 xxx,

100 2629 159 2658 post
176 2627 245 2652 med.
261 2640 292 2645 --
308 2628 318 2645 ³
333 2629 404 2660 Sup.,
427 2630 456 2653 de
471 2637 518 2653 sec.
535 2630 603 2660 z'lz'n.,
619 2630 676 2654 dist.
694 2636 733 2661 111,
749 2638 806 2662 pag.
821 2633 874 2655 410.

101 2676 131 2681 —-
146 2664 156 2679 ⁶
172 2664 256 2692 Rern„
273 2664 298 2687 z'n
315 2664 398 2694 Cant„
415 2672 491 2690 serm.
508 2671 578 2689 xxxi.
595 2679 625 2683 --
639 2666 649 2682 Β
664 2666 747 2698 Cant„
763 2673 790 2697 ιι,
807 2669 830 2691 8.
843 2681 874 2685 -

102 2699 111 2712 ⁶
127 2699 202 2729 king„
220 2698 249 2722 a'e
271 2698 368 2725 claust.
388 2700 481 2731 Anim„
503 2701 547 2725 lib.
566 2702 612 2732 ill,
628 2709 650 2727 c.
666 2708 688 2733 1,
703 2702 731 2727 iu
749 2703 831 2733 princ.
845 2717 876 2722 -

1641 235 1701 265 435

926 295 1041 323 tionum
1067 295 1155 331 longe
1177 296 1318 332 ponitur,
1343 297 1445 326 dulces
1473 299 1570 328 carnis
1595 299 1703 336 refugit

926 341 1066 376 affectus,
1088 350 1182 378 vagos
1205 351 1346 372 sensuum
1369 345 1502 381 astringit
1524 348 1644 383 motus,
1672 347 1703 376 iu

926 388 1051 417 Domino
1066 389 1240 426 delectatur,
1260 391 1396 427 angelica
1411 392 1568 422 dulcedine
1587 394 1701 430 fruitur,

925 435 996 471 legit
1014 436 1044 464 in
1059 436 1136 465 libro
1151 437 1231 474 vitre,
1244 446 1299 474 pro
1314 438 1430 468 silentio
1443 448 1547 476 pacem
1562 441 1657 476 tenet,
1673 441 1704 469 in

927 483 1018 511 choro
1047 484 1188 512 virtutum
1216 487 1313 514 servat
1342 486 1534 516 concordiam
1564 496 1702 524 morum,

926 530 1034 558 summi
1051 531 1138 559 Patris
1153 532 1315 568 potentiam
1330 533 1514 569 considerat,
1530 534 1705 571 sapientiam

927 577 991 605 Filii
1017 578 1192 614 investigat,
1221 579 1343 616 Spiritus
1371 580 1462 609 sancti
1491 581 1705 616 benignitatem

927 626 1016 653 amat.
1033 626 1106 652 tium
1115 625 1177 653 hoec
1189 625 1243 654 tria
1257 627 1483 663 contemplatur,
1501 627 1593 656 tribus
1607 628 1706 657 modis

928 671 1107 700 consolatur.
1129 683 1142 699 »
1168 674 1232 700 Haec
1251 673 1312 702 ille.
1332 675 1390 702 Hos
1412 677 1511 703 autem
1525 676 1582 703 tres
1597 675 1705 704 modos

928 718 1102 747 consolandi
1116 721 1212 755 potest
1229 720 1356 756 experiri
1373 729 1428 757 pro
1443 729 1530 756 vero,
1545 722 1597 758 qui
1612 722 1642 750 in
1657 721 1705 749 iti-

927 774 997 794 ncre
1021 767 1278 803 contemplationis
1304 767 1478 804 ambulans,
1503 769 1652 805 experitur
1675 769 1707 797 in

927 813 1073 842 memoria
1100 816 1215 842 Patrem
1242 814 1471 851 admonentem,
1492 818 1519 844 et
1541 816 1706 844 trahentem

928 862 968 890 ad
982 862 1110 890 Verbum
1125 871 1212 891 suum
1226 864 1324 891 Jesum
1339 864 1485 892 Christum
1499 865 1684 894 audiendum
1696 875 1704 901 ;

929 909 1014 945 quia,
1035 910 1109 938 sicut
1123 910 1230 938 dicitur
1250 911 1282 949 in
1301 913 1414 940 Joanne
1428 913 1438 930 ⁷
1455 921 1461 940 :
1484 914 1567 943 Nemo
1581 915 1656 942 venit
1670 913 1707 941 ad

928 964 987 989 me,
1002 958 1058 984 nist
1079 959 1159 985 Pater
1174 966 1246 986 meus
1265 961 1383 987 traaeert'c
1404 968 1463 989 eum
1485 968 1540 997 per
1559 961 1707 990 internam

928 1003 1161 1040 inspiratIOncm.
1185 1006 1256 1034 ltem
1281 1006 1462 1043 consolatur,
1485 1007 1538 1044 qui
1558 1008 1708 1045 experitur

928 1050 960 1078 in
980 1050 1171 1086 intelligentia
1191 1051 1297 1081 Filium
1318 1054 1409 1081 Patris
1428 1054 1647 1083 illuminantem
1667 1055 1708 1084 ad

929 1099 1043 1126 Patrem
1056 1107 1143 1127 suum
1156 1100 1409 1136 cognoscendum,
1420 1102 1501 1137 quia,
1514 1102 1587 1130 sicut
1602 1102 1708 1130 dicitur

892 1177 896 1179 Δ
930 1145 959 1172 in
973 1145 1105 1173 Matthaeo
1120 1145 1130 1161 ⁸
1146 1155 1152 1174 :
1166 1147 1249 1175 Nemo
1270 1149 1345 1175 novit
1365 1149 1475 1176 Patrem
1490 1150 1546 1176 nisi
1563 1150 1666 1184 Filius,
1682 1151 1708 1177 et

929 1194 974 1219 cui
988 1194 1103 1220 voluerit
1115 1194 1202 1221 Filius
1222 1195 1350 1222 revelare.
1366 1196 1437 1223 Item
1453 1195 1639 1231 consolatur,
1656 1196 1707 1232 qui

929 1239 1079 1275 experitur
1096 1240 1128 1267 in
1145 1240 1297 1268 voluntate
1317 1240 1456 1277 Spiritum
1481 1245 1616 1271 sanetum
1644 1243 1708 1271 alli-

929 1286 1054 1314 cientem
1071 1287 1105 1322 (b)
1122 1287 1161 1314 ad
1177 1289 1290 1315 Patrem
1306 1289 1333 1316 et
1352 1288 1457 1316 Filium
1475 1290 1708 1326 amplexandum

929 1336 957 1361 et
969 1334 1140 1362 tenendum.
1156 1335 1250 1368 Quare
1263 1335 1294 1362 in
1308 1343 1420 1371 amore,
1434 1336 1486 1372 qui
1500 1337 1709 1374 appropriatur

929 1381 1046 1417 Spiritui
1056 1383 1167 1416 sancto,
1179 1383 1262 1410 Pater
1272 1384 1300 1410 et
1312 1383 1401 1411 Filius
1414 1385 1550 1412 tenentur
1558 1386 1586 1412 et
1596 1385 1706 1421 ample-

929 1430 1052 1463 xantur;
1078 1429 1162 1465 quod
1190 1429 1318 1457 ostendit
1344 1431 1522 1466 Augustinus
1536 1431 1556 1460 ⁹.
1586 1432 1708 1468 Spiritus

930 1475 1088 1502 ambulans
1115 1475 1146 1503 in
1167 1475 1322 1504 itineribus
1345 1477 1412 1505 vitaz
1431 1478 1549 1512 activae,
1570 1487 1647 1515 saepe
1669 1479 1707 1507 ab

929 1521 1101 1556 hujusmodi
1117 1522 1370 1551 consolationibus
1391 1524 1552 1560 impeditur
1563 1546 1571 1560 ,
1587 1528 1614 1553 et
1629 1533 1708 1555 ama-

929 1568 1108 1596 ritudinibus
1122 1569 1261 1605 repletur.
1278 1570 1359 1598 Unde
1374 1571 1529 1607 Origenes,
1544 1580 1625 1608 super
1642 1573 1708 1601 Can·

930 1617 994 1650 tica,
1012 1615 1081 1643 dicit
1097 1624 1103 1643 :
1122 1626 1134 1642 α
1148 1617 1202 1650 Qui
1218 1617 1340 1645 terrenis
1354 1617 1485 1653 inhaeret,
1499 1619 1631 1647 invenire
1646 1628 1708 1648 non

929 1665 1037 1698 potest,
1053 1663 1109 1690 nisi
1125 1664 1208 1699 quod
1224 1664 1254 1691 in
1269 1665 1389 1692 terrenis
1408 1665 1491 1698 latet,
1507 1666 1615 1695 scilieet
1629 1675 1708 1695 ama-

928 1709 1089 1738 ritudinem
1104 1712 1132 1738 et
1144 1710 1401 1746 dissipationem.»
1416 1713 1487 1740 Sunt
1496 1715 1523 1741 et
1533 1713 1597 1742 aliae
1609 1713 1708 1742 multae

929 1757 1066 1785 utilitates
1082 1757 1350 1793 contemplationis.

1153 1854 1393 1888 DISTINCTIO
1422 1856 1480 1890 VI.

931 1926 1055 1958 Qualiter
1068 1935 1116 1962 per
1130 1928 1183 1953 iter
1200 1929 1435 1962 contemplationis
1451 1930 1569 1964 spiritus
1582 1933 1707 1959 oeternum

1084 1973 1233 1999 manerium
1248 1973 1349 2000 Christi
1364 1974 1547 2007 irzyreslt'atur.

964 2041 1050 2067 Sexto
1072 2040 1236 2068 videndum
1256 2043 1298 2068 est
1316 2043 1471 2077 quomodo
1492 2051 1546 2079 per
1566 2043 1620 2072 iter
1635 2052 1705 2072 con-

929 2086 1126 2122 templationis
1145 2087 1262 2123 spiritus
1281 2090 1380 2116 noster
1398 2089 1437 2116 ad
1458 2089 1649 2118 intrinsecum
1663 2100 1706 2119 se-

929 2136 1040 2161 cretum
1059 2134 1173 2162 Domini
1188 2136 1254 2161 Jesu
1268 2135 1465 2171 ingrediatur,
1486 2139 1513 2164 et
1527 2137 1565 2165 ab
1581 2138 1706 2166 exterio-

928 2180 1010 2208 ribus
1039 2180 1249 2208 abscondatur.
1280 2183 1311 2209 Et
1339 2183 1473 2218 quamvis
1499 2192 1534 2212 ex
1557 2185 1706 2220 praedictis

929 2227 1071 2261 gradibus
1095 2227 1351 2263 contemplationis
1372 2230 1441 2257 satis
1466 2232 1566 2266 patere
1588 2234 1705 2268 posset,

930 2274 1054 2309 qualiter
1069 2274 1187 2310 spiritus
1201 2274 1349 2303 humanus
1364 2278 1594 2313 contemplando
1609 2279 1707 2315 ingre-

929 2320 1026 2348 diatur
1040 2321 1070 2348 in
1089 2324 1230 2349 aeternum
1246 2323 1412 2350 manerium
1426 2325 1505 2359 Jesu,
1523 2334 1590 2353 cum
1610 2328 1705 2362 HugO,

928 2375 1008 2403 super
1021 2369 1140 2402 primum
1155 2369 1292 2403 Anyelz‘cae
1308 2371 1488 2406 Hiemrchz'ae,
1510 2372 1605 2408 dieat,
1623 2374 1706 2409 quod

930 2417 1041 2450 quanto
1061 2415 1157 2450 magis
1179 2416 1282 2443 crescit
1303 2425 1320 2444 a
1335 2417 1432 2452 seipso
1457 2419 1589 2447 ascensio
1601 2442 1610 2454 ,
1625 2422 1706 2450 tanto

930 2462 1024 2496 magis
1044 2462 1146 2489 crescit
1165 2463 1312 2498 cognitio,
1333 2464 1429 2492 donee
1452 2466 1554 2494 oculus
1576 2467 1708 2495 intellec-

931 2508 1017 2536 tualis
1040 2509 1134 2543 magis
1157 2517 1192 2536 ac
1220 2509 1315 2544 magis
1337 2510 1522 2540 illuminetur
1543 2515 1571 2540 et
1592 2514 1708 2543 confor-

930 2556 1020 2590 tetur,
1036 2557 1064 2583 et
1082 2555 1204 2584 affectus
1225 2557 1361 2585 mentalis
1382 2559 1477 2594 magis
1495 2560 1667 2595 purificetur
1681 2562 1708 2589 et

931 2623 940 2639 ⁷
961 2624 1044 2653 Joan„
1068 2629 1103 2654 vr,
1121 2624 1159 2647 44.
1182 2636 1213 2641 --
1235 2624 1242 2638 Β
1260 2625 1362 2654 ΙΙΙααΙι.,
1379 2631 1422 2656 xx,
1443 2627 1482 2650 27.
1505 2641 1534 2646 --
1555 2628 1563 2641 ²¹
1585 2629 1659 2659 Aug„
1678 2628 1707 2652 de

933 2660 1033 2688 Trinz't„
1048 2659 1091 2683 lib.
1106 2660 1149 2690 Vi,
1165 2667 1188 2684 c.
1207 2666 1231 2689 V,
1246 2667 1272 2684 11.
1288 2662 1311 2684 7.

964 2703 996 2732 (a)
1013 2702 1074 2726 Caet.
1085 2701 1146 2726 edit.
1162 2702 1315 2733 Epistola.—-
1331 2703 1361 2734 (h)
1379 2705 1440 2729 Item
1452 2705 1614 2733 afficientem.

1721 2058 1817 2085 Spiritus

1721 2091 1820 2110 contem-

1721 2122 1815 2148 plativus

1739 2153 1806 2174 <lebet

1744 2191 1763 2210 Ji.
1773 2192 1804 2205 *kls

1735 2216 1818 2236 mundo

1721 2247 1784 2273 mori,
1804 2249 1829 2268 ut

1721 2279 1792 2299 Deum
1803 2278 1825 2298 iu

1721 2310 1819 2330 oratione

1740 2341 1815 2361 videre

1721 2373 1797 2398 possit.
