2004 3037
839 228 969 262 CAPUT
990 229 1097 262 LXIII.

189 301 254 330 Duo
278 299 334 329 filii
355 298 555 329 Sennacherib
583 298 756 328 occiderunt
776 305 863 333 eum;
883 297 938 326 sed

154 349 253 376 tamen
261 349 364 377 neuter
375 353 482 376 eorum
494 346 630 383 regnavit
641 347 709 383 post
720 353 800 375 eum.
811 345 847 374 IV
857 346 935 380 Rea„

152 402 214 423 mx.

189 441 296 470 Tobias
317 442 417 471 senior
440 441 589 470 instruens
613 440 710 469 filium
733 440 808 469 inter
832 442 937 469 caetera

153 488 245 517 dixit:
267 499 281 515 «
301 489 375 517 Cum
398 488 544 525 acceperit
563 489 638 516 Deus
664 487 797 516 animam
817 495 935 523 meam,

153 545 261 573 corpus
276 537 379 574 sepeli,
396 538 425 565 et
436 537 593 572 {honorem
605 535 733 564 habebis
743 534 831 564 matri
840 536 907 564 tuae.
918 545 932 562 »

153 585 228 616 Tob„
244 592 284 620 iv,
299 586 326 613 3.

187 631 312 666 Ejieiens
341 630 484 659 Dominus
510 630 548 658 de
569 630 682 666 templo
713 637 782 658 cum
810 629 935 666 flagellis

150 678 313 706 vendentes
327 679 356 706 et
375 680 506 706 ementes
521 685 593 706 oves
613 679 642 706 et
655 678 766 713 boves,
783 679 810 705 et
823 685 934 706 numu-

150 724 251 760 larios,
268 724 358 753 dixit:
370 734 383 751 «
397 725 492 753 Nolite
503 724 602 753 facere
619 725 747 752 domum
762 724 853 752 Patris
863 724 934 759 mei,

150 771 276 800 domum
291 772 516 808 negotiationis,
531 782 543 797 ι)
561 773 652 807 Joan.‚
666 780 702 807 11,
719 773 764 805 16,
779 772 810 799 in
829 772 887 800 hoc
907 773 935 800 et

149 818 223 847 alias
237 819 409 847 multotiens
423 819 572 847 honorem
585 819 676 855 patris
691 827 838 855 quaerens.

185 867 224 894 De
238 874 333 902 puero
347 867 414 895 Jesu
427 866 550 894 dicitur:
561 875 575 892 «
585 866 740 894 Descendit
752 874 821 894 eum
835 865 905 900 illis,
916 875 930 892 n

149 913 259 941 scilicet
273 921 342 941 cum
361 913 452 941 Maria
473 915 501 941 et
521 913 641 950 Joseph‚
661 922 673 939 ‹<
689 915 717 941 et
734 914 816 942 venit
834 913 865 941 in
879 915 934 941 Na-

148 960 263 995 zareth,
283 962 311 988 et
326 962 388 988 erat
403 960 539 988 subditus
554 960 623 988 illis.
640 971 653 986 η
668 961 745 993 Luc„
761 969 793 995 11,
808 962 852 988 51.
869 962 933 997 lpse

149 1008 239 1035 etiam
253 1007 338 1039 dixit,
352 1009 443 1042 Joan„
458 1015 520 1042 vm,
536 1008 569 1035 49
587 1017 593 1035 :
608 1017 621 1035 «
633 1007 801 1036 Honorifico
817 1009 933 1036 Patrem

148 1062 259 1082 meum.
285 1064 300 1081 ))
321 1054 403 1083 Idem
431 1055 589 1090 Dominus,
611 1055 748 1090 pendens
771 1055 803 1082 111
828 1063 932 1090 cruce,

147 1103 273 1129 matrem
291 1109 377 1130 suam
398 1101 506 1130 dilecto
529 1101 677 1138 discipulo
698 1102 931 1138 commendavit,

146 1150 238 1185 Joan„
252 1157 312 1184 ΠΧ,
328 1151 372 1177 27.
390 1151 421 1178 In
436 1157 496 1186 quo
513 1149 667 1186 apparuit,
684 1158 777 1186 quam
791 1149 933 1178 sollicitu-

147 1196 250 1225 dinem
263 1197 385 1232 gerebat
399 1197 436 1225 de
451 1197 526 1233 ipsa,
541 1196 593 1233 qui
607 1196 639 1225 in
652 1196 704 1225 tali
717 1196 842 1226 articulo
858 1197 932 1225 exis-

146 1245 221 1279 tens,
237 1244 275 1272 de
290 1252 326 1273 ea
339 1244 437 1273 taliter
451 1244 611 1280 cogitabat.

392 1341 531 1375 CAPUT
558 1341 677 1374 LXIII.

242 1414 280 1441 De
298 1415 399 1449 maliis
418 1413 529 1448 ayendz's
548 1421 598 1449 pro
621 1414 754 1449 beneficiis
772 1414 832 1440 Dei.

181 1481 310 1511 Sollicite
340 1483 449 1519 gratias
470 1483 578 1519 agebat
602 1485 661 1512 Deo
687 1483 778 1512 Jacob
806 1482 927 1518 dicens,

148 1529 225 1565 Gen„
237 1538 335 1565 xxxn,
350 1532 403 1559 10:
424 1540 437 1557 11
453 1531 592 1566 Domine,
612 1531 712 1559 minor
731 1539 797 1558 sum
817 1530 929 1558 cunctis

145 1577 388 1605 miserationibus
403 1578 475 1613 tuis,
490 1589 504 1604 »
522 1581 577 1606 etc.

182 1623 281 1652 Voluit
300 1624 457 1660 Dominus,
476 1627 508 1653 ut
530 1625 667 1653 liberatio
688 1625 821 1653 filiorum
841 1625 929 1653 lsrael

146 1671 183 1699 de
197 1673 322 1708 AEgypto
346 1680 503 1708 nunquam
523 1672 672 1700 excideret
691 1672 728 1700 de
749 1680 854 1700 eorum
868 1680 930 1700 me-

144 1719 257 1753 moria,
277 1720 378 1754 Exod„
394 1726 460 1754 xm,
481 1721 498 1747 9
516 1729 522 1747 :
545 1729 560 1746 «
579 1720 638 1747 Erit
654 1719 740 1756 quasi
758 1719 877 1755 signum
897 1719 928 1747 in

145 1773 238 1793 manu
257 1767 321 1800 tua,
341 1768 369 1794 et
391 1767 475 1802 quasi
492 1767 711 1794 monimentum
733 1769 800 1795 ante
824 1765 927 1794 oculos

145 1814 224 1848 tuos,
240 1815 273 1840 ut
287 1812 334 1840 lex
352 1813 468 1841 Domini
484 1814 520 1842 sit
535 1822 651 1850 semper
666 1813 697 1841 in
716 1822 767 1842 ore
786 1815 848 1842 tuo.
864 1824 877 1839 n

182 1861 324 1888 Fecerunt
346 1862 460 1896 Moyses
484 1864 511 1889 et
536 1861 590 1888 filii
616 1861 704 1890 lsrael
728 1869 849 1889 carmen
873 1862 927 1889 Do-

146 1907 245 1942 mino,
261 1909 289 1934 et
308 1907 447 1935 dixerunt
462 1917 469 1935 2
488 1918 502 1934 «
517 1909 636 1936 Cantate
656 1908 798 1942 Domino,
817 1919 829 1934 »
846 1910 927 1944 post-

146 1962 239 1990 quam
254 1954 364 1982 scilicet
382 1957 442 1982 tam
464 1955 638 1983 mirabiliter
652 1955 831 1983 transierunt
845 1963 927 1983 mare

146 2001 296 2036 Rubrum,
312 2003 414 2037 Eoeod„
430 2011 477 2037 xv,
492 2004 517 2030 1.

181 2049 305 2077 obtenta
327 2050 365 2077 de
388 2049 514 2077 inimicis
533 2049 663 2078 mirabili
681 2050 822 2085 victoria,
837 2058 928 2078 vene-

145 2099 214 2124 runt
233 2097 272 2124 ad
291 2098 412 2132 Moysen
430 2097 580 2133 principes
602 2097 746 2125 exercitus
765 2097 870 2132 lsrael,
886 2097 929 2125 di-

146 2145 262 2178 centes,
286 2143 371 2180 quod
393 2144 494 2172 nullus
516 2144 612 2172 fuerat
635 2144 672 2172 de
697 2144 767 2172 fillis
790 2144 878 2173 lsrael
897 2144 928 2172 in

145 2190 228 2218 bello
243 2191 369 2225 occisus,
380 2193 408 2218 et
423 2194 522 2219 tamen
536 2191 695 2219 hominum
710 2193 737 2219 et
752 2191 928 2219 animalium

145 2240 310 2273 rapuerunt
329 2246 470 2273 magnam
493 2239 637 2275 praedam.
673 2240 768 2271 Num„
794 2247 873 2267 xxxi.
897 2240 929 2266 Et

146 2284 186 2312 ob
200 2284 277 2313 hanc
292 2293 414 2314 causam
428 2285 555 2314 donaria
569 2294 679 2321 magna
699 2286 825 2314 Domino
841 2285 928 2314 obtu-

145 2331 253 2360 lerunt.

181 2379 320 2416 Praecepit
334 2379 486 2416 Dominu5,
496 2382 529 2408 ut
542 2382 610 2416 post
620 2381 776 2409 transitum
788 2379 928 2408 ,Iordanis

146 2425 375 2463 miraculosum,
390 2429 574 2464 ponerentur
588 2427 753 2456 duodecim
774 2427 846 2455 duri
854 2426 929 2463 lapi-

147 2472 199 2501 des
213 2473 244 2501 in
257 2477 436 2510 perpetuum
450 2475 680 2503 monimentum.
696 2476 765 2510 Jos.,
781 2483 820 2510 1v,
838 2476 864 2502 7.

182 2521 249 2548 Post
263 2521 417 2550 victoriam
436 2522 473 2550 de
493 2522 589 2550 Sisara
606 2522 756 2557 habItam,
771 2521 886 2550 Barach
903 2523 930 2549 et

147 2566 286 2594 Debbora
302 2569 426 2597 Domino
443 2569 628 2604 cecinerunt,
644 2570 748 2604 Judtc„
763 2578 791 2597 v.

182 2614 321 2648 Quamvis
334 2615 388 2643 filii
402 2616 491 2645 lsrael
505 2616 536 2644 in
549 2616 658 2652 praeliis
665 2637 674 2652 ,
688 2616 741 2645 ubi
756 2616 927 2651 vincebant,

181 2714 215 2746 (ιι)
238 2714 309 2746 Vulq.
323 2716 432 2741 Ctemus.

278 2771 354 2794 ΤΟΜ.
378 2771 447 2794 VIII.

1717 234 1773 264 561

994 297 1108 326 fortiter
1126 298 1317 334 dimicarent3
1338 301 1438 328 tamen
1458 299 1614 328 dicebatur
1635 299 1777 328 Dominus

994 346 1147 381 percutere
1166 345 1314 382 inimicos,
1336 347 1368 374 ut
1389 346 1456 376 laus
1477 347 1536 375 Deo
1557 346 1777 382 attribueretur,

993 392 1095 428 Judz‘c„
1112 401 1161 429 xx,
1177 395 1220 421 35.

1030 440 1159 468 Audiens
1183 440 1276 469 David
1301 441 1533 476 revelationem,
1556 449 1649 478 quam
1668 440 1777 470 fecerat

993 488 1069 515 Deus
1083 487 1197 516 Nathan
1211 488 1364 525 prophelae
1386 488 1423 517 de
1441 488 1526 524 regni
1546 488 1591 516 sui
1607 488 1775 524 duratione,

993 534 1101 570 gratias
1118 535 1177 570 egit
1191 535 1278 563 valde
1288 535 1439 564 humiIIter
1454 538 1482 565 et
1497 536 1614 564 devote.
1625 537 1648 565 ll
1659 538 1738 572 Req„
1748 539 1774 565 7.

1030 582 1130 610 Oravit
1149 588 1177 610 et
1198 582 1332 612 laudavit
1352 583 1513 612 Dominum
1531 585 1616 612 Anna
1635 591 1691 619 pro
1713 582 1776 612 filio

993 629 1051 658 sibi
1067 629 1149 665 dato,
1165 632 1175 659 I
1190 632 1268 665 Req„
1284 633 1311 659 2.

1027 677 1150 706 Multum
1164 677 1336 706 laudandus
1354 679 1398 706 est
1415 678 1500 713 Deus,
1517 677 1641 714 quando
1656 677 1708 706 dat
1722 685 1776 714 po-

990 724 1064 761 pulo
1080 725 1196 753 bonum
1210 725 1387 761 principem,
1402 725 1451 753 vel
1466 725 1632 762 praelatum.
1649 726 1683 754 llI
1697 727 1776 760 Rea„

991 779 1019 806 v,
1036 775 1052 800 7
1069 781 1075 800 :
1091 783 1104 797 «
1119 772 1291 800 Benedictus
1308 774 1394 807 Deus,
1405 772 1457 809 qui
1473 772 1556 800 dedit
1570 772 1666 801 David
1679 772 1776 801 filium

991 819 1244 856 sapientissimum
1259 828 1348 856 super
1362 820 1442 848 hunc
1457 819 1616 856 populum.
1634 830 1646 846 n

1027 868 1120 903 Cyrus
1139 875 1192 895 rex
1213 869 1370 895 Persarum
1390 866 1459 895 fecit
1479 867 1623 895 clamari:
1641 876 1656 893 «
1672 867 1777 896 Omnia

990 921 1085 949 regna
1099 915 1183 942 terrae
1199 914 1282 942 dedit
1297 914 1370 942 mihi
1385 915 1461 942 Deus
1476 914 1552 950 eoeli,
1568 925 1583 941 )>
1600 916 1653 942 etc.
1677 923 1691 941 «
1707 914 1776 948 Quis

991 963 1034 989 est
1047 961 1078 989 in
1092 961 1181 989 vobis
1196 961 1234 989 de
1256 962 1396 990 universo
1413 962 1528 998 populo
1545 962 1630 997 eJ'us‘?
1647 961 1683 990 sit
1700 963 1775 990 Deus

990 1016 1059 1037 cum
1073 1009 1157 1045 ipso,
1172 1011 1201 1037 et
1215 1009 1356 1038 ascendat
1376 1009 1568 1038 Hierusalem.
1586 1019 1599 1034 n
1618 1009 1734 1043 lEsdr„
1749 1017 1774 1045 1,

989 1057 1045 1084 2-3.

1026 1104 1100 1131 Cum
1114 1103 1221 1132 Tobias
1236 1105 1439 1140 recuperasset
1452 1103 1562 1139 visum,
1578 1103 1641 1139 ipse
1658 1105 1685 1132 et
1698 1111 1775 1132 uxor

989 1150 1067 1186 ejus,
1087 1153 1115 1179 et
1130 1160 1233 1179 omnes
1249 1152 1301 1188 qui
1316 1151 1449 1180 sciebant
1465 1160 1551 1187 eum,
1567 1151 1775 1187 glorificabant

988 1197 1091 1225 Deum.
1110 1199 1184 1233 Tea,
1200 1207 1239 1234 xi,
1256 1201 1300 1227 16.

1024 1245 1125 1273 Omnis
1147 1246 1289 1282 populus,
1310 1248 1378 1282 post
1400 1246 1556 1274 victoriam
1580 1247 1617 1275 de
1643 1247 1773 1276 exercitu

987 1292 1186 1328 Holophernis
1200 1293 1346 1328 habitam,
1362 1293 1444 1321 venit
1458 1293 1489 1321 in
1502 1294 1685 1323 Hierusalem
1700 1294 1773 1323 ado-

986 1347 1052 1367 rare
1067 1339 1241 1375 Dominum,
1257 1342 1311 1368 etc,
1327 1341 1447 1373 Judz'th„
1463 1349 1522 1375 xvr,
1536 1342 1583 1370 22.

1022 1387 1163 1415 Revelata
1178 1388 1290 1416 Danieli
1303 1388 1417 1416 visione
1433 1388 1710 1417 Nabuchodonosor
1726 1397 1771 1418 re-

987 1435 1032 1470 gis
1046 1435 1223 1471 Babylonis,
1241 1435 1395 1463 benedixit
1410 1437 1468 1464 Deo
1485 1436 1562 1470 coeli,
1582 1438 1610 1464 et
1625 1436 1665 1464 ait
1679 1445 1685 1464 :
1705 1437 1772 1465 «Sit

985 1490 1097 1510 nomen
1121 1482 1237 1510 Domini
1260 1482 1469 1516 benedictum,
1489 1483 1562 1519 quia
1584 1483 1729 1520 sapientia
1744 1486 1771 1512 et

985 1529 1128 1558 fortitudo
1143 1530 1206 1565 ejus
1221 1531 1297 1557 sunt.
1310 1540 1323 1555 ›>
1345 1532 1426 1565 Dan„
1441 1538 1472 1565 11,
1488 1532 1533 1558 20.

1021 1578 1130 1605 Devote
1145 1579 1173 1605 et
1186 1577 1310 1613 pulchre
1325 1577 1515 1606 exsolverunt
1529 1578 1633 1606 laudes
1649 1580 1707 1607 Deo
1724 1578 1768 1607 illi

984 1624 1069 1660 pueri
1085 1624 1122 1652 de
1137 1624 1265 1652 fornacis
1286 1625 1424 1652 incendio
1443 1625 1559 1653 liberati
1566 1635 1574 1661 3
1593 1627 1621 1654 et
1640 1634 1701 1654 non
1717 1634 1767 1654 so-

983 1670 1048 1699 lum
1062 1671 1107 1699 illi
1127 1671 1183 1699 hac
1198 1671 1235 1699 de
1251 1679 1338 1699 causa
1355 1672 1464 1707 gratias
1480 1674 1603 1707 egerunt
1622 1675 1699 1708 Deo,
1715 1673 1768 1702 sed

985 1718 1075 1746 etiam
1100 1719 1380 1747 Nabuchodonosor
1405 1719 1562 1755 praedicari
1585 1719 1653 1748 fecit
1677 1720 1768 1749 mira-

983 1765 1058 1793 bilia
1072 1766 1121 1793 Dei
1136 1766 1167 1793 111
1181 1767 1243 1794 toto
1258 1774 1362 1801 regno.
1374 1768 1457 1798 Dan„
1471 1774 1513 1794 111.

1020 1813 1161 1841 Mundato
1182 1813 1294 1846 templo
1321 1816 1349 1841 et
1375 1813 1460 1842 altari
1483 1816 1580 1842 erecto
1607 1815 1663 1842 sub
1691 1815 1768 1844 Juda

983 1860 1171 1895 Machabaeo,
1200 1860 1401 1889 adoraverunt
1433 1862 1461 1889 et
1488 1861 1709 1890 benedixerunt
1737 1863 1768 1890 in

983 1908 1093 1936 coelum
1108 1916 1178 1935 eum
1192 1908 1244 1944 qui
1258 1908 1446 1944 prosperavit
1459 1917 1519 1936 eos.
1536 1911 1546 1937 1
1561 1911 1663 1944 Mach.,
1679 1918 1720 1937 ιν.

1018 1955 1109 1982 sudas
1130 1955 1316 1982 Machabaeus
1341 1956 1369 1982 et
1392 1955 1523 1991 populus
1543 1956 1766 1992 Hierosolymo-

982 2009 1051 2029 rum
1086 2001 1266 2037 scripserunt
1297 2001 1482 2037 Aristobolo,
1511 2002 1642 2031 dicentes
1658 2013 1666 2031 ε
1691 2013 1705 2030 1(
1728 2004 1767 2032 De

983 2048 1100 2084 magnis
1114 2048 1255 2084 periculis
1270 2056 1288 2076 a
1302 2050 1361 2077 Deo
1376 2049 1504 2085 liberati,
1526 2049 1684 2086 magnifice
1699 2058 1765 2086 gra·

983 2096 1038 2124 tlas
1053 2097 1171 2132 agimus
1186 2096 1253 2132 ipsi,
1269 2107 1282 2121 υ
1300 2098 1354 2124 etc.
1371 2097 1392 2124 ll
1406 2097 1509 2129 Mach„
1525 2105 1547 2131 1,
1562 2099 1606 2125 11.

1020 2144 1137 2172 Devicto
1152 2144 1304 2172 Timotheo
1319 2152 1374 2180 per
1389 2145 1496 2172 Judam
1510 2145 1722 2180 Machabaeum,
1739 2148 1768 2174 et

983 2194 1069 2227 capto
1083 2191 1217 2227 quodam
1228 2191 1296 2219 forti
1311 2191 1461 2227 praesidio,
1476 2192 1507 2220 111
1521 2192 1642 2228 hymnis
1657 2195 1684 2221 et
1698 2201 1765 2222 con-

982 2238 1163 2266 fessionibus
1173 2238 1392 2267 benedicebant
1402 2239 1572 2274 Dominum,
1585 2240 1638 2276 qui
1651 2248 1763 2277 magna

983 2285 1050 2314 fecit
1065 2294 1133 2314 cum
1148 2286 1247 2314 Israel.
1262 2287 1283 2313 ll
1297 2287 1398 2319 Mach„
1415 2294 1446 2321 x,
1463 2288 1508 2315 38.

1018 2335 1106 2362 Beata
1120 2334 1222 2369 Virgo,
1239 2333 1341 2362 audita
1359 2334 1450 2362 laude
1469 2342 1562 2371 quam
1581 2334 1654 2363 dixit
1675 2335 1766 2364 Elisa-

983 2380 1074 2416 beth,
1100 2390 1114 2407 «
1128 2381 1285 2410 Benedicta
1298 2383 1344 2417 tu,
1361 2392 1376 2409 »
1396 2384 1465 2418 etc.‚
1484 2382 1516 2410 in
1539 2391 1647 2411 vocem
1665 2383 1764 2411 laud1s

983 2428 1119 2464 prorupit
1138 2436 1194 2464 pro
1208 2428 1361 2457 beneficiis
1382 2429 1440 2458 sibi
1455 2431 1483 2458 et
1500 2430 1553 2459 toti
1566 2431 1683 2459 mundo
1703 2430 1763 2459 eol-

983 2474 1058 2503 latis.
1072 2476 1147 2508 Luc..
1164 2484 1185 2510 1,
1203 2478 1248 2510 42,
1263 2477 1356 2504 46-55.

1020 2522 1146 2556 Quando
1153 2522 1274 2550 volebat
1281 2523 1423 2552 Dominus
1430 2525 1443 2553 J
1446 2533 1513 2553 esus
1521 2525 1646 2561 aliquod
1652 2524 1766 2560 grande

985 2577 1060 2605 opus
1078 2569 1186 2604 facere,
1205 2569 1376 2606 frequenter
1393 2571 1502 2607 legitur
1520 2572 1551 2600 in
1570 2572 1679 2600 eoelum
1700 2580 1767 2600 sus-

983 2616 1117 2652 pexisse,
1133 2619 1161 2645 et
1179 2617 1287 2652 gratias
1303 2618 1411 2654 egisse,
1430 2619 1505 2647 sicut
1525 2621 1604 2655 patet
1624 2619 1656 2647 in
1674 2620 1761 2656 panis

983 2664 1242 2700 multiplicatione,
1256 2666 1368 2699 Matth„
1381 2674 1429 2701 xv,
1444 2668 1478 2695 36
1484 2676 1492 2702 ;
1508 2668 1599 2702 Joan„
1610 2676 1652 2703 v1‚
1667 2669 1698 2695 li
1710 2676 1718 2703 ;
1735 2667 1766 2695 in

983 2711 1082 2740 Lazari
1095 2712 1295 2748 suscitatione,
1310 2714 1401 2749 Joan.‚
1416 2722 1457 2749 xx,
1471 2714 1502 2742 41
1515 2724 1523 2749 ;
1539 2714 1571 2743 in
1583 2714 1770 2744 Eucharistiae

1595 2769 1633 2799 36
